PokerStars Hand #254416940556:  Hold'em No Limit ($0.50/$1.00 USD) - 2025/01/17 17:53:45 WET [2025/01/17 12:53:45 ET]
Table 'Sheratan IV' 6-max Seat #5 is the button
Seat 6: 1fudihara ($99.50 in chips) is sitting out
Seat 1: kars0n ($100.50 in chips) 
Seat 2: z00mba ($100 in chips) 
Seat 3: PoKeRaRcSuNY ($100 in chips) 
Seat 4: tukeiron ($101.22 in chips) 
Seat 5: raketkasix ($145.38 in chips) 
kars0n: posts small blind $0.50
z00mba: posts big blind $1
*** HOLE CARDS ***
PoKeRaRcSuNY: folds 
tukeiron: folds 
raketkasix: folds 
kars0n: raises $2 to $3
z00mba: calls $2
*** FLOP *** [3c 8c Qd]
kars0n: bets $1.88
z00mba: folds 
Uncalled bet ($1.88) returned to kars0n
kars0n collected $5.70 from pot
kars0n: doesn't show hand 
*** SUMMARY ***
Total pot $6 | Rake $0.30 
Board [3c 8c Qd]
Seat 6: 1fudihara
Seat 1: kars0n (small blind) collected ($5.70)
Seat 2: z00mba (big blind) folded on the Flop
Seat 3: PoKeRaRcSuNY folded before Flop (didn't bet)
Seat 4: tukeiron folded before Flop (didn't bet)
Seat 5: raketkasix (button) folded before Flop (didn't bet)



PokerStars Hand #254416951740:  Hold'em No Limit ($0.50/$1.00 USD) - 2025/01/17 17:54:27 WET [2025/01/17 12:54:27 ET]
Table 'Sheratan IV' 6-max Seat #1 is the button
Seat 6: 1fudihara ($99.50 in chips) is sitting out
Seat 1: kars0n ($103.20 in chips) 
Seat 2: z00mba ($100 in chips) 
Seat 3: PoKeRaRcSuNY ($100 in chips) 
Seat 4: tukeiron ($101.22 in chips) 
Seat 5: raketkasix ($145.38 in chips) 
z00mba: posts small blind $0.50
PoKeRaRcSuNY: posts big blind $1
1fudihara: sits out 
*** HOLE CARDS ***
tukeiron: raises $1.50 to $2.50
raketkasix: folds 
kars0n: folds 
z00mba: folds 
PoKeRaRcSuNY: folds 
Uncalled bet ($1.50) returned to tukeiron
tukeiron collected $2.50 from pot
*** SUMMARY ***
Total pot $2.50 | Rake $0 
Seat 6: 1fudihara
Seat 1: kars0n (button) folded before Flop (didn't bet)
Seat 2: z00mba (small blind) folded before Flop
Seat 3: PoKeRaRcSuNY (big blind) folded before Flop
Seat 4: tukeiron collected ($2.50)
Seat 5: raketkasix folded before Flop (didn't bet)



PokerStars Hand #254416955527:  Hold'em No Limit ($0.50/$1.00 USD) - 2025/01/17 17:54:42 WET [2025/01/17 12:54:42 ET]
Table 'Sheratan IV' 6-max Seat #2 is the button
Seat 6: 1fudihara ($99.50 in chips) is sitting out
Seat 1: kars0n ($103.20 in chips) 
Seat 2: z00mba ($100 in chips) 
Seat 3: PoKeRaRcSuNY ($100 in chips) 
Seat 4: tukeiron ($102.72 in chips) 
Seat 5: raketkasix ($145.38 in chips) 
PoKeRaRcSuNY: posts small blind $0.50
tukeiron: posts big blind $1
1fudihara: sits out 
*** HOLE CARDS ***
raketkasix: folds 
kars0n: folds 
z00mba: folds 
PoKeRaRcSuNY: folds 
Uncalled bet ($0.50) returned to tukeiron
tukeiron collected $1 from pot
*** SUMMARY ***
Total pot $1 | Rake $0 
Seat 6: 1fudihara
Seat 1: kars0n folded before Flop (didn't bet)
Seat 2: z00mba (button) folded before Flop (didn't bet)
Seat 3: PoKeRaRcSuNY (small blind) folded before Flop
Seat 4: tukeiron (big blind) collected ($1)
Seat 5: raketkasix folded before Flop (didn't bet)



PokerStars Hand #254416958590:  Hold'em No Limit ($0.50/$1.00 USD) - 2025/01/17 17:54:53 WET [2025/01/17 12:54:53 ET]
Table 'Sheratan IV' 6-max Seat #3 is the button
Seat 6: 1fudihara ($99.50 in chips) is sitting out
Seat 1: kars0n ($103.20 in chips) 
Seat 2: z00mba ($100 in chips) 
Seat 3: PoKeRaRcSuNY ($100 in chips) 
Seat 4: tukeiron ($103.22 in chips) 
Seat 5: raketkasix ($145.38 in chips) 
tukeiron: posts small blind $0.50
raketkasix: posts big blind $1
1fudihara: sits out 
*** HOLE CARDS ***
kars0n: raises $1 to $2
z00mba: folds 
PoKeRaRcSuNY: folds 
tukeiron: folds 
raketkasix: calls $1
*** FLOP *** [9s Js Jd]
raketkasix: checks 
kars0n: checks 
*** TURN *** [9s Js Jd] [6h]
raketkasix: bets $5.78
kars0n: folds 
Uncalled bet ($5.78) returned to raketkasix
raketkasix collected $4.28 from pot
raketkasix: doesn't show hand 
*** SUMMARY ***
Total pot $4.50 | Rake $0.22 
Board [9s Js Jd 6h]
Seat 6: 1fudihara
Seat 1: kars0n folded on the Turn
Seat 2: z00mba folded before Flop (didn't bet)
Seat 3: PoKeRaRcSuNY (button) folded before Flop (didn't bet)
Seat 4: tukeiron (small blind) folded before Flop
Seat 5: raketkasix (big blind) collected ($4.28)



PokerStars Hand #254416967968:  Hold'em No Limit ($0.50/$1.00 USD) - 2025/01/17 17:55:36 WET [2025/01/17 12:55:36 ET]
Table 'Sheratan IV' 6-max Seat #4 is the button
Seat 1: kars0n ($101.20 in chips) 
Seat 2: z00mba ($100 in chips) 
Seat 3: PoKeRaRcSuNY ($100 in chips) 
Seat 4: tukeiron ($102.72 in chips) 
Seat 5: raketkasix ($147.66 in chips) 
Seat 6: 1fudihara ($99.50 in chips) 
raketkasix: posts small blind $0.50
1fudihara: posts big blind $1
*** HOLE CARDS ***
kars0n: raises $1 to $2
z00mba: folds 
PoKeRaRcSuNY: folds 
tukeiron: folds 
raketkasix: folds 
1fudihara: folds 
Uncalled bet ($1) returned to kars0n
kars0n collected $2.50 from pot
kars0n: doesn't show hand 
*** SUMMARY ***
Total pot $2.50 | Rake $0 
Seat 1: kars0n collected ($2.50)
Seat 2: z00mba folded before Flop (didn't bet)
Seat 3: PoKeRaRcSuNY folded before Flop (didn't bet)
Seat 4: tukeiron (button) folded before Flop (didn't bet)
Seat 5: raketkasix (small blind) folded before Flop
Seat 6: 1fudihara (big blind) folded before Flop



PokerStars Hand #254416971299:  Hold'em No Limit ($0.50/$1.00 USD) - 2025/01/17 17:55:52 WET [2025/01/17 12:55:52 ET]
Table 'Sheratan IV' 6-max Seat #5 is the button
Seat 1: kars0n ($102.70 in chips) 
Seat 2: z00mba ($100 in chips) 
Seat 3: PoKeRaRcSuNY ($100 in chips) 
Seat 4: tukeiron ($102.72 in chips) 
Seat 5: raketkasix ($147.16 in chips) 
Seat 6: 1fudihara ($98.50 in chips) 
1fudihara: posts small blind $0.50
kars0n: posts big blind $1
*** HOLE CARDS ***
z00mba: folds 
PoKeRaRcSuNY: raises $1.22 to $2.22
tukeiron: folds 
raketkasix: folds 
1fudihara: raises $6.78 to $9
kars0n: folds 
PoKeRaRcSuNY: raises $91 to $100 and is all-in
1fudihara: folds 
Uncalled bet ($91) returned to PoKeRaRcSuNY
PoKeRaRcSuNY collected $19 from pot
PoKeRaRcSuNY: doesn't show hand 
*** SUMMARY ***
Total pot $19 | Rake $0 
Seat 1: kars0n (big blind) folded before Flop
Seat 2: z00mba folded before Flop (didn't bet)
Seat 3: PoKeRaRcSuNY collected ($19)
Seat 4: tukeiron folded before Flop (didn't bet)
Seat 5: raketkasix (button) folded before Flop (didn't bet)
Seat 6: 1fudihara (small blind) folded before Flop



PokerStars Hand #254416977928:  Hold'em No Limit ($0.50/$1.00 USD) - 2025/01/17 17:56:25 WET [2025/01/17 12:56:25 ET]
Table 'Sheratan IV' 6-max Seat #6 is the button
Seat 1: kars0n ($101.70 in chips) 
Seat 2: z00mba ($100 in chips) 
Seat 3: PoKeRaRcSuNY ($110 in chips) 
Seat 4: tukeiron ($102.72 in chips) 
Seat 5: raketkasix ($147.16 in chips) 
Seat 6: 1fudihara ($89.50 in chips) 
kars0n: posts small blind $0.50
z00mba: posts big blind $1
*** HOLE CARDS ***
PoKeRaRcSuNY: folds 
tukeiron: folds 
raketkasix: folds 
1fudihara: folds 
kars0n: raises $2 to $3
z00mba: folds 
Uncalled bet ($2) returned to kars0n
kars0n collected $2 from pot
kars0n: doesn't show hand 
*** SUMMARY ***
Total pot $2 | Rake $0 
Seat 1: kars0n (small blind) collected ($2)
Seat 2: z00mba (big blind) folded before Flop
Seat 3: PoKeRaRcSuNY folded before Flop (didn't bet)
Seat 4: tukeiron folded before Flop (didn't bet)
Seat 5: raketkasix folded before Flop (didn't bet)
Seat 6: 1fudihara (button) folded before Flop (didn't bet)



PokerStars Hand #254416980478:  Hold'em No Limit ($0.50/$1.00 USD) - 2025/01/17 17:56:38 WET [2025/01/17 12:56:38 ET]
Table 'Sheratan IV' 6-max Seat #1 is the button
Seat 1: kars0n ($102.70 in chips) 
Seat 2: z00mba ($100 in chips) 
Seat 3: PoKeRaRcSuNY ($110 in chips) 
Seat 4: tukeiron ($102.72 in chips) 
Seat 5: raketkasix ($147.16 in chips) 
Seat 6: 1fudihara ($100 in chips) 
z00mba: posts small blind $0.50
PoKeRaRcSuNY: posts big blind $1
*** HOLE CARDS ***
tukeiron: folds 
raketkasix: folds 
1fudihara: folds 
kars0n: folds 
z00mba: raises $2 to $3
PoKeRaRcSuNY: folds 
Uncalled bet ($2) returned to z00mba
z00mba collected $2 from pot
z00mba: doesn't show hand 
*** SUMMARY ***
Total pot $2 | Rake $0 
Seat 1: kars0n (button) folded before Flop (didn't bet)
Seat 2: z00mba (small blind) collected ($2)
Seat 3: PoKeRaRcSuNY (big blind) folded before Flop
Seat 4: tukeiron folded before Flop (didn't bet)
Seat 5: raketkasix folded before Flop (didn't bet)
Seat 6: 1fudihara folded before Flop (didn't bet)



PokerStars Hand #254416983180:  Hold'em No Limit ($0.50/$1.00 USD) - 2025/01/17 17:56:52 WET [2025/01/17 12:56:52 ET]
Table 'Sheratan IV' 6-max Seat #2 is the button
Seat 1: kars0n ($102.70 in chips) 
Seat 2: z00mba ($101 in chips) 
Seat 3: PoKeRaRcSuNY ($109 in chips) 
Seat 4: tukeiron ($102.72 in chips) 
Seat 5: raketkasix ($147.16 in chips) 
Seat 6: 1fudihara ($100 in chips) 
PoKeRaRcSuNY: posts small blind $0.50
tukeiron: posts big blind $1
*** HOLE CARDS ***
raketkasix has timed out
raketkasix: folds 
1fudihara: raises $2 to $3
kars0n: folds 
z00mba: folds 
PoKeRaRcSuNY: raises $9 to $12
tukeiron: folds 
1fudihara: calls $9
*** FLOP *** [8h 4d 5d]
PoKeRaRcSuNY: bets $11.88
1fudihara: folds 
Uncalled bet ($11.88) returned to PoKeRaRcSuNY
PoKeRaRcSuNY collected $23.75 from pot
PoKeRaRcSuNY: doesn't show hand 
*** SUMMARY ***
Total pot $25 | Rake $1.25 
Board [8h 4d 5d]
Seat 1: kars0n folded before Flop (didn't bet)
Seat 2: z00mba (button) folded before Flop (didn't bet)
Seat 3: PoKeRaRcSuNY (small blind) collected ($23.75)
Seat 4: tukeiron (big blind) folded before Flop
Seat 5: raketkasix folded before Flop (didn't bet)
Seat 6: 1fudihara folded on the Flop



PokerStars Hand #254416992955:  Hold'em No Limit ($0.50/$1.00 USD) - 2025/01/17 17:57:41 WET [2025/01/17 12:57:41 ET]
Table 'Sheratan IV' 6-max Seat #3 is the button
Seat 1: kars0n ($102.70 in chips) 
Seat 2: z00mba ($101 in chips) 
Seat 3: PoKeRaRcSuNY ($120.75 in chips) 
Seat 4: tukeiron ($101.72 in chips) 
Seat 5: raketkasix ($147.16 in chips) 
Seat 6: 1fudihara ($88 in chips) 
tukeiron: posts small blind $0.50
raketkasix: posts big blind $1
*** HOLE CARDS ***
1fudihara: raises $1.50 to $2.50
kars0n: folds 
z00mba: raises $5 to $7.50
PoKeRaRcSuNY: folds 
tukeiron: folds 
raketkasix: folds 
1fudihara: raises $17.50 to $25
z00mba: folds 
Uncalled bet ($17.50) returned to 1fudihara
1fudihara collected $16.50 from pot
1fudihara: doesn't show hand 
*** SUMMARY ***
Total pot $16.50 | Rake $0 
Seat 1: kars0n folded before Flop (didn't bet)
Seat 2: z00mba folded before Flop
Seat 3: PoKeRaRcSuNY (button) folded before Flop (didn't bet)
Seat 4: tukeiron (small blind) folded before Flop
Seat 5: raketkasix (big blind) folded before Flop
Seat 6: 1fudihara collected ($16.50)



PokerStars Hand #254416999907:  Hold'em No Limit ($0.50/$1.00 USD) - 2025/01/17 17:58:16 WET [2025/01/17 12:58:16 ET]
Table 'Sheratan IV' 6-max Seat #4 is the button
Seat 1: kars0n ($102.70 in chips) 
Seat 2: z00mba ($100 in chips) 
Seat 3: PoKeRaRcSuNY ($120.75 in chips) 
Seat 4: tukeiron ($101.22 in chips) 
Seat 5: raketkasix ($146.16 in chips) 
Seat 6: 1fudihara ($100 in chips) 
raketkasix: posts small blind $0.50
1fudihara: posts big blind $1
*** HOLE CARDS ***
kars0n: raises $1 to $2
z00mba: folds 
PoKeRaRcSuNY: folds 
tukeiron: folds 
raketkasix: folds 
1fudihara: calls $1
*** FLOP *** [6d 2d Qd]
1fudihara: checks 
kars0n: bets $1.41
1fudihara: calls $1.41
*** TURN *** [6d 2d Qd] [7h]
1fudihara: checks 
kars0n: checks 
*** RIVER *** [6d 2d Qd 7h] [Ks]
1fudihara: checks 
kars0n: checks 
*** SHOW DOWN ***
1fudihara: shows [5c 6s] (a pair of Sixes)
kars0n: mucks hand 
1fudihara collected $6.95 from pot
*** SUMMARY ***
Total pot $7.32 | Rake $0.37 
Board [6d 2d Qd 7h Ks]
Seat 1: kars0n mucked
Seat 2: z00mba folded before Flop (didn't bet)
Seat 3: PoKeRaRcSuNY folded before Flop (didn't bet)
Seat 4: tukeiron (button) folded before Flop (didn't bet)
Seat 5: raketkasix (small blind) folded before Flop
Seat 6: 1fudihara (big blind) showed [5c 6s] and won ($6.95) with a pair of Sixes



PokerStars Hand #254417013541:  Hold'em No Limit ($0.50/$1.00 USD) - 2025/01/17 17:59:24 WET [2025/01/17 12:59:24 ET]
Table 'Sheratan IV' 6-max Seat #5 is the button
Seat 1: kars0n ($100 in chips) 
Seat 2: z00mba ($100 in chips) 
Seat 3: PoKeRaRcSuNY ($120.75 in chips) 
Seat 4: tukeiron ($101.22 in chips) 
Seat 5: raketkasix ($145.66 in chips) 
Seat 6: 1fudihara ($103.54 in chips) 
1fudihara: posts small blind $0.50
kars0n: posts big blind $1
*** HOLE CARDS ***
z00mba: folds 
PoKeRaRcSuNY: folds 
tukeiron: folds 
raketkasix: raises $1.50 to $2.50
1fudihara: raises $7.50 to $10
kars0n: folds 
raketkasix: raises $30 to $40
1fudihara: raises $63.54 to $103.54 and is all-in
raketkasix: calls $63.54
*** FLOP *** [5s 9s Jd]
*** TURN *** [5s 9s Jd] [9d]
*** RIVER *** [5s 9s Jd 9d] [9h]
*** SHOW DOWN ***
1fudihara: shows [Ad Jc] (a full house, Nines full of Jacks)
raketkasix: shows [Ah Kd] (three of a kind, Nines)
1fudihara collected $205.58 from pot
*** SUMMARY ***
Total pot $208.08 | Rake $2.50 
Board [5s 9s Jd 9d 9h]
Seat 1: kars0n (big blind) folded before Flop
Seat 2: z00mba folded before Flop (didn't bet)
Seat 3: PoKeRaRcSuNY folded before Flop (didn't bet)
Seat 4: tukeiron folded before Flop (didn't bet)
Seat 5: raketkasix (button) showed [Ah Kd] and lost with three of a kind, Nines
Seat 6: 1fudihara (small blind) showed [Ad Jc] and won ($205.58) with a full house, Nines full of Jacks



PokerStars Hand #254417022947:  Hold'em No Limit ($0.50/$1.00 USD) - 2025/01/17 18:00:10 WET [2025/01/17 13:00:10 ET]
Table 'Sheratan IV' 6-max Seat #6 is the button
Seat 4: tukeiron ($101.22 in chips) is sitting out
Seat 1: kars0n ($100 in chips) 
Seat 2: z00mba ($100 in chips) 
Seat 3: PoKeRaRcSuNY ($120.75 in chips) 
Seat 5: raketkasix ($100 in chips) 
Seat 6: 1fudihara ($205.58 in chips) 
kars0n: posts small blind $0.50
z00mba: posts big blind $1
*** HOLE CARDS ***
PoKeRaRcSuNY: folds 
raketkasix: raises $1.50 to $2.50
1fudihara: calls $2.50
kars0n: folds 
z00mba: folds 
*** FLOP *** [6h 7s 8h]
raketkasix: checks 
1fudihara: bets $4
raketkasix: folds 
Uncalled bet ($4) returned to 1fudihara
1fudihara collected $6.18 from pot
1fudihara: doesn't show hand 
*** SUMMARY ***
Total pot $6.50 | Rake $0.32 
Board [6h 7s 8h]
Seat 4: tukeiron
Seat 1: kars0n (small blind) folded before Flop
Seat 2: z00mba (big blind) folded before Flop
Seat 3: PoKeRaRcSuNY folded before Flop (didn't bet)
Seat 5: raketkasix folded on the Flop
Seat 6: 1fudihara (button) collected ($6.18)



PokerStars Hand #254417033380:  Hold'em No Limit ($0.50/$1.00 USD) - 2025/01/17 18:00:59 WET [2025/01/17 13:00:59 ET]
Table 'Sheratan IV' 6-max Seat #1 is the button
Seat 4: tukeiron ($101.22 in chips) is sitting out
Seat 1: kars0n ($100 in chips) 
Seat 2: z00mba ($100 in chips) 
Seat 3: PoKeRaRcSuNY ($120.75 in chips) 
Seat 5: raketkasix ($100 in chips) 
Seat 6: 1fudihara ($209.26 in chips) 
z00mba: posts small blind $0.50
PoKeRaRcSuNY: posts big blind $1
*** HOLE CARDS ***
raketkasix: folds 
1fudihara: raises $1.50 to $2.50
kars0n: folds 
z00mba: folds 
PoKeRaRcSuNY: folds 
Uncalled bet ($1.50) returned to 1fudihara
1fudihara collected $2.50 from pot
1fudihara: doesn't show hand 
*** SUMMARY ***
Total pot $2.50 | Rake $0 
Seat 4: tukeiron
Seat 1: kars0n (button) folded before Flop (didn't bet)
Seat 2: z00mba (small blind) folded before Flop
Seat 3: PoKeRaRcSuNY (big blind) folded before Flop
Seat 5: raketkasix folded before Flop (didn't bet)
Seat 6: 1fudihara collected ($2.50)



PokerStars Hand #254417041544:  Hold'em No Limit ($0.50/$1.00 USD) - 2025/01/17 18:01:34 WET [2025/01/17 13:01:34 ET]
Table 'Sheratan IV' 6-max Seat #2 is the button
Seat 4: tukeiron ($101.22 in chips) is sitting out
Seat 1: kars0n ($100 in chips) 
Seat 2: z00mba ($100 in chips) 
Seat 3: PoKeRaRcSuNY ($119.75 in chips) 
Seat 5: raketkasix ($100 in chips) 
Seat 6: 1fudihara ($210.76 in chips) 
PoKeRaRcSuNY: posts small blind $0.50
raketkasix: posts big blind $1
*** HOLE CARDS ***
1fudihara: folds 
kars0n: folds 
z00mba: raises $1.50 to $2.50
PoKeRaRcSuNY: folds 
raketkasix: folds 
Uncalled bet ($1.50) returned to z00mba
z00mba collected $2.50 from pot
z00mba: doesn't show hand 
*** SUMMARY ***
Total pot $2.50 | Rake $0 
Seat 4: tukeiron
Seat 1: kars0n folded before Flop (didn't bet)
Seat 2: z00mba (button) collected ($2.50)
Seat 3: PoKeRaRcSuNY (small blind) folded before Flop
Seat 5: raketkasix (big blind) folded before Flop
Seat 6: 1fudihara folded before Flop (didn't bet)



PokerStars Hand #254417048508:  Hold'em No Limit ($0.50/$1.00 USD) - 2025/01/17 18:02:01 WET [2025/01/17 13:02:01 ET]
Table 'Sheratan IV' 6-max Seat #3 is the button
Seat 4: tukeiron ($101.22 in chips) is sitting out
Seat 1: kars0n ($100 in chips) 
Seat 2: z00mba ($101.50 in chips) 
Seat 3: PoKeRaRcSuNY ($119.25 in chips) 
Seat 5: raketkasix ($100 in chips) 
Seat 6: 1fudihara ($210.76 in chips) 
raketkasix: posts small blind $0.50
1fudihara: posts big blind $1
*** HOLE CARDS ***
kars0n: folds 
z00mba: folds 
PoKeRaRcSuNY: raises $2 to $3
raketkasix: folds 
1fudihara: calls $2
*** FLOP *** [6h 4c Ks]
1fudihara: checks 
PoKeRaRcSuNY: bets $2.04
1fudihara: folds 
Uncalled bet ($2.04) returned to PoKeRaRcSuNY
PoKeRaRcSuNY collected $6.18 from pot
PoKeRaRcSuNY: doesn't show hand 
*** SUMMARY ***
Total pot $6.50 | Rake $0.32 
Board [6h 4c Ks]
Seat 4: tukeiron
Seat 1: kars0n folded before Flop (didn't bet)
Seat 2: z00mba folded before Flop (didn't bet)
Seat 3: PoKeRaRcSuNY (button) collected ($6.18)
Seat 5: raketkasix (small blind) folded before Flop
Seat 6: 1fudihara (big blind) folded on the Flop



PokerStars Hand #254417057655:  Hold'em No Limit ($0.50/$1.00 USD) - 2025/01/17 18:02:36 WET [2025/01/17 13:02:36 ET]
Table 'Sheratan IV' 6-max Seat #5 is the button
Seat 4: tukeiron ($101.22 in chips) is sitting out
Seat 1: kars0n ($100 in chips) 
Seat 2: z00mba ($101.50 in chips) 
Seat 3: PoKeRaRcSuNY ($122.43 in chips) 
Seat 5: raketkasix ($100 in chips) 
Seat 6: 1fudihara ($207.76 in chips) 
1fudihara: posts small blind $0.50
kars0n: posts big blind $1
*** HOLE CARDS ***
z00mba: folds 
PoKeRaRcSuNY: folds 
raketkasix: raises $1.50 to $2.50
1fudihara: folds 
kars0n: folds 
Uncalled bet ($1.50) returned to raketkasix
raketkasix collected $2.50 from pot
raketkasix: doesn't show hand 
*** SUMMARY ***
Total pot $2.50 | Rake $0 
Seat 4: tukeiron
Seat 1: kars0n (big blind) folded before Flop
Seat 2: z00mba folded before Flop (didn't bet)
Seat 3: PoKeRaRcSuNY folded before Flop (didn't bet)
Seat 5: raketkasix (button) collected ($2.50)
Seat 6: 1fudihara (small blind) folded before Flop



PokerStars Hand #254417066304:  Hold'em No Limit ($0.50/$1.00 USD) - 2025/01/17 18:03:10 WET [2025/01/17 13:03:10 ET]
Table 'Sheratan IV' 6-max Seat #6 is the button
Seat 4: tukeiron ($101.22 in chips) is sitting out
Seat 1: kars0n ($100 in chips) 
Seat 2: z00mba ($101.50 in chips) 
Seat 3: PoKeRaRcSuNY ($122.43 in chips) 
Seat 5: raketkasix ($101.50 in chips) 
Seat 6: 1fudihara ($207.26 in chips) 
kars0n: posts small blind $0.50
z00mba: posts big blind $1
*** HOLE CARDS ***
PoKeRaRcSuNY: folds 
raketkasix: folds 
1fudihara: raises $1 to $2
kars0n: folds 
z00mba: calls $1
*** FLOP *** [7h Th Qh]
z00mba: checks 
1fudihara: bets $3
z00mba: calls $3
*** TURN *** [7h Th Qh] [5c]
z00mba: checks 
1fudihara: checks 
*** RIVER *** [7h Th Qh 5c] [4c]
z00mba: bets $7.29
1fudihara: folds 
Uncalled bet ($7.29) returned to z00mba
z00mba collected $9.98 from pot
z00mba: doesn't show hand 
*** SUMMARY ***
Total pot $10.50 | Rake $0.52 
Board [7h Th Qh 5c 4c]
Seat 4: tukeiron
Seat 1: kars0n (small blind) folded before Flop
Seat 2: z00mba (big blind) collected ($9.98)
Seat 3: PoKeRaRcSuNY folded before Flop (didn't bet)
Seat 5: raketkasix folded before Flop (didn't bet)
Seat 6: 1fudihara (button) folded on the River



PokerStars Hand #254417081085:  Hold'em No Limit ($0.50/$1.00 USD) - 2025/01/17 18:04:06 WET [2025/01/17 13:04:06 ET]
Table 'Sheratan IV' 6-max Seat #1 is the button
Seat 4: tukeiron ($101.22 in chips) is sitting out
Seat 1: kars0n ($100 in chips) 
Seat 2: z00mba ($106.48 in chips) 
Seat 3: PoKeRaRcSuNY ($122.43 in chips) 
Seat 5: raketkasix ($101.50 in chips) 
Seat 6: 1fudihara ($202.26 in chips) 
z00mba: posts small blind $0.50
PoKeRaRcSuNY: posts big blind $1
*** HOLE CARDS ***
raketkasix: folds 
1fudihara: raises $1 to $2
kars0n: folds 
z00mba: folds 
PoKeRaRcSuNY: calls $1
*** FLOP *** [9h 6s 5d]
PoKeRaRcSuNY: checks 
1fudihara: bets $4.28
PoKeRaRcSuNY: folds 
Uncalled bet ($4.28) returned to 1fudihara
1fudihara collected $4.28 from pot
1fudihara: doesn't show hand 
*** SUMMARY ***
Total pot $4.50 | Rake $0.22 
Board [9h 6s 5d]
Seat 4: tukeiron
Seat 1: kars0n (button) folded before Flop (didn't bet)
Seat 2: z00mba (small blind) folded before Flop
Seat 3: PoKeRaRcSuNY (big blind) folded on the Flop
Seat 5: raketkasix folded before Flop (didn't bet)
Seat 6: 1fudihara collected ($4.28)



PokerStars Hand #254417091849:  Hold'em No Limit ($0.50/$1.00 USD) - 2025/01/17 18:04:47 WET [2025/01/17 13:04:47 ET]
Table 'Sheratan IV' 6-max Seat #2 is the button
Seat 4: tukeiron ($101.22 in chips) is sitting out
Seat 1: kars0n ($100 in chips) 
Seat 2: z00mba ($105.98 in chips) 
Seat 3: PoKeRaRcSuNY ($120.43 in chips) 
Seat 5: raketkasix ($101.50 in chips) 
Seat 6: 1fudihara ($204.54 in chips) 
PoKeRaRcSuNY: posts small blind $0.50
raketkasix: posts big blind $1
*** HOLE CARDS ***
1fudihara: folds 
kars0n: raises $1.50 to $2.50
z00mba: folds 
PoKeRaRcSuNY: folds 
raketkasix: folds 
Uncalled bet ($1.50) returned to kars0n
kars0n collected $2.50 from pot
kars0n: doesn't show hand 
*** SUMMARY ***
Total pot $2.50 | Rake $0 
Seat 4: tukeiron
Seat 1: kars0n collected ($2.50)
Seat 2: z00mba (button) folded before Flop (didn't bet)
Seat 3: PoKeRaRcSuNY (small blind) folded before Flop
Seat 5: raketkasix (big blind) folded before Flop
Seat 6: 1fudihara folded before Flop (didn't bet)



PokerStars Hand #254417095961:  Hold'em No Limit ($0.50/$1.00 USD) - 2025/01/17 18:05:02 WET [2025/01/17 13:05:02 ET]
Table 'Sheratan IV' 6-max Seat #3 is the button
Seat 4: tukeiron ($101.22 in chips) is sitting out
Seat 1: kars0n ($101.50 in chips) 
Seat 2: z00mba ($105.98 in chips) 
Seat 3: PoKeRaRcSuNY ($119.93 in chips) 
Seat 5: raketkasix ($100.50 in chips) 
Seat 6: 1fudihara ($204.54 in chips) 
raketkasix: posts small blind $0.50
1fudihara: posts big blind $1
*** HOLE CARDS ***
kars0n: folds 
z00mba: folds 
PoKeRaRcSuNY: folds 
raketkasix: folds 
Uncalled bet ($0.50) returned to 1fudihara
1fudihara collected $1 from pot
1fudihara: doesn't show hand 
*** SUMMARY ***
Total pot $1 | Rake $0 
Seat 4: tukeiron
Seat 1: kars0n folded before Flop (didn't bet)
Seat 2: z00mba folded before Flop (didn't bet)
Seat 3: PoKeRaRcSuNY (button) folded before Flop (didn't bet)
Seat 5: raketkasix (small blind) folded before Flop
Seat 6: 1fudihara (big blind) collected ($1)



PokerStars Hand #254417099980:  Hold'em No Limit ($0.50/$1.00 USD) - 2025/01/17 18:05:17 WET [2025/01/17 13:05:17 ET]
Table 'Sheratan IV' 6-max Seat #5 is the button
Seat 4: tukeiron ($101.22 in chips) is sitting out
Seat 1: kars0n ($101.50 in chips) 
Seat 2: z00mba ($105.98 in chips) 
Seat 3: PoKeRaRcSuNY ($119.93 in chips) 
Seat 5: raketkasix ($100 in chips) 
Seat 6: 1fudihara ($205.04 in chips) 
1fudihara: posts small blind $0.50
kars0n: posts big blind $1
*** HOLE CARDS ***
z00mba: raises $1.50 to $2.50
PoKeRaRcSuNY: folds 
raketkasix: folds 
1fudihara: folds 
kars0n: folds 
Uncalled bet ($1.50) returned to z00mba
z00mba collected $2.50 from pot
z00mba: doesn't show hand 
*** SUMMARY ***
Total pot $2.50 | Rake $0 
Seat 4: tukeiron
Seat 1: kars0n (big blind) folded before Flop
Seat 2: z00mba collected ($2.50)
Seat 3: PoKeRaRcSuNY folded before Flop (didn't bet)
Seat 5: raketkasix (button) folded before Flop (didn't bet)
Seat 6: 1fudihara (small blind) folded before Flop



PokerStars Hand #254417107080:  Hold'em No Limit ($0.50/$1.00 USD) - 2025/01/17 18:05:44 WET [2025/01/17 13:05:44 ET]
Table 'Sheratan IV' 6-max Seat #6 is the button
Seat 4: tukeiron ($101.22 in chips) is sitting out
Seat 1: kars0n ($100.50 in chips) 
Seat 2: z00mba ($107.48 in chips) 
Seat 3: PoKeRaRcSuNY ($119.93 in chips) 
Seat 5: raketkasix ($100 in chips) 
Seat 6: 1fudihara ($204.54 in chips) 
kars0n: posts small blind $0.50
z00mba: posts big blind $1
*** HOLE CARDS ***
PoKeRaRcSuNY: folds 
raketkasix: raises $1.50 to $2.50
1fudihara: folds 
kars0n: folds 
z00mba: folds 
Uncalled bet ($1.50) returned to raketkasix
raketkasix collected $2.50 from pot
raketkasix: doesn't show hand 
*** SUMMARY ***
Total pot $2.50 | Rake $0 
Seat 4: tukeiron
Seat 1: kars0n (small blind) folded before Flop
Seat 2: z00mba (big blind) folded before Flop
Seat 3: PoKeRaRcSuNY folded before Flop (didn't bet)
Seat 5: raketkasix collected ($2.50)
Seat 6: 1fudihara (button) folded before Flop (didn't bet)



PokerStars Hand #254417114745:  Hold'em No Limit ($0.50/$1.00 USD) - 2025/01/17 18:06:13 WET [2025/01/17 13:06:13 ET]
Table 'Sheratan IV' 6-max Seat #1 is the button
Seat 4: tukeiron ($101.22 in chips) is sitting out
Seat 1: kars0n ($100 in chips) 
Seat 2: z00mba ($106.48 in chips) 
Seat 3: PoKeRaRcSuNY ($119.93 in chips) 
Seat 5: raketkasix ($101.50 in chips) 
Seat 6: 1fudihara ($204.54 in chips) 
z00mba: posts small blind $0.50
PoKeRaRcSuNY: posts big blind $1
*** HOLE CARDS ***
raketkasix: folds 
1fudihara: folds 
kars0n: folds 
z00mba: raises $2 to $3
PoKeRaRcSuNY: folds 
Uncalled bet ($2) returned to z00mba
z00mba collected $2 from pot
z00mba: doesn't show hand 
*** SUMMARY ***
Total pot $2 | Rake $0 
Seat 4: tukeiron
Seat 1: kars0n (button) folded before Flop (didn't bet)
Seat 2: z00mba (small blind) collected ($2)
Seat 3: PoKeRaRcSuNY (big blind) folded before Flop
Seat 5: raketkasix folded before Flop (didn't bet)
Seat 6: 1fudihara folded before Flop (didn't bet)



PokerStars Hand #254417120343:  Hold'em No Limit ($0.50/$1.00 USD) - 2025/01/17 18:06:34 WET [2025/01/17 13:06:34 ET]
Table 'Sheratan IV' 6-max Seat #2 is the button
Seat 4: tukeiron ($101.22 in chips) is sitting out
Seat 1: kars0n ($100 in chips) 
Seat 2: z00mba ($107.48 in chips) 
Seat 3: PoKeRaRcSuNY ($118.93 in chips) 
Seat 5: raketkasix ($101.50 in chips) 
Seat 6: 1fudihara ($204.54 in chips) 
PoKeRaRcSuNY: posts small blind $0.50
raketkasix: posts big blind $1
*** HOLE CARDS ***
1fudihara: folds 
kars0n: folds 
z00mba: raises $1.50 to $2.50
PoKeRaRcSuNY: folds 
raketkasix: folds 
Uncalled bet ($1.50) returned to z00mba
z00mba collected $2.50 from pot
z00mba: doesn't show hand 
*** SUMMARY ***
Total pot $2.50 | Rake $0 
Seat 4: tukeiron
Seat 1: kars0n folded before Flop (didn't bet)
Seat 2: z00mba (button) collected ($2.50)
Seat 3: PoKeRaRcSuNY (small blind) folded before Flop
Seat 5: raketkasix (big blind) folded before Flop
Seat 6: 1fudihara folded before Flop (didn't bet)



PokerStars Hand #254417128318:  Hold'em No Limit ($0.50/$1.00 USD) - 2025/01/17 18:07:04 WET [2025/01/17 13:07:04 ET]
Table 'Sheratan IV' 6-max Seat #3 is the button
Seat 4: tukeiron ($101.22 in chips) is sitting out
Seat 1: kars0n ($100 in chips) 
Seat 2: z00mba ($108.98 in chips) 
Seat 3: PoKeRaRcSuNY ($118.43 in chips) 
Seat 5: raketkasix ($100.50 in chips) 
Seat 6: 1fudihara ($204.54 in chips) 
raketkasix: posts small blind $0.50
1fudihara: posts big blind $1
*** HOLE CARDS ***
kars0n: folds 
z00mba: folds 
PoKeRaRcSuNY: folds 
raketkasix: folds 
Uncalled bet ($0.50) returned to 1fudihara
1fudihara collected $1 from pot
1fudihara: doesn't show hand 
*** SUMMARY ***
Total pot $1 | Rake $0 
Seat 4: tukeiron
Seat 1: kars0n folded before Flop (didn't bet)
Seat 2: z00mba folded before Flop (didn't bet)
Seat 3: PoKeRaRcSuNY (button) folded before Flop (didn't bet)
Seat 5: raketkasix (small blind) folded before Flop
Seat 6: 1fudihara (big blind) collected ($1)



PokerStars Hand #254417132191:  Hold'em No Limit ($0.50/$1.00 USD) - 2025/01/17 18:07:18 WET [2025/01/17 13:07:18 ET]
Table 'Sheratan IV' 6-max Seat #5 is the button
Seat 4: tukeiron ($101.22 in chips) is sitting out
Seat 1: kars0n ($100 in chips) 
Seat 2: z00mba ($108.98 in chips) 
Seat 3: PoKeRaRcSuNY ($118.43 in chips) 
Seat 5: raketkasix ($100 in chips) 
Seat 6: 1fudihara ($205.04 in chips) 
1fudihara: posts small blind $0.50
kars0n: posts big blind $1
*** HOLE CARDS ***
z00mba: folds 
PoKeRaRcSuNY: folds 
raketkasix: raises $1.50 to $2.50
1fudihara: raises $6 to $8.50
kars0n: folds 
raketkasix: raises $91.50 to $100 and is all-in
1fudihara: folds 
Uncalled bet ($91.50) returned to raketkasix
raketkasix collected $18 from pot
raketkasix: doesn't show hand 
*** SUMMARY ***
Total pot $18 | Rake $0 
Seat 4: tukeiron
Seat 1: kars0n (big blind) folded before Flop
Seat 2: z00mba folded before Flop (didn't bet)
Seat 3: PoKeRaRcSuNY folded before Flop (didn't bet)
Seat 5: raketkasix (button) collected ($18)
Seat 6: 1fudihara (small blind) folded before Flop



PokerStars Hand #254417143745:  Hold'em No Limit ($0.50/$1.00 USD) - 2025/01/17 18:08:02 WET [2025/01/17 13:08:02 ET]
Table 'Sheratan IV' 6-max Seat #6 is the button
Seat 4: tukeiron ($101.22 in chips) is sitting out
Seat 1: kars0n ($100 in chips) 
Seat 2: z00mba ($108.98 in chips) 
Seat 3: PoKeRaRcSuNY ($118.43 in chips) 
Seat 5: raketkasix ($109.50 in chips) 
Seat 6: 1fudihara ($196.54 in chips) 
kars0n: posts small blind $0.50
z00mba: posts big blind $1
*** HOLE CARDS ***
PoKeRaRcSuNY: folds 
raketkasix: folds 
1fudihara: raises $1.50 to $2.50
kars0n: folds 
z00mba: raises $9 to $11.50
1fudihara: folds 
Uncalled bet ($9) returned to z00mba
z00mba collected $5.50 from pot
z00mba: doesn't show hand 
*** SUMMARY ***
Total pot $5.50 | Rake $0 
Seat 4: tukeiron
Seat 1: kars0n (small blind) folded before Flop
Seat 2: z00mba (big blind) collected ($5.50)
Seat 3: PoKeRaRcSuNY folded before Flop (didn't bet)
Seat 5: raketkasix folded before Flop (didn't bet)
Seat 6: 1fudihara (button) folded before Flop



PokerStars Hand #254417150500:  Hold'em No Limit ($0.50/$1.00 USD) - 2025/01/17 18:08:27 WET [2025/01/17 13:08:27 ET]
Table 'Sheratan IV' 6-max Seat #1 is the button
Seat 4: tukeiron ($101.22 in chips) is sitting out
Seat 1: kars0n ($100 in chips) 
Seat 2: z00mba ($111.98 in chips) 
Seat 3: PoKeRaRcSuNY ($118.43 in chips) 
Seat 5: raketkasix ($109.50 in chips) 
Seat 6: 1fudihara ($194.04 in chips) 
z00mba: posts small blind $0.50
PoKeRaRcSuNY: posts big blind $1
*** HOLE CARDS ***
raketkasix: raises $1.50 to $2.50
1fudihara: folds 
kars0n: folds 
z00mba: folds 
PoKeRaRcSuNY: calls $1.50
*** FLOP *** [4s Jd As]
PoKeRaRcSuNY: checks 
raketkasix: bets $3.92
PoKeRaRcSuNY: folds 
Uncalled bet ($3.92) returned to raketkasix
raketkasix collected $5.22 from pot
raketkasix: doesn't show hand 
*** SUMMARY ***
Total pot $5.50 | Rake $0.28 
Board [4s Jd As]
Seat 4: tukeiron
Seat 1: kars0n (button) folded before Flop (didn't bet)
Seat 2: z00mba (small blind) folded before Flop
Seat 3: PoKeRaRcSuNY (big blind) folded on the Flop
Seat 5: raketkasix collected ($5.22)
Seat 6: 1fudihara folded before Flop (didn't bet)



PokerStars Hand #254417166076:  Hold'em No Limit ($0.50/$1.00 USD) - 2025/01/17 18:09:25 WET [2025/01/17 13:09:25 ET]
Table 'Sheratan IV' 6-max Seat #2 is the button
Seat 4: tukeiron ($101.22 in chips) is sitting out
Seat 1: kars0n ($100 in chips) 
Seat 2: z00mba ($111.48 in chips) 
Seat 3: PoKeRaRcSuNY ($115.93 in chips) 
Seat 5: raketkasix ($112.22 in chips) 
Seat 6: 1fudihara ($194.04 in chips) 
PoKeRaRcSuNY: posts small blind $0.50
raketkasix: posts big blind $1
*** HOLE CARDS ***
1fudihara: raises $1.50 to $2.50
kars0n: folds 
z00mba: folds 
PoKeRaRcSuNY: folds 
raketkasix: calls $1.50
*** FLOP *** [Qc Qs Ah]
raketkasix: checks 
1fudihara: bets $1.72
raketkasix: calls $1.72
*** TURN *** [Qc Qs Ah] [4c]
raketkasix: checks 
1fudihara: bets $6
raketkasix: calls $6
*** RIVER *** [Qc Qs Ah 4c] [7c]
raketkasix: checks 
1fudihara: checks 
*** SHOW DOWN ***
raketkasix: shows [Ad 8h] (two pair, Aces and Queens)
1fudihara: mucks hand 
raketkasix collected $19.89 from pot
tukeiron leaves the table
*** SUMMARY ***
Total pot $20.94 | Rake $1.05 
Board [Qc Qs Ah 4c 7c]
Seat 4: tukeiron
Seat 1: kars0n folded before Flop (didn't bet)
Seat 2: z00mba (button) folded before Flop (didn't bet)
Seat 3: PoKeRaRcSuNY (small blind) folded before Flop
Seat 5: raketkasix (big blind) showed [Ad 8h] and won ($19.89) with two pair, Aces and Queens
Seat 6: 1fudihara mucked



PokerStars Hand #254417190790:  Hold'em No Limit ($0.50/$1.00 USD) - 2025/01/17 18:10:58 WET [2025/01/17 13:10:58 ET]
Table 'Sheratan IV' 6-max Seat #3 is the button
Seat 1: kars0n ($100 in chips) 
Seat 2: z00mba ($111.48 in chips) 
Seat 3: PoKeRaRcSuNY ($115.43 in chips) 
Seat 5: raketkasix ($121.89 in chips) 
Seat 6: 1fudihara ($183.82 in chips) 
raketkasix: posts small blind $0.50
1fudihara: posts big blind $1
*** HOLE CARDS ***
kars0n: folds 
AlexPinsk1 joins the table at seat #4 
z00mba: folds 
PoKeRaRcSuNY: folds 
raketkasix: folds 
Uncalled bet ($0.50) returned to 1fudihara
1fudihara collected $1 from pot
1fudihara: doesn't show hand 
*** SUMMARY ***
Total pot $1 | Rake $0 
Seat 1: kars0n folded before Flop (didn't bet)
Seat 2: z00mba folded before Flop (didn't bet)
Seat 3: PoKeRaRcSuNY (button) folded before Flop (didn't bet)
Seat 5: raketkasix (small blind) folded before Flop
Seat 6: 1fudihara (big blind) collected ($1)



PokerStars Hand #254417197111:  Hold'em No Limit ($0.50/$1.00 USD) - 2025/01/17 18:11:22 WET [2025/01/17 13:11:22 ET]
Table 'Sheratan IV' 6-max Seat #5 is the button
Seat 4: AlexPinsk1 ($100 in chips) is sitting out
Seat 1: kars0n ($100 in chips) 
Seat 2: z00mba ($111.48 in chips) 
Seat 3: PoKeRaRcSuNY ($115.43 in chips) 
Seat 5: raketkasix ($121.39 in chips) 
Seat 6: 1fudihara ($184.32 in chips) 
1fudihara: posts small blind $0.50
kars0n: posts big blind $1
AlexPinsk1: sits out 
*** HOLE CARDS ***
z00mba: folds 
PoKeRaRcSuNY: folds 
raketkasix: raises $1.50 to $2.50
1fudihara: folds 
kars0n: folds 
Uncalled bet ($1.50) returned to raketkasix
raketkasix collected $2.50 from pot
raketkasix: doesn't show hand 
*** SUMMARY ***
Total pot $2.50 | Rake $0 
Seat 4: AlexPinsk1
Seat 1: kars0n (big blind) folded before Flop
Seat 2: z00mba folded before Flop (didn't bet)
Seat 3: PoKeRaRcSuNY folded before Flop (didn't bet)
Seat 5: raketkasix (button) collected ($2.50)
Seat 6: 1fudihara (small blind) folded before Flop



PokerStars Hand #254417200703:  Hold'em No Limit ($0.50/$1.00 USD) - 2025/01/17 18:11:35 WET [2025/01/17 13:11:35 ET]
Table 'Sheratan IV' 6-max Seat #6 is the button
Seat 4: AlexPinsk1 ($100 in chips) is sitting out
Seat 1: kars0n ($100 in chips) 
Seat 2: z00mba ($111.48 in chips) 
Seat 3: PoKeRaRcSuNY ($115.43 in chips) 
Seat 5: raketkasix ($122.89 in chips) 
Seat 6: 1fudihara ($183.82 in chips) 
kars0n: posts small blind $0.50
z00mba: posts big blind $1
AlexPinsk1: sits out 
*** HOLE CARDS ***
PoKeRaRcSuNY: folds 
raketkasix: raises $1.50 to $2.50
1fudihara: folds 
kars0n: folds 
z00mba: folds 
Uncalled bet ($1.50) returned to raketkasix
raketkasix collected $2.50 from pot
raketkasix: doesn't show hand 
*** SUMMARY ***
Total pot $2.50 | Rake $0 
Seat 4: AlexPinsk1
Seat 1: kars0n (small blind) folded before Flop
Seat 2: z00mba (big blind) folded before Flop
Seat 3: PoKeRaRcSuNY folded before Flop (didn't bet)
Seat 5: raketkasix collected ($2.50)
Seat 6: 1fudihara (button) folded before Flop (didn't bet)



PokerStars Hand #254417205038:  Hold'em No Limit ($0.50/$1.00 USD) - 2025/01/17 18:11:51 WET [2025/01/17 13:11:51 ET]
Table 'Sheratan IV' 6-max Seat #1 is the button
Seat 4: AlexPinsk1 ($100 in chips) is sitting out
Seat 1: kars0n ($100 in chips) 
Seat 2: z00mba ($110.48 in chips) 
Seat 3: PoKeRaRcSuNY ($115.43 in chips) 
Seat 5: raketkasix ($124.39 in chips) 
Seat 6: 1fudihara ($183.82 in chips) 
z00mba: posts small blind $0.50
PoKeRaRcSuNY: posts big blind $1
AlexPinsk1: sits out 
*** HOLE CARDS ***
raketkasix: raises $1.50 to $2.50
1fudihara: folds 
kars0n: folds 
z00mba: folds 
PoKeRaRcSuNY: folds 
Uncalled bet ($1.50) returned to raketkasix
raketkasix collected $2.50 from pot
raketkasix: doesn't show hand 
*** SUMMARY ***
Total pot $2.50 | Rake $0 
Seat 4: AlexPinsk1
Seat 1: kars0n (button) folded before Flop (didn't bet)
Seat 2: z00mba (small blind) folded before Flop
Seat 3: PoKeRaRcSuNY (big blind) folded before Flop
Seat 5: raketkasix collected ($2.50)
Seat 6: 1fudihara folded before Flop (didn't bet)



PokerStars Hand #254417210155:  Hold'em No Limit ($0.50/$1.00 USD) - 2025/01/17 18:12:10 WET [2025/01/17 13:12:10 ET]
Table 'Sheratan IV' 6-max Seat #2 is the button
Seat 1: kars0n ($100 in chips) 
Seat 2: z00mba ($109.98 in chips) 
Seat 3: PoKeRaRcSuNY ($114.43 in chips) 
Seat 4: AlexPinsk1 ($100 in chips) 
Seat 5: raketkasix ($125.89 in chips) 
Seat 6: 1fudihara ($183.82 in chips) 
PoKeRaRcSuNY: posts small blind $0.50
AlexPinsk1: posts big blind $1
*** HOLE CARDS ***
raketkasix: folds 
1fudihara: folds 
kars0n: folds 
z00mba: folds 
PoKeRaRcSuNY: folds 
Uncalled bet ($0.50) returned to AlexPinsk1
AlexPinsk1 collected $1 from pot
AlexPinsk1: doesn't show hand 
*** SUMMARY ***
Total pot $1 | Rake $0 
Seat 1: kars0n folded before Flop (didn't bet)
Seat 2: z00mba (button) folded before Flop (didn't bet)
Seat 3: PoKeRaRcSuNY (small blind) folded before Flop
Seat 4: AlexPinsk1 (big blind) collected ($1)
Seat 5: raketkasix folded before Flop (didn't bet)
Seat 6: 1fudihara folded before Flop (didn't bet)



PokerStars Hand #254417214788:  Hold'em No Limit ($0.50/$1.00 USD) - 2025/01/17 18:12:27 WET [2025/01/17 13:12:27 ET]
Table 'Sheratan IV' 6-max Seat #3 is the button
Seat 1: kars0n ($100 in chips) 
Seat 2: z00mba ($109.98 in chips) 
Seat 3: PoKeRaRcSuNY ($113.93 in chips) 
Seat 4: AlexPinsk1 ($100.50 in chips) 
Seat 5: raketkasix ($125.89 in chips) 
Seat 6: 1fudihara ($183.82 in chips) 
AlexPinsk1: posts small blind $0.50
raketkasix: posts big blind $1
*** HOLE CARDS ***
1fudihara: raises $1.50 to $2.50
kars0n: folds 
z00mba: folds 
PoKeRaRcSuNY: raises $5.50 to $8
AlexPinsk1: folds 
raketkasix: folds 
1fudihara: calls $5.50
*** FLOP *** [7s Td 9c]
1fudihara: checks 
PoKeRaRcSuNY: bets $8.31
1fudihara: raises $17.69 to $26
PoKeRaRcSuNY: calls $17.69
*** TURN *** [7s Td 9c] [9s]
1fudihara: bets $149.82 and is all-in
PoKeRaRcSuNY: calls $79.93 and is all-in
Uncalled bet ($69.89) returned to 1fudihara
*** RIVER *** [7s Td 9c 9s] [7h]
*** SHOW DOWN ***
1fudihara: shows [Th As] (two pair, Tens and Nines)
PoKeRaRcSuNY: shows [Tc Qc] (two pair, Tens and Nines - lower kicker)
1fudihara collected $226.86 from pot
*** SUMMARY ***
Total pot $229.36 | Rake $2.50 
Board [7s Td 9c 9s 7h]
Seat 1: kars0n folded before Flop (didn't bet)
Seat 2: z00mba folded before Flop (didn't bet)
Seat 3: PoKeRaRcSuNY (button) showed [Tc Qc] and lost with two pair, Tens and Nines
Seat 4: AlexPinsk1 (small blind) folded before Flop
Seat 5: raketkasix (big blind) folded before Flop
Seat 6: 1fudihara showed [Th As] and won ($226.86) with two pair, Tens and Nines



PokerStars Hand #254417240995:  Hold'em No Limit ($0.50/$1.00 USD) - 2025/01/17 18:14:05 WET [2025/01/17 13:14:05 ET]
Table 'Sheratan IV' 6-max Seat #4 is the button
Seat 1: kars0n ($100 in chips) 
Seat 2: z00mba ($109.98 in chips) 
Seat 3: PoKeRaRcSuNY ($100 in chips) 
Seat 4: AlexPinsk1 ($100 in chips) 
Seat 5: raketkasix ($124.89 in chips) 
Seat 6: 1fudihara ($296.75 in chips) 
raketkasix: posts small blind $0.50
1fudihara: posts big blind $1
*** HOLE CARDS ***
kars0n: folds 
z00mba: folds 
PoKeRaRcSuNY: folds 
AlexPinsk1: folds 
raketkasix: folds 
Uncalled bet ($0.50) returned to 1fudihara
1fudihara collected $1 from pot
1fudihara: doesn't show hand 
*** SUMMARY ***
Total pot $1 | Rake $0 
Seat 1: kars0n folded before Flop (didn't bet)
Seat 2: z00mba folded before Flop (didn't bet)
Seat 3: PoKeRaRcSuNY folded before Flop (didn't bet)
Seat 4: AlexPinsk1 (button) folded before Flop (didn't bet)
Seat 5: raketkasix (small blind) folded before Flop
Seat 6: 1fudihara (big blind) collected ($1)



PokerStars Hand #254417243849:  Hold'em No Limit ($0.50/$1.00 USD) - 2025/01/17 18:14:15 WET [2025/01/17 13:14:15 ET]
Table 'Sheratan IV' 6-max Seat #5 is the button
Seat 1: kars0n ($100 in chips) 
Seat 2: z00mba ($109.98 in chips) 
Seat 3: PoKeRaRcSuNY ($100 in chips) 
Seat 4: AlexPinsk1 ($100 in chips) 
Seat 5: raketkasix ($124.39 in chips) 
Seat 6: 1fudihara ($297.25 in chips) 
1fudihara: posts small blind $0.50
kars0n: posts big blind $1
*** HOLE CARDS ***
z00mba: folds 
PoKeRaRcSuNY: folds 
AlexPinsk1: raises $1.50 to $2.50
raketkasix: folds 
1fudihara: folds 
kars0n: calls $1.50
*** FLOP *** [4d 2c Ah]
kars0n: checks 
AlexPinsk1: checks 
*** TURN *** [4d 2c Ah] [5c]
kars0n: checks 
AlexPinsk1: checks 
*** RIVER *** [4d 2c Ah 5c] [7d]
kars0n: checks 
AlexPinsk1: bets $7.50
kars0n: folds 
Uncalled bet ($7.50) returned to AlexPinsk1
AlexPinsk1 collected $5.22 from pot
AlexPinsk1: doesn't show hand 
*** SUMMARY ***
Total pot $5.50 | Rake $0.28 
Board [4d 2c Ah 5c 7d]
Seat 1: kars0n (big blind) folded on the River
Seat 2: z00mba folded before Flop (didn't bet)
Seat 3: PoKeRaRcSuNY folded before Flop (didn't bet)
Seat 4: AlexPinsk1 collected ($5.22)
Seat 5: raketkasix (button) folded before Flop (didn't bet)
Seat 6: 1fudihara (small blind) folded before Flop



PokerStars Hand #254417257874:  Hold'em No Limit ($0.50/$1.00 USD) - 2025/01/17 18:15:08 WET [2025/01/17 13:15:08 ET]
Table 'Sheratan IV' 6-max Seat #6 is the button
Seat 1: kars0n ($100 in chips) 
Seat 2: z00mba ($109.98 in chips) 
Seat 3: PoKeRaRcSuNY ($100 in chips) 
Seat 4: AlexPinsk1 ($102.72 in chips) 
Seat 5: raketkasix ($124.39 in chips) 
Seat 6: 1fudihara ($296.75 in chips) 
kars0n: posts small blind $0.50
z00mba: posts big blind $1
*** HOLE CARDS ***
PoKeRaRcSuNY: folds 
AlexPinsk1: raises $1.50 to $2.50
raketkasix: folds 
1fudihara is disconnected 
1fudihara has timed out while disconnected
1fudihara: folds 
kars0n: folds 
z00mba: folds 
Uncalled bet ($1.50) returned to AlexPinsk1
AlexPinsk1 collected $2.50 from pot
AlexPinsk1: doesn't show hand 
*** SUMMARY ***
Total pot $2.50 | Rake $0 
Seat 1: kars0n (small blind) folded before Flop
Seat 2: z00mba (big blind) folded before Flop
Seat 3: PoKeRaRcSuNY folded before Flop (didn't bet)
Seat 4: AlexPinsk1 collected ($2.50)
Seat 5: raketkasix folded before Flop (didn't bet)
Seat 6: 1fudihara (button) folded before Flop (didn't bet)



PokerStars Hand #254417265158:  Hold'em No Limit ($0.50/$1.00 USD) - 2025/01/17 18:15:34 WET [2025/01/17 13:15:34 ET]
Table 'Sheratan IV' 6-max Seat #1 is the button
Seat 6: 1fudihara ($296.75 in chips) is sitting out
Seat 1: kars0n ($100 in chips) 
Seat 2: z00mba ($108.98 in chips) 
Seat 3: PoKeRaRcSuNY ($100 in chips) 
Seat 4: AlexPinsk1 ($104.22 in chips) 
Seat 5: raketkasix ($124.39 in chips) 
z00mba: posts small blind $0.50
PoKeRaRcSuNY: posts big blind $1
*** HOLE CARDS ***
AlexPinsk1: folds 
raketkasix: folds 
kars0n: raises $1.50 to $2.50
z00mba: folds 
PoKeRaRcSuNY: folds 
Uncalled bet ($1.50) returned to kars0n
kars0n collected $2.50 from pot
kars0n: doesn't show hand 
*** SUMMARY ***
Total pot $2.50 | Rake $0 
Seat 6: 1fudihara
Seat 1: kars0n (button) collected ($2.50)
Seat 2: z00mba (small blind) folded before Flop
Seat 3: PoKeRaRcSuNY (big blind) folded before Flop
Seat 4: AlexPinsk1 folded before Flop (didn't bet)
Seat 5: raketkasix folded before Flop (didn't bet)



PokerStars Hand #254417269631:  Hold'em No Limit ($0.50/$1.00 USD) - 2025/01/17 18:15:51 WET [2025/01/17 13:15:51 ET]
Table 'Sheratan IV' 6-max Seat #2 is the button
Seat 6: 1fudihara ($296.75 in chips) is sitting out
Seat 1: kars0n ($101.50 in chips) 
Seat 2: z00mba ($108.48 in chips) 
Seat 3: PoKeRaRcSuNY ($100 in chips) 
Seat 4: AlexPinsk1 ($104.22 in chips) 
Seat 5: raketkasix ($124.39 in chips) 
PoKeRaRcSuNY: posts small blind $0.50
AlexPinsk1: posts big blind $1
*** HOLE CARDS ***
raketkasix: folds 
kars0n: folds 
z00mba: folds 
PoKeRaRcSuNY: folds 
Uncalled bet ($0.50) returned to AlexPinsk1
AlexPinsk1 collected $1 from pot
AlexPinsk1: doesn't show hand 
*** SUMMARY ***
Total pot $1 | Rake $0 
Seat 6: 1fudihara
Seat 1: kars0n folded before Flop (didn't bet)
Seat 2: z00mba (button) folded before Flop (didn't bet)
Seat 3: PoKeRaRcSuNY (small blind) folded before Flop
Seat 4: AlexPinsk1 (big blind) collected ($1)
Seat 5: raketkasix folded before Flop (didn't bet)



PokerStars Hand #254417279184:  Hold'em No Limit ($0.50/$1.00 USD) - 2025/01/17 18:16:26 WET [2025/01/17 13:16:26 ET]
Table 'Sheratan IV' 6-max Seat #3 is the button
Seat 6: 1fudihara ($296.75 in chips) is sitting out
Seat 1: kars0n ($101.50 in chips) 
Seat 2: z00mba ($108.48 in chips) 
Seat 3: PoKeRaRcSuNY ($100 in chips) 
Seat 4: AlexPinsk1 ($104.72 in chips) 
Seat 5: raketkasix ($124.39 in chips) 
AlexPinsk1: posts small blind $0.50
raketkasix: posts big blind $1
*** HOLE CARDS ***
kars0n: folds 
z00mba: raises $1.50 to $2.50
PoKeRaRcSuNY: folds 
AlexPinsk1: folds 
raketkasix: folds 
Uncalled bet ($1.50) returned to z00mba
z00mba collected $2.50 from pot
z00mba: doesn't show hand 
*** SUMMARY ***
Total pot $2.50 | Rake $0 
Seat 6: 1fudihara
Seat 1: kars0n folded before Flop (didn't bet)
Seat 2: z00mba collected ($2.50)
Seat 3: PoKeRaRcSuNY (button) folded before Flop (didn't bet)
Seat 4: AlexPinsk1 (small blind) folded before Flop
Seat 5: raketkasix (big blind) folded before Flop



PokerStars Hand #254417285904:  Hold'em No Limit ($0.50/$1.00 USD) - 2025/01/17 18:16:51 WET [2025/01/17 13:16:51 ET]
Table 'Sheratan IV' 6-max Seat #4 is the button
Seat 6: 1fudihara ($296.75 in chips) is sitting out
Seat 1: kars0n ($101.50 in chips) 
Seat 2: z00mba ($109.98 in chips) 
Seat 3: PoKeRaRcSuNY ($100 in chips) 
Seat 4: AlexPinsk1 ($104.22 in chips) 
Seat 5: raketkasix ($123.39 in chips) 
raketkasix: posts small blind $0.50
kars0n: posts big blind $1
*** HOLE CARDS ***
z00mba: folds 
PoKeRaRcSuNY: folds 
AlexPinsk1: folds 
raketkasix: raises $2 to $3
kars0n: folds 
Uncalled bet ($2) returned to raketkasix
raketkasix collected $2 from pot
raketkasix: doesn't show hand 
*** SUMMARY ***
Total pot $2 | Rake $0 
Seat 6: 1fudihara
Seat 1: kars0n (big blind) folded before Flop
Seat 2: z00mba folded before Flop (didn't bet)
Seat 3: PoKeRaRcSuNY folded before Flop (didn't bet)
Seat 4: AlexPinsk1 (button) folded before Flop (didn't bet)
Seat 5: raketkasix (small blind) collected ($2)



PokerStars Hand #254417289830:  Hold'em No Limit ($0.50/$1.00 USD) - 2025/01/17 18:17:06 WET [2025/01/17 13:17:06 ET]
Table 'Sheratan IV' 6-max Seat #5 is the button
Seat 2: z00mba ($109.98 in chips) is sitting out
Seat 6: 1fudihara ($296.75 in chips) is sitting out
Seat 1: kars0n ($100.50 in chips) 
Seat 3: PoKeRaRcSuNY ($100 in chips) 
Seat 4: AlexPinsk1 ($104.22 in chips) 
Seat 5: raketkasix ($124.39 in chips) 
kars0n: posts small blind $0.50
z00mba: is sitting out 
PoKeRaRcSuNY: posts big blind $1
*** HOLE CARDS ***
AlexPinsk1: folds 
raketkasix: folds 
kars0n: folds 
Uncalled bet ($0.50) returned to PoKeRaRcSuNY
PoKeRaRcSuNY collected $1 from pot
PoKeRaRcSuNY: doesn't show hand 
*** SUMMARY ***
Total pot $1 | Rake $0 
Seat 2: z00mba
Seat 6: 1fudihara
Seat 1: kars0n (small blind) folded before Flop
Seat 3: PoKeRaRcSuNY (big blind) collected ($1)
Seat 4: AlexPinsk1 folded before Flop (didn't bet)
Seat 5: raketkasix (button) folded before Flop (didn't bet)



PokerStars Hand #254417293074:  Hold'em No Limit ($0.50/$1.00 USD) - 2025/01/17 18:17:18 WET [2025/01/17 13:17:18 ET]
Table 'Sheratan IV' 6-max Seat #1 is the button
Seat 2: z00mba ($109.98 in chips) is sitting out
Seat 6: 1fudihara ($296.75 in chips) is sitting out
Seat 1: kars0n ($100 in chips) 
Seat 3: PoKeRaRcSuNY ($100.50 in chips) 
Seat 4: AlexPinsk1 ($104.22 in chips) 
Seat 5: raketkasix ($124.39 in chips) 
PoKeRaRcSuNY: posts small blind $0.50
AlexPinsk1: posts big blind $1
*** HOLE CARDS ***
raketkasix: folds 
kars0n: folds 
PoKeRaRcSuNY: folds 
Uncalled bet ($0.50) returned to AlexPinsk1
AlexPinsk1 collected $1 from pot
AlexPinsk1: doesn't show hand 
*** SUMMARY ***
Total pot $1 | Rake $0 
Seat 2: z00mba
Seat 6: 1fudihara
Seat 1: kars0n (button) folded before Flop (didn't bet)
Seat 3: PoKeRaRcSuNY (small blind) folded before Flop
Seat 4: AlexPinsk1 (big blind) collected ($1)
Seat 5: raketkasix folded before Flop (didn't bet)



PokerStars Hand #254417295886:  Hold'em No Limit ($0.50/$1.00 USD) - 2025/01/17 18:17:29 WET [2025/01/17 13:17:29 ET]
Table 'Sheratan IV' 6-max Seat #3 is the button
Seat 2: z00mba ($109.98 in chips) is sitting out
Seat 6: 1fudihara ($296.75 in chips) is sitting out
Seat 1: kars0n ($100 in chips) 
Seat 3: PoKeRaRcSuNY ($100 in chips) 
Seat 4: AlexPinsk1 ($104.72 in chips) 
Seat 5: raketkasix ($124.39 in chips) 
AlexPinsk1: posts small blind $0.50
raketkasix: posts big blind $1
z00mba: sits out 
*** HOLE CARDS ***
kars0n: folds 
PoKeRaRcSuNY: raises $1.50 to $2.50
AlexPinsk1: folds 
raketkasix: folds 
Uncalled bet ($1.50) returned to PoKeRaRcSuNY
PoKeRaRcSuNY collected $2.50 from pot
PoKeRaRcSuNY: doesn't show hand 
*** SUMMARY ***
Total pot $2.50 | Rake $0 
Seat 2: z00mba
Seat 6: 1fudihara
Seat 1: kars0n folded before Flop (didn't bet)
Seat 3: PoKeRaRcSuNY (button) collected ($2.50)
Seat 4: AlexPinsk1 (small blind) folded before Flop
Seat 5: raketkasix (big blind) folded before Flop



PokerStars Hand #254417301370:  Hold'em No Limit ($0.50/$1.00 USD) - 2025/01/17 18:17:49 WET [2025/01/17 13:17:49 ET]
Table 'Sheratan IV' 6-max Seat #4 is the button
Seat 2: z00mba ($109.98 in chips) is sitting out
Seat 6: 1fudihara ($296.75 in chips) is sitting out
Seat 1: kars0n ($100 in chips) 
Seat 3: PoKeRaRcSuNY ($101.50 in chips) 
Seat 4: AlexPinsk1 ($104.22 in chips) 
Seat 5: raketkasix ($123.39 in chips) 
raketkasix: posts small blind $0.50
kars0n: posts big blind $1
z00mba: sits out 
*** HOLE CARDS ***
PoKeRaRcSuNY: folds 
AlexPinsk1: folds 
raketkasix: folds 
Uncalled bet ($0.50) returned to kars0n
kars0n collected $1 from pot
kars0n: doesn't show hand 
*** SUMMARY ***
Total pot $1 | Rake $0 
Seat 2: z00mba
Seat 6: 1fudihara
Seat 1: kars0n (big blind) collected ($1)
Seat 3: PoKeRaRcSuNY folded before Flop (didn't bet)
Seat 4: AlexPinsk1 (button) folded before Flop (didn't bet)
Seat 5: raketkasix (small blind) folded before Flop



PokerStars Hand #254417304502:  Hold'em No Limit ($0.50/$1.00 USD) - 2025/01/17 18:18:01 WET [2025/01/17 13:18:01 ET]
Table 'Sheratan IV' 6-max Seat #5 is the button
Seat 6: 1fudihara ($296.75 in chips) is sitting out
Seat 1: kars0n ($100.50 in chips) 
Seat 2: z00mba ($109.98 in chips) 
Seat 3: PoKeRaRcSuNY ($101.50 in chips) 
Seat 4: AlexPinsk1 ($104.22 in chips) 
Seat 5: raketkasix ($122.89 in chips) 
kars0n: posts small blind $0.50
z00mba: posts big blind $1
*** HOLE CARDS ***
PoKeRaRcSuNY: folds 
AlexPinsk1: folds 
raketkasix: raises $1.50 to $2.50
1fudihara is disconnected 
kars0n: folds 
z00mba: raises $9 to $11.50
raketkasix: calls $9
*** FLOP *** [Kc 4c 7d]
z00mba: checks 
raketkasix: checks 
*** TURN *** [Kc 4c 7d] [8d]
z00mba: checks 
raketkasix: checks 
*** RIVER *** [Kc 4c 7d 8d] [Js]
z00mba: bets $16.29
raketkasix: calls $16.29
*** SHOW DOWN ***
z00mba: shows [Jc Kd] (two pair, Kings and Jacks)
raketkasix: mucks hand 
z00mba collected $53.58 from pot
*** SUMMARY ***
Total pot $56.08 | Rake $2.50 
Board [Kc 4c 7d 8d Js]
Seat 6: 1fudihara
Seat 1: kars0n (small blind) folded before Flop
Seat 2: z00mba (big blind) showed [Jc Kd] and won ($53.58) with two pair, Kings and Jacks
Seat 3: PoKeRaRcSuNY folded before Flop (didn't bet)
Seat 4: AlexPinsk1 folded before Flop (didn't bet)
Seat 5: raketkasix (button) mucked



PokerStars Hand #254417326946:  Hold'em No Limit ($0.50/$1.00 USD) - 2025/01/17 18:19:24 WET [2025/01/17 13:19:24 ET]
Table 'Sheratan IV' 6-max Seat #1 is the button
Seat 6: 1fudihara ($296.75 in chips) is sitting out
Seat 1: kars0n ($100 in chips) 
Seat 2: z00mba ($135.77 in chips) 
Seat 3: PoKeRaRcSuNY ($101.50 in chips) 
Seat 4: AlexPinsk1 ($104.22 in chips) 
Seat 5: raketkasix ($100 in chips) 
z00mba: posts small blind $0.50
PoKeRaRcSuNY: posts big blind $1
*** HOLE CARDS ***
AlexPinsk1: folds 
raketkasix: folds 
kars0n: raises $1.50 to $2.50
z00mba: folds 
PoKeRaRcSuNY: folds 
Uncalled bet ($1.50) returned to kars0n
kars0n collected $2.50 from pot
kars0n: doesn't show hand 
*** SUMMARY ***
Total pot $2.50 | Rake $0 
Seat 6: 1fudihara
Seat 1: kars0n (button) collected ($2.50)
Seat 2: z00mba (small blind) folded before Flop
Seat 3: PoKeRaRcSuNY (big blind) folded before Flop
Seat 4: AlexPinsk1 folded before Flop (didn't bet)
Seat 5: raketkasix folded before Flop (didn't bet)



PokerStars Hand #254417332672:  Hold'em No Limit ($0.50/$1.00 USD) - 2025/01/17 18:19:45 WET [2025/01/17 13:19:45 ET]
Table 'Sheratan IV' 6-max Seat #2 is the button
Seat 6: 1fudihara ($296.75 in chips) is sitting out
Seat 1: kars0n ($101.50 in chips) 
Seat 2: z00mba ($135.27 in chips) 
Seat 3: PoKeRaRcSuNY ($100.50 in chips) 
Seat 4: AlexPinsk1 ($104.22 in chips) 
Seat 5: raketkasix ($100 in chips) 
PoKeRaRcSuNY: posts small blind $0.50
AlexPinsk1: posts big blind $1
1fudihara: sits out 
*** HOLE CARDS ***
raketkasix: folds 
kars0n: folds 
z00mba: raises $1.50 to $2.50
PoKeRaRcSuNY: folds 
AlexPinsk1: folds 
Uncalled bet ($1.50) returned to z00mba
z00mba collected $2.50 from pot
z00mba: doesn't show hand 
*** SUMMARY ***
Total pot $2.50 | Rake $0 
Seat 6: 1fudihara
Seat 1: kars0n folded before Flop (didn't bet)
Seat 2: z00mba (button) collected ($2.50)
Seat 3: PoKeRaRcSuNY (small blind) folded before Flop
Seat 4: AlexPinsk1 (big blind) folded before Flop
Seat 5: raketkasix folded before Flop (didn't bet)



PokerStars Hand #254417339819:  Hold'em No Limit ($0.50/$1.00 USD) - 2025/01/17 18:20:11 WET [2025/01/17 13:20:11 ET]
Table 'Sheratan IV' 6-max Seat #3 is the button
Seat 6: 1fudihara ($296.75 in chips) is sitting out
Seat 1: kars0n ($101.50 in chips) 
Seat 2: z00mba ($136.77 in chips) 
Seat 3: PoKeRaRcSuNY ($100 in chips) 
Seat 4: AlexPinsk1 ($103.22 in chips) 
Seat 5: raketkasix ($100 in chips) 
AlexPinsk1: posts small blind $0.50
raketkasix: posts big blind $1
1fudihara: sits out 
*** HOLE CARDS ***
kars0n: folds 
z00mba: raises $1.50 to $2.50
PoKeRaRcSuNY: folds 
AlexPinsk1: folds 
raketkasix: folds 
Uncalled bet ($1.50) returned to z00mba
z00mba collected $2.50 from pot
z00mba: doesn't show hand 
*** SUMMARY ***
Total pot $2.50 | Rake $0 
Seat 6: 1fudihara
Seat 1: kars0n folded before Flop (didn't bet)
Seat 2: z00mba collected ($2.50)
Seat 3: PoKeRaRcSuNY (button) folded before Flop (didn't bet)
Seat 4: AlexPinsk1 (small blind) folded before Flop
Seat 5: raketkasix (big blind) folded before Flop



PokerStars Hand #254417344240:  Hold'em No Limit ($0.50/$1.00 USD) - 2025/01/17 18:20:28 WET [2025/01/17 13:20:28 ET]
Table 'Sheratan IV' 6-max Seat #4 is the button
Seat 1: kars0n ($101.50 in chips) 
Seat 2: z00mba ($138.27 in chips) 
Seat 3: PoKeRaRcSuNY ($100 in chips) 
Seat 4: AlexPinsk1 ($102.72 in chips) 
Seat 5: raketkasix ($100 in chips) 
Seat 6: 1fudihara ($296.75 in chips) 
raketkasix: posts small blind $0.50
1fudihara: posts big blind $1
*** HOLE CARDS ***
kars0n: folds 
z00mba: folds 
PoKeRaRcSuNY: folds 
AlexPinsk1: folds 
raketkasix: raises $2 to $3
1fudihara: calls $2
*** FLOP *** [9h 7d Js]
raketkasix: checks 
1fudihara: bets $3
raketkasix: folds 
Uncalled bet ($3) returned to 1fudihara
1fudihara collected $5.70 from pot
*** SUMMARY ***
Total pot $6 | Rake $0.30 
Board [9h 7d Js]
Seat 1: kars0n folded before Flop (didn't bet)
Seat 2: z00mba folded before Flop (didn't bet)
Seat 3: PoKeRaRcSuNY folded before Flop (didn't bet)
Seat 4: AlexPinsk1 (button) folded before Flop (didn't bet)
Seat 5: raketkasix (small blind) folded on the Flop
Seat 6: 1fudihara (big blind) collected ($5.70)



PokerStars Hand #254417359726:  Hold'em No Limit ($0.50/$1.00 USD) - 2025/01/17 18:21:24 WET [2025/01/17 13:21:24 ET]
Table 'Sheratan IV' 6-max Seat #5 is the button
Seat 1: kars0n ($101.50 in chips) 
Seat 2: z00mba ($138.27 in chips) 
Seat 3: PoKeRaRcSuNY ($100 in chips) 
Seat 4: AlexPinsk1 ($102.72 in chips) 
Seat 5: raketkasix ($100 in chips) 
Seat 6: 1fudihara ($299.45 in chips) 
1fudihara: posts small blind $0.50
kars0n: posts big blind $1
*** HOLE CARDS ***
z00mba: raises $1.50 to $2.50
PoKeRaRcSuNY: folds 
AlexPinsk1: folds 
raketkasix: folds 
1fudihara: folds 
kars0n: calls $1.50
*** FLOP *** [4h 9s 3h]
kars0n: checks 
z00mba: checks 
*** TURN *** [4h 9s 3h] [5h]
kars0n: checks 
z00mba: bets $6.53
kars0n: folds 
Uncalled bet ($6.53) returned to z00mba
z00mba collected $5.22 from pot
z00mba: doesn't show hand 
*** SUMMARY ***
Total pot $5.50 | Rake $0.28 
Board [4h 9s 3h 5h]
Seat 1: kars0n (big blind) folded on the Turn
Seat 2: z00mba collected ($5.22)
Seat 3: PoKeRaRcSuNY folded before Flop (didn't bet)
Seat 4: AlexPinsk1 folded before Flop (didn't bet)
Seat 5: raketkasix (button) folded before Flop (didn't bet)
Seat 6: 1fudihara (small blind) folded before Flop



PokerStars Hand #254417371769:  Hold'em No Limit ($0.50/$1.00 USD) - 2025/01/17 18:22:09 WET [2025/01/17 13:22:09 ET]
Table 'Sheratan IV' 6-max Seat #6 is the button
Seat 1: kars0n ($100 in chips) 
Seat 2: z00mba ($140.99 in chips) 
Seat 3: PoKeRaRcSuNY ($100 in chips) 
Seat 4: AlexPinsk1 ($102.72 in chips) 
Seat 5: raketkasix ($100 in chips) 
Seat 6: 1fudihara ($298.95 in chips) 
kars0n: posts small blind $0.50
z00mba: posts big blind $1
*** HOLE CARDS ***
PoKeRaRcSuNY: folds 
AlexPinsk1: folds 
raketkasix: folds 
1fudihara: raises $1.50 to $2.50
kars0n: folds 
z00mba: folds 
Uncalled bet ($1.50) returned to 1fudihara
1fudihara collected $2.50 from pot
1fudihara: doesn't show hand 
*** SUMMARY ***
Total pot $2.50 | Rake $0 
Seat 1: kars0n (small blind) folded before Flop
Seat 2: z00mba (big blind) folded before Flop
Seat 3: PoKeRaRcSuNY folded before Flop (didn't bet)
Seat 4: AlexPinsk1 folded before Flop (didn't bet)
Seat 5: raketkasix folded before Flop (didn't bet)
Seat 6: 1fudihara (button) collected ($2.50)



PokerStars Hand #254417379326:  Hold'em No Limit ($0.50/$1.00 USD) - 2025/01/17 18:22:37 WET [2025/01/17 13:22:37 ET]
Table 'Sheratan IV' 6-max Seat #1 is the button
Seat 1: kars0n ($100 in chips) 
Seat 2: z00mba ($139.99 in chips) 
Seat 3: PoKeRaRcSuNY ($100 in chips) 
Seat 4: AlexPinsk1 ($102.72 in chips) 
Seat 5: raketkasix ($100 in chips) 
Seat 6: 1fudihara ($300.45 in chips) 
z00mba: posts small blind $0.50
PoKeRaRcSuNY: posts big blind $1
*** HOLE CARDS ***
AlexPinsk1: folds 
raketkasix: folds 
1fudihara: folds 
kars0n: folds 
z00mba: folds 
Uncalled bet ($0.50) returned to PoKeRaRcSuNY
PoKeRaRcSuNY collected $1 from pot
PoKeRaRcSuNY: doesn't show hand 
*** SUMMARY ***
Total pot $1 | Rake $0 
Seat 1: kars0n (button) folded before Flop (didn't bet)
Seat 2: z00mba (small blind) folded before Flop
Seat 3: PoKeRaRcSuNY (big blind) collected ($1)
Seat 4: AlexPinsk1 folded before Flop (didn't bet)
Seat 5: raketkasix folded before Flop (didn't bet)
Seat 6: 1fudihara folded before Flop (didn't bet)



PokerStars Hand #254417384412:  Hold'em No Limit ($0.50/$1.00 USD) - 2025/01/17 18:22:56 WET [2025/01/17 13:22:56 ET]
Table 'Sheratan IV' 6-max Seat #2 is the button
Seat 1: kars0n ($100 in chips) 
Seat 2: z00mba ($139.49 in chips) 
Seat 3: PoKeRaRcSuNY ($100.50 in chips) 
Seat 4: AlexPinsk1 ($102.72 in chips) 
Seat 5: raketkasix ($100 in chips) 
Seat 6: 1fudihara ($300.45 in chips) 
PoKeRaRcSuNY: posts small blind $0.50
AlexPinsk1: posts big blind $1
*** HOLE CARDS ***
raketkasix: folds 
1fudihara: folds 
kars0n: raises $1.50 to $2.50
z00mba: folds 
PoKeRaRcSuNY: folds 
AlexPinsk1: folds 
Uncalled bet ($1.50) returned to kars0n
kars0n collected $2.50 from pot
kars0n: doesn't show hand 
*** SUMMARY ***
Total pot $2.50 | Rake $0 
Seat 1: kars0n collected ($2.50)
Seat 2: z00mba (button) folded before Flop (didn't bet)
Seat 3: PoKeRaRcSuNY (small blind) folded before Flop
Seat 4: AlexPinsk1 (big blind) folded before Flop
Seat 5: raketkasix folded before Flop (didn't bet)
Seat 6: 1fudihara folded before Flop (didn't bet)



PokerStars Hand #254417391383:  Hold'em No Limit ($0.50/$1.00 USD) - 2025/01/17 18:23:22 WET [2025/01/17 13:23:22 ET]
Table 'Sheratan IV' 6-max Seat #3 is the button
Seat 1: kars0n ($101.50 in chips) 
Seat 2: z00mba ($139.49 in chips) 
Seat 3: PoKeRaRcSuNY ($100 in chips) 
Seat 4: AlexPinsk1 ($101.72 in chips) 
Seat 5: raketkasix ($100 in chips) 
Seat 6: 1fudihara ($300.45 in chips) 
AlexPinsk1: posts small blind $0.50
raketkasix: posts big blind $1
*** HOLE CARDS ***
1fudihara: folds 
kars0n: folds 
z00mba: folds 
PoKeRaRcSuNY: folds 
AlexPinsk1: raises $2 to $3
raketkasix: folds 
Uncalled bet ($2) returned to AlexPinsk1
AlexPinsk1 collected $2 from pot
AlexPinsk1: doesn't show hand 
*** SUMMARY ***
Total pot $2 | Rake $0 
Seat 1: kars0n folded before Flop (didn't bet)
Seat 2: z00mba folded before Flop (didn't bet)
Seat 3: PoKeRaRcSuNY (button) folded before Flop (didn't bet)
Seat 4: AlexPinsk1 (small blind) collected ($2)
Seat 5: raketkasix (big blind) folded before Flop
Seat 6: 1fudihara folded before Flop (didn't bet)



PokerStars Hand #254417398370:  Hold'em No Limit ($0.50/$1.00 USD) - 2025/01/17 18:23:47 WET [2025/01/17 13:23:47 ET]
Table 'Sheratan IV' 6-max Seat #4 is the button
Seat 1: kars0n ($101.50 in chips) 
Seat 2: z00mba ($139.49 in chips) 
Seat 3: PoKeRaRcSuNY ($100 in chips) 
Seat 4: AlexPinsk1 ($102.72 in chips) 
Seat 5: raketkasix ($100 in chips) 
Seat 6: 1fudihara ($300.45 in chips) 
raketkasix: posts small blind $0.50
1fudihara: posts big blind $1
*** HOLE CARDS ***
kars0n: folds 
z00mba: raises $1.50 to $2.50
PoKeRaRcSuNY: folds 
AlexPinsk1: folds 
raketkasix: folds 
1fudihara: raises $7.50 to $10
z00mba: calls $7.50
*** FLOP *** [7h 4h 2c]
1fudihara: bets $7
z00mba: folds 
Uncalled bet ($7) returned to 1fudihara
1fudihara collected $19.48 from pot
1fudihara: doesn't show hand 
*** SUMMARY ***
Total pot $20.50 | Rake $1.02 
Board [7h 4h 2c]
Seat 1: kars0n folded before Flop (didn't bet)
Seat 2: z00mba folded on the Flop
Seat 3: PoKeRaRcSuNY folded before Flop (didn't bet)
Seat 4: AlexPinsk1 (button) folded before Flop (didn't bet)
Seat 5: raketkasix (small blind) folded before Flop
Seat 6: 1fudihara (big blind) collected ($19.48)



PokerStars Hand #254417410161:  Hold'em No Limit ($0.50/$1.00 USD) - 2025/01/17 18:24:30 WET [2025/01/17 13:24:30 ET]
Table 'Sheratan IV' 6-max Seat #5 is the button
Seat 1: kars0n ($101.50 in chips) 
Seat 2: z00mba ($129.49 in chips) 
Seat 3: PoKeRaRcSuNY ($100 in chips) 
Seat 4: AlexPinsk1 ($102.72 in chips) 
Seat 5: raketkasix ($100 in chips) 
Seat 6: 1fudihara ($309.93 in chips) 
1fudihara: posts small blind $0.50
kars0n: posts big blind $1
*** HOLE CARDS ***
z00mba: folds 
PoKeRaRcSuNY: folds 
AlexPinsk1: folds 
raketkasix: folds 
1fudihara: calls $0.50
kars0n: checks 
*** FLOP *** [2c Td Jc]
1fudihara: checks 
kars0n: checks 
*** TURN *** [2c Td Jc] [7c]
1fudihara: checks 
kars0n: checks 
*** RIVER *** [2c Td Jc 7c] [Qh]
1fudihara: checks 
kars0n: bets $1.90
1fudihara: folds 
Uncalled bet ($1.90) returned to kars0n
kars0n collected $1.90 from pot
kars0n: doesn't show hand 
*** SUMMARY ***
Total pot $2 | Rake $0.10 
Board [2c Td Jc 7c Qh]
Seat 1: kars0n (big blind) collected ($1.90)
Seat 2: z00mba folded before Flop (didn't bet)
Seat 3: PoKeRaRcSuNY folded before Flop (didn't bet)
Seat 4: AlexPinsk1 folded before Flop (didn't bet)
Seat 5: raketkasix (button) folded before Flop (didn't bet)
Seat 6: 1fudihara (small blind) folded on the River



PokerStars Hand #254417425429:  Hold'em No Limit ($0.50/$1.00 USD) - 2025/01/17 18:25:26 WET [2025/01/17 13:25:26 ET]
Table 'Sheratan IV' 6-max Seat #6 is the button
Seat 1: kars0n ($102.40 in chips) 
Seat 2: z00mba ($129.49 in chips) 
Seat 3: PoKeRaRcSuNY ($100 in chips) 
Seat 4: AlexPinsk1 ($102.72 in chips) 
Seat 5: raketkasix ($100 in chips) 
Seat 6: 1fudihara ($308.93 in chips) 
kars0n: posts small blind $0.50
z00mba: posts big blind $1
*** HOLE CARDS ***
PoKeRaRcSuNY: folds 
AlexPinsk1: folds 
raketkasix: folds 
1fudihara: folds 
kars0n: raises $2 to $3
z00mba: folds 
Uncalled bet ($2) returned to kars0n
kars0n collected $2 from pot
kars0n: doesn't show hand 
*** SUMMARY ***
Total pot $2 | Rake $0 
Seat 1: kars0n (small blind) collected ($2)
Seat 2: z00mba (big blind) folded before Flop
Seat 3: PoKeRaRcSuNY folded before Flop (didn't bet)
Seat 4: AlexPinsk1 folded before Flop (didn't bet)
Seat 5: raketkasix folded before Flop (didn't bet)
Seat 6: 1fudihara (button) folded before Flop (didn't bet)



PokerStars Hand #254417431272:  Hold'em No Limit ($0.50/$1.00 USD) - 2025/01/17 18:25:48 WET [2025/01/17 13:25:48 ET]
Table 'Sheratan IV' 6-max Seat #1 is the button
Seat 1: kars0n ($103.40 in chips) 
Seat 2: z00mba ($128.49 in chips) 
Seat 3: PoKeRaRcSuNY ($100 in chips) 
Seat 4: AlexPinsk1 ($102.72 in chips) 
Seat 5: raketkasix ($100 in chips) 
Seat 6: 1fudihara ($308.93 in chips) 
z00mba: posts small blind $0.50
PoKeRaRcSuNY: posts big blind $1
*** HOLE CARDS ***
AlexPinsk1: folds 
raketkasix: folds 
1fudihara: raises $1.50 to $2.50
kars0n: folds 
z00mba: folds 
PoKeRaRcSuNY: folds 
Uncalled bet ($1.50) returned to 1fudihara
1fudihara collected $2.50 from pot
1fudihara: doesn't show hand 
*** SUMMARY ***
Total pot $2.50 | Rake $0 
Seat 1: kars0n (button) folded before Flop (didn't bet)
Seat 2: z00mba (small blind) folded before Flop
Seat 3: PoKeRaRcSuNY (big blind) folded before Flop
Seat 4: AlexPinsk1 folded before Flop (didn't bet)
Seat 5: raketkasix folded before Flop (didn't bet)
Seat 6: 1fudihara collected ($2.50)



PokerStars Hand #254417435662:  Hold'em No Limit ($0.50/$1.00 USD) - 2025/01/17 18:26:04 WET [2025/01/17 13:26:04 ET]
Table 'Sheratan IV' 6-max Seat #2 is the button
Seat 1: kars0n ($103.40 in chips) 
Seat 2: z00mba ($127.99 in chips) 
Seat 3: PoKeRaRcSuNY ($100 in chips) 
Seat 4: AlexPinsk1 ($102.72 in chips) 
Seat 5: raketkasix ($100 in chips) 
Seat 6: 1fudihara ($310.43 in chips) 
PoKeRaRcSuNY: posts small blind $0.50
AlexPinsk1: posts big blind $1
*** HOLE CARDS ***
raketkasix: folds 
1fudihara: raises $1 to $2
kars0n: folds 
z00mba: folds 
PoKeRaRcSuNY: raises $7.50 to $9.50
AlexPinsk1: folds 
1fudihara: calls $7.50
*** FLOP *** [8c 2s 9d]
PoKeRaRcSuNY: bets $8.27
1fudihara: folds 
Uncalled bet ($8.27) returned to PoKeRaRcSuNY
PoKeRaRcSuNY collected $19 from pot
PoKeRaRcSuNY: doesn't show hand 
*** SUMMARY ***
Total pot $20 | Rake $1 
Board [8c 2s 9d]
Seat 1: kars0n folded before Flop (didn't bet)
Seat 2: z00mba (button) folded before Flop (didn't bet)
Seat 3: PoKeRaRcSuNY (small blind) collected ($19)
Seat 4: AlexPinsk1 (big blind) folded before Flop
Seat 5: raketkasix folded before Flop (didn't bet)
Seat 6: 1fudihara folded on the Flop



PokerStars Hand #254417447815:  Hold'em No Limit ($0.50/$1.00 USD) - 2025/01/17 18:26:48 WET [2025/01/17 13:26:48 ET]
Table 'Sheratan IV' 6-max Seat #3 is the button
Seat 1: kars0n ($103.40 in chips) 
Seat 2: z00mba ($127.99 in chips) 
Seat 3: PoKeRaRcSuNY ($109.50 in chips) 
Seat 4: AlexPinsk1 ($101.72 in chips) 
Seat 5: raketkasix ($100 in chips) 
Seat 6: 1fudihara ($300.93 in chips) 
AlexPinsk1: posts small blind $0.50
raketkasix: posts big blind $1
*** HOLE CARDS ***
1fudihara: folds 
kars0n: raises $1 to $2
z00mba: folds 
1fudihara leaves the table
PoKeRaRcSuNY: folds 
AlexPinsk1: folds 
raketkasix: calls $1
*** FLOP *** [6s Qh 3s]
xxxZeka joins the table at seat #6 
raketkasix: checks 
kars0n: bets $1.41
z00mba leaves the table
raketkasix: calls $1.41
*** TURN *** [6s Qh 3s] [6c]
raketkasix: checks 
kars0n: checks 
*** RIVER *** [6s Qh 3s 6c] [Ah]
raketkasix: checks 
kars0n: checks 
*** SHOW DOWN ***
raketkasix: shows [9s 8s] (a pair of Sixes)
kars0n: shows [Tc Kc] (a pair of Sixes - Ace+King kicker)
kars0n collected $6.95 from pot
*** SUMMARY ***
Total pot $7.32 | Rake $0.37 
Board [6s Qh 3s 6c Ah]
Seat 1: kars0n showed [Tc Kc] and won ($6.95) with a pair of Sixes
Seat 2: z00mba folded before Flop (didn't bet)
Seat 3: PoKeRaRcSuNY (button) folded before Flop (didn't bet)
Seat 4: AlexPinsk1 (small blind) folded before Flop
Seat 5: raketkasix (big blind) showed [9s 8s] and lost with a pair of Sixes
Seat 6: 1fudihara folded before Flop (didn't bet)



PokerStars Hand #254417473865:  Hold'em No Limit ($0.50/$1.00 USD) - 2025/01/17 18:28:24 WET [2025/01/17 13:28:24 ET]
Table 'Sheratan IV' 6-max Seat #4 is the button
Seat 1: kars0n ($106.94 in chips) 
Seat 3: PoKeRaRcSuNY ($109.50 in chips) 
Seat 4: AlexPinsk1 ($101.22 in chips) 
Seat 5: raketkasix ($100 in chips) 
Seat 6: xxxZeka ($100 in chips) 
raketkasix: posts small blind $0.50
xxxZeka: posts big blind $1
*** HOLE CARDS ***
kars0n: folds 
PoKeRaRcSuNY: folds 
AlexPinsk1: folds 
raketkasix: folds 
Uncalled bet ($0.50) returned to xxxZeka
xxxZeka collected $1 from pot
xxxZeka: doesn't show hand 
*** SUMMARY ***
Total pot $1 | Rake $0 
Seat 1: kars0n folded before Flop (didn't bet)
Seat 3: PoKeRaRcSuNY folded before Flop (didn't bet)
Seat 4: AlexPinsk1 (button) folded before Flop (didn't bet)
Seat 5: raketkasix (small blind) folded before Flop
Seat 6: xxxZeka (big blind) collected ($1)



PokerStars Hand #254417481247:  Hold'em No Limit ($0.50/$1.00 USD) - 2025/01/17 18:28:51 WET [2025/01/17 13:28:51 ET]
Table 'Sheratan IV' 6-max Seat #5 is the button
Seat 1: kars0n ($106.94 in chips) 
Seat 3: PoKeRaRcSuNY ($109.50 in chips) 
Seat 4: AlexPinsk1 ($101.22 in chips) 
Seat 5: raketkasix ($100 in chips) 
Seat 6: xxxZeka ($100.50 in chips) 
xxxZeka: posts small blind $0.50
kars0n: posts big blind $1
*** HOLE CARDS ***
PoKeRaRcSuNY: folds 
AlexPinsk1: folds 
raketkasix: folds 
xxxZeka: folds 
Uncalled bet ($0.50) returned to kars0n
kars0n collected $1 from pot
kars0n: doesn't show hand 
*** SUMMARY ***
Total pot $1 | Rake $0 
Seat 1: kars0n (big blind) collected ($1)
Seat 3: PoKeRaRcSuNY folded before Flop (didn't bet)
Seat 4: AlexPinsk1 folded before Flop (didn't bet)
Seat 5: raketkasix (button) folded before Flop (didn't bet)
Seat 6: xxxZeka (small blind) folded before Flop



PokerStars Hand #254417485054:  Hold'em No Limit ($0.50/$1.00 USD) - 2025/01/17 18:29:05 WET [2025/01/17 13:29:05 ET]
Table 'Sheratan IV' 6-max Seat #6 is the button
Seat 1: kars0n ($107.44 in chips) 
Seat 3: PoKeRaRcSuNY ($109.50 in chips) 
Seat 4: AlexPinsk1 ($101.22 in chips) 
Seat 5: raketkasix ($100 in chips) 
Seat 6: xxxZeka ($100 in chips) 
kars0n: posts small blind $0.50
PoKeRaRcSuNY: posts big blind $1
*** HOLE CARDS ***
AlexPinsk1: raises $1.50 to $2.50
raketkasix: folds 
xxxZeka: folds 
kars0n: raises $10 to $12.50
PoKeRaRcSuNY: folds 
AlexPinsk1: folds 
Uncalled bet ($10) returned to kars0n
kars0n collected $6 from pot
kars0n: doesn't show hand 
*** SUMMARY ***
Total pot $6 | Rake $0 
Seat 1: kars0n (small blind) collected ($6)
Seat 3: PoKeRaRcSuNY (big blind) folded before Flop
Seat 4: AlexPinsk1 folded before Flop
Seat 5: raketkasix folded before Flop (didn't bet)
Seat 6: xxxZeka (button) folded before Flop (didn't bet)



PokerStars Hand #254417494493:  Hold'em No Limit ($0.50/$1.00 USD) - 2025/01/17 18:29:39 WET [2025/01/17 13:29:39 ET]
Table 'Sheratan IV' 6-max Seat #3 is the button
Seat 4: AlexPinsk1 ($100 in chips) is sitting out
Seat 5: raketkasix ($100 in chips) is sitting out
Seat 6: xxxZeka ($100 in chips) is sitting out
Seat 1: kars0n ($110.94 in chips) 
Seat 3: PoKeRaRcSuNY ($108.50 in chips) 
PoKeRaRcSuNY: posts small blind $0.50
AlexPinsk1: is sitting out 
raketkasix: is sitting out 
xxxZeka: is sitting out 
kars0n: posts big blind $1
*** HOLE CARDS ***
PoKeRaRcSuNY: folds 
Uncalled bet ($0.50) returned to kars0n
xxxZeka leaves the table
AlexPinsk1 leaves the table
kars0n collected $1 from pot
kars0n: doesn't show hand 
*** SUMMARY ***
Total pot $1 | Rake $0 
Seat 4: AlexPinsk1
Seat 5: raketkasix
Seat 6: xxxZeka
Seat 1: kars0n (big blind) collected ($1)
Seat 3: PoKeRaRcSuNY (button) (small blind) folded before Flop



PokerStars Hand #254417496456:  Hold'em No Limit ($0.50/$1.00 USD) - 2025/01/17 18:29:47 WET [2025/01/17 13:29:47 ET]
Table 'Sheratan IV' 6-max Seat #1 is the button
Seat 5: raketkasix ($100 in chips) is sitting out
Seat 1: kars0n ($111.44 in chips) 
Seat 3: PoKeRaRcSuNY ($108 in chips) 
kars0n: posts small blind $0.50
PoKeRaRcSuNY: posts big blind $1
*** HOLE CARDS ***
raketkasix leaves the table
kars0n: folds 
Uncalled bet ($0.50) returned to PoKeRaRcSuNY
PoKeRaRcSuNY collected $1 from pot
PoKeRaRcSuNY: doesn't show hand 
*** SUMMARY ***
Total pot $1 | Rake $0 
Seat 5: raketkasix
Seat 1: kars0n (button) (small blind) folded before Flop
Seat 3: PoKeRaRcSuNY (big blind) collected ($1)



PokerStars Hand #254417498044:  Hold'em No Limit ($0.50/$1.00 USD) - 2025/01/17 18:29:52 WET [2025/01/17 13:29:52 ET]
Table 'Sheratan IV' 6-max Seat #3 is the button
Seat 1: kars0n ($110.94 in chips) 
Seat 3: PoKeRaRcSuNY ($108.50 in chips) 
PoKeRaRcSuNY: posts small blind $0.50
kars0n: posts big blind $1
*** HOLE CARDS ***
PoKeRaRcSuNY: folds 
Uncalled bet ($0.50) returned to kars0n
kars0n collected $1 from pot
kars0n: doesn't show hand 
PoKeRaRcSuNY leaves the table
*** SUMMARY ***
Total pot $1 | Rake $0 
Seat 1: kars0n (big blind) collected ($1)
Seat 3: PoKeRaRcSuNY (button) (small blind) folded before Flop



