PokerStars Hand #254422159009:  Hold'em No Limit ($0.50/$1.00 USD) - 2025/01/17 22:52:23 WET [2025/01/17 17:52:23 ET]
Table 'Harmonia IV' 6-max Seat #6 is the button
Seat 1: An1an1 ($100 in chips) 
Seat 2: steepfell ($100 in chips) 
Seat 3: m0nTTu ($10 in chips) 
Seat 5: Manifestorr ($100 in chips) 
Seat 6: charlesL404 ($100 in chips) 
An1an1: posts small blind $0.50
steepfell: posts big blind $1
*** HOLE CARDS ***
PhoenixAssassin joins the table at seat #4 
m0nTTu: folds 
Manifestorr: raises $1.20 to $2.20
charlesL404: calls $2.20
An1an1: folds 
steepfell: calls $1.20
*** FLOP *** [8c 8d 4h]
steepfell: checks 
Manifestorr: checks 
charlesL404: checks 
*** TURN *** [8c 8d 4h] [4d]
steepfell: checks 
Manifestorr: checks 
charlesL404: bets $3
steepfell: folds 
Manifestorr: folds 
Uncalled bet ($3) returned to charlesL404
charlesL404 collected $6.74 from pot
*** SUMMARY ***
Total pot $7.10 | Rake $0.36 
Board [8c 8d 4h 4d]
Seat 1: An1an1 (small blind) folded before Flop
Seat 2: steepfell (big blind) folded on the Turn
Seat 3: m0nTTu folded before Flop (didn't bet)
Seat 5: Manifestorr folded on the Turn
Seat 6: charlesL404 (button) collected ($6.74)



PokerStars Hand #254422173655:  Hold'em No Limit ($0.50/$1.00 USD) - 2025/01/17 22:53:13 WET [2025/01/17 17:53:13 ET]
Table 'Harmonia IV' 6-max Seat #1 is the button
Seat 4: PhoenixAssassin ($100 in chips) is sitting out
Seat 1: An1an1 ($100 in chips) 
Seat 2: steepfell ($100 in chips) 
Seat 3: m0nTTu ($10 in chips) 
Seat 5: Manifestorr ($100 in chips) 
Seat 6: charlesL404 ($104.54 in chips) 
steepfell: posts small blind $0.50
m0nTTu: posts big blind $1
PhoenixAssassin: sits out 
*** HOLE CARDS ***
Manifestorr: folds 
charlesL404: raises $2 to $3
An1an1: folds 
steepfell: folds 
m0nTTu: folds 
Uncalled bet ($2) returned to charlesL404
charlesL404 collected $2.50 from pot
*** SUMMARY ***
Total pot $2.50 | Rake $0 
Seat 4: PhoenixAssassin
Seat 1: An1an1 (button) folded before Flop (didn't bet)
Seat 2: steepfell (small blind) folded before Flop
Seat 3: m0nTTu (big blind) folded before Flop
Seat 5: Manifestorr folded before Flop (didn't bet)
Seat 6: charlesL404 collected ($2.50)



PokerStars Hand #254422180131:  Hold'em No Limit ($0.50/$1.00 USD) - 2025/01/17 22:53:34 WET [2025/01/17 17:53:34 ET]
Table 'Harmonia IV' 6-max Seat #2 is the button
Seat 1: An1an1 ($100 in chips) 
Seat 2: steepfell ($100 in chips) 
Seat 3: m0nTTu ($10 in chips) 
Seat 4: PhoenixAssassin ($100 in chips) 
Seat 5: Manifestorr ($100 in chips) 
Seat 6: charlesL404 ($106.04 in chips) 
m0nTTu: posts small blind $0.50
PhoenixAssassin: posts big blind $1
*** HOLE CARDS ***
Manifestorr: raises $1.20 to $2.20
charlesL404: folds 
An1an1: raises $5.30 to $7.50
steepfell: folds 
m0nTTu: folds 
PhoenixAssassin: folds 
Manifestorr: calls $5.30
*** FLOP *** [4s 9h Kh]
Manifestorr: checks 
An1an1: bets $2.35
Manifestorr: folds 
Uncalled bet ($2.35) returned to An1an1
An1an1 collected $15.68 from pot
An1an1: doesn't show hand 
*** SUMMARY ***
Total pot $16.50 | Rake $0.82 
Board [4s 9h Kh]
Seat 1: An1an1 collected ($15.68)
Seat 2: steepfell (button) folded before Flop (didn't bet)
Seat 3: m0nTTu (small blind) folded before Flop
Seat 4: PhoenixAssassin (big blind) folded before Flop
Seat 5: Manifestorr folded on the Flop
Seat 6: charlesL404 folded before Flop (didn't bet)



PokerStars Hand #254422192640:  Hold'em No Limit ($0.50/$1.00 USD) - 2025/01/17 22:54:17 WET [2025/01/17 17:54:17 ET]
Table 'Harmonia IV' 6-max Seat #3 is the button
Seat 1: An1an1 ($108.18 in chips) 
Seat 2: steepfell ($100 in chips) 
Seat 3: m0nTTu ($100 in chips) 
Seat 4: PhoenixAssassin ($100 in chips) 
Seat 5: Manifestorr ($100 in chips) 
Seat 6: charlesL404 ($106.04 in chips) 
PhoenixAssassin: posts small blind $0.50
Manifestorr: posts big blind $1
*** HOLE CARDS ***
charlesL404: folds 
An1an1: folds 
steepfell: folds 
m0nTTu: folds 
PhoenixAssassin: raises $2 to $3
Manifestorr: folds 
Uncalled bet ($2) returned to PhoenixAssassin
PhoenixAssassin collected $2 from pot
PhoenixAssassin: doesn't show hand 
*** SUMMARY ***
Total pot $2 | Rake $0 
Seat 1: An1an1 folded before Flop (didn't bet)
Seat 2: steepfell folded before Flop (didn't bet)
Seat 3: m0nTTu (button) folded before Flop (didn't bet)
Seat 4: PhoenixAssassin (small blind) collected ($2)
Seat 5: Manifestorr (big blind) folded before Flop
Seat 6: charlesL404 folded before Flop (didn't bet)



PokerStars Hand #254422198612:  Hold'em No Limit ($0.50/$1.00 USD) - 2025/01/17 22:54:37 WET [2025/01/17 17:54:37 ET]
Table 'Harmonia IV' 6-max Seat #4 is the button
Seat 1: An1an1 ($108.18 in chips) 
Seat 2: steepfell ($100 in chips) 
Seat 3: m0nTTu ($100 in chips) 
Seat 4: PhoenixAssassin ($101 in chips) 
Seat 5: Manifestorr ($100 in chips) 
Seat 6: charlesL404 ($106.04 in chips) 
Manifestorr: posts small blind $0.50
charlesL404: posts big blind $1
*** HOLE CARDS ***
An1an1: folds 
steepfell: folds 
m0nTTu: folds 
PhoenixAssassin: folds 
Manifestorr: folds 
Uncalled bet ($0.50) returned to charlesL404
charlesL404 collected $1 from pot
*** SUMMARY ***
Total pot $1 | Rake $0 
Seat 1: An1an1 folded before Flop (didn't bet)
Seat 2: steepfell folded before Flop (didn't bet)
Seat 3: m0nTTu folded before Flop (didn't bet)
Seat 4: PhoenixAssassin (button) folded before Flop (didn't bet)
Seat 5: Manifestorr (small blind) folded before Flop
Seat 6: charlesL404 (big blind) collected ($1)



PokerStars Hand #254422202184:  Hold'em No Limit ($0.50/$1.00 USD) - 2025/01/17 22:54:49 WET [2025/01/17 17:54:49 ET]
Table 'Harmonia IV' 6-max Seat #5 is the button
Seat 1: An1an1 ($108.18 in chips) 
Seat 2: steepfell ($100 in chips) 
Seat 3: m0nTTu ($100 in chips) 
Seat 4: PhoenixAssassin ($101 in chips) 
Seat 5: Manifestorr ($100 in chips) 
Seat 6: charlesL404 ($106.54 in chips) 
charlesL404: posts small blind $0.50
An1an1: posts big blind $1
*** HOLE CARDS ***
steepfell: folds 
m0nTTu: folds 
PhoenixAssassin: folds 
Manifestorr: folds 
charlesL404: raises $2 to $3
An1an1: calls $2
*** FLOP *** [3c As Ks]
charlesL404: bets $3
An1an1: calls $3
*** TURN *** [3c As Ks] [Ts]
charlesL404: bets $5
An1an1: calls $5
*** RIVER *** [3c As Ks Ts] [5h]
charlesL404: checks 
An1an1: checks 
*** SHOW DOWN ***
charlesL404: shows [8d Ah] (a pair of Aces)
An1an1: mucks hand 
charlesL404 collected $20.90 from pot
*** SUMMARY ***
Total pot $22 | Rake $1.10 
Board [3c As Ks Ts 5h]
Seat 1: An1an1 (big blind) mucked
Seat 2: steepfell folded before Flop (didn't bet)
Seat 3: m0nTTu folded before Flop (didn't bet)
Seat 4: PhoenixAssassin folded before Flop (didn't bet)
Seat 5: Manifestorr (button) folded before Flop (didn't bet)
Seat 6: charlesL404 (small blind) showed [8d Ah] and won ($20.90) with a pair of Aces



PokerStars Hand #254422218561:  Hold'em No Limit ($0.50/$1.00 USD) - 2025/01/17 22:55:58 WET [2025/01/17 17:55:58 ET]
Table 'Harmonia IV' 6-max Seat #6 is the button
Seat 1: An1an1 ($100 in chips) 
Seat 2: steepfell ($100 in chips) 
Seat 3: m0nTTu ($100 in chips) 
Seat 4: PhoenixAssassin ($101 in chips) 
Seat 5: Manifestorr ($100 in chips) 
Seat 6: charlesL404 ($116.44 in chips) 
An1an1: posts small blind $0.50
steepfell: posts big blind $1
*** HOLE CARDS ***
m0nTTu: folds 
PhoenixAssassin: folds 
Manifestorr: folds 
charlesL404: folds 
An1an1: raises $1.50 to $2.50
steepfell: calls $1.50
*** FLOP *** [3d 3h Kh]
An1an1: checks 
steepfell: checks 
*** TURN *** [3d 3h Kh] [5c]
An1an1: checks 
steepfell: checks 
*** RIVER *** [3d 3h Kh 5c] [3c]
An1an1: checks 
steepfell: checks 
*** SHOW DOWN ***
An1an1: shows [Jh Ad] (three of a kind, Threes)
steepfell: mucks hand 
An1an1 collected $4.75 from pot
*** SUMMARY ***
Total pot $5 | Rake $0.25 
Board [3d 3h Kh 5c 3c]
Seat 1: An1an1 (small blind) showed [Jh Ad] and won ($4.75) with three of a kind, Threes
Seat 2: steepfell (big blind) mucked
Seat 3: m0nTTu folded before Flop (didn't bet)
Seat 4: PhoenixAssassin folded before Flop (didn't bet)
Seat 5: Manifestorr folded before Flop (didn't bet)
Seat 6: charlesL404 (button) folded before Flop (didn't bet)



PokerStars Hand #254422228028:  Hold'em No Limit ($0.50/$1.00 USD) - 2025/01/17 22:56:42 WET [2025/01/17 17:56:42 ET]
Table 'Harmonia IV' 6-max Seat #1 is the button
Seat 3: m0nTTu ($100 in chips) is sitting out
Seat 1: An1an1 ($102.25 in chips) 
Seat 2: steepfell ($100 in chips) 
Seat 4: PhoenixAssassin ($101 in chips) 
Seat 5: Manifestorr ($100 in chips) 
Seat 6: charlesL404 ($116.44 in chips) 
steepfell: posts small blind $0.50
m0nTTu: is sitting out 
PhoenixAssassin: posts big blind $1
*** HOLE CARDS ***
Manifestorr: raises $1.20 to $2.20
charlesL404: calls $2.20
An1an1: folds 
steepfell: folds 
PhoenixAssassin: folds 
*** FLOP *** [8h As 4s]
Manifestorr: checks 
charlesL404: checks 
*** TURN *** [8h As 4s] [Qs]
m0nTTu leaves the table
wojts joins the table at seat #3 
Manifestorr: checks 
charlesL404: checks 
*** RIVER *** [8h As 4s Qs] [7c]
Manifestorr: checks 
charlesL404: bets $4
Manifestorr: folds 
Uncalled bet ($4) returned to charlesL404
charlesL404 collected $5.60 from pot
*** SUMMARY ***
Total pot $5.90 | Rake $0.30 
Board [8h As 4s Qs 7c]
Seat 3: m0nTTu
Seat 1: An1an1 (button) folded before Flop (didn't bet)
Seat 2: steepfell (small blind) folded before Flop
Seat 4: PhoenixAssassin (big blind) folded before Flop
Seat 5: Manifestorr folded on the River
Seat 6: charlesL404 collected ($5.60)



PokerStars Hand #254422237182:  Hold'em No Limit ($0.50/$1.00 USD) - 2025/01/17 22:57:24 WET [2025/01/17 17:57:24 ET]
Table 'Harmonia IV' 6-max Seat #2 is the button
Seat 3: wojts ($100 in chips) is sitting out
Seat 1: An1an1 ($102.25 in chips) 
Seat 2: steepfell ($100 in chips) 
Seat 4: PhoenixAssassin ($100 in chips) 
Seat 5: Manifestorr ($100 in chips) 
Seat 6: charlesL404 ($119.84 in chips) 
PhoenixAssassin: posts small blind $0.50
Manifestorr: posts big blind $1
*** HOLE CARDS ***
charlesL404: raises $2 to $3
An1an1: folds 
steepfell: folds 
PhoenixAssassin: folds 
Manifestorr: folds 
Uncalled bet ($2) returned to charlesL404
charlesL404 collected $2.50 from pot
*** SUMMARY ***
Total pot $2.50 | Rake $0 
Seat 3: wojts
Seat 1: An1an1 folded before Flop (didn't bet)
Seat 2: steepfell (button) folded before Flop (didn't bet)
Seat 4: PhoenixAssassin (small blind) folded before Flop
Seat 5: Manifestorr (big blind) folded before Flop
Seat 6: charlesL404 collected ($2.50)



PokerStars Hand #254422240169:  Hold'em No Limit ($0.50/$1.00 USD) - 2025/01/17 22:57:37 WET [2025/01/17 17:57:37 ET]
Table 'Harmonia IV' 6-max Seat #4 is the button
Seat 3: wojts ($100 in chips) is sitting out
Seat 1: An1an1 ($102.25 in chips) 
Seat 2: steepfell ($100 in chips) 
Seat 4: PhoenixAssassin ($100 in chips) 
Seat 5: Manifestorr ($100 in chips) 
Seat 6: charlesL404 ($121.34 in chips) 
Manifestorr: posts small blind $0.50
charlesL404: posts big blind $1
wojts: sits out 
*** HOLE CARDS ***
An1an1: raises $1 to $2
steepfell: folds 
PhoenixAssassin: folds 
Manifestorr: folds 
charlesL404: calls $1
*** FLOP *** [4d Qd 3s]
charlesL404: checks 
An1an1: bets $4.28
charlesL404: folds 
Uncalled bet ($4.28) returned to An1an1
An1an1 collected $4.28 from pot
An1an1: doesn't show hand 
*** SUMMARY ***
Total pot $4.50 | Rake $0.22 
Board [4d Qd 3s]
Seat 3: wojts
Seat 1: An1an1 collected ($4.28)
Seat 2: steepfell folded before Flop (didn't bet)
Seat 4: PhoenixAssassin (button) folded before Flop (didn't bet)
Seat 5: Manifestorr (small blind) folded before Flop
Seat 6: charlesL404 (big blind) folded on the Flop



PokerStars Hand #254422246683:  Hold'em No Limit ($0.50/$1.00 USD) - 2025/01/17 22:58:07 WET [2025/01/17 17:58:07 ET]
Table 'Harmonia IV' 6-max Seat #5 is the button
Seat 3: wojts ($100 in chips) is sitting out
Seat 1: An1an1 ($104.53 in chips) 
Seat 2: steepfell ($100 in chips) 
Seat 4: PhoenixAssassin ($100 in chips) 
Seat 5: Manifestorr ($100 in chips) 
Seat 6: charlesL404 ($119.34 in chips) 
charlesL404: posts small blind $0.50
An1an1: posts big blind $1
wojts: sits out 
*** HOLE CARDS ***
steepfell: folds 
PhoenixAssassin: folds 
Manifestorr: folds 
charlesL404: folds 
Uncalled bet ($0.50) returned to An1an1
An1an1 collected $1 from pot
An1an1: doesn't show hand 
*** SUMMARY ***
Total pot $1 | Rake $0 
Seat 3: wojts
Seat 1: An1an1 (big blind) collected ($1)
Seat 2: steepfell folded before Flop (didn't bet)
Seat 4: PhoenixAssassin folded before Flop (didn't bet)
Seat 5: Manifestorr (button) folded before Flop (didn't bet)
Seat 6: charlesL404 (small blind) folded before Flop



PokerStars Hand #254422248215:  Hold'em No Limit ($0.50/$1.00 USD) - 2025/01/17 22:58:14 WET [2025/01/17 17:58:14 ET]
Table 'Harmonia IV' 6-max Seat #6 is the button
Seat 3: wojts ($100 in chips) is sitting out
Seat 1: An1an1 ($105.03 in chips) 
Seat 2: steepfell ($100 in chips) 
Seat 4: PhoenixAssassin ($100 in chips) 
Seat 5: Manifestorr ($100 in chips) 
Seat 6: charlesL404 ($118.84 in chips) 
An1an1: posts small blind $0.50
steepfell: posts big blind $1
wojts: sits out 
*** HOLE CARDS ***
PhoenixAssassin: folds 
Manifestorr: raises $1.20 to $2.20
charlesL404: folds 
An1an1: folds 
steepfell: raises $8.80 to $11
Manifestorr: folds 
Uncalled bet ($8.80) returned to steepfell
steepfell collected $4.90 from pot
steepfell: doesn't show hand 
*** SUMMARY ***
Total pot $4.90 | Rake $0 
Seat 3: wojts
Seat 1: An1an1 (small blind) folded before Flop
Seat 2: steepfell (big blind) collected ($4.90)
Seat 4: PhoenixAssassin folded before Flop (didn't bet)
Seat 5: Manifestorr folded before Flop
Seat 6: charlesL404 (button) folded before Flop (didn't bet)



PokerStars Hand #254422253895:  Hold'em No Limit ($0.50/$1.00 USD) - 2025/01/17 22:58:40 WET [2025/01/17 17:58:40 ET]
Table 'Harmonia IV' 6-max Seat #1 is the button
Seat 1: An1an1 ($104.53 in chips) 
Seat 2: steepfell ($102.70 in chips) 
Seat 3: wojts ($100 in chips) 
Seat 4: PhoenixAssassin ($100 in chips) 
Seat 5: Manifestorr ($100 in chips) 
Seat 6: charlesL404 ($118.84 in chips) 
steepfell: posts small blind $0.50
wojts: posts big blind $1
*** HOLE CARDS ***
PhoenixAssassin: folds 
Manifestorr: folds 
charlesL404: raises $2 to $3
An1an1: folds 
steepfell: folds 
wojts: raises $8.50 to $11.50
charlesL404: folds 
Uncalled bet ($8.50) returned to wojts
wojts collected $6.50 from pot
wojts: doesn't show hand 
*** SUMMARY ***
Total pot $6.50 | Rake $0 
Seat 1: An1an1 (button) folded before Flop (didn't bet)
Seat 2: steepfell (small blind) folded before Flop
Seat 3: wojts (big blind) collected ($6.50)
Seat 4: PhoenixAssassin folded before Flop (didn't bet)
Seat 5: Manifestorr folded before Flop (didn't bet)
Seat 6: charlesL404 folded before Flop



PokerStars Hand #254422263089:  Hold'em No Limit ($0.50/$1.00 USD) - 2025/01/17 22:59:23 WET [2025/01/17 17:59:23 ET]
Table 'Harmonia IV' 6-max Seat #2 is the button
Seat 1: An1an1 ($104.53 in chips) 
Seat 2: steepfell ($102.20 in chips) 
Seat 3: wojts ($103.50 in chips) 
Seat 4: PhoenixAssassin ($100 in chips) 
Seat 5: Manifestorr ($100 in chips) 
Seat 6: charlesL404 ($115.84 in chips) 
wojts: posts small blind $0.50
PhoenixAssassin: posts big blind $1
*** HOLE CARDS ***
Manifestorr: raises $1.20 to $2.20
charlesL404: calls $2.20
An1an1: folds 
steepfell: folds 
wojts: calls $1.70
PhoenixAssassin: calls $1.20
*** FLOP *** [9s Js 6s]
wojts: checks 
PhoenixAssassin: checks 
Manifestorr: checks 
charlesL404: bets $3
wojts: folds 
PhoenixAssassin: folds 
Manifestorr: folds 
Uncalled bet ($3) returned to charlesL404
charlesL404 collected $8.36 from pot
*** SUMMARY ***
Total pot $8.80 | Rake $0.44 
Board [9s Js 6s]
Seat 1: An1an1 folded before Flop (didn't bet)
Seat 2: steepfell (button) folded before Flop (didn't bet)
Seat 3: wojts (small blind) folded on the Flop
Seat 4: PhoenixAssassin (big blind) folded on the Flop
Seat 5: Manifestorr folded on the Flop
Seat 6: charlesL404 collected ($8.36)



PokerStars Hand #254422272090:  Hold'em No Limit ($0.50/$1.00 USD) - 2025/01/17 23:00:04 WET [2025/01/17 18:00:04 ET]
Table 'Harmonia IV' 6-max Seat #3 is the button
Seat 1: An1an1 ($104.53 in chips) 
Seat 2: steepfell ($102.20 in chips) 
Seat 3: wojts ($101.30 in chips) 
Seat 4: PhoenixAssassin ($100 in chips) 
Seat 5: Manifestorr ($100 in chips) 
Seat 6: charlesL404 ($122 in chips) 
PhoenixAssassin: posts small blind $0.50
Manifestorr: posts big blind $1
*** HOLE CARDS ***
charlesL404: raises $2 to $3
An1an1: folds 
steepfell: folds 
wojts: folds 
PhoenixAssassin: folds 
Manifestorr: folds 
Uncalled bet ($2) returned to charlesL404
charlesL404 collected $2.50 from pot
*** SUMMARY ***
Total pot $2.50 | Rake $0 
Seat 1: An1an1 folded before Flop (didn't bet)
Seat 2: steepfell folded before Flop (didn't bet)
Seat 3: wojts (button) folded before Flop (didn't bet)
Seat 4: PhoenixAssassin (small blind) folded before Flop
Seat 5: Manifestorr (big blind) folded before Flop
Seat 6: charlesL404 collected ($2.50)



PokerStars Hand #254422276459:  Hold'em No Limit ($0.50/$1.00 USD) - 2025/01/17 23:00:24 WET [2025/01/17 18:00:24 ET]
Table 'Harmonia IV' 6-max Seat #4 is the button
Seat 1: An1an1 ($104.53 in chips) 
Seat 2: steepfell ($102.20 in chips) 
Seat 3: wojts ($101.30 in chips) 
Seat 4: PhoenixAssassin ($100 in chips) 
Seat 5: Manifestorr ($100 in chips) 
Seat 6: charlesL404 ($123.50 in chips) 
Manifestorr: posts small blind $0.50
charlesL404: posts big blind $1
*** HOLE CARDS ***
An1an1: raises $1 to $2
steepfell: folds 
wojts: folds 
PhoenixAssassin: folds 
Manifestorr: folds 
charlesL404: calls $1
*** FLOP *** [Ad 2c Ts]
charlesL404: checks 
An1an1: bets $1.03
charlesL404: folds 
Uncalled bet ($1.03) returned to An1an1
An1an1 collected $4.28 from pot
An1an1: doesn't show hand 
*** SUMMARY ***
Total pot $4.50 | Rake $0.22 
Board [Ad 2c Ts]
Seat 1: An1an1 collected ($4.28)
Seat 2: steepfell folded before Flop (didn't bet)
Seat 3: wojts folded before Flop (didn't bet)
Seat 4: PhoenixAssassin (button) folded before Flop (didn't bet)
Seat 5: Manifestorr (small blind) folded before Flop
Seat 6: charlesL404 (big blind) folded on the Flop



PokerStars Hand #254422281817:  Hold'em No Limit ($0.50/$1.00 USD) - 2025/01/17 23:00:46 WET [2025/01/17 18:00:46 ET]
Table 'Harmonia IV' 6-max Seat #5 is the button
Seat 1: An1an1 ($106.81 in chips) 
Seat 2: steepfell ($102.20 in chips) 
Seat 3: wojts ($101.30 in chips) 
Seat 4: PhoenixAssassin ($100 in chips) 
Seat 5: Manifestorr ($100 in chips) 
Seat 6: charlesL404 ($121.50 in chips) 
charlesL404: posts small blind $0.50
An1an1: posts big blind $1
*** HOLE CARDS ***
steepfell: folds 
wojts: folds 
PhoenixAssassin: folds 
Manifestorr: folds 
charlesL404: raises $2 to $3
An1an1: folds 
Uncalled bet ($2) returned to charlesL404
charlesL404 collected $2 from pot
*** SUMMARY ***
Total pot $2 | Rake $0 
Seat 1: An1an1 (big blind) folded before Flop
Seat 2: steepfell folded before Flop (didn't bet)
Seat 3: wojts folded before Flop (didn't bet)
Seat 4: PhoenixAssassin folded before Flop (didn't bet)
Seat 5: Manifestorr (button) folded before Flop (didn't bet)
Seat 6: charlesL404 (small blind) collected ($2)



PokerStars Hand #254422285322:  Hold'em No Limit ($0.50/$1.00 USD) - 2025/01/17 23:01:00 WET [2025/01/17 18:01:00 ET]
Table 'Harmonia IV' 6-max Seat #6 is the button
Seat 1: An1an1 ($105.81 in chips) 
Seat 2: steepfell ($102.20 in chips) 
Seat 3: wojts ($101.30 in chips) 
Seat 4: PhoenixAssassin ($100 in chips) 
Seat 5: Manifestorr ($100 in chips) 
Seat 6: charlesL404 ($122.50 in chips) 
An1an1: posts small blind $0.50
steepfell: posts big blind $1
*** HOLE CARDS ***
wojts: folds 
PhoenixAssassin: folds 
Manifestorr: folds 
charlesL404: raises $2 to $3
An1an1: folds 
steepfell: folds 
Uncalled bet ($2) returned to charlesL404
charlesL404 collected $2.50 from pot
*** SUMMARY ***
Total pot $2.50 | Rake $0 
Seat 1: An1an1 (small blind) folded before Flop
Seat 2: steepfell (big blind) folded before Flop
Seat 3: wojts folded before Flop (didn't bet)
Seat 4: PhoenixAssassin folded before Flop (didn't bet)
Seat 5: Manifestorr folded before Flop (didn't bet)
Seat 6: charlesL404 (button) collected ($2.50)



PokerStars Hand #254422289707:  Hold'em No Limit ($0.50/$1.00 USD) - 2025/01/17 23:01:18 WET [2025/01/17 18:01:18 ET]
Table 'Harmonia IV' 6-max Seat #1 is the button
Seat 1: An1an1 ($105.31 in chips) 
Seat 2: steepfell ($101.20 in chips) 
Seat 3: wojts ($101.30 in chips) 
Seat 4: PhoenixAssassin ($100 in chips) 
Seat 5: Manifestorr ($100 in chips) 
Seat 6: charlesL404 ($124 in chips) 
steepfell: posts small blind $0.50
wojts: posts big blind $1
*** HOLE CARDS ***
PhoenixAssassin: folds 
Manifestorr: folds 
charlesL404: folds 
An1an1: folds 
steepfell: folds 
Uncalled bet ($0.50) returned to wojts
wojts collected $1 from pot
wojts: doesn't show hand 
*** SUMMARY ***
Total pot $1 | Rake $0 
Seat 1: An1an1 (button) folded before Flop (didn't bet)
Seat 2: steepfell (small blind) folded before Flop
Seat 3: wojts (big blind) collected ($1)
Seat 4: PhoenixAssassin folded before Flop (didn't bet)
Seat 5: Manifestorr folded before Flop (didn't bet)
Seat 6: charlesL404 folded before Flop (didn't bet)



PokerStars Hand #254422293254:  Hold'em No Limit ($0.50/$1.00 USD) - 2025/01/17 23:01:31 WET [2025/01/17 18:01:31 ET]
Table 'Harmonia IV' 6-max Seat #2 is the button
Seat 1: An1an1 ($105.31 in chips) 
Seat 2: steepfell ($100.70 in chips) 
Seat 3: wojts ($101.80 in chips) 
Seat 4: PhoenixAssassin ($100 in chips) 
Seat 5: Manifestorr ($100 in chips) 
Seat 6: charlesL404 ($124 in chips) 
wojts: posts small blind $0.50
PhoenixAssassin: posts big blind $1
*** HOLE CARDS ***
Manifestorr: folds 
charlesL404: folds 
An1an1: folds 
steepfell: folds 
wojts: raises $2 to $3
PhoenixAssassin: calls $2
*** FLOP *** [8d 5d 3c]
wojts: checks 
PhoenixAssassin: bets $2.85
wojts: folds 
Uncalled bet ($2.85) returned to PhoenixAssassin
PhoenixAssassin collected $5.70 from pot
PhoenixAssassin: doesn't show hand 
*** SUMMARY ***
Total pot $6 | Rake $0.30 
Board [8d 5d 3c]
Seat 1: An1an1 folded before Flop (didn't bet)
Seat 2: steepfell (button) folded before Flop (didn't bet)
Seat 3: wojts (small blind) folded on the Flop
Seat 4: PhoenixAssassin (big blind) collected ($5.70)
Seat 5: Manifestorr folded before Flop (didn't bet)
Seat 6: charlesL404 folded before Flop (didn't bet)



PokerStars Hand #254422303171:  Hold'em No Limit ($0.50/$1.00 USD) - 2025/01/17 23:02:07 WET [2025/01/17 18:02:07 ET]
Table 'Harmonia IV' 6-max Seat #3 is the button
Seat 1: An1an1 ($105.31 in chips) 
Seat 2: steepfell ($100.70 in chips) 
Seat 3: wojts ($98.80 in chips) 
Seat 4: PhoenixAssassin ($102.70 in chips) 
Seat 5: Manifestorr ($100 in chips) 
Seat 6: charlesL404 ($124 in chips) 
PhoenixAssassin: posts small blind $0.50
Manifestorr: posts big blind $1
*** HOLE CARDS ***
charlesL404: raises $2 to $3
An1an1: folds 
steepfell: folds 
wojts: folds 
PhoenixAssassin: folds 
Manifestorr: calls $2
*** FLOP *** [Kh Jc 5d]
Manifestorr: checks 
charlesL404: bets $3
Manifestorr: raises $6 to $9
charlesL404: folds 
Uncalled bet ($6) returned to Manifestorr
Manifestorr collected $11.88 from pot
*** SUMMARY ***
Total pot $12.50 | Rake $0.62 
Board [Kh Jc 5d]
Seat 1: An1an1 folded before Flop (didn't bet)
Seat 2: steepfell folded before Flop (didn't bet)
Seat 3: wojts (button) folded before Flop (didn't bet)
Seat 4: PhoenixAssassin (small blind) folded before Flop
Seat 5: Manifestorr (big blind) collected ($11.88)
Seat 6: charlesL404 folded on the Flop



PokerStars Hand #254422315189:  Hold'em No Limit ($0.50/$1.00 USD) - 2025/01/17 23:02:48 WET [2025/01/17 18:02:48 ET]
Table 'Harmonia IV' 6-max Seat #4 is the button
Seat 1: An1an1 ($105.31 in chips) 
Seat 2: steepfell ($100.70 in chips) 
Seat 3: wojts ($98.80 in chips) 
Seat 4: PhoenixAssassin ($102.20 in chips) 
Seat 5: Manifestorr ($105.88 in chips) 
Seat 6: charlesL404 ($118 in chips) 
Manifestorr: posts small blind $0.50
charlesL404: posts big blind $1
*** HOLE CARDS ***
An1an1: calls $1
steepfell: folds 
wojts: folds 
PhoenixAssassin: folds 
Manifestorr: folds 
charlesL404: checks 
*** FLOP *** [6h Ts Qd]
charlesL404: checks 
An1an1: bets $1
charlesL404: calls $1
*** TURN *** [6h Ts Qd] [6c]
charlesL404: checks 
An1an1: checks 
*** RIVER *** [6h Ts Qd 6c] [Kh]
charlesL404: checks 
An1an1: bets $4.27
charlesL404: folds 
Uncalled bet ($4.27) returned to An1an1
An1an1 collected $4.28 from pot
An1an1: doesn't show hand 
*** SUMMARY ***
Total pot $4.50 | Rake $0.22 
Board [6h Ts Qd 6c Kh]
Seat 1: An1an1 collected ($4.28)
Seat 2: steepfell folded before Flop (didn't bet)
Seat 3: wojts folded before Flop (didn't bet)
Seat 4: PhoenixAssassin (button) folded before Flop (didn't bet)
Seat 5: Manifestorr (small blind) folded before Flop
Seat 6: charlesL404 (big blind) folded on the River



PokerStars Hand #254422333346:  Hold'em No Limit ($0.50/$1.00 USD) - 2025/01/17 23:03:51 WET [2025/01/17 18:03:51 ET]
Table 'Harmonia IV' 6-max Seat #5 is the button
Seat 1: An1an1 ($107.59 in chips) 
Seat 2: steepfell ($100.70 in chips) 
Seat 3: wojts ($98.80 in chips) 
Seat 4: PhoenixAssassin ($102.20 in chips) 
Seat 5: Manifestorr ($105.38 in chips) 
Seat 6: charlesL404 ($116 in chips) 
charlesL404: posts small blind $0.50
An1an1: posts big blind $1
*** HOLE CARDS ***
steepfell: folds 
wojts: raises $2 to $3
PhoenixAssassin: folds 
Manifestorr: folds 
charlesL404: folds 
An1an1: folds 
Uncalled bet ($2) returned to wojts
wojts collected $2.50 from pot
wojts: doesn't show hand 
*** SUMMARY ***
Total pot $2.50 | Rake $0 
Seat 1: An1an1 (big blind) folded before Flop
Seat 2: steepfell folded before Flop (didn't bet)
Seat 3: wojts collected ($2.50)
Seat 4: PhoenixAssassin folded before Flop (didn't bet)
Seat 5: Manifestorr (button) folded before Flop (didn't bet)
Seat 6: charlesL404 (small blind) folded before Flop



PokerStars Hand #254422337603:  Hold'em No Limit ($0.50/$1.00 USD) - 2025/01/17 23:04:05 WET [2025/01/17 18:04:05 ET]
Table 'Harmonia IV' 6-max Seat #6 is the button
Seat 1: An1an1 ($106.59 in chips) 
Seat 2: steepfell ($100.70 in chips) 
Seat 3: wojts ($100.30 in chips) 
Seat 4: PhoenixAssassin ($102.20 in chips) 
Seat 5: Manifestorr ($105.38 in chips) 
Seat 6: charlesL404 ($115.50 in chips) 
An1an1: posts small blind $0.50
steepfell: posts big blind $1
*** HOLE CARDS ***
wojts: folds 
PhoenixAssassin: folds 
Manifestorr: raises $1.20 to $2.20
charlesL404: raises $2.80 to $5
An1an1: folds 
steepfell: folds 
Manifestorr: calls $2.80
*** FLOP *** [Ac 3d 4d]
Manifestorr: checks 
charlesL404: bets $4
Manifestorr: calls $4
*** TURN *** [Ac 3d 4d] [2d]
Manifestorr: checks 
charlesL404: bets $8.26
Manifestorr: folds 
Uncalled bet ($8.26) returned to charlesL404
charlesL404 collected $18.52 from pot
*** SUMMARY ***
Total pot $19.50 | Rake $0.98 
Board [Ac 3d 4d 2d]
Seat 1: An1an1 (small blind) folded before Flop
Seat 2: steepfell (big blind) folded before Flop
Seat 3: wojts folded before Flop (didn't bet)
Seat 4: PhoenixAssassin folded before Flop (didn't bet)
Seat 5: Manifestorr folded on the Turn
Seat 6: charlesL404 (button) collected ($18.52)



PokerStars Hand #254422349579:  Hold'em No Limit ($0.50/$1.00 USD) - 2025/01/17 23:04:47 WET [2025/01/17 18:04:47 ET]
Table 'Harmonia IV' 6-max Seat #1 is the button
Seat 1: An1an1 ($106.09 in chips) 
Seat 2: steepfell ($100 in chips) 
Seat 3: wojts ($100.30 in chips) 
Seat 4: PhoenixAssassin ($102.20 in chips) 
Seat 5: Manifestorr ($100 in chips) 
Seat 6: charlesL404 ($125.02 in chips) 
steepfell: posts small blind $0.50
wojts: posts big blind $1
*** HOLE CARDS ***
PhoenixAssassin: raises $1.20 to $2.20
Manifestorr: folds 
charlesL404: folds 
An1an1: folds 
steepfell: folds 
wojts: folds 
Uncalled bet ($1.20) returned to PhoenixAssassin
PhoenixAssassin collected $2.50 from pot
PhoenixAssassin: doesn't show hand 
*** SUMMARY ***
Total pot $2.50 | Rake $0 
Seat 1: An1an1 (button) folded before Flop (didn't bet)
Seat 2: steepfell (small blind) folded before Flop
Seat 3: wojts (big blind) folded before Flop
Seat 4: PhoenixAssassin collected ($2.50)
Seat 5: Manifestorr folded before Flop (didn't bet)
Seat 6: charlesL404 folded before Flop (didn't bet)



PokerStars Hand #254422353426:  Hold'em No Limit ($0.50/$1.00 USD) - 2025/01/17 23:04:59 WET [2025/01/17 18:04:59 ET]
Table 'Harmonia IV' 6-max Seat #2 is the button
Seat 1: An1an1 ($106.09 in chips) 
Seat 2: steepfell ($100 in chips) 
Seat 3: wojts ($99.30 in chips) 
Seat 4: PhoenixAssassin ($103.70 in chips) 
Seat 5: Manifestorr ($100 in chips) 
Seat 6: charlesL404 ($125.02 in chips) 
wojts: posts small blind $0.50
PhoenixAssassin: posts big blind $1
*** HOLE CARDS ***
Manifestorr: folds 
charlesL404: raises $2 to $3
An1an1: folds 
steepfell: folds 
wojts: folds 
PhoenixAssassin: calls $2
*** FLOP *** [8c 8s 5d]
PhoenixAssassin: checks 
charlesL404: bets $3
PhoenixAssassin: folds 
Uncalled bet ($3) returned to charlesL404
charlesL404 collected $6.18 from pot
*** SUMMARY ***
Total pot $6.50 | Rake $0.32 
Board [8c 8s 5d]
Seat 1: An1an1 folded before Flop (didn't bet)
Seat 2: steepfell (button) folded before Flop (didn't bet)
Seat 3: wojts (small blind) folded before Flop
Seat 4: PhoenixAssassin (big blind) folded on the Flop
Seat 5: Manifestorr folded before Flop (didn't bet)
Seat 6: charlesL404 collected ($6.18)



PokerStars Hand #254422361817:  Hold'em No Limit ($0.50/$1.00 USD) - 2025/01/17 23:05:28 WET [2025/01/17 18:05:28 ET]
Table 'Harmonia IV' 6-max Seat #3 is the button
Seat 1: An1an1 ($106.09 in chips) 
Seat 2: steepfell ($100 in chips) 
Seat 3: wojts ($98.80 in chips) 
Seat 4: PhoenixAssassin ($100.70 in chips) 
Seat 5: Manifestorr ($100 in chips) 
Seat 6: charlesL404 ($128.20 in chips) 
PhoenixAssassin: posts small blind $0.50
Manifestorr: posts big blind $1
*** HOLE CARDS ***
charlesL404: folds 
An1an1: folds 
steepfell: folds 
wojts: raises $2 to $3
PhoenixAssassin: folds 
Manifestorr: folds 
Uncalled bet ($2) returned to wojts
wojts collected $2.50 from pot
wojts: doesn't show hand 
*** SUMMARY ***
Total pot $2.50 | Rake $0 
Seat 1: An1an1 folded before Flop (didn't bet)
Seat 2: steepfell folded before Flop (didn't bet)
Seat 3: wojts (button) collected ($2.50)
Seat 4: PhoenixAssassin (small blind) folded before Flop
Seat 5: Manifestorr (big blind) folded before Flop
Seat 6: charlesL404 folded before Flop (didn't bet)



PokerStars Hand #254422367448:  Hold'em No Limit ($0.50/$1.00 USD) - 2025/01/17 23:05:48 WET [2025/01/17 18:05:48 ET]
Table 'Harmonia IV' 6-max Seat #4 is the button
Seat 1: An1an1 ($106.09 in chips) 
Seat 2: steepfell ($100 in chips) 
Seat 3: wojts ($100.30 in chips) 
Seat 4: PhoenixAssassin ($100.20 in chips) 
Seat 5: Manifestorr ($100 in chips) 
Seat 6: charlesL404 ($128.20 in chips) 
Manifestorr: posts small blind $0.50
charlesL404: posts big blind $1
*** HOLE CARDS ***
An1an1: raises $1 to $2
steepfell: folds 
wojts: folds 
PhoenixAssassin: folds 
Manifestorr: folds 
charlesL404: calls $1
*** FLOP *** [8c Qs 8d]
charlesL404: checks 
An1an1: bets $1.03
charlesL404: calls $1.03
*** TURN *** [8c Qs 8d] [5s]
charlesL404: checks 
An1an1: checks 
*** RIVER *** [8c Qs 8d 5s] [5d]
charlesL404: checks 
An1an1: bets $3.12
charlesL404: calls $3.12
*** SHOW DOWN ***
An1an1: shows [3h 3c] (two pair, Eights and Fives)
charlesL404: shows [Ah 7s] (two pair, Eights and Fives - Ace kicker)
charlesL404 collected $12.16 from pot
*** SUMMARY ***
Total pot $12.80 | Rake $0.64 
Board [8c Qs 8d 5s 5d]
Seat 1: An1an1 showed [3h 3c] and lost with two pair, Eights and Fives
Seat 2: steepfell folded before Flop (didn't bet)
Seat 3: wojts folded before Flop (didn't bet)
Seat 4: PhoenixAssassin (button) folded before Flop (didn't bet)
Seat 5: Manifestorr (small blind) folded before Flop
Seat 6: charlesL404 (big blind) showed [Ah 7s] and won ($12.16) with two pair, Eights and Fives



PokerStars Hand #254422384704:  Hold'em No Limit ($0.50/$1.00 USD) - 2025/01/17 23:06:46 WET [2025/01/17 18:06:46 ET]
Table 'Harmonia IV' 6-max Seat #5 is the button
Seat 1: An1an1 ($100 in chips) 
Seat 2: steepfell ($100 in chips) 
Seat 3: wojts ($100.30 in chips) 
Seat 4: PhoenixAssassin ($100.20 in chips) 
Seat 5: Manifestorr ($100 in chips) 
Seat 6: charlesL404 ($134.21 in chips) 
charlesL404: posts small blind $0.50
An1an1: posts big blind $1
*** HOLE CARDS ***
steepfell: folds 
wojts: folds 
PhoenixAssassin: raises $1.50 to $2.50
Manifestorr: folds 
charlesL404: folds 
An1an1: raises $10 to $12.50
PhoenixAssassin: folds 
Uncalled bet ($10) returned to An1an1
An1an1 collected $5.50 from pot
An1an1: doesn't show hand 
*** SUMMARY ***
Total pot $5.50 | Rake $0 
Seat 1: An1an1 (big blind) collected ($5.50)
Seat 2: steepfell folded before Flop (didn't bet)
Seat 3: wojts folded before Flop (didn't bet)
Seat 4: PhoenixAssassin folded before Flop
Seat 5: Manifestorr (button) folded before Flop (didn't bet)
Seat 6: charlesL404 (small blind) folded before Flop



PokerStars Hand #254422391366:  Hold'em No Limit ($0.50/$1.00 USD) - 2025/01/17 23:07:09 WET [2025/01/17 18:07:09 ET]
Table 'Harmonia IV' 6-max Seat #6 is the button
Seat 1: An1an1 ($103 in chips) 
Seat 2: steepfell ($100 in chips) 
Seat 3: wojts ($100.30 in chips) 
Seat 4: PhoenixAssassin ($100 in chips) 
Seat 5: Manifestorr ($100 in chips) 
Seat 6: charlesL404 ($133.71 in chips) 
An1an1: posts small blind $0.50
steepfell: posts big blind $1
*** HOLE CARDS ***
wojts: raises $2 to $3
PhoenixAssassin: folds 
Manifestorr: folds 
charlesL404: calls $3
An1an1: folds 
steepfell: folds 
*** FLOP *** [Js 4h 3c]
wojts: bets $3.56
charlesL404: calls $3.56
*** TURN *** [Js 4h 3c] [Jc]
wojts: bets $6.95
charlesL404: folds 
Uncalled bet ($6.95) returned to wojts
wojts collected $13.89 from pot
wojts: doesn't show hand 
*** SUMMARY ***
Total pot $14.62 | Rake $0.73 
Board [Js 4h 3c Jc]
Seat 1: An1an1 (small blind) folded before Flop
Seat 2: steepfell (big blind) folded before Flop
Seat 3: wojts collected ($13.89)
Seat 4: PhoenixAssassin folded before Flop (didn't bet)
Seat 5: Manifestorr folded before Flop (didn't bet)
Seat 6: charlesL404 (button) folded on the Turn



PokerStars Hand #254422400786:  Hold'em No Limit ($0.50/$1.00 USD) - 2025/01/17 23:07:41 WET [2025/01/17 18:07:41 ET]
Table 'Harmonia IV' 6-max Seat #1 is the button
Seat 3: wojts ($107.63 in chips) is sitting out
Seat 1: An1an1 ($102.50 in chips) 
Seat 2: steepfell ($100 in chips) 
Seat 4: PhoenixAssassin ($100 in chips) 
Seat 5: Manifestorr ($100 in chips) 
Seat 6: charlesL404 ($127.15 in chips) 
steepfell: posts small blind $0.50
wojts: is sitting out 
PhoenixAssassin: posts big blind $1
*** HOLE CARDS ***
Manifestorr: folds 
wojts leaves the table
charlesL404: raises $2 to $3
An1an1: folds 
steepfell: folds 
PhoenixAssassin: folds 
Uncalled bet ($2) returned to charlesL404
charlesL404 collected $2.50 from pot
*** SUMMARY ***
Total pot $2.50 | Rake $0 
Seat 3: wojts
Seat 1: An1an1 (button) folded before Flop (didn't bet)
Seat 2: steepfell (small blind) folded before Flop
Seat 4: PhoenixAssassin (big blind) folded before Flop
Seat 5: Manifestorr folded before Flop (didn't bet)
Seat 6: charlesL404 collected ($2.50)



PokerStars Hand #254422404768:  Hold'em No Limit ($0.50/$1.00 USD) - 2025/01/17 23:07:55 WET [2025/01/17 18:07:55 ET]
Table 'Harmonia IV' 6-max Seat #2 is the button
Seat 1: An1an1 ($102.50 in chips) 
Seat 2: steepfell ($100 in chips) 
Seat 4: PhoenixAssassin ($100 in chips) 
Seat 5: Manifestorr ($100 in chips) 
Seat 6: charlesL404 ($128.65 in chips) 
PhoenixAssassin: posts small blind $0.50
Manifestorr: posts big blind $1
*** HOLE CARDS ***
charlesL404: raises $1 to $2
An1an1: folds 
steepfell: raises $6 to $8
PhoenixAssassin: folds 
Manifestorr: folds 
charlesL404: raises $12 to $20
steepfell: folds 
Uncalled bet ($12) returned to charlesL404
charlesL404 collected $17.50 from pot
XneferX joins the table at seat #3 
*** SUMMARY ***
Total pot $17.50 | Rake $0 
Seat 1: An1an1 folded before Flop (didn't bet)
Seat 2: steepfell (button) folded before Flop
Seat 4: PhoenixAssassin (small blind) folded before Flop
Seat 5: Manifestorr (big blind) folded before Flop
Seat 6: charlesL404 collected ($17.50)



PokerStars Hand #254422416414:  Hold'em No Limit ($0.50/$1.00 USD) - 2025/01/17 23:08:35 WET [2025/01/17 18:08:35 ET]
Table 'Harmonia IV' 6-max Seat #4 is the button
Seat 3: XneferX ($106.90 in chips) is sitting out
Seat 1: An1an1 ($102.50 in chips) 
Seat 2: steepfell ($100 in chips) 
Seat 4: PhoenixAssassin ($100 in chips) 
Seat 5: Manifestorr ($100 in chips) 
Seat 6: charlesL404 ($138.15 in chips) 
Manifestorr: posts small blind $0.50
charlesL404: posts big blind $1
XneferX: sits out 
*** HOLE CARDS ***
An1an1: folds 
steepfell: raises $1.50 to $2.50
PhoenixAssassin: folds 
Manifestorr: folds 
charlesL404: calls $1.50
*** FLOP *** [8h 9h 7h]
charlesL404: checks 
steepfell: bets $2.61
charlesL404: calls $2.61
*** TURN *** [8h 9h 7h] [7s]
charlesL404: checks 
steepfell: bets $7.64
charlesL404: calls $7.64
*** RIVER *** [8h 9h 7h 7s] [Tc]
charlesL404: checks 
steepfell: bets $18.53
charlesL404: calls $18.53
*** SHOW DOWN ***
steepfell: shows [Kh Jh] (a flush, King high)
charlesL404: mucks hand 
steepfell collected $60.56 from pot
*** SUMMARY ***
Total pot $63.06 | Rake $2.50 
Board [8h 9h 7h 7s Tc]
Seat 3: XneferX
Seat 1: An1an1 folded before Flop (didn't bet)
Seat 2: steepfell showed [Kh Jh] and won ($60.56) with a flush, King high
Seat 4: PhoenixAssassin (button) folded before Flop (didn't bet)
Seat 5: Manifestorr (small blind) folded before Flop
Seat 6: charlesL404 (big blind) mucked



PokerStars Hand #254422435778:  Hold'em No Limit ($0.50/$1.00 USD) - 2025/01/17 23:09:41 WET [2025/01/17 18:09:41 ET]
Table 'Harmonia IV' 6-max Seat #5 is the button
Seat 3: XneferX ($106.90 in chips) is sitting out
Seat 1: An1an1 ($102.50 in chips) 
Seat 2: steepfell ($129.28 in chips) 
Seat 4: PhoenixAssassin ($100 in chips) 
Seat 5: Manifestorr ($100 in chips) 
Seat 6: charlesL404 ($106.87 in chips) 
charlesL404: posts small blind $0.50
An1an1: posts big blind $1
XneferX: sits out 
*** HOLE CARDS ***
steepfell: folds 
PhoenixAssassin: raises $1.50 to $2.50
Manifestorr: folds 
charlesL404: calls $2
An1an1: folds 
*** FLOP *** [3d Js Jh]
charlesL404: checks 
PhoenixAssassin: bets $1.88
charlesL404: calls $1.88
*** TURN *** [3d Js Jh] [Qc]
charlesL404: checks 
PhoenixAssassin: checks 
*** RIVER *** [3d Js Jh Qc] [6h]
charlesL404: checks 
PhoenixAssassin: checks 
*** SHOW DOWN ***
charlesL404: shows [9h 8s] (a pair of Jacks)
PhoenixAssassin: shows [Ac 5d] (a pair of Jacks - Ace kicker)
PhoenixAssassin collected $9.27 from pot
*** SUMMARY ***
Total pot $9.76 | Rake $0.49 
Board [3d Js Jh Qc 6h]
Seat 3: XneferX
Seat 1: An1an1 (big blind) folded before Flop
Seat 2: steepfell folded before Flop (didn't bet)
Seat 4: PhoenixAssassin showed [Ac 5d] and won ($9.27) with a pair of Jacks
Seat 5: Manifestorr (button) folded before Flop (didn't bet)
Seat 6: charlesL404 (small blind) showed [9h 8s] and lost with a pair of Jacks



PokerStars Hand #254422444839:  Hold'em No Limit ($0.50/$1.00 USD) - 2025/01/17 23:10:12 WET [2025/01/17 18:10:12 ET]
Table 'Harmonia IV' 6-max Seat #6 is the button
Seat 3: XneferX ($106.90 in chips) is sitting out
Seat 1: An1an1 ($101.50 in chips) 
Seat 2: steepfell ($129.28 in chips) 
Seat 4: PhoenixAssassin ($104.89 in chips) 
Seat 5: Manifestorr ($100 in chips) 
Seat 6: charlesL404 ($102.49 in chips) 
An1an1: posts small blind $0.50
steepfell: posts big blind $1
XneferX: sits out 
*** HOLE CARDS ***
PhoenixAssassin: folds 
Manifestorr: folds 
charlesL404: raises $2 to $3
An1an1: raises $10.50 to $13.50
steepfell: folds 
charlesL404: calls $10.50
*** FLOP *** [8c Ad 6c]
An1an1: bets $6.38
charlesL404: calls $6.38
*** TURN *** [8c Ad 6c] [2s]
An1an1: checks 
charlesL404: checks 
*** RIVER *** [8c Ad 6c 2s] [Qc]
An1an1: checks 
charlesL404: bets $38.72
An1an1: folds 
Uncalled bet ($38.72) returned to charlesL404
charlesL404 collected $38.72 from pot
*** SUMMARY ***
Total pot $40.76 | Rake $2.04 
Board [8c Ad 6c 2s Qc]
Seat 3: XneferX
Seat 1: An1an1 (small blind) folded on the River
Seat 2: steepfell (big blind) folded before Flop
Seat 4: PhoenixAssassin folded before Flop (didn't bet)
Seat 5: Manifestorr folded before Flop (didn't bet)
Seat 6: charlesL404 (button) collected ($38.72)



PokerStars Hand #254422468936:  Hold'em No Limit ($0.50/$1.00 USD) - 2025/01/17 23:11:35 WET [2025/01/17 18:11:35 ET]
Table 'Harmonia IV' 6-max Seat #1 is the button
Seat 1: An1an1 ($100 in chips) 
Seat 2: steepfell ($128.28 in chips) 
Seat 3: XneferX ($106.90 in chips) 
Seat 4: PhoenixAssassin ($104.89 in chips) 
Seat 5: Manifestorr ($100 in chips) 
Seat 6: charlesL404 ($121.33 in chips) 
steepfell: posts small blind $0.50
XneferX: posts big blind $1
*** HOLE CARDS ***
PhoenixAssassin: folds 
Manifestorr: folds 
charlesL404: raises $2 to $3
An1an1: folds 
steepfell: folds 
XneferX: folds 
Uncalled bet ($2) returned to charlesL404
charlesL404 collected $2.50 from pot
*** SUMMARY ***
Total pot $2.50 | Rake $0 
Seat 1: An1an1 (button) folded before Flop (didn't bet)
Seat 2: steepfell (small blind) folded before Flop
Seat 3: XneferX (big blind) folded before Flop
Seat 4: PhoenixAssassin folded before Flop (didn't bet)
Seat 5: Manifestorr folded before Flop (didn't bet)
Seat 6: charlesL404 collected ($2.50)



PokerStars Hand #254422474070:  Hold'em No Limit ($0.50/$1.00 USD) - 2025/01/17 23:11:53 WET [2025/01/17 18:11:53 ET]
Table 'Harmonia IV' 6-max Seat #2 is the button
Seat 1: An1an1 ($100 in chips) 
Seat 2: steepfell ($127.78 in chips) 
Seat 3: XneferX ($105.90 in chips) 
Seat 4: PhoenixAssassin ($104.89 in chips) 
Seat 5: Manifestorr ($100 in chips) 
Seat 6: charlesL404 ($122.83 in chips) 
XneferX: posts small blind $0.50
PhoenixAssassin: posts big blind $1
*** HOLE CARDS ***
Manifestorr: raises $1.20 to $2.20
charlesL404: folds 
An1an1: folds 
steepfell: folds 
charlesL404 leaves the table
XneferX: folds 
PhoenixAssassin: folds 
Uncalled bet ($1.20) returned to Manifestorr
Manifestorr collected $2.50 from pot
*** SUMMARY ***
Total pot $2.50 | Rake $0 
Seat 1: An1an1 folded before Flop (didn't bet)
Seat 2: steepfell (button) folded before Flop (didn't bet)
Seat 3: XneferX (small blind) folded before Flop
Seat 4: PhoenixAssassin (big blind) folded before Flop
Seat 5: Manifestorr collected ($2.50)
Seat 6: charlesL404 folded before Flop (didn't bet)



PokerStars Hand #254422477951:  Hold'em No Limit ($0.50/$1.00 USD) - 2025/01/17 23:12:06 WET [2025/01/17 18:12:06 ET]
Table 'Harmonia IV' 6-max Seat #3 is the button
Seat 1: An1an1 ($100 in chips) 
Seat 2: steepfell ($127.78 in chips) 
Seat 3: XneferX ($105.40 in chips) 
Seat 4: PhoenixAssassin ($103.89 in chips) 
Seat 5: Manifestorr ($101.50 in chips) 
PhoenixAssassin: posts small blind $0.50
Manifestorr: posts big blind $1
*** HOLE CARDS ***
An1an1: folds 
steepfell: folds 
XneferX: folds 
An1an1 leaves the table
PhoenixAssassin: raises $2 to $3
Manifestorr: raises $6 to $9
benedi2004 joins the table at seat #1 
benedi2004 is disconnected 
PhoenixAssassin: folds 
Uncalled bet ($6) returned to Manifestorr
Manifestorr collected $6 from pot
*** SUMMARY ***
Total pot $6 | Rake $0 
Seat 1: An1an1 folded before Flop (didn't bet)
Seat 2: steepfell folded before Flop (didn't bet)
Seat 3: XneferX (button) folded before Flop (didn't bet)
Seat 4: PhoenixAssassin (small blind) folded before Flop
Seat 5: Manifestorr (big blind) collected ($6)



PokerStars Hand #254422483551:  Hold'em No Limit ($0.50/$1.00 USD) - 2025/01/17 23:12:26 WET [2025/01/17 18:12:26 ET]
Table 'Harmonia IV' 6-max Seat #4 is the button
Seat 1: benedi2004 ($100 in chips) 
Seat 2: steepfell ($127.78 in chips) 
Seat 3: XneferX ($105.40 in chips) 
Seat 4: PhoenixAssassin ($100.89 in chips) 
Seat 5: Manifestorr ($104.50 in chips) 
Manifestorr: posts small blind $0.50
benedi2004: posts big blind $1
*** HOLE CARDS ***
steepfell: raises $1.50 to $2.50
XneferX: folds 
PhoenixAssassin: folds 
Manifestorr: folds 
BGS013 joins the table at seat #6 
benedi2004: folds 
Uncalled bet ($1.50) returned to steepfell
steepfell collected $2.50 from pot
steepfell: doesn't show hand 
*** SUMMARY ***
Total pot $2.50 | Rake $0 
Seat 1: benedi2004 (big blind) folded before Flop
Seat 2: steepfell collected ($2.50)
Seat 3: XneferX folded before Flop (didn't bet)
Seat 4: PhoenixAssassin (button) folded before Flop (didn't bet)
Seat 5: Manifestorr (small blind) folded before Flop



PokerStars Hand #254422487699:  Hold'em No Limit ($0.50/$1.00 USD) - 2025/01/17 23:12:40 WET [2025/01/17 18:12:40 ET]
Table 'Harmonia IV' 6-max Seat #5 is the button
Seat 2: steepfell ($129.28 in chips) is sitting out
Seat 3: XneferX ($105.40 in chips) is sitting out
Seat 6: BGS013 ($100 in chips) is sitting out
Seat 1: benedi2004 ($100 in chips) 
Seat 4: PhoenixAssassin ($100.89 in chips) 
Seat 5: Manifestorr ($104 in chips) 
benedi2004: posts small blind $0.50
steepfell: is sitting out 
XneferX: is sitting out 
PhoenixAssassin: posts big blind $1
*** HOLE CARDS ***
steepfell leaves the table
Manifestorr: folds 
XneferX leaves the table
benedi2004: folds 
Uncalled bet ($0.50) returned to PhoenixAssassin
PhoenixAssassin collected $1 from pot
PhoenixAssassin: doesn't show hand 
*** SUMMARY ***
Total pot $1 | Rake $0 
Seat 2: steepfell
Seat 3: XneferX
Seat 6: BGS013
Seat 1: benedi2004 (small blind) folded before Flop
Seat 4: PhoenixAssassin (big blind) collected ($1)
Seat 5: Manifestorr (button) folded before Flop (didn't bet)



PokerStars Hand #254422489841:  Hold'em No Limit ($0.50/$1.00 USD) - 2025/01/17 23:12:48 WET [2025/01/17 18:12:48 ET]
Table 'Harmonia IV' 6-max Seat #1 is the button
Seat 5: Manifestorr ($104 in chips) is sitting out
Seat 1: benedi2004 ($100 in chips) 
Seat 4: PhoenixAssassin ($101.39 in chips) 
Seat 6: BGS013 ($100 in chips) 
PhoenixAssassin: posts small blind $0.50
Manifestorr: is sitting out 
BGS013: posts big blind $1
*** HOLE CARDS ***
benedi2004: raises $2 to $3
PhoenixAssassin: folds 
BGS013: folds 
Uncalled bet ($2) returned to benedi2004
benedi2004 collected $2.50 from pot
benedi2004: doesn't show hand 
*** SUMMARY ***
Total pot $2.50 | Rake $0 
Seat 5: Manifestorr
Seat 1: benedi2004 (button) collected ($2.50)
Seat 4: PhoenixAssassin (small blind) folded before Flop
Seat 6: BGS013 (big blind) folded before Flop



PokerStars Hand #254422492575:  Hold'em No Limit ($0.50/$1.00 USD) - 2025/01/17 23:12:57 WET [2025/01/17 18:12:57 ET]
Table 'Harmonia IV' 6-max Seat #4 is the button
Seat 5: Manifestorr ($104 in chips) is sitting out
Seat 1: benedi2004 ($101.50 in chips) 
Seat 4: PhoenixAssassin ($100.89 in chips) 
Seat 6: BGS013 ($100 in chips) 
BGS013: posts small blind $0.50
benedi2004: posts big blind $1
*** HOLE CARDS ***
rrrro joins the table at seat #3 
PhoenixAssassin: raises $1.50 to $2.50
Manifestorr leaves the table
BGS013: raises $8.50 to $11
JUANS2 joins the table at seat #2 
benedi2004: folds 
PhoenixAssassin: folds 
Uncalled bet ($8.50) returned to BGS013
BGS013 collected $6 from pot
BGS013: doesn't show hand 
*** SUMMARY ***
Total pot $6 | Rake $0 
Seat 5: Manifestorr
Seat 1: benedi2004 (big blind) folded before Flop
Seat 4: PhoenixAssassin (button) folded before Flop
Seat 6: BGS013 (small blind) collected ($6)



PokerStars Hand #254422496462:  Hold'em No Limit ($0.50/$1.00 USD) - 2025/01/17 23:13:10 WET [2025/01/17 18:13:10 ET]
Table 'Harmonia IV' 6-max Seat #6 is the button
Seat 3: rrrro ($100 in chips) is sitting out
Seat 1: benedi2004 ($100.50 in chips) 
Seat 2: JUANS2 ($100 in chips) 
Seat 4: PhoenixAssassin ($100 in chips) 
Seat 6: BGS013 ($103.50 in chips) 
benedi2004: posts small blind $0.50
JUANS2: posts big blind $1
rrrro: sits out 
*** HOLE CARDS ***
PhoenixAssassin: folds 
BGS013: raises $1.50 to $2.50
benedi2004: folds 
JUANS2: folds 
Uncalled bet ($1.50) returned to BGS013
BGS013 collected $2.50 from pot
BGS013: doesn't show hand 
*** SUMMARY ***
Total pot $2.50 | Rake $0 
Seat 3: rrrro
Seat 1: benedi2004 (small blind) folded before Flop
Seat 2: JUANS2 (big blind) folded before Flop
Seat 4: PhoenixAssassin folded before Flop (didn't bet)
Seat 6: BGS013 (button) collected ($2.50)



PokerStars Hand #254422501893:  Hold'em No Limit ($0.50/$1.00 USD) - 2025/01/17 23:13:29 WET [2025/01/17 18:13:29 ET]
Table 'Harmonia IV' 6-max Seat #1 is the button
Seat 1: benedi2004 ($100 in chips) 
Seat 2: JUANS2 ($100 in chips) 
Seat 3: rrrro ($100 in chips) 
Seat 4: PhoenixAssassin ($100 in chips) 
Seat 6: BGS013 ($105 in chips) 
JUANS2: posts small blind $0.50
rrrro: posts big blind $1
*** HOLE CARDS ***
PhoenixAssassin: folds 
BGS013: raises $1.50 to $2.50
benedi2004: folds 
JUANS2: folds 
Nazareno1999 joins the table at seat #5 
rrrro: folds 
Uncalled bet ($1.50) returned to BGS013
BGS013 collected $2.50 from pot
BGS013: doesn't show hand 
*** SUMMARY ***
Total pot $2.50 | Rake $0 
Seat 1: benedi2004 (button) folded before Flop (didn't bet)
Seat 2: JUANS2 (small blind) folded before Flop
Seat 3: rrrro (big blind) folded before Flop
Seat 4: PhoenixAssassin folded before Flop (didn't bet)
Seat 6: BGS013 collected ($2.50)



PokerStars Hand #254422511553:  Hold'em No Limit ($0.50/$1.00 USD) - 2025/01/17 23:14:02 WET [2025/01/17 18:14:02 ET]
Table 'Harmonia IV' 6-max Seat #2 is the button
Seat 5: Nazareno1999 ($100 in chips) is sitting out
Seat 1: benedi2004 ($100 in chips) 
Seat 2: JUANS2 ($100 in chips) 
Seat 3: rrrro ($100 in chips) 
Seat 4: PhoenixAssassin ($100 in chips) 
Seat 6: BGS013 ($106.50 in chips) 
rrrro: posts small blind $0.50
PhoenixAssassin: posts big blind $1
Nazareno1999: sits out 
*** HOLE CARDS ***
BGS013: folds 
benedi2004: folds 
JUANS2: raises $1.50 to $2.50
rrrro: raises $9.50 to $12
PhoenixAssassin: folds 
JUANS2: folds 
Uncalled bet ($9.50) returned to rrrro
rrrro collected $6 from pot
rrrro: doesn't show hand 
*** SUMMARY ***
Total pot $6 | Rake $0 
Seat 5: Nazareno1999
Seat 1: benedi2004 folded before Flop (didn't bet)
Seat 2: JUANS2 (button) folded before Flop
Seat 3: rrrro (small blind) collected ($6)
Seat 4: PhoenixAssassin (big blind) folded before Flop
Seat 6: BGS013 folded before Flop (didn't bet)



PokerStars Hand #254422518159:  Hold'em No Limit ($0.50/$1.00 USD) - 2025/01/17 23:14:26 WET [2025/01/17 18:14:26 ET]
Table 'Harmonia IV' 6-max Seat #3 is the button
Seat 1: benedi2004 ($100 in chips) 
Seat 2: JUANS2 ($100 in chips) 
Seat 3: rrrro ($103.50 in chips) 
Seat 4: PhoenixAssassin ($100 in chips) 
Seat 5: Nazareno1999 ($100 in chips) 
Seat 6: BGS013 ($106.50 in chips) 
PhoenixAssassin: posts small blind $0.50
Nazareno1999: posts big blind $1
*** HOLE CARDS ***
BGS013: folds 
benedi2004: folds 
JUANS2: folds 
rrrro: raises $1.50 to $2.50
PhoenixAssassin: folds 
Nazareno1999: folds 
Uncalled bet ($1.50) returned to rrrro
rrrro collected $2.50 from pot
rrrro: doesn't show hand 
*** SUMMARY ***
Total pot $2.50 | Rake $0 
Seat 1: benedi2004 folded before Flop (didn't bet)
Seat 2: JUANS2 folded before Flop (didn't bet)
Seat 3: rrrro (button) collected ($2.50)
Seat 4: PhoenixAssassin (small blind) folded before Flop
Seat 5: Nazareno1999 (big blind) folded before Flop
Seat 6: BGS013 folded before Flop (didn't bet)



PokerStars Hand #254422524895:  Hold'em No Limit ($0.50/$1.00 USD) - 2025/01/17 23:14:49 WET [2025/01/17 18:14:49 ET]
Table 'Harmonia IV' 6-max Seat #4 is the button
Seat 1: benedi2004 ($100 in chips) 
Seat 2: JUANS2 ($100 in chips) 
Seat 3: rrrro ($105 in chips) 
Seat 4: PhoenixAssassin ($100 in chips) 
Seat 5: Nazareno1999 ($100 in chips) 
Seat 6: BGS013 ($106.50 in chips) 
Nazareno1999: posts small blind $0.50
BGS013: posts big blind $1
*** HOLE CARDS ***
benedi2004: folds 
JUANS2: folds 
rrrro: raises $1.30 to $2.30
PhoenixAssassin: folds 
Nazareno1999: folds 
BGS013: folds 
Uncalled bet ($1.30) returned to rrrro
rrrro collected $2.50 from pot
rrrro: doesn't show hand 
*** SUMMARY ***
Total pot $2.50 | Rake $0 
Seat 1: benedi2004 folded before Flop (didn't bet)
Seat 2: JUANS2 folded before Flop (didn't bet)
Seat 3: rrrro collected ($2.50)
Seat 4: PhoenixAssassin (button) folded before Flop (didn't bet)
Seat 5: Nazareno1999 (small blind) folded before Flop
Seat 6: BGS013 (big blind) folded before Flop



PokerStars Hand #254422529080:  Hold'em No Limit ($0.50/$1.00 USD) - 2025/01/17 23:15:03 WET [2025/01/17 18:15:03 ET]
Table 'Harmonia IV' 6-max Seat #5 is the button
Seat 1: benedi2004 ($100 in chips) 
Seat 2: JUANS2 ($100 in chips) 
Seat 3: rrrro ($106.50 in chips) 
Seat 4: PhoenixAssassin ($100 in chips) 
Seat 5: Nazareno1999 ($100 in chips) 
Seat 6: BGS013 ($105.50 in chips) 
BGS013: posts small blind $0.50
benedi2004: posts big blind $1
*** HOLE CARDS ***
JUANS2: folds 
rrrro: folds 
PhoenixAssassin: folds 
Nazareno1999: raises $1.20 to $2.20
BGS013: folds 
benedi2004: folds 
Uncalled bet ($1.20) returned to Nazareno1999
Nazareno1999 collected $2.50 from pot
Nazareno1999: doesn't show hand 
*** SUMMARY ***
Total pot $2.50 | Rake $0 
Seat 1: benedi2004 (big blind) folded before Flop
Seat 2: JUANS2 folded before Flop (didn't bet)
Seat 3: rrrro folded before Flop (didn't bet)
Seat 4: PhoenixAssassin folded before Flop (didn't bet)
Seat 5: Nazareno1999 (button) collected ($2.50)
Seat 6: BGS013 (small blind) folded before Flop



PokerStars Hand #254422533851:  Hold'em No Limit ($0.50/$1.00 USD) - 2025/01/17 23:15:20 WET [2025/01/17 18:15:20 ET]
Table 'Harmonia IV' 6-max Seat #6 is the button
Seat 1: benedi2004 ($100 in chips) 
Seat 2: JUANS2 ($100 in chips) 
Seat 3: rrrro ($106.50 in chips) 
Seat 4: PhoenixAssassin ($100 in chips) 
Seat 5: Nazareno1999 ($101.50 in chips) 
Seat 6: BGS013 ($105 in chips) 
benedi2004: posts small blind $0.50
JUANS2: posts big blind $1
*** HOLE CARDS ***
rrrro: folds 
PhoenixAssassin: folds 
Nazareno1999: folds 
BGS013: raises $1.50 to $2.50
benedi2004: raises $6 to $8.50
JUANS2: folds 
BGS013: folds 
Uncalled bet ($6) returned to benedi2004
benedi2004 collected $6 from pot
benedi2004: doesn't show hand 
*** SUMMARY ***
Total pot $6 | Rake $0 
Seat 1: benedi2004 (small blind) collected ($6)
Seat 2: JUANS2 (big blind) folded before Flop
Seat 3: rrrro folded before Flop (didn't bet)
Seat 4: PhoenixAssassin folded before Flop (didn't bet)
Seat 5: Nazareno1999 folded before Flop (didn't bet)
Seat 6: BGS013 (button) folded before Flop



PokerStars Hand #254422539287:  Hold'em No Limit ($0.50/$1.00 USD) - 2025/01/17 23:15:38 WET [2025/01/17 18:15:38 ET]
Table 'Harmonia IV' 6-max Seat #1 is the button
Seat 1: benedi2004 ($103.50 in chips) 
Seat 2: JUANS2 ($100 in chips) 
Seat 3: rrrro ($106.50 in chips) 
Seat 4: PhoenixAssassin ($100 in chips) 
Seat 5: Nazareno1999 ($101.50 in chips) 
Seat 6: BGS013 ($102.50 in chips) 
JUANS2: posts small blind $0.50
rrrro: posts big blind $1
*** HOLE CARDS ***
PhoenixAssassin: folds 
Nazareno1999: folds 
BGS013: folds 
benedi2004: folds 
JUANS2: folds 
Uncalled bet ($0.50) returned to rrrro
rrrro collected $1 from pot
rrrro: doesn't show hand 
*** SUMMARY ***
Total pot $1 | Rake $0 
Seat 1: benedi2004 (button) folded before Flop (didn't bet)
Seat 2: JUANS2 (small blind) folded before Flop
Seat 3: rrrro (big blind) collected ($1)
Seat 4: PhoenixAssassin folded before Flop (didn't bet)
Seat 5: Nazareno1999 folded before Flop (didn't bet)
Seat 6: BGS013 folded before Flop (didn't bet)



PokerStars Hand #254422542867:  Hold'em No Limit ($0.50/$1.00 USD) - 2025/01/17 23:15:51 WET [2025/01/17 18:15:51 ET]
Table 'Harmonia IV' 6-max Seat #2 is the button
Seat 1: benedi2004 ($103.50 in chips) 
Seat 2: JUANS2 ($100 in chips) 
Seat 3: rrrro ($107 in chips) 
Seat 4: PhoenixAssassin ($100 in chips) 
Seat 5: Nazareno1999 ($101.50 in chips) 
Seat 6: BGS013 ($102.50 in chips) 
rrrro: posts small blind $0.50
PhoenixAssassin: posts big blind $1
*** HOLE CARDS ***
Nazareno1999: folds 
BGS013: folds 
benedi2004: raises $1 to $2
JUANS2: folds 
rrrro: folds 
PhoenixAssassin: folds 
Uncalled bet ($1) returned to benedi2004
benedi2004 collected $2.50 from pot
benedi2004: doesn't show hand 
*** SUMMARY ***
Total pot $2.50 | Rake $0 
Seat 1: benedi2004 collected ($2.50)
Seat 2: JUANS2 (button) folded before Flop (didn't bet)
Seat 3: rrrro (small blind) folded before Flop
Seat 4: PhoenixAssassin (big blind) folded before Flop
Seat 5: Nazareno1999 folded before Flop (didn't bet)
Seat 6: BGS013 folded before Flop (didn't bet)



PokerStars Hand #254422547552:  Hold'em No Limit ($0.50/$1.00 USD) - 2025/01/17 23:16:07 WET [2025/01/17 18:16:07 ET]
Table 'Harmonia IV' 6-max Seat #3 is the button
Seat 1: benedi2004 ($105 in chips) 
Seat 2: JUANS2 ($100 in chips) 
Seat 3: rrrro ($106.50 in chips) 
Seat 4: PhoenixAssassin ($100 in chips) 
Seat 5: Nazareno1999 ($101.50 in chips) 
Seat 6: BGS013 ($102.50 in chips) 
PhoenixAssassin: posts small blind $0.50
Nazareno1999: posts big blind $1
*** HOLE CARDS ***
BGS013: raises $1 to $2
benedi2004: raises $5.50 to $7.50
JUANS2: folds 
rrrro: folds 
PhoenixAssassin: folds 
Nazareno1999: folds 
BGS013: calls $5.50
*** FLOP *** [Qc 5c 3c]
BGS013: checks 
benedi2004: bets $7.84
BGS013: calls $7.84
*** TURN *** [Qc 5c 3c] [Qh]
BGS013: checks 
benedi2004: bets $15.29
BGS013: folds 
Uncalled bet ($15.29) returned to benedi2004
benedi2004 collected $30.17 from pot
benedi2004: doesn't show hand 
*** SUMMARY ***
Total pot $32.18 | Rake $2.01 
Board [Qc 5c 3c Qh]
Seat 1: benedi2004 collected ($30.17)
Seat 2: JUANS2 folded before Flop (didn't bet)
Seat 3: rrrro (button) folded before Flop (didn't bet)
Seat 4: PhoenixAssassin (small blind) folded before Flop
Seat 5: Nazareno1999 (big blind) folded before Flop
Seat 6: BGS013 folded on the Turn



PokerStars Hand #254422559708:  Hold'em No Limit ($0.50/$1.00 USD) - 2025/01/17 23:16:49 WET [2025/01/17 18:16:49 ET]
Table 'Harmonia IV' 6-max Seat #4 is the button
Seat 1: benedi2004 ($119.83 in chips) 
Seat 2: JUANS2 ($100 in chips) 
Seat 3: rrrro ($106.50 in chips) 
Seat 4: PhoenixAssassin ($100 in chips) 
Seat 5: Nazareno1999 ($100.50 in chips) 
Seat 6: BGS013 ($100 in chips) 
Nazareno1999: posts small blind $0.50
BGS013: posts big blind $1
*** HOLE CARDS ***
benedi2004: folds 
JUANS2: folds 
rrrro: folds 
PhoenixAssassin: folds 
Nazareno1999: folds 
Uncalled bet ($0.50) returned to BGS013
BGS013 collected $1 from pot
BGS013: doesn't show hand 
*** SUMMARY ***
Total pot $1 | Rake $0 
Seat 1: benedi2004 folded before Flop (didn't bet)
Seat 2: JUANS2 folded before Flop (didn't bet)
Seat 3: rrrro folded before Flop (didn't bet)
Seat 4: PhoenixAssassin (button) folded before Flop (didn't bet)
Seat 5: Nazareno1999 (small blind) folded before Flop
Seat 6: BGS013 (big blind) collected ($1)



PokerStars Hand #254422563164:  Hold'em No Limit ($0.50/$1.00 USD) - 2025/01/17 23:17:01 WET [2025/01/17 18:17:01 ET]
Table 'Harmonia IV' 6-max Seat #5 is the button
Seat 1: benedi2004 ($119.83 in chips) is sitting out
Seat 2: JUANS2 ($100 in chips) 
Seat 3: rrrro ($106.50 in chips) 
Seat 4: PhoenixAssassin ($100 in chips) 
Seat 5: Nazareno1999 ($100 in chips) 
Seat 6: BGS013 ($100.50 in chips) 
BGS013: posts small blind $0.50
benedi2004: is sitting out 
JUANS2: posts big blind $1
*** HOLE CARDS ***
benedi2004 leaves the table
rrrro: folds 
PhoenixAssassin: raises $1.50 to $2.50
Nazareno1999: folds 
BGS013: raises $8.50 to $11
JUANS2: folds 
PhoenixAssassin: folds 
Uncalled bet ($8.50) returned to BGS013
BGS013 collected $6 from pot
BGS013: doesn't show hand 
*** SUMMARY ***
Total pot $6 | Rake $0 
Seat 1: benedi2004
Seat 2: JUANS2 (big blind) folded before Flop
Seat 3: rrrro folded before Flop (didn't bet)
Seat 4: PhoenixAssassin folded before Flop
Seat 5: Nazareno1999 (button) folded before Flop (didn't bet)
Seat 6: BGS013 (small blind) collected ($6)



PokerStars Hand #254422574466:  Hold'em No Limit ($0.50/$1.00 USD) - 2025/01/17 23:17:40 WET [2025/01/17 18:17:40 ET]
Table 'Harmonia IV' 6-max Seat #6 is the button
Seat 2: JUANS2 ($100 in chips) 
Seat 3: rrrro ($106.50 in chips) 
Seat 4: PhoenixAssassin ($100 in chips) 
Seat 5: Nazareno1999 ($100 in chips) 
Seat 6: BGS013 ($104 in chips) 
JUANS2: posts small blind $0.50
rrrro: posts big blind $1
*** HOLE CARDS ***
PhoenixAssassin: folds 
Nazareno1999: folds 
BGS013: raises $1.50 to $2.50
JUANS2: folds 
rrrro: calls $1.50
*** FLOP *** [8c 7s Qc]
rrrro: checks 
BGS013: checks 
*** TURN *** [8c 7s Qc] [3h]
rrrro: checks 
BGS013: checks 
*** RIVER *** [8c 7s Qc 3h] [8s]
rrrro: checks 
BGS013: checks 
*** SHOW DOWN ***
rrrro: shows [6s 6c] (two pair, Eights and Sixes)
BGS013: mucks hand 
rrrro collected $5.22 from pot
*** SUMMARY ***
Total pot $5.50 | Rake $0.28 
Board [8c 7s Qc 3h 8s]
Seat 2: JUANS2 (small blind) folded before Flop
Seat 3: rrrro (big blind) showed [6s 6c] and won ($5.22) with two pair, Eights and Sixes
Seat 4: PhoenixAssassin folded before Flop (didn't bet)
Seat 5: Nazareno1999 folded before Flop (didn't bet)
Seat 6: BGS013 (button) mucked



PokerStars Hand #254422592567:  Hold'em No Limit ($0.50/$1.00 USD) - 2025/01/17 23:18:44 WET [2025/01/17 18:18:44 ET]
Table 'Harmonia IV' 6-max Seat #2 is the button
Seat 4: PhoenixAssassin ($100 in chips) is sitting out
Seat 2: JUANS2 ($100 in chips) 
Seat 3: rrrro ($109.22 in chips) 
Seat 5: Nazareno1999 ($100 in chips) 
Seat 6: BGS013 ($101.50 in chips) 
rrrro: posts small blind $0.50
PhoenixAssassin: is sitting out 
Nazareno1999: posts big blind $1
*** HOLE CARDS ***
PhoenixAssassin leaves the table
BGS013: folds 
JUANS2: raises $1.50 to $2.50
rrrro: folds 
Nazareno1999: calls $1.50
*** FLOP *** [7s 6c 7h]
Nazareno1999: checks 
JUANS2: checks 
*** TURN *** [7s 6c 7h] [6d]
Nazareno1999: bets $3.42
JUANS2: calls $3.42
*** RIVER *** [7s 6c 7h 6d] [Kh]
Nazareno1999: bets $8.29
JUANS2: calls $8.29
*** SHOW DOWN ***
Nazareno1999: shows [Kc 4c] (two pair, Kings and Sevens)
JUANS2: shows [Kd 5d] (two pair, Kings and Sevens)
Nazareno1999 collected $13.96 from pot
JUANS2 collected $13.96 from pot
*** SUMMARY ***
Total pot $28.92 | Rake $1 
Board [7s 6c 7h 6d Kh]
Seat 4: PhoenixAssassin
Seat 2: JUANS2 (button) showed [Kd 5d] and won ($13.96) with two pair, Kings and Sevens
Seat 3: rrrro (small blind) folded before Flop
Seat 5: Nazareno1999 (big blind) showed [Kc 4c] and won ($13.96) with two pair, Kings and Sevens
Seat 6: BGS013 folded before Flop (didn't bet)



PokerStars Hand #254422606377:  Hold'em No Limit ($0.50/$1.00 USD) - 2025/01/17 23:19:32 WET [2025/01/17 18:19:32 ET]
Table 'Harmonia IV' 6-max Seat #6 is the button
Seat 2: JUANS2 ($100 in chips) is sitting out
Seat 3: rrrro ($108.72 in chips) 
Seat 6: BGS013 ($101.50 in chips) 
BGS013: posts small blind $0.50
JUANS2: is sitting out 
rrrro: posts big blind $1
*** HOLE CARDS ***
BGS013: folds 
Uncalled bet ($0.50) returned to rrrro
JUANS2 leaves the table
rrrro collected $1 from pot
rrrro: doesn't show hand 
*** SUMMARY ***
Total pot $1 | Rake $0 
Seat 2: JUANS2
Seat 3: rrrro (big blind) collected ($1)
Seat 6: BGS013 (button) (small blind) folded before Flop



PokerStars Hand #254422608311:  Hold'em No Limit ($0.50/$1.00 USD) - 2025/01/17 23:19:39 WET [2025/01/17 18:19:39 ET]
Table 'Harmonia IV' 6-max Seat #3 is the button
Seat 3: rrrro ($109.22 in chips) 
Seat 6: BGS013 ($101 in chips) 
rrrro: posts small blind $0.50
BGS013: posts big blind $1
*** HOLE CARDS ***
rrrro: folds 
Uncalled bet ($0.50) returned to BGS013
BGS013 collected $1 from pot
BGS013: doesn't show hand 
*** SUMMARY ***
Total pot $1 | Rake $0 
Seat 3: rrrro (button) (small blind) folded before Flop
Seat 6: BGS013 (big blind) collected ($1)



