PokerStars Hand #254423794491:  Hold'em No Limit ($0.50/$1.00 USD) - 2025/01/17 0:39:43 WET [2025/01/17 19:39:43 ET]
Table 'Kollaa III' 6-max Seat #1 is the button
Seat 1: equilibrium_tv ($40 in chips) 
Seat 2: Rysiff ($100 in chips) 
Seat 6: Unipoker11 ($100 in chips) 
Rysiff: posts small blind $0.50
Unipoker11: posts big blind $1
*** HOLE CARDS ***
equilibrium_tv: folds 
Rysiff: folds 
Uncalled bet ($0.50) returned to Unipoker11
Unipoker11 collected $1 from pot
Unipoker11: doesn't show hand 
*** SUMMARY ***
Total pot $1 | Rake $0 
Seat 1: equilibrium_tv (button) folded before Flop (didn't bet)
Seat 2: Rysiff (small blind) folded before Flop
Seat 6: Unipoker11 (big blind) collected ($1)



PokerStars Hand #254423797475:  Hold'em No Limit ($0.50/$1.00 USD) - 2025/01/17 0:39:57 WET [2025/01/17 19:39:57 ET]
Table 'Kollaa III' 6-max Seat #2 is the button
Seat 1: equilibrium_tv ($40 in chips) 
Seat 2: Rysiff ($100 in chips) 
Seat 6: Unipoker11 ($100.50 in chips) 
Unipoker11: posts small blind $0.50
equilibrium_tv: posts big blind $1
*** HOLE CARDS ***
Rysiff: raises $1.50 to $2.50
Unipoker11: folds 
equilibrium_tv: folds 
Uncalled bet ($1.50) returned to Rysiff
Rysiff collected $2.50 from pot
Rysiff: doesn't show hand 
*** SUMMARY ***
Total pot $2.50 | Rake $0 
Seat 1: equilibrium_tv (big blind) folded before Flop
Seat 2: Rysiff (button) collected ($2.50)
Seat 6: Unipoker11 (small blind) folded before Flop



PokerStars Hand #254423801794:  Hold'em No Limit ($0.50/$1.00 USD) - 2025/01/17 0:40:16 WET [2025/01/17 19:40:16 ET]
Table 'Kollaa III' 6-max Seat #1 is the button
Seat 2: Rysiff ($101.50 in chips) is sitting out
Seat 1: equilibrium_tv ($39 in chips) 
Seat 6: Unipoker11 ($100 in chips) 
equilibrium_tv: posts small blind $0.50
Rysiff: is sitting out 
Unipoker11: posts big blind $1
*** HOLE CARDS ***
Rysiff leaves the table
equilibrium_tv: raises $1 to $2
Unipoker11: folds 
Uncalled bet ($1) returned to equilibrium_tv
equilibrium_tv collected $2 from pot
*** SUMMARY ***
Total pot $2 | Rake $0 
Seat 2: Rysiff
Seat 1: equilibrium_tv (button) (small blind) collected ($2)
Seat 6: Unipoker11 (big blind) folded before Flop



PokerStars Hand #254423807532:  Hold'em No Limit ($0.50/$1.00 USD) - 2025/01/17 0:40:42 WET [2025/01/17 19:40:42 ET]
Table 'Kollaa III' 6-max Seat #6 is the button
Seat 1: equilibrium_tv ($40 in chips) 
Seat 6: Unipoker11 ($100 in chips) 
Unipoker11: posts small blind $0.50
equilibrium_tv: posts big blind $1
*** HOLE CARDS ***
Unipoker11: raises $1 to $2
m0nTTu joins the table at seat #4 
equilibrium_tv: raises $5 to $7
Unipoker11: folds 
Uncalled bet ($5) returned to equilibrium_tv
equilibrium_tv collected $4 from pot
*** SUMMARY ***
Total pot $4 | Rake $0 
Seat 1: equilibrium_tv (big blind) collected ($4)
Seat 6: Unipoker11 (button) (small blind) folded before Flop



PokerStars Hand #254423818131:  Hold'em No Limit ($0.50/$1.00 USD) - 2025/01/17 0:41:30 WET [2025/01/17 19:41:30 ET]
Table 'Kollaa III' 6-max Seat #6 is the button
Seat 1: equilibrium_tv ($42 in chips) 
Seat 4: m0nTTu ($80 in chips) 
Seat 6: Unipoker11 ($100 in chips) 
equilibrium_tv: posts small blind $0.50
m0nTTu: posts big blind $1
*** HOLE CARDS ***
Unipoker11: raises $1 to $2
equilibrium_tv: folds 
m0nTTu: calls $1
*** FLOP *** [3s 4h 5d]
m0nTTu: bets $1.41
Unipoker11: calls $1.41
*** TURN *** [3s 4h 5d] [Tc]
m0nTTu: checks 
Unipoker11: checks 
*** RIVER *** [3s 4h 5d Tc] [8s]
m0nTTu: bets $2.29
Unipoker11: folds 
Uncalled bet ($2.29) returned to m0nTTu
Unipoker11 leaves the table
m0nTTu collected $6.95 from pot
m0nTTu: doesn't show hand 
*** SUMMARY ***
Total pot $7.32 | Rake $0.37 
Board [3s 4h 5d Tc 8s]
Seat 1: equilibrium_tv (small blind) folded before Flop
Seat 4: m0nTTu (big blind) collected ($6.95)
Seat 6: Unipoker11 (button) folded on the River



PokerStars Hand #254423840388:  Hold'em No Limit ($0.50/$1.00 USD) - 2025/01/17 0:43:11 WET [2025/01/17 19:43:11 ET]
Table 'Kollaa III' 6-max Seat #4 is the button
Seat 1: equilibrium_tv ($41.50 in chips) 
Seat 4: m0nTTu ($83.54 in chips) 
m0nTTu: posts small blind $0.50
equilibrium_tv: posts big blind $1
*** HOLE CARDS ***
m0nTTu: raises $1.50 to $2.50
equilibrium_tv: folds 
Uncalled bet ($1.50) returned to m0nTTu
m0nTTu collected $2 from pot
m0nTTu: doesn't show hand 
*** SUMMARY ***
Total pot $2 | Rake $0 
Seat 1: equilibrium_tv (big blind) folded before Flop
Seat 4: m0nTTu (button) (small blind) collected ($2)



PokerStars Hand #254423844068:  Hold'em No Limit ($0.50/$1.00 USD) - 2025/01/17 0:43:28 WET [2025/01/17 19:43:28 ET]
Table 'Kollaa III' 6-max Seat #1 is the button
Seat 1: equilibrium_tv ($40.50 in chips) 
Seat 4: m0nTTu ($84.54 in chips) 
equilibrium_tv: posts small blind $0.50
m0nTTu: posts big blind $1
*** HOLE CARDS ***
equilibrium_tv: raises $1 to $2
m0nTTu: folds 
Uncalled bet ($1) returned to equilibrium_tv
equilibrium_tv collected $2 from pot
*** SUMMARY ***
Total pot $2 | Rake $0 
Seat 1: equilibrium_tv (button) (small blind) collected ($2)
Seat 4: m0nTTu (big blind) folded before Flop



PokerStars Hand #254423847635:  Hold'em No Limit ($0.50/$1.00 USD) - 2025/01/17 0:43:44 WET [2025/01/17 19:43:44 ET]
Table 'Kollaa III' 6-max Seat #4 is the button
Seat 1: equilibrium_tv ($41.50 in chips) 
Seat 4: m0nTTu ($83.54 in chips) 
m0nTTu: posts small blind $0.50
equilibrium_tv: posts big blind $1
*** HOLE CARDS ***
m0nTTu: raises $1.50 to $2.50
equilibrium_tv: folds 
Uncalled bet ($1.50) returned to m0nTTu
m0nTTu collected $2 from pot
m0nTTu: doesn't show hand 
*** SUMMARY ***
Total pot $2 | Rake $0 
Seat 1: equilibrium_tv (big blind) folded before Flop
Seat 4: m0nTTu (button) (small blind) collected ($2)



PokerStars Hand #254424198194:  Hold'em No Limit ($0.50/$1.00 USD) - 2025/01/17 1:13:05 WET [2025/01/17 20:13:05 ET]
Table 'Kollaa III' 6-max Seat #2 is the button
Seat 6: Supermegopro ($100 in chips) is sitting out
Seat 2: XneferX ($100 in chips) 
Seat 4: Manifestorr ($100 in chips) 
XneferX: posts small blind $0.50
Manifestorr: posts big blind $1
*** HOLE CARDS ***
XneferX: raises $2 to $3
Manifestorr: folds 
Uncalled bet ($2) returned to XneferX
XneferX collected $2 from pot
XneferX: doesn't show hand 
*** SUMMARY ***
Total pot $2 | Rake $0 
Seat 6: Supermegopro
Seat 2: XneferX (button) (small blind) collected ($2)
Seat 4: Manifestorr (big blind) folded before Flop



PokerStars Hand #254424200944:  Hold'em No Limit ($0.50/$1.00 USD) - 2025/01/17 1:13:19 WET [2025/01/17 20:13:19 ET]
Table 'Kollaa III' 6-max Seat #2 is the button
Seat 2: XneferX ($101 in chips) 
Seat 4: Manifestorr ($100 in chips) 
Seat 6: Supermegopro ($100 in chips) 
Manifestorr: posts small blind $0.50
Supermegopro: posts big blind $1
*** HOLE CARDS ***
XneferX: folds 
Manifestorr: raises $2 to $3
Supermegopro: folds 
Uncalled bet ($2) returned to Manifestorr
Manifestorr collected $2 from pot
*** SUMMARY ***
Total pot $2 | Rake $0 
Seat 2: XneferX (button) folded before Flop (didn't bet)
Seat 4: Manifestorr (small blind) collected ($2)
Seat 6: Supermegopro (big blind) folded before Flop



PokerStars Hand #254424204478:  Hold'em No Limit ($0.50/$1.00 USD) - 2025/01/17 1:13:36 WET [2025/01/17 20:13:36 ET]
Table 'Kollaa III' 6-max Seat #4 is the button
Seat 2: XneferX ($101 in chips) 
Seat 4: Manifestorr ($101 in chips) 
Seat 6: Supermegopro ($100 in chips) 
Supermegopro: posts small blind $0.50
XneferX: posts big blind $1
*** HOLE CARDS ***
Manifestorr: raises $1.20 to $2.20
Supermegopro: folds 
XneferX: folds 
Uncalled bet ($1.20) returned to Manifestorr
Manifestorr collected $2.50 from pot
*** SUMMARY ***
Total pot $2.50 | Rake $0 
Seat 2: XneferX (big blind) folded before Flop
Seat 4: Manifestorr (button) collected ($2.50)
Seat 6: Supermegopro (small blind) folded before Flop



PokerStars Hand #254424208557:  Hold'em No Limit ($0.50/$1.00 USD) - 2025/01/17 1:13:57 WET [2025/01/17 20:13:57 ET]
Table 'Kollaa III' 6-max Seat #6 is the button
Seat 2: XneferX ($100 in chips) 
Seat 4: Manifestorr ($102.50 in chips) 
Seat 6: Supermegopro ($100 in chips) 
XneferX: posts small blind $0.50
Manifestorr: posts big blind $1
*** HOLE CARDS ***
Supermegopro: folds 
XneferX: folds 
Uncalled bet ($0.50) returned to Manifestorr
Manifestorr collected $1 from pot
*** SUMMARY ***
Total pot $1 | Rake $0 
Seat 2: XneferX (small blind) folded before Flop
Seat 4: Manifestorr (big blind) collected ($1)
Seat 6: Supermegopro (button) folded before Flop (didn't bet)



PokerStars Hand #254424212738:  Hold'em No Limit ($0.50/$1.00 USD) - 2025/01/17 1:14:18 WET [2025/01/17 20:14:18 ET]
Table 'Kollaa III' 6-max Seat #2 is the button
Seat 2: XneferX ($100 in chips) 
Seat 4: Manifestorr ($103 in chips) 
Seat 6: Supermegopro ($100 in chips) 
Manifestorr: posts small blind $0.50
Supermegopro: posts big blind $1
*** HOLE CARDS ***
XneferX: raises $1.77 to $2.77
Manifestorr: folds 
Supermegopro: folds 
Uncalled bet ($1.77) returned to XneferX
XneferX collected $2.50 from pot
XneferX: doesn't show hand 
*** SUMMARY ***
Total pot $2.50 | Rake $0 
Seat 2: XneferX (button) collected ($2.50)
Seat 4: Manifestorr (small blind) folded before Flop
Seat 6: Supermegopro (big blind) folded before Flop



PokerStars Hand #254424216347:  Hold'em No Limit ($0.50/$1.00 USD) - 2025/01/17 1:14:36 WET [2025/01/17 20:14:36 ET]
Table 'Kollaa III' 6-max Seat #4 is the button
Seat 2: XneferX ($101.50 in chips) 
Seat 4: Manifestorr ($102.50 in chips) 
Seat 6: Supermegopro ($100 in chips) 
Supermegopro: posts small blind $0.50
XneferX: posts big blind $1
*** HOLE CARDS ***
Manifestorr: folds 
Supermegopro: raises $2 to $3
XneferX: folds 
Uncalled bet ($2) returned to Supermegopro
Supermegopro collected $2 from pot
Supermegopro: doesn't show hand 
*** SUMMARY ***
Total pot $2 | Rake $0 
Seat 2: XneferX (big blind) folded before Flop
Seat 4: Manifestorr (button) folded before Flop (didn't bet)
Seat 6: Supermegopro (small blind) collected ($2)



PokerStars Hand #254424220379:  Hold'em No Limit ($0.50/$1.00 USD) - 2025/01/17 1:14:56 WET [2025/01/17 20:14:56 ET]
Table 'Kollaa III' 6-max Seat #6 is the button
Seat 2: XneferX ($100.50 in chips) 
Seat 4: Manifestorr ($102.50 in chips) 
Seat 6: Supermegopro ($101 in chips) 
XneferX: posts small blind $0.50
Manifestorr: posts big blind $1
*** HOLE CARDS ***
Supermegopro: folds 
XneferX: raises $2 to $3
Manifestorr: calls $2
*** FLOP *** [9s 5d 3h]
XneferX: checks 
Manifestorr: bets $4.28
XneferX: folds 
Uncalled bet ($4.28) returned to Manifestorr
Manifestorr collected $5.70 from pot
*** SUMMARY ***
Total pot $6 | Rake $0.30 
Board [9s 5d 3h]
Seat 2: XneferX (small blind) folded on the Flop
Seat 4: Manifestorr (big blind) collected ($5.70)
Seat 6: Supermegopro (button) folded before Flop (didn't bet)



PokerStars Hand #254424229746:  Hold'em No Limit ($0.50/$1.00 USD) - 2025/01/17 1:15:44 WET [2025/01/17 20:15:44 ET]
Table 'Kollaa III' 6-max Seat #2 is the button
Seat 2: XneferX ($100 in chips) 
Seat 4: Manifestorr ($105.20 in chips) 
Seat 6: Supermegopro ($101 in chips) 
Manifestorr: posts small blind $0.50
Supermegopro: posts big blind $1
*** HOLE CARDS ***
XneferX: raises $1.77 to $2.77
Manifestorr: folds 
Supermegopro: folds 
Uncalled bet ($1.77) returned to XneferX
XneferX collected $2.50 from pot
XneferX: doesn't show hand 
*** SUMMARY ***
Total pot $2.50 | Rake $0 
Seat 2: XneferX (button) collected ($2.50)
Seat 4: Manifestorr (small blind) folded before Flop
Seat 6: Supermegopro (big blind) folded before Flop



PokerStars Hand #254424233156:  Hold'em No Limit ($0.50/$1.00 USD) - 2025/01/17 1:16:01 WET [2025/01/17 20:16:01 ET]
Table 'Kollaa III' 6-max Seat #4 is the button
Seat 2: XneferX ($101.50 in chips) 
Seat 4: Manifestorr ($104.70 in chips) 
Seat 6: Supermegopro ($100 in chips) 
Supermegopro: posts small blind $0.50
XneferX: posts big blind $1
*** HOLE CARDS ***
Manifestorr: raises $1.20 to $2.20
Supermegopro: folds 
XneferX: calls $1.20
*** FLOP *** [6c 7d 7s]
XneferX: checks 
Manifestorr: checks 
*** TURN *** [6c 7d 7s] [9c]
XneferX: checks 
Manifestorr: checks 
*** RIVER *** [6c 7d 7s 9c] [2c]
XneferX: checks 
Manifestorr: checks 
*** SHOW DOWN ***
XneferX: shows [As 6d] (two pair, Sevens and Sixes)
Manifestorr: mucks hand 
XneferX collected $4.66 from pot
*** SUMMARY ***
Total pot $4.90 | Rake $0.24 
Board [6c 7d 7s 9c 2c]
Seat 2: XneferX (big blind) showed [As 6d] and won ($4.66) with two pair, Sevens and Sixes
Seat 4: Manifestorr (button) mucked
Seat 6: Supermegopro (small blind) folded before Flop



PokerStars Hand #254424244840:  Hold'em No Limit ($0.50/$1.00 USD) - 2025/01/17 1:17:00 WET [2025/01/17 20:17:00 ET]
Table 'Kollaa III' 6-max Seat #2 is the button
Seat 4: Manifestorr ($102.50 in chips) is sitting out
Seat 2: XneferX ($103.96 in chips) 
Seat 6: Supermegopro ($100 in chips) 
XneferX: posts small blind $0.50
Manifestorr: is sitting out 
Supermegopro: posts big blind $1
*** HOLE CARDS ***
XneferX: raises $2 to $3
Supermegopro: folds 
Uncalled bet ($2) returned to XneferX
XneferX collected $2 from pot
Manifestorr leaves the table
XneferX: doesn't show hand 
*** SUMMARY ***
Total pot $2 | Rake $0 
Seat 4: Manifestorr
Seat 2: XneferX (button) (small blind) collected ($2)
Seat 6: Supermegopro (big blind) folded before Flop



PokerStars Hand #254424246334:  Hold'em No Limit ($0.50/$1.00 USD) - 2025/01/17 1:17:07 WET [2025/01/17 20:17:07 ET]
Table 'Kollaa III' 6-max Seat #6 is the button
Seat 2: XneferX ($104.96 in chips) 
Seat 6: Supermegopro ($100 in chips) 
Supermegopro: posts small blind $0.50
XneferX: posts big blind $1
*** HOLE CARDS ***
Supermegopro: folds 
Uncalled bet ($0.50) returned to XneferX
XneferX collected $1 from pot
XneferX: doesn't show hand 
*** SUMMARY ***
Total pot $1 | Rake $0 
Seat 2: XneferX (big blind) collected ($1)
Seat 6: Supermegopro (button) (small blind) folded before Flop



PokerStars Hand #254424475729:  Hold'em No Limit ($0.50/$1.00 USD) - 2025/01/17 1:36:38 WET [2025/01/17 20:36:38 ET]
Table 'Kollaa III' 6-max Seat #2 is the button
Seat 2: nastja336 ($100 in chips) 
Seat 3: Manifestorr ($102.50 in chips) 
Seat 4: Gaita_toien ($100 in chips) 
Seat 5: ReVeu710 ($100 in chips) 
Seat 6: rostickkin ($100 in chips) 
Manifestorr: posts small blind $0.50
Gaita_toien: posts big blind $1
*** HOLE CARDS ***
ReVeu710: folds 
rostickkin: folds 
nastja336: raises $1.50 to $2.50
Sparkle243 joins the table at seat #1 
Sparkle243 is disconnected 
Manifestorr: raises $8.50 to $11
Gaita_toien: folds 
nastja336: folds 
Uncalled bet ($8.50) returned to Manifestorr
Manifestorr collected $6 from pot
*** SUMMARY ***
Total pot $6 | Rake $0 
Seat 2: nastja336 (button) folded before Flop
Seat 3: Manifestorr (small blind) collected ($6)
Seat 4: Gaita_toien (big blind) folded before Flop
Seat 5: ReVeu710 folded before Flop (didn't bet)
Seat 6: rostickkin folded before Flop (didn't bet)



PokerStars Hand #254424479112:  Hold'em No Limit ($0.50/$1.00 USD) - 2025/01/17 1:36:56 WET [2025/01/17 20:36:56 ET]
Table 'Kollaa III' 6-max Seat #3 is the button
Seat 1: Sparkle243 ($65.08 in chips) is sitting out
Seat 2: nastja336 ($100 in chips) 
Seat 3: Manifestorr ($106 in chips) 
Seat 4: Gaita_toien ($100 in chips) 
Seat 5: ReVeu710 ($100 in chips) 
Seat 6: rostickkin ($100 in chips) 
Gaita_toien: posts small blind $0.50
ReVeu710: posts big blind $1
Sparkle243: sits out 
*** HOLE CARDS ***
rostickkin: folds 
nastja336: folds 
Manifestorr: raises $1.20 to $2.20
Gaita_toien: folds 
ReVeu710: raises $9.80 to $12
Manifestorr: calls $9.80
*** FLOP *** [9h 2s Ah]
ReVeu710: bets $5.82
Manifestorr: calls $5.82
*** TURN *** [9h 2s Ah] [As]
ReVeu710: bets $18.54
Manifestorr: calls $18.54
*** RIVER *** [9h 2s Ah As] [7c]
ReVeu710: checks 
Manifestorr: checks 
*** SHOW DOWN ***
ReVeu710: shows [Qc Qs] (two pair, Aces and Queens)
Manifestorr: mucks hand 
ReVeu710 collected $70.72 from pot
*** SUMMARY ***
Total pot $73.22 | Rake $2.50 
Board [9h 2s Ah As 7c]
Seat 1: Sparkle243
Seat 2: nastja336 folded before Flop (didn't bet)
Seat 3: Manifestorr (button) mucked
Seat 4: Gaita_toien (small blind) folded before Flop
Seat 5: ReVeu710 (big blind) showed [Qc Qs] and won ($70.72) with two pair, Aces and Queens
Seat 6: rostickkin folded before Flop (didn't bet)



PokerStars Hand #254424488391:  Hold'em No Limit ($0.50/$1.00 USD) - 2025/01/17 1:37:45 WET [2025/01/17 20:37:45 ET]
Table 'Kollaa III' 6-max Seat #4 is the button
Seat 1: Sparkle243 ($65.08 in chips) is sitting out
Seat 2: nastja336 ($100 in chips) 
Seat 3: Manifestorr ($100 in chips) 
Seat 4: Gaita_toien ($100 in chips) 
Seat 5: ReVeu710 ($134.36 in chips) 
Seat 6: rostickkin ($100 in chips) 
ReVeu710: posts small blind $0.50
rostickkin: posts big blind $1
Sparkle243: sits out 
*** HOLE CARDS ***
nastja336: raises $1.50 to $2.50
Manifestorr: folds 
Gaita_toien: folds 
ReVeu710: folds 
rostickkin: folds 
Uncalled bet ($1.50) returned to nastja336
nastja336 collected $2.50 from pot
nastja336: doesn't show hand 
*** SUMMARY ***
Total pot $2.50 | Rake $0 
Seat 1: Sparkle243
Seat 2: nastja336 collected ($2.50)
Seat 3: Manifestorr folded before Flop (didn't bet)
Seat 4: Gaita_toien (button) folded before Flop (didn't bet)
Seat 5: ReVeu710 (small blind) folded before Flop
Seat 6: rostickkin (big blind) folded before Flop



PokerStars Hand #254424491391:  Hold'em No Limit ($0.50/$1.00 USD) - 2025/01/17 1:38:00 WET [2025/01/17 20:38:00 ET]
Table 'Kollaa III' 6-max Seat #5 is the button
Seat 1: Sparkle243 ($65.08 in chips) 
Seat 2: nastja336 ($101.50 in chips) 
Seat 3: Manifestorr ($100 in chips) 
Seat 4: Gaita_toien ($100 in chips) 
Seat 5: ReVeu710 ($133.86 in chips) 
Seat 6: rostickkin ($100 in chips) 
rostickkin: posts small blind $0.50
Sparkle243: posts big blind $1
*** HOLE CARDS ***
nastja336: folds 
Manifestorr: folds 
Gaita_toien: folds 
ReVeu710: folds 
rostickkin: folds 
Uncalled bet ($0.50) returned to Sparkle243
Sparkle243 collected $1 from pot
*** SUMMARY ***
Total pot $1 | Rake $0 
Seat 1: Sparkle243 (big blind) collected ($1)
Seat 2: nastja336 folded before Flop (didn't bet)
Seat 3: Manifestorr folded before Flop (didn't bet)
Seat 4: Gaita_toien folded before Flop (didn't bet)
Seat 5: ReVeu710 (button) folded before Flop (didn't bet)
Seat 6: rostickkin (small blind) folded before Flop



PokerStars Hand #254424495675:  Hold'em No Limit ($0.50/$1.00 USD) - 2025/01/17 1:38:23 WET [2025/01/17 20:38:23 ET]
Table 'Kollaa III' 6-max Seat #6 is the button
Seat 1: Sparkle243 ($65.58 in chips) 
Seat 2: nastja336 ($101.50 in chips) 
Seat 3: Manifestorr ($100 in chips) 
Seat 4: Gaita_toien ($100 in chips) 
Seat 5: ReVeu710 ($133.86 in chips) 
Seat 6: rostickkin ($100 in chips) 
Sparkle243: posts small blind $0.50
nastja336: posts big blind $1
*** HOLE CARDS ***
Manifestorr: folds 
Gaita_toien: folds 
ReVeu710: folds 
rostickkin: folds 
Sparkle243: raises $1 to $2
nastja336: folds 
Uncalled bet ($1) returned to Sparkle243
Sparkle243 collected $2 from pot
*** SUMMARY ***
Total pot $2 | Rake $0 
Seat 1: Sparkle243 (small blind) collected ($2)
Seat 2: nastja336 (big blind) folded before Flop
Seat 3: Manifestorr folded before Flop (didn't bet)
Seat 4: Gaita_toien folded before Flop (didn't bet)
Seat 5: ReVeu710 folded before Flop (didn't bet)
Seat 6: rostickkin (button) folded before Flop (didn't bet)



PokerStars Hand #254424501349:  Hold'em No Limit ($0.50/$1.00 USD) - 2025/01/17 1:38:52 WET [2025/01/17 20:38:52 ET]
Table 'Kollaa III' 6-max Seat #1 is the button
Seat 1: Sparkle243 ($66.58 in chips) 
Seat 2: nastja336 ($100.50 in chips) 
Seat 3: Manifestorr ($100 in chips) 
Seat 4: Gaita_toien ($100 in chips) 
Seat 5: ReVeu710 ($133.86 in chips) 
Seat 6: rostickkin ($100 in chips) 
nastja336: posts small blind $0.50
Manifestorr: posts big blind $1
*** HOLE CARDS ***
Gaita_toien: folds 
ReVeu710: folds 
rostickkin: folds 
Sparkle243: folds 
nastja336: folds 
Uncalled bet ($0.50) returned to Manifestorr
Manifestorr collected $1 from pot
*** SUMMARY ***
Total pot $1 | Rake $0 
Seat 1: Sparkle243 (button) folded before Flop (didn't bet)
Seat 2: nastja336 (small blind) folded before Flop
Seat 3: Manifestorr (big blind) collected ($1)
Seat 4: Gaita_toien folded before Flop (didn't bet)
Seat 5: ReVeu710 folded before Flop (didn't bet)
Seat 6: rostickkin folded before Flop (didn't bet)



PokerStars Hand #254424504910:  Hold'em No Limit ($0.50/$1.00 USD) - 2025/01/17 1:39:11 WET [2025/01/17 20:39:11 ET]
Table 'Kollaa III' 6-max Seat #2 is the button
Seat 5: ReVeu710 ($133.86 in chips) is sitting out
Seat 1: Sparkle243 ($66.58 in chips) 
Seat 2: nastja336 ($100 in chips) 
Seat 3: Manifestorr ($100.50 in chips) 
Seat 4: Gaita_toien ($100 in chips) 
Seat 6: rostickkin ($100 in chips) 
Manifestorr: posts small blind $0.50
Gaita_toien: posts big blind $1
*** HOLE CARDS ***
rostickkin: folds 
Sparkle243: raises $1 to $2
nastja336: folds 
Manifestorr: folds 
Gaita_toien: raises $8 to $10
Sparkle243: folds 
Uncalled bet ($8) returned to Gaita_toien
Gaita_toien collected $4.50 from pot
Gaita_toien: doesn't show hand 
*** SUMMARY ***
Total pot $4.50 | Rake $0 
Seat 5: ReVeu710
Seat 1: Sparkle243 folded before Flop
Seat 2: nastja336 (button) folded before Flop (didn't bet)
Seat 3: Manifestorr (small blind) folded before Flop
Seat 4: Gaita_toien (big blind) collected ($4.50)
Seat 6: rostickkin folded before Flop (didn't bet)



PokerStars Hand #254424509405:  Hold'em No Limit ($0.50/$1.00 USD) - 2025/01/17 1:39:35 WET [2025/01/17 20:39:35 ET]
Table 'Kollaa III' 6-max Seat #3 is the button
Seat 5: ReVeu710 ($133.86 in chips) is sitting out
Seat 1: Sparkle243 ($64.58 in chips) 
Seat 2: nastja336 ($100 in chips) 
Seat 3: Manifestorr ($100 in chips) 
Seat 4: Gaita_toien ($102.50 in chips) 
Seat 6: rostickkin ($100 in chips) 
Gaita_toien: posts small blind $0.50
rostickkin: posts big blind $1
*** HOLE CARDS ***
Sparkle243: folds 
nastja336: folds 
Manifestorr: folds 
Gaita_toien: folds 
Uncalled bet ($0.50) returned to rostickkin
rostickkin collected $1 from pot
rostickkin: doesn't show hand 
*** SUMMARY ***
Total pot $1 | Rake $0 
Seat 5: ReVeu710
Seat 1: Sparkle243 folded before Flop (didn't bet)
Seat 2: nastja336 folded before Flop (didn't bet)
Seat 3: Manifestorr (button) folded before Flop (didn't bet)
Seat 4: Gaita_toien (small blind) folded before Flop
Seat 6: rostickkin (big blind) collected ($1)



PokerStars Hand #254424511899:  Hold'em No Limit ($0.50/$1.00 USD) - 2025/01/17 1:39:48 WET [2025/01/17 20:39:48 ET]
Table 'Kollaa III' 6-max Seat #4 is the button
Seat 5: ReVeu710 ($133.86 in chips) is sitting out
Seat 1: Sparkle243 ($64.58 in chips) 
Seat 2: nastja336 ($100 in chips) 
Seat 3: Manifestorr ($100 in chips) 
Seat 4: Gaita_toien ($102 in chips) 
Seat 6: rostickkin ($100.50 in chips) 
rostickkin: posts small blind $0.50
Sparkle243: posts big blind $1
*** HOLE CARDS ***
nastja336: folds 
Manifestorr: raises $1.20 to $2.20
Gaita_toien: folds 
rostickkin: folds 
Sparkle243: calls $1.20
*** FLOP *** [Kd 5s 3d]
Sparkle243: checks 
Manifestorr: bets $1.54
Sparkle243: calls $1.54
*** TURN *** [Kd 5s 3d] [5c]
Sparkle243: checks 
Manifestorr: checks 
*** RIVER *** [Kd 5s 3d 5c] [6c]
Sparkle243: bets $4
Manifestorr: calls $4
*** SHOW DOWN ***
Sparkle243: shows [Th Jh] (a pair of Fives)
Manifestorr: shows [7h 7d] (two pair, Sevens and Fives)
Manifestorr collected $15.18 from pot
*** SUMMARY ***
Total pot $15.98 | Rake $0.80 
Board [Kd 5s 3d 5c 6c]
Seat 5: ReVeu710
Seat 1: Sparkle243 (big blind) showed [Th Jh] and lost with a pair of Fives
Seat 2: nastja336 folded before Flop (didn't bet)
Seat 3: Manifestorr showed [7h 7d] and won ($15.18) with two pair, Sevens and Fives
Seat 4: Gaita_toien (button) folded before Flop (didn't bet)
Seat 6: rostickkin (small blind) folded before Flop



PokerStars Hand #254424517618:  Hold'em No Limit ($0.50/$1.00 USD) - 2025/01/17 1:40:18 WET [2025/01/17 20:40:18 ET]
Table 'Kollaa III' 6-max Seat #6 is the button
Seat 5: ReVeu710 ($133.86 in chips) is sitting out
Seat 1: Sparkle243 ($56.84 in chips) 
Seat 2: nastja336 ($100 in chips) 
Seat 3: Manifestorr ($107.44 in chips) 
Seat 4: Gaita_toien ($102 in chips) 
Seat 6: rostickkin ($100 in chips) 
Sparkle243: posts small blind $0.50
nastja336: posts big blind $1
*** HOLE CARDS ***
Manifestorr: folds 
Gaita_toien: folds 
rostickkin: raises $1.50 to $2.50
Sparkle243: folds 
nastja336: raises $9.50 to $12
rostickkin: folds 
Uncalled bet ($9.50) returned to nastja336
nastja336 collected $5.50 from pot
nastja336: doesn't show hand 
*** SUMMARY ***
Total pot $5.50 | Rake $0 
Seat 5: ReVeu710
Seat 1: Sparkle243 (small blind) folded before Flop
Seat 2: nastja336 (big blind) collected ($5.50)
Seat 3: Manifestorr folded before Flop (didn't bet)
Seat 4: Gaita_toien folded before Flop (didn't bet)
Seat 6: rostickkin (button) folded before Flop



PokerStars Hand #254424524030:  Hold'em No Limit ($0.50/$1.00 USD) - 2025/01/17 1:40:51 WET [2025/01/17 20:40:51 ET]
Table 'Kollaa III' 6-max Seat #1 is the button
Seat 5: ReVeu710 ($133.86 in chips) is sitting out
Seat 1: Sparkle243 ($56.34 in chips) 
Seat 2: nastja336 ($103 in chips) 
Seat 3: Manifestorr ($107.44 in chips) 
Seat 4: Gaita_toien ($102 in chips) 
Seat 6: rostickkin ($100 in chips) 
nastja336: posts small blind $0.50
Manifestorr: posts big blind $1
*** HOLE CARDS ***
Gaita_toien: raises $1.20 to $2.20
rostickkin: folds 
Sparkle243: calls $2.20
nastja336: folds 
Manifestorr: folds 
*** FLOP *** [Qs 2c Qh]
Gaita_toien: checks 
Sparkle243: checks 
*** TURN *** [Qs 2c Qh] [Ts]
Gaita_toien: bets $1.62
Sparkle243: folds 
Uncalled bet ($1.62) returned to Gaita_toien
Gaita_toien collected $5.60 from pot
Gaita_toien: doesn't show hand 
*** SUMMARY ***
Total pot $5.90 | Rake $0.30 
Board [Qs 2c Qh Ts]
Seat 5: ReVeu710
Seat 1: Sparkle243 (button) folded on the Turn
Seat 2: nastja336 (small blind) folded before Flop
Seat 3: Manifestorr (big blind) folded before Flop
Seat 4: Gaita_toien collected ($5.60)
Seat 6: rostickkin folded before Flop (didn't bet)



PokerStars Hand #254424532943:  Hold'em No Limit ($0.50/$1.00 USD) - 2025/01/17 1:41:38 WET [2025/01/17 20:41:38 ET]
Table 'Kollaa III' 6-max Seat #2 is the button
Seat 5: ReVeu710 ($133.86 in chips) is sitting out
Seat 1: Sparkle243 ($54.14 in chips) 
Seat 2: nastja336 ($102.50 in chips) 
Seat 3: Manifestorr ($106.44 in chips) 
Seat 4: Gaita_toien ($105.40 in chips) 
Seat 6: rostickkin ($100 in chips) 
Manifestorr: posts small blind $0.50
Gaita_toien: posts big blind $1
*** HOLE CARDS ***
rostickkin: raises $1.50 to $2.50
Sparkle243: folds 
nastja336: folds 
Manifestorr: folds 
Gaita_toien: folds 
Uncalled bet ($1.50) returned to rostickkin
rostickkin collected $2.50 from pot
rostickkin: doesn't show hand 
*** SUMMARY ***
Total pot $2.50 | Rake $0 
Seat 5: ReVeu710
Seat 1: Sparkle243 folded before Flop (didn't bet)
Seat 2: nastja336 (button) folded before Flop (didn't bet)
Seat 3: Manifestorr (small blind) folded before Flop
Seat 4: Gaita_toien (big blind) folded before Flop
Seat 6: rostickkin collected ($2.50)



PokerStars Hand #254424537038:  Hold'em No Limit ($0.50/$1.00 USD) - 2025/01/17 1:41:59 WET [2025/01/17 20:41:59 ET]
Table 'Kollaa III' 6-max Seat #3 is the button
Seat 5: ReVeu710 ($133.86 in chips) is sitting out
Seat 1: Sparkle243 ($54.14 in chips) 
Seat 2: nastja336 ($102.50 in chips) 
Seat 3: Manifestorr ($105.94 in chips) 
Seat 4: Gaita_toien ($104.40 in chips) 
Seat 6: rostickkin ($101.50 in chips) 
Gaita_toien: posts small blind $0.50
rostickkin: posts big blind $1
*** HOLE CARDS ***
Sparkle243: folds 
nastja336: folds 
Manifestorr: folds 
Gaita_toien: folds 
Uncalled bet ($0.50) returned to rostickkin
rostickkin collected $1 from pot
rostickkin: doesn't show hand 
*** SUMMARY ***
Total pot $1 | Rake $0 
Seat 5: ReVeu710
Seat 1: Sparkle243 folded before Flop (didn't bet)
Seat 2: nastja336 folded before Flop (didn't bet)
Seat 3: Manifestorr (button) folded before Flop (didn't bet)
Seat 4: Gaita_toien (small blind) folded before Flop
Seat 6: rostickkin (big blind) collected ($1)



PokerStars Hand #254424538913:  Hold'em No Limit ($0.50/$1.00 USD) - 2025/01/17 1:42:09 WET [2025/01/17 20:42:09 ET]
Table 'Kollaa III' 6-max Seat #4 is the button
Seat 5: ReVeu710 ($133.86 in chips) is sitting out
Seat 1: Sparkle243 ($54.14 in chips) 
Seat 2: nastja336 ($102.50 in chips) 
Seat 3: Manifestorr ($105.94 in chips) 
Seat 4: Gaita_toien ($103.90 in chips) 
Seat 6: rostickkin ($102 in chips) 
rostickkin: posts small blind $0.50
Sparkle243: posts big blind $1
*** HOLE CARDS ***
nastja336: folds 
Manifestorr: folds 
Gaita_toien: raises $1.50 to $2.50
rostickkin: folds 
Sparkle243: calls $1.50
*** FLOP *** [9s 9h 5h]
Sparkle243: checks 
Gaita_toien: bets $1.51
Sparkle243: calls $1.51
*** TURN *** [9s 9h 5h] [Jd]
Sparkle243: checks 
Gaita_toien: checks 
*** RIVER *** [9s 9h 5h Jd] [2h]
Sparkle243: bets $4.05
Gaita_toien: calls $4.05
*** SHOW DOWN ***
Sparkle243: shows [5d Js] (two pair, Jacks and Nines)
Gaita_toien: mucks hand 
Sparkle243 collected $15.79 from pot
*** SUMMARY ***
Total pot $16.62 | Rake $0.83 
Board [9s 9h 5h Jd 2h]
Seat 5: ReVeu710
Seat 1: Sparkle243 (big blind) showed [5d Js] and won ($15.79) with two pair, Jacks and Nines
Seat 2: nastja336 folded before Flop (didn't bet)
Seat 3: Manifestorr folded before Flop (didn't bet)
Seat 4: Gaita_toien (button) mucked
Seat 6: rostickkin (small blind) folded before Flop



PokerStars Hand #254424549813:  Hold'em No Limit ($0.50/$1.00 USD) - 2025/01/17 1:43:07 WET [2025/01/17 20:43:07 ET]
Table 'Kollaa III' 6-max Seat #6 is the button
Seat 5: ReVeu710 ($133.86 in chips) is sitting out
Seat 1: Sparkle243 ($61.87 in chips) 
Seat 2: nastja336 ($102.50 in chips) 
Seat 3: Manifestorr ($105.94 in chips) 
Seat 4: Gaita_toien ($100 in chips) 
Seat 6: rostickkin ($101.50 in chips) 
Sparkle243: posts small blind $0.50
nastja336: posts big blind $1
*** HOLE CARDS ***
Manifestorr: folds 
Gaita_toien: folds 
rostickkin: raises $1.50 to $2.50
Sparkle243: calls $2
nastja336: raises $11.50 to $14
rostickkin: folds 
Sparkle243: folds 
Uncalled bet ($11.50) returned to nastja336
nastja336 collected $7.50 from pot
nastja336: doesn't show hand 
*** SUMMARY ***
Total pot $7.50 | Rake $0 
Seat 5: ReVeu710
Seat 1: Sparkle243 (small blind) folded before Flop
Seat 2: nastja336 (big blind) collected ($7.50)
Seat 3: Manifestorr folded before Flop (didn't bet)
Seat 4: Gaita_toien folded before Flop (didn't bet)
Seat 6: rostickkin (button) folded before Flop



PokerStars Hand #254424555429:  Hold'em No Limit ($0.50/$1.00 USD) - 2025/01/17 1:43:37 WET [2025/01/17 20:43:37 ET]
Table 'Kollaa III' 6-max Seat #1 is the button
Seat 5: ReVeu710 ($133.86 in chips) is sitting out
Seat 1: Sparkle243 ($59.37 in chips) 
Seat 2: nastja336 ($107.50 in chips) 
Seat 3: Manifestorr ($105.94 in chips) 
Seat 4: Gaita_toien ($100 in chips) 
Seat 6: rostickkin ($100 in chips) 
nastja336: posts small blind $0.50
Manifestorr: posts big blind $1
ReVeu710: sits out 
*** HOLE CARDS ***
Gaita_toien: folds 
rostickkin: folds 
Sparkle243: raises $1.30 to $2.30
nastja336: folds 
Manifestorr: calls $1.30
*** FLOP *** [7h Jc Js]
Manifestorr: checks 
Sparkle243: bets $3
Manifestorr: folds 
Uncalled bet ($3) returned to Sparkle243
Sparkle243 collected $4.84 from pot
*** SUMMARY ***
Total pot $5.10 | Rake $0.26 
Board [7h Jc Js]
Seat 5: ReVeu710
Seat 1: Sparkle243 (button) collected ($4.84)
Seat 2: nastja336 (small blind) folded before Flop
Seat 3: Manifestorr (big blind) folded on the Flop
Seat 4: Gaita_toien folded before Flop (didn't bet)
Seat 6: rostickkin folded before Flop (didn't bet)



PokerStars Hand #254424562556:  Hold'em No Limit ($0.50/$1.00 USD) - 2025/01/17 1:44:15 WET [2025/01/17 20:44:15 ET]
Table 'Kollaa III' 6-max Seat #2 is the button
Seat 5: ReVeu710 ($133.86 in chips) is sitting out
Seat 1: Sparkle243 ($61.91 in chips) 
Seat 2: nastja336 ($107 in chips) 
Seat 3: Manifestorr ($103.64 in chips) 
Seat 4: Gaita_toien ($100 in chips) 
Seat 6: rostickkin ($100 in chips) 
Manifestorr: posts small blind $0.50
Gaita_toien: posts big blind $1
ReVeu710: sits out 
*** HOLE CARDS ***
rostickkin: folds 
Sparkle243: folds 
nastja336: folds 
Manifestorr: folds 
Uncalled bet ($0.50) returned to Gaita_toien
Gaita_toien collected $1 from pot
Gaita_toien: doesn't show hand 
*** SUMMARY ***
Total pot $1 | Rake $0 
Seat 5: ReVeu710
Seat 1: Sparkle243 folded before Flop (didn't bet)
Seat 2: nastja336 (button) folded before Flop (didn't bet)
Seat 3: Manifestorr (small blind) folded before Flop
Seat 4: Gaita_toien (big blind) collected ($1)
Seat 6: rostickkin folded before Flop (didn't bet)



PokerStars Hand #254424564985:  Hold'em No Limit ($0.50/$1.00 USD) - 2025/01/17 1:44:28 WET [2025/01/17 20:44:28 ET]
Table 'Kollaa III' 6-max Seat #3 is the button
Seat 1: Sparkle243 ($61.91 in chips) 
Seat 2: nastja336 ($107 in chips) 
Seat 3: Manifestorr ($103.14 in chips) 
Seat 4: Gaita_toien ($100.50 in chips) 
Seat 5: ReVeu710 ($133.86 in chips) 
Seat 6: rostickkin ($100 in chips) 
Gaita_toien: posts small blind $0.50
ReVeu710: posts big blind $1
*** HOLE CARDS ***
rostickkin: folds 
Sparkle243: raises $1 to $2
nastja336: folds 
Manifestorr: folds 
Gaita_toien: folds 
ReVeu710: folds 
Uncalled bet ($1) returned to Sparkle243
Sparkle243 collected $2.50 from pot
*** SUMMARY ***
Total pot $2.50 | Rake $0 
Seat 1: Sparkle243 collected ($2.50)
Seat 2: nastja336 folded before Flop (didn't bet)
Seat 3: Manifestorr (button) folded before Flop (didn't bet)
Seat 4: Gaita_toien (small blind) folded before Flop
Seat 5: ReVeu710 (big blind) folded before Flop
Seat 6: rostickkin folded before Flop (didn't bet)



PokerStars Hand #254424569335:  Hold'em No Limit ($0.50/$1.00 USD) - 2025/01/17 1:44:51 WET [2025/01/17 20:44:51 ET]
Table 'Kollaa III' 6-max Seat #4 is the button
Seat 1: Sparkle243 ($63.41 in chips) 
Seat 2: nastja336 ($107 in chips) 
Seat 3: Manifestorr ($103.14 in chips) 
Seat 4: Gaita_toien ($100 in chips) 
Seat 5: ReVeu710 ($132.86 in chips) 
Seat 6: rostickkin ($100 in chips) 
ReVeu710: posts small blind $0.50
rostickkin: posts big blind $1
*** HOLE CARDS ***
Sparkle243: calls $1
nastja336: raises $4 to $5
Manifestorr: folds 
Gaita_toien: folds 
ReVeu710: folds 
rostickkin: folds 
Sparkle243: raises $9 to $14
nastja336: folds 
Uncalled bet ($9) returned to Sparkle243
Sparkle243 collected $11.50 from pot
*** SUMMARY ***
Total pot $11.50 | Rake $0 
Seat 1: Sparkle243 collected ($11.50)
Seat 2: nastja336 folded before Flop
Seat 3: Manifestorr folded before Flop (didn't bet)
Seat 4: Gaita_toien (button) folded before Flop (didn't bet)
Seat 5: ReVeu710 (small blind) folded before Flop
Seat 6: rostickkin (big blind) folded before Flop



PokerStars Hand #254424575366:  Hold'em No Limit ($0.50/$1.00 USD) - 2025/01/17 1:45:24 WET [2025/01/17 20:45:24 ET]
Table 'Kollaa III' 6-max Seat #5 is the button
Seat 1: Sparkle243 ($69.91 in chips) 
Seat 2: nastja336 ($102 in chips) 
Seat 3: Manifestorr ($103.14 in chips) 
Seat 4: Gaita_toien ($100 in chips) 
Seat 5: ReVeu710 ($132.36 in chips) 
Seat 6: rostickkin ($100 in chips) 
rostickkin: posts small blind $0.50
Sparkle243: posts big blind $1
*** HOLE CARDS ***
nastja336: folds 
Manifestorr: folds 
Gaita_toien: folds 
ReVeu710: raises $1.50 to $2.50
rostickkin: folds 
Sparkle243: calls $1.50
*** FLOP *** [4c 4s Kh]
Sparkle243: checks 
ReVeu710: bets $1.30
Sparkle243: calls $1.30
*** TURN *** [4c 4s Kh] [8d]
Sparkle243: checks 
ReVeu710: bets $4.16
Sparkle243: calls $4.16
*** RIVER *** [4c 4s Kh 8d] [3c]
Sparkle243: checks 
ReVeu710: bets $27.46
Sparkle243: calls $27.46
*** SHOW DOWN ***
ReVeu710: shows [Ah Kd] (two pair, Kings and Fours)
Sparkle243: mucks hand 
ReVeu710 collected $68.84 from pot
*** SUMMARY ***
Total pot $71.34 | Rake $2.50 
Board [4c 4s Kh 8d 3c]
Seat 1: Sparkle243 (big blind) mucked
Seat 2: nastja336 folded before Flop (didn't bet)
Seat 3: Manifestorr folded before Flop (didn't bet)
Seat 4: Gaita_toien folded before Flop (didn't bet)
Seat 5: ReVeu710 (button) showed [Ah Kd] and won ($68.84) with two pair, Kings and Fours
Seat 6: rostickkin (small blind) folded before Flop



PokerStars Hand #254424588392:  Hold'em No Limit ($0.50/$1.00 USD) - 2025/01/17 1:46:34 WET [2025/01/17 20:46:34 ET]
Table 'Kollaa III' 6-max Seat #6 is the button
Seat 1: Sparkle243 ($34.49 in chips) 
Seat 2: nastja336 ($102 in chips) 
Seat 3: Manifestorr ($103.14 in chips) 
Seat 4: Gaita_toien ($100 in chips) 
Seat 5: ReVeu710 ($165.78 in chips) 
Seat 6: rostickkin ($100 in chips) 
Sparkle243: posts small blind $0.50
nastja336: posts big blind $1
*** HOLE CARDS ***
Manifestorr: folds 
Gaita_toien: folds 
ReVeu710: raises $1.30 to $2.30
rostickkin: folds 
Sparkle243: calls $1.80
nastja336: calls $1.30
*** FLOP *** [Td Qh 8h]
Sparkle243: checks 
nastja336: checks 
ReVeu710: checks 
*** TURN *** [Td Qh 8h] [7s]
Sparkle243: bets $3.28
nastja336: folds 
ReVeu710: folds 
Uncalled bet ($3.28) returned to Sparkle243
Sparkle243 collected $6.56 from pot
*** SUMMARY ***
Total pot $6.90 | Rake $0.34 
Board [Td Qh 8h 7s]
Seat 1: Sparkle243 (small blind) collected ($6.56)
Seat 2: nastja336 (big blind) folded on the Turn
Seat 3: Manifestorr folded before Flop (didn't bet)
Seat 4: Gaita_toien folded before Flop (didn't bet)
Seat 5: ReVeu710 folded on the Turn
Seat 6: rostickkin (button) folded before Flop (didn't bet)



PokerStars Hand #254424596972:  Hold'em No Limit ($0.50/$1.00 USD) - 2025/01/17 1:47:20 WET [2025/01/17 20:47:20 ET]
Table 'Kollaa III' 6-max Seat #2 is the button
Seat 1: Sparkle243 ($38.75 in chips) is sitting out
Seat 2: nastja336 ($100 in chips) 
Seat 3: Manifestorr ($103.14 in chips) 
Seat 4: Gaita_toien ($100 in chips) 
Seat 5: ReVeu710 ($163.48 in chips) 
Seat 6: rostickkin ($100 in chips) 
Manifestorr: posts small blind $0.50
Gaita_toien: posts big blind $1
*** HOLE CARDS ***
Sparkle243 leaves the table
ReVeu710: folds 
rostickkin: folds 
ReVeu710 leaves the table
nastja336: raises $1.50 to $2.50
Manifestorr: folds 
Gaita_toien: folds 
Uncalled bet ($1.50) returned to nastja336
nastja336 collected $2.50 from pot
nastja336: doesn't show hand 
*** SUMMARY ***
Total pot $2.50 | Rake $0 
Seat 1: Sparkle243
Seat 2: nastja336 (button) collected ($2.50)
Seat 3: Manifestorr (small blind) folded before Flop
Seat 4: Gaita_toien (big blind) folded before Flop
Seat 5: ReVeu710 folded before Flop (didn't bet)
Seat 6: rostickkin folded before Flop (didn't bet)



