PokerStars Hand #254411968546:  Hold'em No Limit ($0.50/$1.00 USD) - 2025/01/17 9:58:35 WET [2025/01/17 4:58:35 ET]
Table 'Aura III' 6-max Seat #1 is the button
Seat 1: Pippa83 ($100 in chips) 
Seat 2: SeEevg ($100 in chips) 
Seat 3: ponchua ($102.72 in chips) 
Seat 4: Y_19 ($100 in chips) 
Seat 5: crzyfella12 ($42.66 in chips) 
Seat 6: StandPatBottom ($112.27 in chips) 
SeEevg: posts small blind $0.50
ponchua: posts big blind $1
*** HOLE CARDS ***
Y_19: folds 
crzyfella12: calls $1
StandPatBottom: folds 
Pippa83: raises $2.50 to $3.50
SeEevg: folds 
ponchua: folds 
crzyfella12: calls $2.50
*** FLOP *** [Ac 7h 8h]
crzyfella12: checks 
Pippa83: bets $1.62
crzyfella12: folds 
Uncalled bet ($1.62) returned to Pippa83
Pippa83 collected $8.08 from pot
Pippa83: doesn't show hand 
*** SUMMARY ***
Total pot $8.50 | Rake $0.42 
Board [Ac 7h 8h]
Seat 1: Pippa83 (button) collected ($8.08)
Seat 2: SeEevg (small blind) folded before Flop
Seat 3: ponchua (big blind) folded before Flop
Seat 4: Y_19 folded before Flop (didn't bet)
Seat 5: crzyfella12 folded on the Flop
Seat 6: StandPatBottom folded before Flop (didn't bet)



PokerStars Hand #254411972422:  Hold'em No Limit ($0.50/$1.00 USD) - 2025/01/17 9:59:20 WET [2025/01/17 4:59:20 ET]
Table 'Aura III' 6-max Seat #2 is the button
Seat 1: Pippa83 ($104.58 in chips) 
Seat 2: SeEevg ($100 in chips) 
Seat 3: ponchua ($101.72 in chips) 
Seat 4: Y_19 ($100 in chips) 
Seat 5: crzyfella12 ($39.16 in chips) 
Seat 6: StandPatBottom ($112.27 in chips) 
ponchua: posts small blind $0.50
Y_19: posts big blind $1
*** HOLE CARDS ***
crzyfella12: folds 
StandPatBottom: folds 
Pippa83: folds 
SeEevg: folds 
ponchua: raises $2 to $3
Y_19: folds 
Uncalled bet ($2) returned to ponchua
ponchua collected $2 from pot
ponchua: doesn't show hand 
*** SUMMARY ***
Total pot $2 | Rake $0 
Seat 1: Pippa83 folded before Flop (didn't bet)
Seat 2: SeEevg (button) folded before Flop (didn't bet)
Seat 3: ponchua (small blind) collected ($2)
Seat 4: Y_19 (big blind) folded before Flop
Seat 5: crzyfella12 folded before Flop (didn't bet)
Seat 6: StandPatBottom folded before Flop (didn't bet)



PokerStars Hand #254411974826:  Hold'em No Limit ($0.50/$1.00 USD) - 2025/01/17 9:59:48 WET [2025/01/17 4:59:48 ET]
Table 'Aura III' 6-max Seat #3 is the button
Seat 1: Pippa83 ($104.58 in chips) 
Seat 2: SeEevg ($100 in chips) 
Seat 3: ponchua ($102.72 in chips) 
Seat 4: Y_19 ($100 in chips) 
Seat 5: crzyfella12 ($39.16 in chips) 
Seat 6: StandPatBottom ($112.27 in chips) 
Y_19: posts small blind $0.50
crzyfella12: posts big blind $1
*** HOLE CARDS ***
StandPatBottom: raises $1 to $2
Pippa83: folds 
SeEevg: folds 
ponchua: folds 
Y_19: folds 
crzyfella12: calls $1
*** FLOP *** [Td Ks 3d]
crzyfella12: checks 
StandPatBottom: checks 
*** TURN *** [Td Ks 3d] [9h]
crzyfella12: bets $1
StandPatBottom: folds 
Uncalled bet ($1) returned to crzyfella12
crzyfella12 collected $4.28 from pot
crzyfella12: shows [Jh Ts] (a pair of Tens)
*** SUMMARY ***
Total pot $4.50 | Rake $0.22 
Board [Td Ks 3d 9h]
Seat 1: Pippa83 folded before Flop (didn't bet)
Seat 2: SeEevg folded before Flop (didn't bet)
Seat 3: ponchua (button) folded before Flop (didn't bet)
Seat 4: Y_19 (small blind) folded before Flop
Seat 5: crzyfella12 (big blind) collected ($4.28)
Seat 6: StandPatBottom folded on the Turn



PokerStars Hand #254411977496:  Hold'em No Limit ($0.50/$1.00 USD) - 2025/01/17 10:00:18 WET [2025/01/17 5:00:18 ET]
Table 'Aura III' 6-max Seat #4 is the button
Seat 1: Pippa83 ($104.58 in chips) 
Seat 2: SeEevg ($100 in chips) 
Seat 3: ponchua ($102.72 in chips) 
Seat 4: Y_19 ($100 in chips) 
Seat 5: crzyfella12 ($41.44 in chips) 
Seat 6: StandPatBottom ($110.27 in chips) 
crzyfella12: posts small blind $0.50
StandPatBottom: posts big blind $1
*** HOLE CARDS ***
Pippa83: folds 
SeEevg: folds 
ponchua: folds 
Y_19: raises $1.23 to $2.23
crzyfella12: folds 
StandPatBottom: folds 
Uncalled bet ($1.23) returned to Y_19
Y_19 collected $2.50 from pot
Y_19: doesn't show hand 
*** SUMMARY ***
Total pot $2.50 | Rake $0 
Seat 1: Pippa83 folded before Flop (didn't bet)
Seat 2: SeEevg folded before Flop (didn't bet)
Seat 3: ponchua folded before Flop (didn't bet)
Seat 4: Y_19 (button) collected ($2.50)
Seat 5: crzyfella12 (small blind) folded before Flop
Seat 6: StandPatBottom (big blind) folded before Flop



PokerStars Hand #254411979211:  Hold'em No Limit ($0.50/$1.00 USD) - 2025/01/17 10:00:36 WET [2025/01/17 5:00:36 ET]
Table 'Aura III' 6-max Seat #5 is the button
Seat 1: Pippa83 ($104.58 in chips) 
Seat 2: SeEevg ($100 in chips) 
Seat 3: ponchua ($102.72 in chips) 
Seat 4: Y_19 ($101.50 in chips) 
Seat 5: crzyfella12 ($40.94 in chips) 
Seat 6: StandPatBottom ($109.27 in chips) 
StandPatBottom: posts small blind $0.50
Pippa83: posts big blind $1
*** HOLE CARDS ***
SeEevg has timed out
SeEevg: folds 
ponchua: folds 
Y_19: raises $1.23 to $2.23
crzyfella12: calls $2.23
StandPatBottom: raises $6.69 to $8.92
Pippa83: folds 
Y_19: folds 
crzyfella12: folds 
Uncalled bet ($6.69) returned to StandPatBottom
StandPatBottom collected $7.69 from pot
*** SUMMARY ***
Total pot $7.69 | Rake $0 
Seat 1: Pippa83 (big blind) folded before Flop
Seat 2: SeEevg folded before Flop (didn't bet)
Seat 3: ponchua folded before Flop (didn't bet)
Seat 4: Y_19 folded before Flop
Seat 5: crzyfella12 (button) folded before Flop
Seat 6: StandPatBottom (small blind) collected ($7.69)



PokerStars Hand #254411983306:  Hold'em No Limit ($0.50/$1.00 USD) - 2025/01/17 10:01:16 WET [2025/01/17 5:01:16 ET]
Table 'Aura III' 6-max Seat #6 is the button
Seat 1: Pippa83 ($103.58 in chips) 
Seat 2: SeEevg ($100 in chips) 
Seat 3: ponchua ($102.72 in chips) 
Seat 4: Y_19 ($100 in chips) 
Seat 5: crzyfella12 ($38.71 in chips) 
Seat 6: StandPatBottom ($114.73 in chips) 
Pippa83: posts small blind $0.50
SeEevg: posts big blind $1
*** HOLE CARDS ***
ponchua: folds 
Y_19: folds 
crzyfella12: folds 
StandPatBottom: raises $1 to $2
Pippa83: calls $1.50
SeEevg: folds 
*** FLOP *** [5d 8s Qc]
Pippa83: checks 
StandPatBottom: checks 
*** TURN *** [5d 8s Qc] [7c]
Pippa83: bets $3.56
StandPatBottom: folds 
Uncalled bet ($3.56) returned to Pippa83
Pippa83 collected $4.75 from pot
Pippa83: doesn't show hand 
*** SUMMARY ***
Total pot $5 | Rake $0.25 
Board [5d 8s Qc 7c]
Seat 1: Pippa83 (small blind) collected ($4.75)
Seat 2: SeEevg (big blind) folded before Flop
Seat 3: ponchua folded before Flop (didn't bet)
Seat 4: Y_19 folded before Flop (didn't bet)
Seat 5: crzyfella12 folded before Flop (didn't bet)
Seat 6: StandPatBottom (button) folded on the Turn



PokerStars Hand #254411988438:  Hold'em No Limit ($0.50/$1.00 USD) - 2025/01/17 10:02:06 WET [2025/01/17 5:02:06 ET]
Table 'Aura III' 6-max Seat #1 is the button
Seat 1: Pippa83 ($106.33 in chips) 
Seat 2: SeEevg ($100 in chips) 
Seat 3: ponchua ($102.72 in chips) 
Seat 4: Y_19 ($100 in chips) 
Seat 5: crzyfella12 ($38.71 in chips) 
Seat 6: StandPatBottom ($112.73 in chips) 
SeEevg: posts small blind $0.50
ponchua: posts big blind $1
*** HOLE CARDS ***
Y_19: folds 
crzyfella12: folds 
StandPatBottom: folds 
Pippa83: raises $1.50 to $2.50
SeEevg: folds 
ponchua: folds 
Uncalled bet ($1.50) returned to Pippa83
Pippa83 collected $2.50 from pot
Pippa83: doesn't show hand 
*** SUMMARY ***
Total pot $2.50 | Rake $0 
Seat 1: Pippa83 (button) collected ($2.50)
Seat 2: SeEevg (small blind) folded before Flop
Seat 3: ponchua (big blind) folded before Flop
Seat 4: Y_19 folded before Flop (didn't bet)
Seat 5: crzyfella12 folded before Flop (didn't bet)
Seat 6: StandPatBottom folded before Flop (didn't bet)



PokerStars Hand #254411990687:  Hold'em No Limit ($0.50/$1.00 USD) - 2025/01/17 10:02:27 WET [2025/01/17 5:02:27 ET]
Table 'Aura III' 6-max Seat #2 is the button
Seat 1: Pippa83 ($107.83 in chips) 
Seat 2: SeEevg ($100 in chips) 
Seat 3: ponchua ($101.72 in chips) 
Seat 4: Y_19 ($100 in chips) 
Seat 5: crzyfella12 ($38.71 in chips) 
Seat 6: StandPatBottom ($112.73 in chips) 
ponchua: posts small blind $0.50
Y_19: posts big blind $1
*** HOLE CARDS ***
crzyfella12: calls $1
StandPatBottom: raises $2 to $3
Pippa83: raises $6 to $9
SeEevg: folds 
ponchua: folds 
Y_19: folds 
crzyfella12: calls $8
StandPatBottom: calls $6
*** FLOP *** [7h 4s Qd]
crzyfella12: checks 
StandPatBottom: checks 
Pippa83: bets $8.94
crzyfella12: folds 
StandPatBottom: calls $8.94
*** TURN *** [7h 4s Qd] [3s]
StandPatBottom: checks 
Pippa83: checks 
*** RIVER *** [7h 4s Qd 3s] [Ts]
StandPatBottom: checks 
Pippa83: checks 
*** SHOW DOWN ***
StandPatBottom: shows [3d 6d] (a pair of Threes)
Pippa83: shows [8s 8c] (a pair of Eights)
Pippa83 collected $44.06 from pot
*** SUMMARY ***
Total pot $46.38 | Rake $2.32 
Board [7h 4s Qd 3s Ts]
Seat 1: Pippa83 showed [8s 8c] and won ($44.06) with a pair of Eights
Seat 2: SeEevg (button) folded before Flop (didn't bet)
Seat 3: ponchua (small blind) folded before Flop
Seat 4: Y_19 (big blind) folded before Flop
Seat 5: crzyfella12 folded on the Flop
Seat 6: StandPatBottom showed [3d 6d] and lost with a pair of Threes



PokerStars Hand #254411999393:  Hold'em No Limit ($0.50/$1.00 USD) - 2025/01/17 10:03:49 WET [2025/01/17 5:03:49 ET]
Table 'Aura III' 6-max Seat #3 is the button
Seat 1: Pippa83 ($133.95 in chips) 
Seat 2: SeEevg ($100 in chips) 
Seat 3: ponchua ($101.22 in chips) 
Seat 4: Y_19 ($100 in chips) 
Seat 5: crzyfella12 ($29.71 in chips) 
Seat 6: StandPatBottom ($94.79 in chips) 
Y_19: posts small blind $0.50
crzyfella12: posts big blind $1
*** HOLE CARDS ***
StandPatBottom: raises $1 to $2
Pippa83: folds 
SeEevg: folds 
ponchua: folds 
Y_19: folds 
crzyfella12: calls $1
*** FLOP *** [Js 9s 7c]
crzyfella12: bets $1
StandPatBottom: calls $1
*** TURN *** [Js 9s 7c] [2c]
crzyfella12: bets $2
StandPatBottom: folds 
Uncalled bet ($2) returned to crzyfella12
crzyfella12 collected $6.18 from pot
*** SUMMARY ***
Total pot $6.50 | Rake $0.32 
Board [Js 9s 7c 2c]
Seat 1: Pippa83 folded before Flop (didn't bet)
Seat 2: SeEevg folded before Flop (didn't bet)
Seat 3: ponchua (button) folded before Flop (didn't bet)
Seat 4: Y_19 (small blind) folded before Flop
Seat 5: crzyfella12 (big blind) collected ($6.18)
Seat 6: StandPatBottom folded on the Turn



PokerStars Hand #254412003683:  Hold'em No Limit ($0.50/$1.00 USD) - 2025/01/17 10:04:30 WET [2025/01/17 5:04:30 ET]
Table 'Aura III' 6-max Seat #4 is the button
Seat 1: Pippa83 ($133.95 in chips) 
Seat 2: SeEevg ($100 in chips) 
Seat 3: ponchua ($101.22 in chips) 
Seat 4: Y_19 ($100 in chips) 
Seat 5: crzyfella12 ($32.89 in chips) 
Seat 6: StandPatBottom ($91.79 in chips) 
crzyfella12: posts small blind $0.50
StandPatBottom: posts big blind $1
*** HOLE CARDS ***
Pippa83: folds 
SeEevg: folds 
ponchua: raises $1.50 to $2.50
Y_19: folds 
crzyfella12: calls $2
StandPatBottom: calls $1.50
*** FLOP *** [Jh 7d 4h]
crzyfella12: checks 
StandPatBottom: checks 
ponchua: bets $3.63
crzyfella12: folds 
StandPatBottom: folds 
Uncalled bet ($3.63) returned to ponchua
ponchua collected $7.12 from pot
ponchua: doesn't show hand 
*** SUMMARY ***
Total pot $7.50 | Rake $0.38 
Board [Jh 7d 4h]
Seat 1: Pippa83 folded before Flop (didn't bet)
Seat 2: SeEevg folded before Flop (didn't bet)
Seat 3: ponchua collected ($7.12)
Seat 4: Y_19 (button) folded before Flop (didn't bet)
Seat 5: crzyfella12 (small blind) folded on the Flop
Seat 6: StandPatBottom (big blind) folded on the Flop



PokerStars Hand #254412009780:  Hold'em No Limit ($0.50/$1.00 USD) - 2025/01/17 10:05:27 WET [2025/01/17 5:05:27 ET]
Table 'Aura III' 6-max Seat #5 is the button
Seat 1: Pippa83 ($133.95 in chips) 
Seat 2: SeEevg ($100 in chips) 
Seat 3: ponchua ($105.84 in chips) 
Seat 4: Y_19 ($100 in chips) 
Seat 5: crzyfella12 ($30.39 in chips) 
Seat 6: StandPatBottom ($89.29 in chips) 
StandPatBottom: posts small blind $0.50
Pippa83: posts big blind $1
*** HOLE CARDS ***
SeEevg: folds 
ponchua: raises $1.50 to $2.50
Y_19: folds 
crzyfella12: folds 
StandPatBottom: calls $2
Pippa83: folds 
*** FLOP *** [9h 4d 6d]
StandPatBottom: checks 
ponchua: bets $2.91
StandPatBottom: calls $2.91
*** TURN *** [9h 4d 6d] [Kd]
StandPatBottom: checks 
ponchua: bets $8.20
StandPatBottom: calls $8.20
*** RIVER *** [9h 4d 6d Kd] [Jc]
StandPatBottom: bets $15.41
ponchua: folds 
Uncalled bet ($15.41) returned to StandPatBottom
StandPatBottom collected $26.81 from pot
*** SUMMARY ***
Total pot $28.22 | Rake $1.41 
Board [9h 4d 6d Kd Jc]
Seat 1: Pippa83 (big blind) folded before Flop
Seat 2: SeEevg folded before Flop (didn't bet)
Seat 3: ponchua folded on the River
Seat 4: Y_19 folded before Flop (didn't bet)
Seat 5: crzyfella12 (button) folded before Flop (didn't bet)
Seat 6: StandPatBottom (small blind) collected ($26.81)



PokerStars Hand #254412019272:  Hold'em No Limit ($0.50/$1.00 USD) - 2025/01/17 10:06:54 WET [2025/01/17 5:06:54 ET]
Table 'Aura III' 6-max Seat #6 is the button
Seat 1: Pippa83 ($132.95 in chips) 
Seat 2: SeEevg ($100 in chips) 
Seat 3: ponchua ($100 in chips) 
Seat 4: Y_19 ($100 in chips) 
Seat 5: crzyfella12 ($30.39 in chips) 
Seat 6: StandPatBottom ($102.49 in chips) 
Pippa83: posts small blind $0.50
SeEevg: posts big blind $1
*** HOLE CARDS ***
ponchua: folds 
Y_19: raises $1.23 to $2.23
crzyfella12: folds 
StandPatBottom: folds 
Pippa83: folds 
SeEevg: raises $9.77 to $12
Y_19: calls $9.77
*** FLOP *** [6h 3h 9h]
SeEevg: bets $5.82
Y_19: folds 
Uncalled bet ($5.82) returned to SeEevg
SeEevg collected $23.28 from pot
SeEevg: doesn't show hand 
*** SUMMARY ***
Total pot $24.50 | Rake $1.22 
Board [6h 3h 9h]
Seat 1: Pippa83 (small blind) folded before Flop
Seat 2: SeEevg (big blind) collected ($23.28)
Seat 3: ponchua folded before Flop (didn't bet)
Seat 4: Y_19 folded on the Flop
Seat 5: crzyfella12 folded before Flop (didn't bet)
Seat 6: StandPatBottom (button) folded before Flop (didn't bet)



PokerStars Hand #254412025830:  Hold'em No Limit ($0.50/$1.00 USD) - 2025/01/17 10:07:53 WET [2025/01/17 5:07:53 ET]
Table 'Aura III' 6-max Seat #1 is the button
Seat 1: Pippa83 ($132.45 in chips) 
Seat 2: SeEevg ($111.28 in chips) 
Seat 3: ponchua ($100 in chips) 
Seat 4: Y_19 ($100 in chips) 
Seat 5: crzyfella12 ($30.39 in chips) 
Seat 6: StandPatBottom ($102.49 in chips) 
SeEevg: posts small blind $0.50
ponchua: posts big blind $1
*** HOLE CARDS ***
Y_19: folds 
crzyfella12: calls $1
StandPatBottom: folds 
Pippa83: raises $2.50 to $3.50
SeEevg: folds 
ponchua: folds 
crzyfella12: calls $2.50
*** FLOP *** [6s Th Ad]
crzyfella12: checks 
Pippa83: checks 
*** TURN *** [6s Th Ad] [Ac]
crzyfella12: checks 
Pippa83: bets $2.67
crzyfella12: folds 
Uncalled bet ($2.67) returned to Pippa83
Pippa83 collected $8.08 from pot
Pippa83: doesn't show hand 
*** SUMMARY ***
Total pot $8.50 | Rake $0.42 
Board [6s Th Ad Ac]
Seat 1: Pippa83 (button) collected ($8.08)
Seat 2: SeEevg (small blind) folded before Flop
Seat 3: ponchua (big blind) folded before Flop
Seat 4: Y_19 folded before Flop (didn't bet)
Seat 5: crzyfella12 folded on the Turn
Seat 6: StandPatBottom folded before Flop (didn't bet)



PokerStars Hand #254412031243:  Hold'em No Limit ($0.50/$1.00 USD) - 2025/01/17 10:08:43 WET [2025/01/17 5:08:43 ET]
Table 'Aura III' 6-max Seat #2 is the button
Seat 1: Pippa83 ($137.03 in chips) 
Seat 2: SeEevg ($110.78 in chips) 
Seat 3: ponchua ($100 in chips) 
Seat 4: Y_19 ($100 in chips) 
Seat 5: crzyfella12 ($26.89 in chips) 
Seat 6: StandPatBottom ($102.49 in chips) 
ponchua: posts small blind $0.50
Y_19: posts big blind $1
*** HOLE CARDS ***
crzyfella12: calls $1
StandPatBottom: raises $1 to $2
Pippa83: folds 
SeEevg: folds 
ponchua: folds 
Y_19: folds 
crzyfella12: calls $1
*** FLOP *** [Kc Qc 6s]
crzyfella12: checks 
StandPatBottom: bets $2.61
crzyfella12: folds 
Uncalled bet ($2.61) returned to StandPatBottom
StandPatBottom collected $5.22 from pot
*** SUMMARY ***
Total pot $5.50 | Rake $0.28 
Board [Kc Qc 6s]
Seat 1: Pippa83 folded before Flop (didn't bet)
Seat 2: SeEevg (button) folded before Flop (didn't bet)
Seat 3: ponchua (small blind) folded before Flop
Seat 4: Y_19 (big blind) folded before Flop
Seat 5: crzyfella12 folded on the Flop
Seat 6: StandPatBottom collected ($5.22)



PokerStars Hand #254412033723:  Hold'em No Limit ($0.50/$1.00 USD) - 2025/01/17 10:09:06 WET [2025/01/17 5:09:06 ET]
Table 'Aura III' 6-max Seat #3 is the button
Seat 1: Pippa83 ($137.03 in chips) 
Seat 2: SeEevg ($110.78 in chips) 
Seat 3: ponchua ($100 in chips) 
Seat 4: Y_19 ($100 in chips) 
Seat 5: crzyfella12 ($24.89 in chips) 
Seat 6: StandPatBottom ($105.71 in chips) 
Y_19: posts small blind $0.50
crzyfella12: posts big blind $1
*** HOLE CARDS ***
StandPatBottom: raises $1 to $2
Pippa83: folds 
SeEevg: folds 
ponchua: folds 
Y_19: folds 
crzyfella12: calls $1
*** FLOP *** [8d 6d 2s]
crzyfella12: checks 
StandPatBottom: bets $2.14
crzyfella12: calls $2.14
*** TURN *** [8d 6d 2s] [7d]
crzyfella12: checks 
StandPatBottom: checks 
*** RIVER *** [8d 6d 2s 7d] [9s]
crzyfella12: bets $6
StandPatBottom: folds 
Uncalled bet ($6) returned to crzyfella12
crzyfella12 collected $8.34 from pot
*** SUMMARY ***
Total pot $8.78 | Rake $0.44 
Board [8d 6d 2s 7d 9s]
Seat 1: Pippa83 folded before Flop (didn't bet)
Seat 2: SeEevg folded before Flop (didn't bet)
Seat 3: ponchua (button) folded before Flop (didn't bet)
Seat 4: Y_19 (small blind) folded before Flop
Seat 5: crzyfella12 (big blind) collected ($8.34)
Seat 6: StandPatBottom folded on the River



PokerStars Hand #254412038764:  Hold'em No Limit ($0.50/$1.00 USD) - 2025/01/17 10:09:54 WET [2025/01/17 5:09:54 ET]
Table 'Aura III' 6-max Seat #4 is the button
Seat 1: Pippa83 ($137.03 in chips) 
Seat 2: SeEevg ($110.78 in chips) 
Seat 3: ponchua ($100 in chips) 
Seat 4: Y_19 ($100 in chips) 
Seat 5: crzyfella12 ($29.09 in chips) 
Seat 6: StandPatBottom ($101.57 in chips) 
crzyfella12: posts small blind $0.50
StandPatBottom: posts big blind $1
*** HOLE CARDS ***
Pippa83: folds 
SeEevg: folds 
ponchua: raises $1.50 to $2.50
Y_19: folds 
crzyfella12: folds 
StandPatBottom: folds 
Uncalled bet ($1.50) returned to ponchua
ponchua collected $2.50 from pot
ponchua: doesn't show hand 
*** SUMMARY ***
Total pot $2.50 | Rake $0 
Seat 1: Pippa83 folded before Flop (didn't bet)
Seat 2: SeEevg folded before Flop (didn't bet)
Seat 3: ponchua collected ($2.50)
Seat 4: Y_19 (button) folded before Flop (didn't bet)
Seat 5: crzyfella12 (small blind) folded before Flop
Seat 6: StandPatBottom (big blind) folded before Flop



PokerStars Hand #254412041447:  Hold'em No Limit ($0.50/$1.00 USD) - 2025/01/17 10:10:18 WET [2025/01/17 5:10:18 ET]
Table 'Aura III' 6-max Seat #5 is the button
Seat 1: Pippa83 ($137.03 in chips) 
Seat 2: SeEevg ($110.78 in chips) 
Seat 3: ponchua ($101.50 in chips) 
Seat 4: Y_19 ($100 in chips) 
Seat 5: crzyfella12 ($28.59 in chips) 
Seat 6: StandPatBottom ($100.57 in chips) 
StandPatBottom: posts small blind $0.50
Pippa83: posts big blind $1
*** HOLE CARDS ***
SeEevg: folds 
ponchua: raises $1.50 to $2.50
Y_19: folds 
crzyfella12: calls $2.50
StandPatBottom: folds 
Pippa83: folds 
*** FLOP *** [Jc 7s 7h]
ponchua: bets $1.92
crzyfella12: calls $1.92
*** TURN *** [Jc 7s 7h] [2c]
ponchua: checks 
crzyfella12: checks 
*** RIVER *** [Jc 7s 7h 2c] [8c]
ponchua: checks 
crzyfella12: bets $4
ponchua: calls $4
*** SHOW DOWN ***
crzyfella12: shows [Jd Th] (two pair, Jacks and Sevens)
ponchua: mucks hand 
crzyfella12 collected $17.42 from pot
*** SUMMARY ***
Total pot $18.34 | Rake $0.92 
Board [Jc 7s 7h 2c 8c]
Seat 1: Pippa83 (big blind) folded before Flop
Seat 2: SeEevg folded before Flop (didn't bet)
Seat 3: ponchua mucked
Seat 4: Y_19 folded before Flop (didn't bet)
Seat 5: crzyfella12 (button) showed [Jd Th] and won ($17.42) with two pair, Jacks and Sevens
Seat 6: StandPatBottom (small blind) folded before Flop



PokerStars Hand #254412050335:  Hold'em No Limit ($0.50/$1.00 USD) - 2025/01/17 10:11:39 WET [2025/01/17 5:11:39 ET]
Table 'Aura III' 6-max Seat #6 is the button
Seat 1: Pippa83 ($136.03 in chips) 
Seat 2: SeEevg ($110.78 in chips) 
Seat 3: ponchua ($100 in chips) 
Seat 4: Y_19 ($100 in chips) 
Seat 5: crzyfella12 ($37.59 in chips) 
Seat 6: StandPatBottom ($100.07 in chips) 
Pippa83: posts small blind $0.50
SeEevg: posts big blind $1
*** HOLE CARDS ***
ponchua: folds 
Y_19: folds 
crzyfella12: calls $1
StandPatBottom: folds 
Pippa83: raises $4 to $5
SeEevg: folds 
crzyfella12: calls $4
*** FLOP *** [Tc 7h Js]
Pippa83: bets $3.45
crzyfella12: calls $3.45
*** TURN *** [Tc 7h Js] [3h]
Pippa83: bets $12.75
crzyfella12: calls $12.75
*** RIVER *** [Tc 7h Js 3h] [5c]
Pippa83: checks 
crzyfella12: bets $16.39 and is all-in
Pippa83: calls $16.39
*** SHOW DOWN ***
crzyfella12: shows [6s 7s] (a pair of Sevens)
Pippa83: shows [Jh Qh] (a pair of Jacks)
Pippa83 collected $73.68 from pot
*** SUMMARY ***
Total pot $76.18 | Rake $2.50 
Board [Tc 7h Js 3h 5c]
Seat 1: Pippa83 (small blind) showed [Jh Qh] and won ($73.68) with a pair of Jacks
Seat 2: SeEevg (big blind) folded before Flop
Seat 3: ponchua folded before Flop (didn't bet)
Seat 4: Y_19 folded before Flop (didn't bet)
Seat 5: crzyfella12 showed [6s 7s] and lost with a pair of Sevens
Seat 6: StandPatBottom (button) folded before Flop (didn't bet)



PokerStars Hand #254412057741:  Hold'em No Limit ($0.50/$1.00 USD) - 2025/01/17 10:12:47 WET [2025/01/17 5:12:47 ET]
Table 'Aura III' 6-max Seat #1 is the button
Seat 5: crzyfella12 ($0 in chips) is sitting out
Seat 1: Pippa83 ($172.12 in chips) 
Seat 2: SeEevg ($109.78 in chips) 
Seat 3: ponchua ($100 in chips) 
Seat 4: Y_19 ($100 in chips) 
Seat 6: StandPatBottom ($100.07 in chips) 
SeEevg: posts small blind $0.50
ponchua: posts big blind $1
*** HOLE CARDS ***
Y_19: raises $1.23 to $2.23
StandPatBottom: calls $2.23
Pippa83: folds 
SeEevg: folds 
ponchua: raises $11.77 to $14
Y_19: calls $11.77
StandPatBottom: calls $11.77
*** FLOP *** [8d Th Kd]
ponchua: bets $12.52
Y_19: folds 
StandPatBottom: folds 
Uncalled bet ($12.52) returned to ponchua
ponchua collected $40.38 from pot
ponchua: doesn't show hand 
*** SUMMARY ***
Total pot $42.50 | Rake $2.12 
Board [8d Th Kd]
Seat 5: crzyfella12
Seat 1: Pippa83 (button) folded before Flop (didn't bet)
Seat 2: SeEevg (small blind) folded before Flop
Seat 3: ponchua (big blind) collected ($40.38)
Seat 4: Y_19 folded on the Flop
Seat 6: StandPatBottom folded on the Flop



PokerStars Hand #254412063101:  Hold'em No Limit ($0.50/$1.00 USD) - 2025/01/17 10:13:36 WET [2025/01/17 5:13:36 ET]
Table 'Aura III' 6-max Seat #2 is the button
Seat 5: crzyfella12 ($0 in chips) is sitting out
Seat 1: Pippa83 ($172.12 in chips) 
Seat 2: SeEevg ($109.28 in chips) 
Seat 3: ponchua ($126.38 in chips) 
Seat 4: Y_19 ($100 in chips) 
Seat 6: StandPatBottom ($86.07 in chips) 
ponchua: posts small blind $0.50
Y_19: posts big blind $1
*** HOLE CARDS ***
StandPatBottom: folds 
Pippa83: folds 
SeEevg: raises $1.50 to $2.50
ponchua: folds 
Y_19: folds 
Uncalled bet ($1.50) returned to SeEevg
SeEevg collected $2.50 from pot
SeEevg: doesn't show hand 
*** SUMMARY ***
Total pot $2.50 | Rake $0 
Seat 5: crzyfella12
Seat 1: Pippa83 folded before Flop (didn't bet)
Seat 2: SeEevg (button) collected ($2.50)
Seat 3: ponchua (small blind) folded before Flop
Seat 4: Y_19 (big blind) folded before Flop
Seat 6: StandPatBottom folded before Flop (didn't bet)



PokerStars Hand #254412117512:  Hold'em No Limit ($0.50/$1.00 USD) - 2025/01/17 10:21:33 WET [2025/01/17 5:21:33 ET]
Table 'Aura III' 6-max Seat #3 is the button
Seat 5: crzyfella12 ($0 in chips) is sitting out
Seat 1: Pippa83 ($177.96 in chips) 
Seat 2: SeEevg ($138.08 in chips) 
Seat 3: coeeeelho ($102.23 in chips) 
Seat 4: Y_19 ($104.31 in chips) 
Seat 6: StandPatBottom ($73.16 in chips) 
Y_19: posts small blind $0.50
StandPatBottom: posts big blind $1
*** HOLE CARDS ***
Pippa83: folds 
SeEevg: folds 
coeeeelho: folds 
Y_19: raises $2 to $3
StandPatBottom: folds 
Uncalled bet ($2) returned to Y_19
Y_19 collected $2 from pot
Y_19: doesn't show hand 
*** SUMMARY ***
Total pot $2 | Rake $0 
Seat 5: crzyfella12
Seat 1: Pippa83 folded before Flop (didn't bet)
Seat 2: SeEevg folded before Flop (didn't bet)
Seat 3: coeeeelho (button) folded before Flop (didn't bet)
Seat 4: Y_19 (small blind) collected ($2)
Seat 6: StandPatBottom (big blind) folded before Flop



PokerStars Hand #254412118702:  Hold'em No Limit ($0.50/$1.00 USD) - 2025/01/17 10:21:43 WET [2025/01/17 5:21:43 ET]
Table 'Aura III' 6-max Seat #4 is the button
Seat 5: crzyfella12 ($0 in chips) is sitting out
Seat 1: Pippa83 ($177.96 in chips) 
Seat 2: SeEevg ($138.08 in chips) 
Seat 3: coeeeelho ($102.23 in chips) 
Seat 4: Y_19 ($105.31 in chips) 
Seat 6: StandPatBottom ($72.16 in chips) 
StandPatBottom: posts small blind $0.50
Pippa83: posts big blind $1
*** HOLE CARDS ***
SeEevg: raises $1.50 to $2.50
coeeeelho: folds 
Y_19: folds 
StandPatBottom: raises $5 to $7.50
Pippa83: folds 
SeEevg: raises $11.50 to $19
StandPatBottom: calls $11.50
*** FLOP *** [7h Th Qc]
StandPatBottom: checks 
SeEevg: bets $18.53
StandPatBottom: folds 
Uncalled bet ($18.53) returned to SeEevg
SeEevg collected $37.05 from pot
SeEevg: doesn't show hand 
*** SUMMARY ***
Total pot $39 | Rake $1.95 
Board [7h Th Qc]
Seat 5: crzyfella12
Seat 1: Pippa83 (big blind) folded before Flop
Seat 2: SeEevg collected ($37.05)
Seat 3: coeeeelho folded before Flop (didn't bet)
Seat 4: Y_19 (button) folded before Flop (didn't bet)
Seat 6: StandPatBottom (small blind) folded on the Flop



PokerStars Hand #254412125144:  Hold'em No Limit ($0.50/$1.00 USD) - 2025/01/17 10:22:39 WET [2025/01/17 5:22:39 ET]
Table 'Aura III' 6-max Seat #6 is the button
Seat 5: crzyfella12 ($0 in chips) is sitting out
Seat 1: Pippa83 ($176.96 in chips) 
Seat 2: SeEevg ($156.13 in chips) 
Seat 3: coeeeelho ($102.23 in chips) 
Seat 4: Y_19 ($105.31 in chips) 
Seat 6: StandPatBottom ($53.16 in chips) 
Pippa83: posts small blind $0.50
SeEevg: posts big blind $1
*** HOLE CARDS ***
coeeeelho: folds 
Y_19: folds 
StandPatBottom: raises $1 to $2
Pippa83: folds 
SeEevg: folds 
Uncalled bet ($1) returned to StandPatBottom
StandPatBottom collected $2.50 from pot
*** SUMMARY ***
Total pot $2.50 | Rake $0 
Seat 5: crzyfella12
Seat 1: Pippa83 (small blind) folded before Flop
Seat 2: SeEevg (big blind) folded before Flop
Seat 3: coeeeelho folded before Flop (didn't bet)
Seat 4: Y_19 folded before Flop (didn't bet)
Seat 6: StandPatBottom (button) collected ($2.50)



PokerStars Hand #254412128317:  Hold'em No Limit ($0.50/$1.00 USD) - 2025/01/17 10:23:07 WET [2025/01/17 5:23:07 ET]
Table 'Aura III' 6-max Seat #1 is the button
Seat 5: crzyfella12 ($0 in chips) is sitting out
Seat 1: Pippa83 ($176.46 in chips) 
Seat 2: SeEevg ($155.13 in chips) 
Seat 3: coeeeelho ($102.23 in chips) 
Seat 4: Y_19 ($105.31 in chips) 
Seat 6: StandPatBottom ($82.40 in chips) 
SeEevg: posts small blind $0.50
coeeeelho: posts big blind $1
*** HOLE CARDS ***
Y_19: folds 
StandPatBottom: folds 
Pippa83: raises $1.50 to $2.50
SeEevg: raises $7.50 to $10
coeeeelho: folds 
Pippa83: folds 
Uncalled bet ($7.50) returned to SeEevg
SeEevg collected $6 from pot
SeEevg: doesn't show hand 
*** SUMMARY ***
Total pot $6 | Rake $0 
Seat 5: crzyfella12
Seat 1: Pippa83 (button) folded before Flop
Seat 2: SeEevg (small blind) collected ($6)
Seat 3: coeeeelho (big blind) folded before Flop
Seat 4: Y_19 folded before Flop (didn't bet)
Seat 6: StandPatBottom folded before Flop (didn't bet)



PokerStars Hand #254412131299:  Hold'em No Limit ($0.50/$1.00 USD) - 2025/01/17 10:23:33 WET [2025/01/17 5:23:33 ET]
Table 'Aura III' 6-max Seat #2 is the button
Seat 5: crzyfella12 ($0 in chips) is sitting out
Seat 1: Pippa83 ($173.96 in chips) 
Seat 2: SeEevg ($158.63 in chips) 
Seat 3: coeeeelho ($101.23 in chips) 
Seat 4: Y_19 ($105.31 in chips) 
Seat 6: StandPatBottom ($82.40 in chips) 
coeeeelho: posts small blind $0.50
Y_19: posts big blind $1
*** HOLE CARDS ***
StandPatBottom: raises $1 to $2
Pippa83: folds 
SeEevg: folds 
coeeeelho: folds 
Y_19: calls $1
*** FLOP *** [3c 3s 2h]
Y_19: checks 
StandPatBottom: checks 
*** TURN *** [3c 3s 2h] [7s]
Y_19: checks 
StandPatBottom: checks 
*** RIVER *** [3c 3s 2h 7s] [3h]
Y_19: checks 
StandPatBottom: checks 
*** SHOW DOWN ***
Y_19: shows [9s Kc] (three of a kind, Threes)
StandPatBottom: shows [8s Ac] (three of a kind, Threes - Ace kicker)
StandPatBottom collected $4.28 from pot
*** SUMMARY ***
Total pot $4.50 | Rake $0.22 
Board [3c 3s 2h 7s 3h]
Seat 5: crzyfella12
Seat 1: Pippa83 folded before Flop (didn't bet)
Seat 2: SeEevg (button) folded before Flop (didn't bet)
Seat 3: coeeeelho (small blind) folded before Flop
Seat 4: Y_19 (big blind) showed [9s Kc] and lost with three of a kind, Threes
Seat 6: StandPatBottom showed [8s Ac] and won ($4.28) with three of a kind, Threes



PokerStars Hand #254412134913:  Hold'em No Limit ($0.50/$1.00 USD) - 2025/01/17 10:24:05 WET [2025/01/17 5:24:05 ET]
Table 'Aura III' 6-max Seat #3 is the button
Seat 5: crzyfella12 ($0 in chips) is sitting out
Seat 1: Pippa83 ($173.96 in chips) 
Seat 2: SeEevg ($158.63 in chips) 
Seat 3: coeeeelho ($100.73 in chips) 
Seat 4: Y_19 ($103.31 in chips) 
Seat 6: StandPatBottom ($84.68 in chips) 
Y_19: posts small blind $0.50
StandPatBottom: posts big blind $1
*** HOLE CARDS ***
Pippa83: folds 
SeEevg: raises $1.50 to $2.50
coeeeelho: folds 
Y_19: folds 
StandPatBottom: folds 
Uncalled bet ($1.50) returned to SeEevg
SeEevg collected $2.50 from pot
crzyfella12 leaves the table
SeEevg: doesn't show hand 
*** SUMMARY ***
Total pot $2.50 | Rake $0 
Seat 5: crzyfella12
Seat 1: Pippa83 folded before Flop (didn't bet)
Seat 2: SeEevg collected ($2.50)
Seat 3: coeeeelho (button) folded before Flop (didn't bet)
Seat 4: Y_19 (small blind) folded before Flop
Seat 6: StandPatBottom (big blind) folded before Flop



PokerStars Hand #254412138170:  Hold'em No Limit ($0.50/$1.00 USD) - 2025/01/17 10:24:34 WET [2025/01/17 5:24:34 ET]
Table 'Aura III' 6-max Seat #4 is the button
Seat 1: Pippa83 ($173.96 in chips) 
Seat 2: SeEevg ($160.13 in chips) 
Seat 3: coeeeelho ($100.73 in chips) 
Seat 4: Y_19 ($102.81 in chips) 
Seat 6: StandPatBottom ($83.68 in chips) 
StandPatBottom: posts small blind $0.50
Pippa83: posts big blind $1
*** HOLE CARDS ***
SeEevg: folds 
coeeeelho: raises $1.20 to $2.20
Y_19: raises $4.43 to $6.63
StandPatBottom: folds 
Pippa83: folds 
Pon4uk.ua joins the table at seat #5 
coeeeelho: raises $11.37 to $18
Y_19: calls $11.37
*** FLOP *** [4c 7d 3d]
coeeeelho: bets $17.81
Y_19: calls $17.81
*** TURN *** [4c 7d 3d] [7h]
coeeeelho: bets $64.92 and is all-in
Y_19: calls $64.92
*** RIVER *** [4c 7d 3d 7h] [9d]
*** SHOW DOWN ***
coeeeelho: shows [Td Kd] (a flush, King high)
Y_19: shows [Ah Ac] (two pair, Aces and Sevens)
coeeeelho collected $200.46 from pot
*** SUMMARY ***
Total pot $202.96 | Rake $2.50 
Board [4c 7d 3d 7h 9d]
Seat 1: Pippa83 (big blind) folded before Flop
Seat 2: SeEevg folded before Flop (didn't bet)
Seat 3: coeeeelho showed [Td Kd] and won ($200.46) with a flush, King high
Seat 4: Y_19 (button) showed [Ah Ac] and lost with two pair, Aces and Sevens
Seat 6: StandPatBottom (small blind) folded before Flop



PokerStars Hand #254412146861:  Hold'em No Limit ($0.50/$1.00 USD) - 2025/01/17 10:25:50 WET [2025/01/17 5:25:50 ET]
Table 'Aura III' 6-max Seat #6 is the button
Seat 5: Pon4uk.ua ($100 in chips) is sitting out
Seat 1: Pippa83 ($172.96 in chips) 
Seat 2: SeEevg ($160.13 in chips) 
Seat 3: coeeeelho ($200.46 in chips) 
Seat 4: Y_19 ($100 in chips) 
Seat 6: StandPatBottom ($83.18 in chips) 
Pippa83: posts small blind $0.50
SeEevg: posts big blind $1
Pon4uk.ua: sits out 
*** HOLE CARDS ***
coeeeelho: folds 
Y_19: folds 
StandPatBottom: folds 
Pippa83: folds 
Uncalled bet ($0.50) returned to SeEevg
SeEevg collected $1 from pot
SeEevg: doesn't show hand 
*** SUMMARY ***
Total pot $1 | Rake $0 
Seat 5: Pon4uk.ua
Seat 1: Pippa83 (small blind) folded before Flop
Seat 2: SeEevg (big blind) collected ($1)
Seat 3: coeeeelho folded before Flop (didn't bet)
Seat 4: Y_19 folded before Flop (didn't bet)
Seat 6: StandPatBottom (button) folded before Flop (didn't bet)



PokerStars Hand #254412148282:  Hold'em No Limit ($0.50/$1.00 USD) - 2025/01/17 10:26:02 WET [2025/01/17 5:26:02 ET]
Table 'Aura III' 6-max Seat #1 is the button
Seat 5: Pon4uk.ua ($100 in chips) is sitting out
Seat 1: Pippa83 ($172.46 in chips) 
Seat 2: SeEevg ($160.63 in chips) 
Seat 3: coeeeelho ($200.46 in chips) 
Seat 4: Y_19 ($100 in chips) 
Seat 6: StandPatBottom ($83.18 in chips) 
SeEevg: posts small blind $0.50
coeeeelho: posts big blind $1
Pon4uk.ua: sits out 
*** HOLE CARDS ***
Y_19: folds 
StandPatBottom: raises $1 to $2
Pippa83: folds 
SeEevg: raises $8 to $10
coeeeelho: folds 
StandPatBottom: calls $8
*** FLOP *** [7s 9d 4d]
SeEevg: checks 
StandPatBottom: bets $16.95
SeEevg: calls $16.95
*** TURN *** [7s 9d 4d] [3d]
SeEevg: checks 
StandPatBottom: bets $56.23 and is all-in
SeEevg: calls $56.23
*** RIVER *** [7s 9d 4d 3d] [6h]
*** SHOW DOWN ***
SeEevg: shows [As Kd] (high card Ace)
StandPatBottom: shows [Td Js] (high card Jack)
SeEevg collected $164.86 from pot
*** SUMMARY ***
Total pot $167.36 | Rake $2.50 
Board [7s 9d 4d 3d 6h]
Seat 5: Pon4uk.ua
Seat 1: Pippa83 (button) folded before Flop (didn't bet)
Seat 2: SeEevg (small blind) showed [As Kd] and won ($164.86) with high card Ace
Seat 3: coeeeelho (big blind) folded before Flop
Seat 4: Y_19 folded before Flop (didn't bet)
Seat 6: StandPatBottom showed [Td Js] and lost with high card Jack



PokerStars Hand #254412157636:  Hold'em No Limit ($0.50/$1.00 USD) - 2025/01/17 10:27:24 WET [2025/01/17 5:27:24 ET]
Table 'Aura III' 6-max Seat #2 is the button
Seat 5: Pon4uk.ua ($100 in chips) is sitting out
Seat 6: StandPatBottom ($0 in chips) is sitting out
Seat 1: Pippa83 ($172.46 in chips) 
Seat 2: SeEevg ($242.31 in chips) 
Seat 3: coeeeelho ($199.46 in chips) 
Seat 4: Y_19 ($100 in chips) 
coeeeelho: posts small blind $0.50
Y_19: posts big blind $1
Pon4uk.ua: sits out 
*** HOLE CARDS ***
Pippa83: folds 
SeEevg: raises $1.50 to $2.50
coeeeelho: folds 
Y_19: folds 
Uncalled bet ($1.50) returned to SeEevg
SeEevg collected $2.50 from pot
SeEevg: doesn't show hand 
*** SUMMARY ***
Total pot $2.50 | Rake $0 
Seat 5: Pon4uk.ua
Seat 6: StandPatBottom
Seat 1: Pippa83 folded before Flop (didn't bet)
Seat 2: SeEevg (button) collected ($2.50)
Seat 3: coeeeelho (small blind) folded before Flop
Seat 4: Y_19 (big blind) folded before Flop



PokerStars Hand #254412159256:  Hold'em No Limit ($0.50/$1.00 USD) - 2025/01/17 10:27:39 WET [2025/01/17 5:27:39 ET]
Table 'Aura III' 6-max Seat #3 is the button
Seat 5: Pon4uk.ua ($100 in chips) is sitting out
Seat 6: StandPatBottom ($0 in chips) is sitting out
Seat 1: Pippa83 ($172.46 in chips) 
Seat 2: SeEevg ($243.81 in chips) 
Seat 3: coeeeelho ($198.96 in chips) 
Seat 4: Y_19 ($100 in chips) 
Y_19: posts small blind $0.50
Pon4uk.ua: is sitting out 
Pon4uk.ua leaves the table
Pippa83: posts big blind $1
*** HOLE CARDS ***
SeEevg: folds 
coeeeelho: raises $1.50 to $2.50
Y_19: folds 
Pippa83: folds 
Uncalled bet ($1.50) returned to coeeeelho
coeeeelho collected $2.50 from pot
*** SUMMARY ***
Total pot $2.50 | Rake $0 
Seat 5: Pon4uk.ua
Seat 6: StandPatBottom
Seat 1: Pippa83 (big blind) folded before Flop
Seat 2: SeEevg folded before Flop (didn't bet)
Seat 3: coeeeelho (button) collected ($2.50)
Seat 4: Y_19 (small blind) folded before Flop



PokerStars Hand #254412162117:  Hold'em No Limit ($0.50/$1.00 USD) - 2025/01/17 10:28:05 WET [2025/01/17 5:28:05 ET]
Table 'Aura III' 6-max Seat #4 is the button
Seat 6: StandPatBottom ($0 in chips) is sitting out
Seat 1: Pippa83 ($171.46 in chips) 
Seat 2: SeEevg ($243.81 in chips) 
Seat 3: coeeeelho ($200.46 in chips) 
Seat 4: Y_19 ($100 in chips) 
Pippa83: posts small blind $0.50
SeEevg: posts big blind $1
*** HOLE CARDS ***
coeeeelho: folds 
Y_19: raises $1.23 to $2.23
Pippa83: folds 
SeEevg: folds 
Uncalled bet ($1.23) returned to Y_19
Y_19 collected $2.50 from pot
Y_19: doesn't show hand 
*** SUMMARY ***
Total pot $2.50 | Rake $0 
Seat 6: StandPatBottom
Seat 1: Pippa83 (small blind) folded before Flop
Seat 2: SeEevg (big blind) folded before Flop
Seat 3: coeeeelho folded before Flop (didn't bet)
Seat 4: Y_19 (button) collected ($2.50)



PokerStars Hand #254412164374:  Hold'em No Limit ($0.50/$1.00 USD) - 2025/01/17 10:28:25 WET [2025/01/17 5:28:25 ET]
Table 'Aura III' 6-max Seat #1 is the button
Seat 3: coeeeelho ($200.46 in chips) is sitting out
Seat 4: Y_19 ($101.50 in chips) is sitting out
Seat 1: Pippa83 ($170.96 in chips) 
Seat 2: SeEevg ($242.81 in chips) 
Seat 6: StandPatBottom ($100 in chips) 
SeEevg: posts small blind $0.50
coeeeelho: is sitting out 
Y_19: is sitting out 
StandPatBottom: posts big blind $1
*** HOLE CARDS ***
Pippa83: raises $1.50 to $2.50
SeEevg: folds 
StandPatBottom: raises $7.50 to $10
Pippa83: folds 
Uncalled bet ($7.50) returned to StandPatBottom
StandPatBottom collected $5.50 from pot
*** SUMMARY ***
Total pot $5.50 | Rake $0 
Seat 3: coeeeelho
Seat 4: Y_19
Seat 1: Pippa83 (button) folded before Flop
Seat 2: SeEevg (small blind) folded before Flop
Seat 6: StandPatBottom (big blind) collected ($5.50)



PokerStars Hand #254412166302:  Hold'em No Limit ($0.50/$1.00 USD) - 2025/01/17 10:28:41 WET [2025/01/17 5:28:41 ET]
Table 'Aura III' 6-max Seat #2 is the button
Seat 3: coeeeelho ($200.46 in chips) is sitting out
Seat 4: Y_19 ($101.50 in chips) is sitting out
Seat 1: Pippa83 ($168.46 in chips) 
Seat 2: SeEevg ($242.31 in chips) 
Seat 6: StandPatBottom ($103 in chips) 
StandPatBottom: posts small blind $0.50
Pippa83: posts big blind $1
*** HOLE CARDS ***
SeEevg: folds 
StandPatBottom: folds 
Uncalled bet ($0.50) returned to Pippa83
Pippa83 collected $1 from pot
Pippa83: doesn't show hand 
*** SUMMARY ***
Total pot $1 | Rake $0 
Seat 3: coeeeelho
Seat 4: Y_19
Seat 1: Pippa83 (big blind) collected ($1)
Seat 2: SeEevg (button) folded before Flop (didn't bet)
Seat 6: StandPatBottom (small blind) folded before Flop



PokerStars Hand #254412167041:  Hold'em No Limit ($0.50/$1.00 USD) - 2025/01/17 10:28:48 WET [2025/01/17 5:28:48 ET]
Table 'Aura III' 6-max Seat #6 is the button
Seat 3: coeeeelho ($200.46 in chips) is sitting out
Seat 4: Y_19 ($101.50 in chips) is sitting out
Seat 1: Pippa83 ($168.96 in chips) 
Seat 2: SeEevg ($242.31 in chips) 
Seat 6: StandPatBottom ($102.50 in chips) 
Pippa83: posts small blind $0.50
SeEevg: posts big blind $1
*** HOLE CARDS ***
StandPatBottom: raises $1 to $2
Pippa83: folds 
SeEevg: calls $1
*** FLOP *** [Qs 5c 3d]
SeEevg: checks 
StandPatBottom: checks 
*** TURN *** [Qs 5c 3d] [Kd]
Pon4uk.ua joins the table at seat #5 
SeEevg: checks 
StandPatBottom: bets $2.14
SeEevg: folds 
Uncalled bet ($2.14) returned to StandPatBottom
StandPatBottom collected $4.28 from pot
*** SUMMARY ***
Total pot $4.50 | Rake $0.22 
Board [Qs 5c 3d Kd]
Seat 3: coeeeelho
Seat 4: Y_19
Seat 1: Pippa83 (small blind) folded before Flop
Seat 2: SeEevg (big blind) folded on the Turn
Seat 6: StandPatBottom (button) collected ($4.28)



PokerStars Hand #254412169528:  Hold'em No Limit ($0.50/$1.00 USD) - 2025/01/17 10:29:10 WET [2025/01/17 5:29:10 ET]
Table 'Aura III' 6-max Seat #1 is the button
Seat 3: coeeeelho ($200.46 in chips) is sitting out
Seat 4: Y_19 ($101.50 in chips) is sitting out
Seat 1: Pippa83 ($168.46 in chips) 
Seat 2: SeEevg ($240.31 in chips) 
Seat 5: Pon4uk.ua ($100 in chips) 
Seat 6: StandPatBottom ($104.78 in chips) 
SeEevg: posts small blind $0.50
Pon4uk.ua: posts big blind $1
*** HOLE CARDS ***
StandPatBottom: folds 
Pippa83: folds 
SeEevg: folds 
Uncalled bet ($0.50) returned to Pon4uk.ua
Pon4uk.ua collected $1 from pot
Pon4uk.ua: doesn't show hand 
*** SUMMARY ***
Total pot $1 | Rake $0 
Seat 3: coeeeelho
Seat 4: Y_19
Seat 1: Pippa83 (button) folded before Flop (didn't bet)
Seat 2: SeEevg (small blind) folded before Flop
Seat 5: Pon4uk.ua (big blind) collected ($1)
Seat 6: StandPatBottom folded before Flop (didn't bet)



PokerStars Hand #254412170342:  Hold'em No Limit ($0.50/$1.00 USD) - 2025/01/17 10:29:17 WET [2025/01/17 5:29:17 ET]
Table 'Aura III' 6-max Seat #2 is the button
Seat 3: coeeeelho ($200.46 in chips) is sitting out
Seat 4: Y_19 ($101.50 in chips) is sitting out
Seat 1: Pippa83 ($168.46 in chips) 
Seat 2: SeEevg ($239.81 in chips) 
Seat 5: Pon4uk.ua ($100.50 in chips) 
Seat 6: StandPatBottom ($104.78 in chips) 
Pon4uk.ua: posts small blind $0.50
StandPatBottom: posts big blind $1
*** HOLE CARDS ***
Pippa83: folds 
SeEevg: raises $1.50 to $2.50
Pon4uk.ua: folds 
StandPatBottom: raises $5.50 to $8
SeEevg: calls $5.50
*** FLOP *** [Qh Jd 3d]
StandPatBottom: bets $9.84
SeEevg: calls $9.84
*** TURN *** [Qh Jd 3d] [4c]
StandPatBottom: bets $20.59
SeEevg: calls $20.59
*** RIVER *** [Qh Jd 3d 4c] [8c]
StandPatBottom: checks 
SeEevg: checks 
*** SHOW DOWN ***
StandPatBottom: shows [8h 9c] (a pair of Eights)
SeEevg: shows [Js As] (a pair of Jacks)
SeEevg collected $76.36 from pot
*** SUMMARY ***
Total pot $77.36 | Rake $1 
Board [Qh Jd 3d 4c 8c]
Seat 3: coeeeelho
Seat 4: Y_19
Seat 1: Pippa83 folded before Flop (didn't bet)
Seat 2: SeEevg (button) showed [Js As] and won ($76.36) with a pair of Jacks
Seat 5: Pon4uk.ua (small blind) folded before Flop
Seat 6: StandPatBottom (big blind) showed [8h 9c] and lost with a pair of Eights



PokerStars Hand #254412179535:  Hold'em No Limit ($0.50/$1.00 USD) - 2025/01/17 10:30:39 WET [2025/01/17 5:30:39 ET]
Table 'Aura III' 6-max Seat #5 is the button
Seat 3: coeeeelho ($200.46 in chips) is sitting out
Seat 4: Y_19 ($101.50 in chips) is sitting out
Seat 1: Pippa83 ($168.46 in chips) 
Seat 2: SeEevg ($277.74 in chips) 
Seat 5: Pon4uk.ua ($100 in chips) 
Seat 6: StandPatBottom ($66.35 in chips) 
StandPatBottom: posts small blind $0.50
Pippa83: posts big blind $1
*** HOLE CARDS ***
SeEevg: folds 
Pon4uk.ua: folds 
StandPatBottom: raises $1 to $2
Pippa83: calls $1
*** FLOP *** [9c Js 3c]
StandPatBottom: bets $1.90
Pippa83: calls $1.90
*** TURN *** [9c Js 3c] [4c]
StandPatBottom: bets $3.71
Pippa83: folds 
Uncalled bet ($3.71) returned to StandPatBottom
StandPatBottom collected $7.41 from pot
*** SUMMARY ***
Total pot $7.80 | Rake $0.39 
Board [9c Js 3c 4c]
Seat 3: coeeeelho
Seat 4: Y_19
Seat 1: Pippa83 (big blind) folded on the Turn
Seat 2: SeEevg folded before Flop (didn't bet)
Seat 5: Pon4uk.ua (button) folded before Flop (didn't bet)
Seat 6: StandPatBottom (small blind) collected ($7.41)



PokerStars Hand #254412183543:  Hold'em No Limit ($0.50/$1.00 USD) - 2025/01/17 10:31:15 WET [2025/01/17 5:31:15 ET]
Table 'Aura III' 6-max Seat #6 is the button
Seat 3: coeeeelho ($200.46 in chips) is sitting out
Seat 4: Y_19 ($101.50 in chips) is sitting out
Seat 1: Pippa83 ($164.56 in chips) 
Seat 2: SeEevg ($277.74 in chips) 
Seat 5: Pon4uk.ua ($100 in chips) 
Seat 6: StandPatBottom ($69.86 in chips) 
Pippa83: posts small blind $0.50
SeEevg: posts big blind $1
*** HOLE CARDS ***
Pon4uk.ua: folds 
StandPatBottom: raises $1 to $2
Pippa83: folds 
SeEevg: folds 
Uncalled bet ($1) returned to StandPatBottom
StandPatBottom collected $2.50 from pot
*** SUMMARY ***
Total pot $2.50 | Rake $0 
Seat 3: coeeeelho
Seat 4: Y_19
Seat 1: Pippa83 (small blind) folded before Flop
Seat 2: SeEevg (big blind) folded before Flop
Seat 5: Pon4uk.ua folded before Flop (didn't bet)
Seat 6: StandPatBottom (button) collected ($2.50)



PokerStars Hand #254412185168:  Hold'em No Limit ($0.50/$1.00 USD) - 2025/01/17 10:31:29 WET [2025/01/17 5:31:29 ET]
Table 'Aura III' 6-max Seat #1 is the button
Seat 3: coeeeelho ($200.46 in chips) is sitting out
Seat 4: Y_19 ($101.50 in chips) is sitting out
Seat 1: Pippa83 ($164.06 in chips) 
Seat 2: SeEevg ($276.74 in chips) 
Seat 5: Pon4uk.ua ($100 in chips) 
Seat 6: StandPatBottom ($71.36 in chips) 
SeEevg: posts small blind $0.50
Pon4uk.ua: posts big blind $1
*** HOLE CARDS ***
StandPatBottom: raises $1 to $2
Pippa83: folds 
SeEevg: folds 
Pon4uk.ua: calls $1
*** FLOP *** [Ad 4d 9c]
Pon4uk.ua: checks 
StandPatBottom: checks 
*** TURN *** [Ad 4d 9c] [Qh]
Pon4uk.ua: checks 
StandPatBottom: checks 
*** RIVER *** [Ad 4d 9c Qh] [Tc]
Pon4uk.ua: checks 
StandPatBottom: checks 
*** SHOW DOWN ***
Pon4uk.ua: shows [Td 7h] (a pair of Tens)
StandPatBottom: mucks hand 
Pon4uk.ua collected $4.28 from pot
*** SUMMARY ***
Total pot $4.50 | Rake $0.22 
Board [Ad 4d 9c Qh Tc]
Seat 3: coeeeelho
Seat 4: Y_19
Seat 1: Pippa83 (button) folded before Flop (didn't bet)
Seat 2: SeEevg (small blind) folded before Flop
Seat 5: Pon4uk.ua (big blind) showed [Td 7h] and won ($4.28) with a pair of Tens
Seat 6: StandPatBottom mucked



PokerStars Hand #254412189452:  Hold'em No Limit ($0.50/$1.00 USD) - 2025/01/17 10:32:07 WET [2025/01/17 5:32:07 ET]
Table 'Aura III' 6-max Seat #2 is the button
Seat 3: coeeeelho ($200.46 in chips) is sitting out
Seat 4: Y_19 ($101.50 in chips) is sitting out
Seat 1: Pippa83 ($164.06 in chips) 
Seat 2: SeEevg ($276.24 in chips) 
Seat 5: Pon4uk.ua ($102.28 in chips) 
Seat 6: StandPatBottom ($69.36 in chips) 
Pon4uk.ua: posts small blind $0.50
StandPatBottom: posts big blind $1
*** HOLE CARDS ***
Pippa83: folds 
SeEevg: raises $1.50 to $2.50
Pon4uk.ua: folds 
StandPatBottom: calls $1.50
*** FLOP *** [8d 6c Jh]
StandPatBottom: checks 
SeEevg: checks 
*** TURN *** [8d 6c Jh] [As]
StandPatBottom: checks 
SeEevg: bets $6.53
StandPatBottom: calls $6.53
*** RIVER *** [8d 6c Jh As] [4d]
StandPatBottom: checks 
SeEevg: bets $13.22
StandPatBottom: calls $13.22
*** SHOW DOWN ***
SeEevg: shows [Ah Th] (a pair of Aces)
StandPatBottom: mucks hand 
SeEevg collected $44 from pot
*** SUMMARY ***
Total pot $45 | Rake $1 
Board [8d 6c Jh As 4d]
Seat 3: coeeeelho
Seat 4: Y_19
Seat 1: Pippa83 folded before Flop (didn't bet)
Seat 2: SeEevg (button) showed [Ah Th] and won ($44) with a pair of Aces
Seat 5: Pon4uk.ua (small blind) folded before Flop
Seat 6: StandPatBottom (big blind) mucked



PokerStars Hand #254412196454:  Hold'em No Limit ($0.50/$1.00 USD) - 2025/01/17 10:33:08 WET [2025/01/17 5:33:08 ET]
Table 'Aura III' 6-max Seat #5 is the button
Seat 3: coeeeelho ($200.46 in chips) is sitting out
Seat 4: Y_19 ($101.50 in chips) is sitting out
Seat 1: Pippa83 ($164.06 in chips) 
Seat 2: SeEevg ($297.99 in chips) 
Seat 5: Pon4uk.ua ($101.78 in chips) 
Seat 6: StandPatBottom ($47.11 in chips) 
StandPatBottom: posts small blind $0.50
Pippa83: posts big blind $1
coeeeelho: sits out 
Y_19: sits out 
*** HOLE CARDS ***
SeEevg: raises $1.50 to $2.50
Pon4uk.ua: calls $2.50
StandPatBottom: raises $6.50 to $9
Pippa83: raises $155.06 to $164.06 and is all-in
SeEevg: folds 
Pon4uk.ua: folds 
StandPatBottom: calls $38.11 and is all-in
Uncalled bet ($116.95) returned to Pippa83
*** FLOP *** [2s 7c Qs]
*** TURN *** [2s 7c Qs] [Ks]
*** RIVER *** [2s 7c Qs Ks] [Td]
*** SHOW DOWN ***
StandPatBottom: shows [9c 9h] (a pair of Nines)
Pippa83: shows [Ac Kc] (a pair of Kings)
Pippa83 collected $98.22 from pot
*** SUMMARY ***
Total pot $99.22 | Rake $1 
Board [2s 7c Qs Ks Td]
Seat 3: coeeeelho
Seat 4: Y_19
Seat 1: Pippa83 (big blind) showed [Ac Kc] and won ($98.22) with a pair of Kings
Seat 2: SeEevg folded before Flop
Seat 5: Pon4uk.ua (button) folded before Flop
Seat 6: StandPatBottom (small blind) showed [9c 9h] and lost with a pair of Nines



PokerStars Hand #254412201225:  Hold'em No Limit ($0.50/$1.00 USD) - 2025/01/17 10:33:51 WET [2025/01/17 5:33:51 ET]
Table 'Aura III' 6-max Seat #1 is the button
Seat 4: Y_19 ($101.50 in chips) is sitting out
Seat 6: StandPatBottom ($0 in chips) is sitting out
Seat 1: Pippa83 ($215.17 in chips) 
Seat 2: SeEevg ($295.49 in chips) 
Seat 3: coeeeelho ($200.46 in chips) 
Seat 5: Pon4uk.ua ($100 in chips) 
SeEevg: posts small blind $0.50
coeeeelho: posts big blind $1
Y_19: sits out 
*** HOLE CARDS ***
Pon4uk.ua: folds 
Pippa83: raises $1.50 to $2.50
SeEevg: folds 
coeeeelho: folds 
Uncalled bet ($1.50) returned to Pippa83
Pon4uk.ua leaves the table
Pippa83 collected $2.50 from pot
Pippa83: doesn't show hand 
*** SUMMARY ***
Total pot $2.50 | Rake $0 
Seat 4: Y_19
Seat 6: StandPatBottom
Seat 1: Pippa83 (button) collected ($2.50)
Seat 2: SeEevg (small blind) folded before Flop
Seat 3: coeeeelho (big blind) folded before Flop
Seat 5: Pon4uk.ua folded before Flop (didn't bet)



PokerStars Hand #254412202763:  Hold'em No Limit ($0.50/$1.00 USD) - 2025/01/17 10:34:05 WET [2025/01/17 5:34:05 ET]
Table 'Aura III' 6-max Seat #2 is the button
Seat 6: StandPatBottom ($0 in chips) is sitting out
Seat 1: Pippa83 ($216.67 in chips) 
Seat 2: SeEevg ($294.99 in chips) 
Seat 3: coeeeelho ($199.46 in chips) 
Seat 4: Y_19 ($101.50 in chips) 
coeeeelho: posts small blind $0.50
Y_19: posts big blind $1
*** HOLE CARDS ***
Pippa83: folds 
SeEevg: folds 
coeeeelho: raises $2 to $3
Y_19: calls $2
*** FLOP *** [5s Ts Kh]
coeeeelho: bets $1.43
Y_19: folds 
Uncalled bet ($1.43) returned to coeeeelho
coeeeelho collected $5.70 from pot
*** SUMMARY ***
Total pot $6 | Rake $0.30 
Board [5s Ts Kh]
Seat 6: StandPatBottom
Seat 1: Pippa83 folded before Flop (didn't bet)
Seat 2: SeEevg (button) folded before Flop (didn't bet)
Seat 3: coeeeelho (small blind) collected ($5.70)
Seat 4: Y_19 (big blind) folded on the Flop



PokerStars Hand #254412204651:  Hold'em No Limit ($0.50/$1.00 USD) - 2025/01/17 10:34:22 WET [2025/01/17 5:34:22 ET]
Table 'Aura III' 6-max Seat #3 is the button
Seat 6: StandPatBottom ($0 in chips) is sitting out
Seat 1: Pippa83 ($216.67 in chips) 
Seat 2: SeEevg ($294.99 in chips) 
Seat 3: coeeeelho ($202.16 in chips) 
Seat 4: Y_19 ($100 in chips) 
Y_19: posts small blind $0.50
Pippa83: posts big blind $1
*** HOLE CARDS ***
SeEevg: raises $1.50 to $2.50
coeeeelho: folds 
Y_19: folds 
StandPatBottom leaves the table
Pippa83: raises $9.50 to $12
SeEevg: folds 
Uncalled bet ($9.50) returned to Pippa83
Pippa83 collected $5.50 from pot
Pippa83: doesn't show hand 
*** SUMMARY ***
Total pot $5.50 | Rake $0 
Seat 6: StandPatBottom
Seat 1: Pippa83 (big blind) collected ($5.50)
Seat 2: SeEevg folded before Flop
Seat 3: coeeeelho (button) folded before Flop (didn't bet)
Seat 4: Y_19 (small blind) folded before Flop



PokerStars Hand #254412207354:  Hold'em No Limit ($0.50/$1.00 USD) - 2025/01/17 10:34:45 WET [2025/01/17 5:34:45 ET]
Table 'Aura III' 6-max Seat #4 is the button
Seat 2: SeEevg ($292.49 in chips) is sitting out
Seat 1: Pippa83 ($219.67 in chips) 
Seat 3: coeeeelho ($202.16 in chips) 
Seat 4: Y_19 ($100 in chips) 
Pippa83: posts small blind $0.50
SeEevg: is sitting out 
coeeeelho: posts big blind $1
*** HOLE CARDS ***
Y_19: raises $1.23 to $2.23
Pippa83: folds 
coeeeelho: folds 
Uncalled bet ($1.23) returned to Y_19
SeEevg leaves the table
Y_19 collected $2.50 from pot
Y_19: doesn't show hand 
*** SUMMARY ***
Total pot $2.50 | Rake $0 
Seat 2: SeEevg
Seat 1: Pippa83 (small blind) folded before Flop
Seat 3: coeeeelho (big blind) folded before Flop
Seat 4: Y_19 (button) collected ($2.50)



