PokerStars Hand #254419429697:  Hold'em No Limit ($0.50/$1.00 USD) - 2025/01/17 20:25:18 WET [2025/01/17 15:25:18 ET]
Table 'Rhodia IV' 6-max Seat #5 is the button
Seat 1: z00mba ($100 in chips) 
Seat 2: ptolejmus ($10 in chips) 
Seat 5: trueYes.3970 ($9 in chips) 
Seat 6: Gfoer ($100.90 in chips) 
Gfoer: posts small blind $0.50
z00mba: posts big blind $1
*** HOLE CARDS ***
ptolejmus: folds 
trueYes.3970: folds 
Gfoer: folds 
Uncalled bet ($0.50) returned to z00mba
z00mba collected $1 from pot
z00mba: doesn't show hand 
*** SUMMARY ***
Total pot $1 | Rake $0 
Seat 1: z00mba (big blind) collected ($1)
Seat 2: ptolejmus folded before Flop (didn't bet)
Seat 5: trueYes.3970 (button) folded before Flop (didn't bet)
Seat 6: Gfoer (small blind) folded before Flop



PokerStars Hand #254419432914:  Hold'em No Limit ($0.50/$1.00 USD) - 2025/01/17 20:25:29 WET [2025/01/17 15:25:29 ET]
Table 'Rhodia IV' 6-max Seat #6 is the button
Seat 1: z00mba ($100.50 in chips) 
Seat 2: ptolejmus ($10 in chips) 
Seat 5: trueYes.3970 ($9 in chips) 
Seat 6: Gfoer ($100.40 in chips) 
z00mba: posts small blind $0.50
ptolejmus: posts big blind $1
*** HOLE CARDS ***
trueYes.3970: folds 
Gfoer: raises $1 to $2
z00mba: folds 
ptolejmus: folds 
Uncalled bet ($1) returned to Gfoer
Gfoer collected $2.50 from pot
Gfoer: doesn't show hand 
*** SUMMARY ***
Total pot $2.50 | Rake $0 
Seat 1: z00mba (small blind) folded before Flop
Seat 2: ptolejmus (big blind) folded before Flop
Seat 5: trueYes.3970 folded before Flop (didn't bet)
Seat 6: Gfoer (button) collected ($2.50)



PokerStars Hand #254419441594:  Hold'em No Limit ($0.50/$1.00 USD) - 2025/01/17 20:25:57 WET [2025/01/17 15:25:57 ET]
Table 'Rhodia IV' 6-max Seat #1 is the button
Seat 1: z00mba ($100 in chips) 
Seat 2: ptolejmus ($10 in chips) 
Seat 5: trueYes.3970 ($9 in chips) 
Seat 6: Gfoer ($101.90 in chips) 
ptolejmus: posts small blind $0.50
trueYes.3970: posts big blind $1
*** HOLE CARDS ***
Gfoer: folds 
z00mba: folds 
Bdub93 joins the table at seat #3 
Bdub93 is disconnected 
blackclan7 joins the table at seat #4 
ptolejmus: raises $9 to $10 and is all-in
trueYes.3970: folds 
Uncalled bet ($9) returned to ptolejmus
ptolejmus collected $2 from pot
*** SUMMARY ***
Total pot $2 | Rake $0 
Seat 1: z00mba (button) folded before Flop (didn't bet)
Seat 2: ptolejmus (small blind) collected ($2)
Seat 5: trueYes.3970 (big blind) folded before Flop
Seat 6: Gfoer folded before Flop (didn't bet)



PokerStars Hand #254419446005:  Hold'em No Limit ($0.50/$1.00 USD) - 2025/01/17 20:26:11 WET [2025/01/17 15:26:11 ET]
Table 'Rhodia IV' 6-max Seat #2 is the button
Seat 3: Bdub93 ($37.55 in chips) is sitting out
Seat 4: blackclan7 ($100 in chips) is sitting out
Seat 1: z00mba ($100 in chips) 
Seat 2: ptolejmus ($11 in chips) 
Seat 5: trueYes.3970 ($8 in chips) 
Seat 6: Gfoer ($101.90 in chips) 
trueYes.3970: posts small blind $0.50
Gfoer: posts big blind $1
*** HOLE CARDS ***
z00mba: folds 
ptolejmus: folds 
trueYes.3970: folds 
Uncalled bet ($0.50) returned to Gfoer
Gfoer collected $1 from pot
Gfoer: doesn't show hand 
*** SUMMARY ***
Total pot $1 | Rake $0 
Seat 3: Bdub93
Seat 4: blackclan7
Seat 1: z00mba folded before Flop (didn't bet)
Seat 2: ptolejmus (button) folded before Flop (didn't bet)
Seat 5: trueYes.3970 (small blind) folded before Flop
Seat 6: Gfoer (big blind) collected ($1)



PokerStars Hand #254419448886:  Hold'em No Limit ($0.50/$1.00 USD) - 2025/01/17 20:26:21 WET [2025/01/17 15:26:21 ET]
Table 'Rhodia IV' 6-max Seat #5 is the button
Seat 4: blackclan7 ($100 in chips) is sitting out
Seat 1: z00mba ($100 in chips) 
Seat 2: ptolejmus ($11 in chips) 
Seat 3: Bdub93 ($37.55 in chips) 
Seat 5: trueYes.3970 ($7.50 in chips) 
Seat 6: Gfoer ($102.40 in chips) 
Gfoer: posts small blind $0.50
z00mba: posts big blind $1
Bdub93: posts big blind $1
blackclan7: sits out 
*** HOLE CARDS ***
ptolejmus: folds 
Bdub93: raises $2 to $3
trueYes.3970: folds 
Gfoer: raises $12 to $15
z00mba: folds 
Bdub93: raises $22.55 to $37.55 and is all-in
Gfoer: calls $22.55
*** FLOP *** [3d Js Qd]
*** TURN *** [3d Js Qd] [2s]
*** RIVER *** [3d Js Qd 2s] [3c]
*** SHOW DOWN ***
Gfoer: shows [Qc Ac] (two pair, Queens and Threes)
Bdub93: shows [As Qh] (two pair, Queens and Threes)
Gfoer collected $36.80 from pot
Bdub93 collected $36.80 from pot
*** SUMMARY ***
Total pot $76.10 | Rake $2.50 
Board [3d Js Qd 2s 3c]
Seat 4: blackclan7
Seat 1: z00mba (big blind) folded before Flop
Seat 2: ptolejmus folded before Flop (didn't bet)
Seat 3: Bdub93 showed [As Qh] and won ($36.80) with two pair, Queens and Threes
Seat 5: trueYes.3970 (button) folded before Flop (didn't bet)
Seat 6: Gfoer (small blind) showed [Qc Ac] and won ($36.80) with two pair, Queens and Threes



PokerStars Hand #254419458724:  Hold'em No Limit ($0.50/$1.00 USD) - 2025/01/17 20:26:53 WET [2025/01/17 15:26:53 ET]
Table 'Rhodia IV' 6-max Seat #6 is the button
Seat 4: blackclan7 ($100 in chips) is sitting out
Seat 1: z00mba ($100 in chips) 
Seat 2: ptolejmus ($11 in chips) 
Seat 3: Bdub93 ($36.80 in chips) 
Seat 5: trueYes.3970 ($7.50 in chips) 
Seat 6: Gfoer ($101.65 in chips) 
z00mba: posts small blind $0.50
ptolejmus: posts big blind $1
blackclan7: sits out 
*** HOLE CARDS ***
Bdub93: raises $2 to $3
trueYes.3970: folds 
Gfoer: folds 
z00mba: folds 
ptolejmus: folds 
Uncalled bet ($2) returned to Bdub93
Bdub93 collected $2.50 from pot
*** SUMMARY ***
Total pot $2.50 | Rake $0 
Seat 4: blackclan7
Seat 1: z00mba (small blind) folded before Flop
Seat 2: ptolejmus (big blind) folded before Flop
Seat 3: Bdub93 collected ($2.50)
Seat 5: trueYes.3970 folded before Flop (didn't bet)
Seat 6: Gfoer (button) folded before Flop (didn't bet)



PokerStars Hand #254419465665:  Hold'em No Limit ($0.50/$1.00 USD) - 2025/01/17 20:27:15 WET [2025/01/17 15:27:15 ET]
Table 'Rhodia IV' 6-max Seat #1 is the button
Seat 4: blackclan7 ($100 in chips) is sitting out
Seat 1: z00mba ($100 in chips) 
Seat 2: ptolejmus ($10 in chips) 
Seat 3: Bdub93 ($38.30 in chips) 
Seat 5: trueYes.3970 ($7.50 in chips) 
Seat 6: Gfoer ($101.65 in chips) 
ptolejmus: posts small blind $0.50
Bdub93: posts big blind $1
blackclan7: sits out 
*** HOLE CARDS ***
trueYes.3970: folds 
Gfoer: folds 
z00mba: raises $1.50 to $2.50
ptolejmus: raises $7.50 to $10 and is all-in
Bdub93: raises $28.30 to $38.30 and is all-in
z00mba: folds 
Uncalled bet ($28.30) returned to Bdub93
*** FLOP *** [4s 2h 9d]
*** TURN *** [4s 2h 9d] [7s]
*** RIVER *** [4s 2h 9d 7s] [Tc]
*** SHOW DOWN ***
ptolejmus: shows [Ah Qd] (high card Ace)
Bdub93: shows [Ac Ts] (a pair of Tens)
Bdub93 collected $21.38 from pot
*** SUMMARY ***
Total pot $22.50 | Rake $1.12 
Board [4s 2h 9d 7s Tc]
Seat 4: blackclan7
Seat 1: z00mba (button) folded before Flop
Seat 2: ptolejmus (small blind) showed [Ah Qd] and lost with high card Ace
Seat 3: Bdub93 (big blind) showed [Ac Ts] and won ($21.38) with a pair of Tens
Seat 5: trueYes.3970 folded before Flop (didn't bet)
Seat 6: Gfoer folded before Flop (didn't bet)



PokerStars Hand #254419475983:  Hold'em No Limit ($0.50/$1.00 USD) - 2025/01/17 20:27:49 WET [2025/01/17 15:27:49 ET]
Table 'Rhodia IV' 6-max Seat #2 is the button
Seat 1: z00mba ($100 in chips) 
Seat 2: ptolejmus ($10 in chips) 
Seat 3: Bdub93 ($49.68 in chips) 
Seat 4: blackclan7 ($100 in chips) 
Seat 5: trueYes.3970 ($7.50 in chips) 
Seat 6: Gfoer ($101.65 in chips) 
Bdub93: posts small blind $0.50
blackclan7: posts big blind $1
*** HOLE CARDS ***
trueYes.3970: folds 
Gfoer: raises $1.20 to $2.20
z00mba: folds 
ptolejmus: folds 
Bdub93: folds 
blackclan7: folds 
Uncalled bet ($1.20) returned to Gfoer
Gfoer collected $2.50 from pot
Gfoer: doesn't show hand 
*** SUMMARY ***
Total pot $2.50 | Rake $0 
Seat 1: z00mba folded before Flop (didn't bet)
Seat 2: ptolejmus (button) folded before Flop (didn't bet)
Seat 3: Bdub93 (small blind) folded before Flop
Seat 4: blackclan7 (big blind) folded before Flop
Seat 5: trueYes.3970 folded before Flop (didn't bet)
Seat 6: Gfoer collected ($2.50)



PokerStars Hand #254419479981:  Hold'em No Limit ($0.50/$1.00 USD) - 2025/01/17 20:28:02 WET [2025/01/17 15:28:02 ET]
Table 'Rhodia IV' 6-max Seat #3 is the button
Seat 1: z00mba ($100 in chips) 
Seat 2: ptolejmus ($10 in chips) 
Seat 3: Bdub93 ($49.18 in chips) 
Seat 4: blackclan7 ($100 in chips) 
Seat 5: trueYes.3970 ($7.50 in chips) 
Seat 6: Gfoer ($103.15 in chips) 
blackclan7: posts small blind $0.50
trueYes.3970: posts big blind $1
*** HOLE CARDS ***
Gfoer: folds 
z00mba: folds 
ptolejmus: folds 
Bdub93: calls $1
blackclan7: folds 
trueYes.3970: raises $6.50 to $7.50 and is all-in
Bdub93: calls $6.50
*** FLOP *** [Js Kh Th]
*** TURN *** [Js Kh Th] [7c]
*** RIVER *** [Js Kh Th 7c] [8d]
*** SHOW DOWN ***
trueYes.3970: shows [Ad Ts] (a pair of Tens)
Bdub93: shows [6s 9s] (a straight, Seven to Jack)
Bdub93 collected $14.72 from pot
*** SUMMARY ***
Total pot $15.50 | Rake $0.78 
Board [Js Kh Th 7c 8d]
Seat 1: z00mba folded before Flop (didn't bet)
Seat 2: ptolejmus folded before Flop (didn't bet)
Seat 3: Bdub93 (button) showed [6s 9s] and won ($14.72) with a straight, Seven to Jack
Seat 4: blackclan7 (small blind) folded before Flop
Seat 5: trueYes.3970 (big blind) showed [Ad Ts] and lost with a pair of Tens
Seat 6: Gfoer folded before Flop (didn't bet)



PokerStars Hand #254419488356:  Hold'em No Limit ($0.50/$1.00 USD) - 2025/01/17 20:28:29 WET [2025/01/17 15:28:29 ET]
Table 'Rhodia IV' 6-max Seat #4 is the button
Seat 5: trueYes.3970 ($0 in chips) is sitting out
Seat 1: z00mba ($100 in chips) 
Seat 2: ptolejmus ($10 in chips) 
Seat 3: Bdub93 ($56.40 in chips) 
Seat 4: blackclan7 ($100 in chips) 
Seat 6: Gfoer ($103.15 in chips) 
Gfoer: posts small blind $0.50
z00mba: posts big blind $1
*** HOLE CARDS ***
ptolejmus: folds 
Bdub93: raises $2 to $3
blackclan7: calls $3
Gfoer: folds 
z00mba: folds 
*** FLOP *** [2h 7s Qh]
Bdub93: bets $3.56
blackclan7: folds 
Uncalled bet ($3.56) returned to Bdub93
Bdub93 collected $7.12 from pot
*** SUMMARY ***
Total pot $7.50 | Rake $0.38 
Board [2h 7s Qh]
Seat 5: trueYes.3970
Seat 1: z00mba (big blind) folded before Flop
Seat 2: ptolejmus folded before Flop (didn't bet)
Seat 3: Bdub93 collected ($7.12)
Seat 4: blackclan7 (button) folded on the Flop
Seat 6: Gfoer (small blind) folded before Flop



PokerStars Hand #254419497123:  Hold'em No Limit ($0.50/$1.00 USD) - 2025/01/17 20:28:58 WET [2025/01/17 15:28:58 ET]
Table 'Rhodia IV' 6-max Seat #6 is the button
Seat 1: z00mba ($100 in chips) 
Seat 2: ptolejmus ($10 in chips) 
Seat 3: Bdub93 ($60.52 in chips) 
Seat 4: blackclan7 ($100 in chips) 
Seat 5: trueYes.3970 ($10 in chips) 
Seat 6: Gfoer ($102.65 in chips) 
z00mba: posts small blind $0.50
ptolejmus: posts big blind $1
trueYes.3970: posts small blind $0.50
*** HOLE CARDS ***
Bdub93: folds 
blackclan7: folds 
trueYes.3970: raises $8.50 to $9.50 and is all-in
Gfoer: folds 
z00mba: folds 
ptolejmus: calls $8.50
*** FLOP *** [Qd Qh Jd]
*** TURN *** [Qd Qh Jd] [Td]
*** RIVER *** [Qd Qh Jd Td] [7h]
*** SHOW DOWN ***
ptolejmus: shows [8h Ks] (a pair of Queens)
trueYes.3970: shows [Kc Ts] (two pair, Queens and Tens)
trueYes.3970 collected $19 from pot
*** SUMMARY ***
Total pot $20 | Rake $1 
Board [Qd Qh Jd Td 7h]
Seat 1: z00mba (small blind) folded before Flop
Seat 2: ptolejmus (big blind) showed [8h Ks] and lost with a pair of Queens
Seat 3: Bdub93 folded before Flop (didn't bet)
Seat 4: blackclan7 folded before Flop (didn't bet)
Seat 5: trueYes.3970 showed [Kc Ts] and won ($19) with two pair, Queens and Tens
Seat 6: Gfoer (button) folded before Flop (didn't bet)



PokerStars Hand #254419506320:  Hold'em No Limit ($0.50/$1.00 USD) - 2025/01/17 20:29:28 WET [2025/01/17 15:29:28 ET]
Table 'Rhodia IV' 6-max Seat #1 is the button
Seat 1: z00mba ($100 in chips) 
Seat 2: ptolejmus ($10 in chips) 
Seat 3: Bdub93 ($60.52 in chips) 
Seat 4: blackclan7 ($100 in chips) 
Seat 5: trueYes.3970 ($19 in chips) 
Seat 6: Gfoer ($102.65 in chips) 
ptolejmus: posts small blind $0.50
Bdub93: posts big blind $1
*** HOLE CARDS ***
blackclan7: folds 
trueYes.3970: folds 
Gfoer: folds 
z00mba: raises $1.50 to $2.50
ptolejmus: raises $7.50 to $10 and is all-in
Bdub93: calls $9
z00mba: raises $90 to $100 and is all-in
Bdub93: folds 
Uncalled bet ($90) returned to z00mba
*** FLOP *** [Qd 7s 4d]
*** TURN *** [Qd 7s 4d] [6d]
*** RIVER *** [Qd 7s 4d 6d] [Th]
*** SHOW DOWN ***
ptolejmus: shows [2d 2s] (a pair of Deuces)
z00mba: shows [9c 9d] (a pair of Nines)
z00mba collected $28.50 from pot
*** SUMMARY ***
Total pot $30 | Rake $1.50 
Board [Qd 7s 4d 6d Th]
Seat 1: z00mba (button) showed [9c 9d] and won ($28.50) with a pair of Nines
Seat 2: ptolejmus (small blind) showed [2d 2s] and lost with a pair of Deuces
Seat 3: Bdub93 (big blind) folded before Flop
Seat 4: blackclan7 folded before Flop (didn't bet)
Seat 5: trueYes.3970 folded before Flop (didn't bet)
Seat 6: Gfoer folded before Flop (didn't bet)



PokerStars Hand #254419519830:  Hold'em No Limit ($0.50/$1.00 USD) - 2025/01/17 20:30:11 WET [2025/01/17 15:30:11 ET]
Table 'Rhodia IV' 6-max Seat #2 is the button
Seat 1: z00mba ($118.50 in chips) 
Seat 2: ptolejmus ($10 in chips) 
Seat 3: Bdub93 ($50.52 in chips) 
Seat 4: blackclan7 ($100 in chips) 
Seat 5: trueYes.3970 ($19 in chips) 
Seat 6: Gfoer ($102.65 in chips) 
Bdub93: posts small blind $0.50
blackclan7: posts big blind $1
*** HOLE CARDS ***
trueYes.3970: folds 
Gfoer: folds 
z00mba: folds 
ptolejmus: raises $9 to $10 and is all-in
Bdub93: calls $9.50
blackclan7: folds 
*** FLOP *** [6s Ad 3d]
*** TURN *** [6s Ad 3d] [Kc]
*** RIVER *** [6s Ad 3d Kc] [3h]
*** SHOW DOWN ***
Bdub93: shows [6d Qc] (two pair, Sixes and Threes)
ptolejmus: shows [As Td] (two pair, Aces and Threes)
ptolejmus collected $19.95 from pot
*** SUMMARY ***
Total pot $21 | Rake $1.05 
Board [6s Ad 3d Kc 3h]
Seat 1: z00mba folded before Flop (didn't bet)
Seat 2: ptolejmus (button) showed [As Td] and won ($19.95) with two pair, Aces and Threes
Seat 3: Bdub93 (small blind) showed [6d Qc] and lost with two pair, Sixes and Threes
Seat 4: blackclan7 (big blind) folded before Flop
Seat 5: trueYes.3970 folded before Flop (didn't bet)
Seat 6: Gfoer folded before Flop (didn't bet)



PokerStars Hand #254419527799:  Hold'em No Limit ($0.50/$1.00 USD) - 2025/01/17 20:30:37 WET [2025/01/17 15:30:37 ET]
Table 'Rhodia IV' 6-max Seat #3 is the button
Seat 1: z00mba ($118.50 in chips) 
Seat 2: ptolejmus ($19.95 in chips) 
Seat 3: Bdub93 ($40.52 in chips) 
Seat 4: blackclan7 ($100 in chips) 
Seat 5: trueYes.3970 ($19 in chips) 
Seat 6: Gfoer ($102.65 in chips) 
blackclan7: posts small blind $0.50
trueYes.3970: posts big blind $1
*** HOLE CARDS ***
Gfoer: folds 
z00mba: folds 
ptolejmus: raises $8 to $9
Bdub93: raises $31.52 to $40.52 and is all-in
blackclan7: folds 
trueYes.3970: folds 
ptolejmus: calls $10.95 and is all-in
Uncalled bet ($20.57) returned to Bdub93
*** FLOP *** [8h 8s 7d]
*** TURN *** [8h 8s 7d] [Qs]
*** RIVER *** [8h 8s 7d Qs] [8c]
*** SHOW DOWN ***
ptolejmus: shows [Kc Kd] (a full house, Eights full of Kings)
Bdub93: shows [Tc 9d] (three of a kind, Eights)
ptolejmus collected $39.33 from pot
*** SUMMARY ***
Total pot $41.40 | Rake $2.07 
Board [8h 8s 7d Qs 8c]
Seat 1: z00mba folded before Flop (didn't bet)
Seat 2: ptolejmus showed [Kc Kd] and won ($39.33) with a full house, Eights full of Kings
Seat 3: Bdub93 (button) showed [Tc 9d] and lost with three of a kind, Eights
Seat 4: blackclan7 (small blind) folded before Flop
Seat 5: trueYes.3970 (big blind) folded before Flop
Seat 6: Gfoer folded before Flop (didn't bet)



PokerStars Hand #254419537381:  Hold'em No Limit ($0.50/$1.00 USD) - 2025/01/17 20:31:08 WET [2025/01/17 15:31:08 ET]
Table 'Rhodia IV' 6-max Seat #4 is the button
Seat 1: z00mba ($118.50 in chips) 
Seat 2: ptolejmus ($39.33 in chips) 
Seat 3: Bdub93 ($20.57 in chips) 
Seat 4: blackclan7 ($100 in chips) 
Seat 5: trueYes.3970 ($18 in chips) 
Seat 6: Gfoer ($102.65 in chips) 
trueYes.3970: posts small blind $0.50
Gfoer: posts big blind $1
*** HOLE CARDS ***
z00mba: folds 
ptolejmus: raises $20 to $21
Bdub93: calls $20.57 and is all-in
blackclan7: folds 
trueYes.3970: folds 
Gfoer: folds 
Uncalled bet ($0.43) returned to ptolejmus
*** FLOP *** [Js 3d 2c]
*** TURN *** [Js 3d 2c] [Ts]
*** RIVER *** [Js 3d 2c Ts] [4c]
*** SHOW DOWN ***
ptolejmus: shows [9c 9h] (a pair of Nines)
Bdub93: shows [Ac 5h] (a straight, Ace to Five)
Bdub93 collected $40.51 from pot
*** SUMMARY ***
Total pot $42.64 | Rake $2.13 
Board [Js 3d 2c Ts 4c]
Seat 1: z00mba folded before Flop (didn't bet)
Seat 2: ptolejmus showed [9c 9h] and lost with a pair of Nines
Seat 3: Bdub93 showed [Ac 5h] and won ($40.51) with a straight, Ace to Five
Seat 4: blackclan7 (button) folded before Flop (didn't bet)
Seat 5: trueYes.3970 (small blind) folded before Flop
Seat 6: Gfoer (big blind) folded before Flop



PokerStars Hand #254419546992:  Hold'em No Limit ($0.50/$1.00 USD) - 2025/01/17 20:31:39 WET [2025/01/17 15:31:39 ET]
Table 'Rhodia IV' 6-max Seat #5 is the button
Seat 1: z00mba ($118.50 in chips) 
Seat 2: ptolejmus ($18.76 in chips) 
Seat 3: Bdub93 ($40.51 in chips) 
Seat 4: blackclan7 ($100 in chips) 
Seat 5: trueYes.3970 ($17.50 in chips) 
Seat 6: Gfoer ($101.65 in chips) 
Gfoer: posts small blind $0.50
z00mba: posts big blind $1
*** HOLE CARDS ***
ptolejmus: raises $17.76 to $18.76 and is all-in
Bdub93: raises $21.75 to $40.51 and is all-in
blackclan7: folds 
trueYes.3970: folds 
Gfoer: folds 
z00mba: folds 
Uncalled bet ($21.75) returned to Bdub93
*** FLOP *** [5h 8d Jc]
*** TURN *** [5h 8d Jc] [Ks]
*** RIVER *** [5h 8d Jc Ks] [Th]
*** SHOW DOWN ***
ptolejmus: shows [As 9c] (high card Ace)
Bdub93: shows [Qd 4d] (high card King)
ptolejmus collected $37.07 from pot
*** SUMMARY ***
Total pot $39.02 | Rake $1.95 
Board [5h 8d Jc Ks Th]
Seat 1: z00mba (big blind) folded before Flop
Seat 2: ptolejmus showed [As 9c] and won ($37.07) with high card Ace
Seat 3: Bdub93 showed [Qd 4d] and lost with high card King
Seat 4: blackclan7 folded before Flop (didn't bet)
Seat 5: trueYes.3970 (button) folded before Flop (didn't bet)
Seat 6: Gfoer (small blind) folded before Flop



PokerStars Hand #254419555155:  Hold'em No Limit ($0.50/$1.00 USD) - 2025/01/17 20:32:05 WET [2025/01/17 15:32:05 ET]
Table 'Rhodia IV' 6-max Seat #6 is the button
Seat 2: ptolejmus ($37.07 in chips) is sitting out
Seat 1: z00mba ($117.50 in chips) 
Seat 3: Bdub93 ($21.75 in chips) 
Seat 4: blackclan7 ($100 in chips) 
Seat 5: trueYes.3970 ($17.50 in chips) 
Seat 6: Gfoer ($101.15 in chips) 
z00mba: posts small blind $0.50
ptolejmus: is sitting out 
Bdub93: posts big blind $1
*** HOLE CARDS ***
blackclan7: folds 
trueYes.3970: folds 
Gfoer: folds 
z00mba: calls $0.50
Bdub93: raises $20.75 to $21.75 and is all-in
z00mba: folds 
Uncalled bet ($20.75) returned to Bdub93
Bdub93 collected $2 from pot
*** SUMMARY ***
Total pot $2 | Rake $0 
Seat 2: ptolejmus
Seat 1: z00mba (small blind) folded before Flop
Seat 3: Bdub93 (big blind) collected ($2)
Seat 4: blackclan7 folded before Flop (didn't bet)
Seat 5: trueYes.3970 folded before Flop (didn't bet)
Seat 6: Gfoer (button) folded before Flop (didn't bet)



PokerStars Hand #254419562704:  Hold'em No Limit ($0.50/$1.00 USD) - 2025/01/17 20:32:29 WET [2025/01/17 15:32:29 ET]
Table 'Rhodia IV' 6-max Seat #1 is the button
Seat 2: ptolejmus ($37.07 in chips) is sitting out
Seat 1: z00mba ($116.50 in chips) 
Seat 3: Bdub93 ($22.75 in chips) 
Seat 4: blackclan7 ($100 in chips) 
Seat 5: trueYes.3970 ($17.50 in chips) 
Seat 6: Gfoer ($101.15 in chips) 
Bdub93: posts small blind $0.50
blackclan7: posts big blind $1
*** HOLE CARDS ***
trueYes.3970: raises $1.40 to $2.40
Gfoer: folds 
z00mba: calls $2.40
Bdub93: calls $1.90
blackclan7: folds 
*** FLOP *** [8d 9s 4d]
Bdub93: bets $20.35 and is all-in
trueYes.3970: folds 
z00mba: folds 
Uncalled bet ($20.35) returned to Bdub93
Bdub93 collected $7.79 from pot
*** SUMMARY ***
Total pot $8.20 | Rake $0.41 
Board [8d 9s 4d]
Seat 2: ptolejmus
Seat 1: z00mba (button) folded on the Flop
Seat 3: Bdub93 (small blind) collected ($7.79)
Seat 4: blackclan7 (big blind) folded before Flop
Seat 5: trueYes.3970 folded on the Flop
Seat 6: Gfoer folded before Flop (didn't bet)



PokerStars Hand #254419570811:  Hold'em No Limit ($0.50/$1.00 USD) - 2025/01/17 20:32:56 WET [2025/01/17 15:32:56 ET]
Table 'Rhodia IV' 6-max Seat #3 is the button
Seat 2: ptolejmus ($37.07 in chips) is sitting out
Seat 1: z00mba ($114.10 in chips) 
Seat 3: Bdub93 ($28.14 in chips) 
Seat 4: blackclan7 ($100 in chips) 
Seat 5: trueYes.3970 ($15.10 in chips) 
Seat 6: Gfoer ($101.15 in chips) 
blackclan7: posts small blind $0.50
trueYes.3970: posts big blind $1
ptolejmus: sits out 
*** HOLE CARDS ***
Gfoer: raises $1.20 to $2.20
z00mba: folds 
Bdub93: folds 
blackclan7: folds 
trueYes.3970: folds 
Uncalled bet ($1.20) returned to Gfoer
Gfoer collected $2.50 from pot
Gfoer: doesn't show hand 
*** SUMMARY ***
Total pot $2.50 | Rake $0 
Seat 2: ptolejmus
Seat 1: z00mba folded before Flop (didn't bet)
Seat 3: Bdub93 (button) folded before Flop (didn't bet)
Seat 4: blackclan7 (small blind) folded before Flop
Seat 5: trueYes.3970 (big blind) folded before Flop
Seat 6: Gfoer collected ($2.50)



PokerStars Hand #254419578925:  Hold'em No Limit ($0.50/$1.00 USD) - 2025/01/17 20:33:22 WET [2025/01/17 15:33:22 ET]
Table 'Rhodia IV' 6-max Seat #4 is the button
Seat 2: ptolejmus ($37.07 in chips) is sitting out
Seat 1: z00mba ($114.10 in chips) 
Seat 3: Bdub93 ($28.14 in chips) 
Seat 4: blackclan7 ($100 in chips) 
Seat 5: trueYes.3970 ($14.10 in chips) 
Seat 6: Gfoer ($102.65 in chips) 
trueYes.3970: posts small blind $0.50
Gfoer: posts big blind $1
ptolejmus: sits out 
*** HOLE CARDS ***
z00mba: folds 
Bdub93: calls $1
blackclan7: folds 
trueYes.3970: calls $0.50
Gfoer: checks 
*** FLOP *** [Th Ts 5d]
trueYes.3970: checks 
Gfoer: checks 
Bdub93: bets $6
trueYes.3970: folds 
Gfoer: folds 
Uncalled bet ($6) returned to Bdub93
Bdub93 collected $2.85 from pot
*** SUMMARY ***
Total pot $3 | Rake $0.15 
Board [Th Ts 5d]
Seat 2: ptolejmus
Seat 1: z00mba folded before Flop (didn't bet)
Seat 3: Bdub93 collected ($2.85)
Seat 4: blackclan7 (button) folded before Flop (didn't bet)
Seat 5: trueYes.3970 (small blind) folded on the Flop
Seat 6: Gfoer (big blind) folded on the Flop



PokerStars Hand #254419593160:  Hold'em No Limit ($0.50/$1.00 USD) - 2025/01/17 20:34:07 WET [2025/01/17 15:34:07 ET]
Table 'Rhodia IV' 6-max Seat #5 is the button
Seat 2: ptolejmus ($37.07 in chips) is sitting out
Seat 1: z00mba ($114.10 in chips) 
Seat 3: Bdub93 ($29.99 in chips) 
Seat 4: blackclan7 ($100 in chips) 
Seat 5: trueYes.3970 ($13.10 in chips) 
Seat 6: Gfoer ($101.65 in chips) 
Gfoer: posts small blind $0.50
z00mba: posts big blind $1
ptolejmus: sits out 
*** HOLE CARDS ***
Bdub93: folds 
blackclan7: folds 
trueYes.3970: folds 
Gfoer: folds 
Uncalled bet ($0.50) returned to z00mba
z00mba collected $1 from pot
z00mba: doesn't show hand 
*** SUMMARY ***
Total pot $1 | Rake $0 
Seat 2: ptolejmus
Seat 1: z00mba (big blind) collected ($1)
Seat 3: Bdub93 folded before Flop (didn't bet)
Seat 4: blackclan7 folded before Flop (didn't bet)
Seat 5: trueYes.3970 (button) folded before Flop (didn't bet)
Seat 6: Gfoer (small blind) folded before Flop



PokerStars Hand #254419598079:  Hold'em No Limit ($0.50/$1.00 USD) - 2025/01/17 20:34:23 WET [2025/01/17 15:34:23 ET]
Table 'Rhodia IV' 6-max Seat #6 is the button
Seat 1: z00mba ($114.60 in chips) 
Seat 2: ptolejmus ($37.07 in chips) 
Seat 3: Bdub93 ($29.99 in chips) 
Seat 4: blackclan7 ($100 in chips) 
Seat 5: trueYes.3970 ($13.10 in chips) 
Seat 6: Gfoer ($101.15 in chips) 
z00mba: posts small blind $0.50
ptolejmus: posts big blind $1
*** HOLE CARDS ***
Bdub93: raises $1 to $2
blackclan7: raises $4.13 to $6.13
trueYes.3970: folds 
Gfoer: folds 
z00mba: folds 
ptolejmus: folds 
Bdub93: raises $23.86 to $29.99 and is all-in
blackclan7: calls $23.86
*** FLOP *** [Jc 2c 7d]
*** TURN *** [Jc 2c 7d] [6h]
*** RIVER *** [Jc 2c 7d 6h] [Ac]
*** SHOW DOWN ***
Bdub93: shows [7h As] (two pair, Aces and Sevens)
blackclan7: shows [9d 9s] (a pair of Nines)
Bdub93 collected $58.98 from pot
blackclan7 cashed out the hand for $40.81 | Cash Out Fee $0.83
*** SUMMARY ***
Total pot $61.48 | Rake $2.50 
Board [Jc 2c 7d 6h Ac]
Seat 1: z00mba (small blind) folded before Flop
Seat 2: ptolejmus (big blind) folded before Flop
Seat 3: Bdub93 showed [7h As] and won ($58.98) with two pair, Aces and Sevens
Seat 4: blackclan7 showed [9d 9s] and lost with a pair of Nines (cashed out).
Seat 5: trueYes.3970 folded before Flop (didn't bet)
Seat 6: Gfoer (button) folded before Flop (didn't bet)



PokerStars Hand #254419609092:  Hold'em No Limit ($0.50/$1.00 USD) - 2025/01/17 20:34:59 WET [2025/01/17 15:34:59 ET]
Table 'Rhodia IV' 6-max Seat #1 is the button
Seat 1: z00mba ($114.10 in chips) 
Seat 2: ptolejmus ($36.07 in chips) 
Seat 3: Bdub93 ($58.98 in chips) 
Seat 4: blackclan7 ($110.82 in chips) 
Seat 5: trueYes.3970 ($13.10 in chips) 
Seat 6: Gfoer ($101.15 in chips) 
ptolejmus: posts small blind $0.50
Bdub93: posts big blind $1
*** HOLE CARDS ***
blackclan7: folds 
trueYes.3970: folds 
Gfoer: raises $1.20 to $2.20
z00mba: folds 
ptolejmus: calls $1.70
Bdub93: calls $1.20
*** FLOP *** [6s 8d 5s]
ptolejmus: checks 
Bdub93: bets $1
Gfoer: calls $1
ptolejmus: folds 
*** TURN *** [6s 8d 5s] [9h]
Bdub93: bets $6.09
Gfoer: calls $6.09
*** RIVER *** [6s 8d 5s 9h] [4d]
Bdub93: bets $12
Gfoer: calls $12
*** SHOW DOWN ***
Bdub93: shows [Kd 4c] (a pair of Fours)
Gfoer: shows [Qs 9s] (a pair of Nines)
Gfoer collected $42.54 from pot
*** SUMMARY ***
Total pot $44.78 | Rake $2.24 
Board [6s 8d 5s 9h 4d]
Seat 1: z00mba (button) folded before Flop (didn't bet)
Seat 2: ptolejmus (small blind) folded on the Flop
Seat 3: Bdub93 (big blind) showed [Kd 4c] and lost with a pair of Fours
Seat 4: blackclan7 folded before Flop (didn't bet)
Seat 5: trueYes.3970 folded before Flop (didn't bet)
Seat 6: Gfoer showed [Qs 9s] and won ($42.54) with a pair of Nines



PokerStars Hand #254419625854:  Hold'em No Limit ($0.50/$1.00 USD) - 2025/01/17 20:35:53 WET [2025/01/17 15:35:53 ET]
Table 'Rhodia IV' 6-max Seat #2 is the button
Seat 1: z00mba ($114.10 in chips) 
Seat 2: ptolejmus ($33.87 in chips) 
Seat 3: Bdub93 ($37.69 in chips) 
Seat 4: blackclan7 ($110.82 in chips) 
Seat 5: trueYes.3970 ($13.10 in chips) 
Seat 6: Gfoer ($122.40 in chips) 
Bdub93: posts small blind $0.50
blackclan7: posts big blind $1
*** HOLE CARDS ***
trueYes.3970: folds 
Gfoer: raises $1.20 to $2.20
z00mba: folds 
ptolejmus: folds 
Bdub93: calls $1.70
blackclan7: folds 
*** FLOP *** [Td 7h Kd]
Bdub93: bets $2.57
Gfoer: raises $9.43 to $12
Bdub93: folds 
Uncalled bet ($9.43) returned to Gfoer
Gfoer collected $10.01 from pot
Gfoer: doesn't show hand 
*** SUMMARY ***
Total pot $10.54 | Rake $0.53 
Board [Td 7h Kd]
Seat 1: z00mba folded before Flop (didn't bet)
Seat 2: ptolejmus (button) folded before Flop (didn't bet)
Seat 3: Bdub93 (small blind) folded on the Flop
Seat 4: blackclan7 (big blind) folded before Flop
Seat 5: trueYes.3970 folded before Flop (didn't bet)
Seat 6: Gfoer collected ($10.01)



PokerStars Hand #254419640378:  Hold'em No Limit ($0.50/$1.00 USD) - 2025/01/17 20:36:39 WET [2025/01/17 15:36:39 ET]
Table 'Rhodia IV' 6-max Seat #3 is the button
Seat 1: z00mba ($114.10 in chips) 
Seat 2: ptolejmus ($33.87 in chips) 
Seat 3: Bdub93 ($32.92 in chips) 
Seat 4: blackclan7 ($109.82 in chips) 
Seat 5: trueYes.3970 ($13.10 in chips) 
Seat 6: Gfoer ($127.64 in chips) 
blackclan7: posts small blind $0.50
trueYes.3970: posts big blind $1
*** HOLE CARDS ***
Gfoer: folds 
z00mba: folds 
ptolejmus: raises $32.87 to $33.87 and is all-in
Bdub93: folds 
blackclan7: folds 
trueYes.3970: calls $12.10 and is all-in
Uncalled bet ($20.77) returned to ptolejmus
*** FLOP *** [As Jh 3s]
*** TURN *** [As Jh 3s] [9s]
*** RIVER *** [As Jh 3s 9s] [6s]
*** SHOW DOWN ***
trueYes.3970: shows [Qc Kc] (high card Ace)
ptolejmus: shows [Ac Ts] (a flush, Ace high)
ptolejmus collected $25.36 from pot
*** SUMMARY ***
Total pot $26.70 | Rake $1.34 
Board [As Jh 3s 9s 6s]
Seat 1: z00mba folded before Flop (didn't bet)
Seat 2: ptolejmus showed [Ac Ts] and won ($25.36) with a flush, Ace high
Seat 3: Bdub93 (button) folded before Flop (didn't bet)
Seat 4: blackclan7 (small blind) folded before Flop
Seat 5: trueYes.3970 (big blind) showed [Qc Kc] and lost with high card Ace
Seat 6: Gfoer folded before Flop (didn't bet)



PokerStars Hand #254419651217:  Hold'em No Limit ($0.50/$1.00 USD) - 2025/01/17 20:37:14 WET [2025/01/17 15:37:14 ET]
Table 'Rhodia IV' 6-max Seat #4 is the button
Seat 5: trueYes.3970 ($0 in chips) is sitting out
Seat 1: z00mba ($114.10 in chips) 
Seat 2: ptolejmus ($46.13 in chips) 
Seat 3: Bdub93 ($32.92 in chips) 
Seat 4: blackclan7 ($109.32 in chips) 
Seat 6: Gfoer ($127.64 in chips) 
Gfoer: posts small blind $0.50
z00mba: posts big blind $1
*** HOLE CARDS ***
ptolejmus: folds 
Bdub93: raises $31.92 to $32.92 and is all-in
blackclan7: folds 
Gfoer: folds 
z00mba: folds 
Uncalled bet ($31.92) returned to Bdub93
Bdub93 collected $2.50 from pot
*** SUMMARY ***
Total pot $2.50 | Rake $0 
Seat 5: trueYes.3970
Seat 1: z00mba (big blind) folded before Flop
Seat 2: ptolejmus folded before Flop (didn't bet)
Seat 3: Bdub93 collected ($2.50)
Seat 4: blackclan7 (button) folded before Flop (didn't bet)
Seat 6: Gfoer (small blind) folded before Flop



PokerStars Hand #254419657400:  Hold'em No Limit ($0.50/$1.00 USD) - 2025/01/17 20:37:33 WET [2025/01/17 15:37:33 ET]
Table 'Rhodia IV' 6-max Seat #6 is the button
Seat 1: z00mba ($113.10 in chips) 
Seat 2: ptolejmus ($46.13 in chips) 
Seat 3: Bdub93 ($34.42 in chips) 
Seat 4: blackclan7 ($109.32 in chips) 
Seat 5: trueYes.3970 ($10 in chips) 
Seat 6: Gfoer ($127.14 in chips) 
z00mba: posts small blind $0.50
ptolejmus: posts big blind $1
trueYes.3970: posts small blind $0.50
*** HOLE CARDS ***
Bdub93: folds 
blackclan7: folds 
trueYes.3970: folds 
Gfoer: raises $2 to $3
z00mba: folds 
ptolejmus: calls $2
*** FLOP *** [3d Qc 4s]
ptolejmus: checks 
Gfoer: checks 
*** TURN *** [3d Qc 4s] [4d]
ptolejmus: bets $1
Gfoer: calls $1
*** RIVER *** [3d Qc 4s 4d] [Ah]
ptolejmus: bets $1
Gfoer: raises $9.23 to $10.23
ptolejmus: calls $9.23
*** SHOW DOWN ***
Gfoer: shows [As Kc] (two pair, Aces and Fours)
ptolejmus: shows [Ks Ac] (two pair, Aces and Fours)
ptolejmus collected $14 from pot
Gfoer collected $13.99 from pot
*** SUMMARY ***
Total pot $29.46 | Rake $1.47 
Board [3d Qc 4s 4d Ah]
Seat 1: z00mba (small blind) folded before Flop
Seat 2: ptolejmus (big blind) showed [Ks Ac] and won ($14) with two pair, Aces and Fours
Seat 3: Bdub93 folded before Flop (didn't bet)
Seat 4: blackclan7 folded before Flop (didn't bet)
Seat 5: trueYes.3970 folded before Flop (didn't bet)
Seat 6: Gfoer (button) showed [As Kc] and won ($13.99) with two pair, Aces and Fours



PokerStars Hand #254419694650:  Hold'em No Limit ($0.50/$1.00 USD) - 2025/01/17 20:39:32 WET [2025/01/17 15:39:32 ET]
Table 'Rhodia IV' 6-max Seat #1 is the button
Seat 1: z00mba ($112.60 in chips) 
Seat 2: ptolejmus ($45.90 in chips) 
Seat 3: Bdub93 ($34.42 in chips) 
Seat 4: blackclan7 ($109.32 in chips) 
Seat 5: trueYes.3970 ($9.50 in chips) 
Seat 6: Gfoer ($126.90 in chips) 
ptolejmus: posts small blind $0.50
Bdub93: posts big blind $1
*** HOLE CARDS ***
blackclan7: folds 
trueYes.3970: raises $2.50 to $3.50
Gfoer: raises $6.50 to $10
z00mba: folds 
ptolejmus: folds 
Bdub93: folds 
trueYes.3970: calls $6 and is all-in
Uncalled bet ($0.50) returned to Gfoer
*** FLOP *** [3c 6h 9h]
*** TURN *** [3c 6h 9h] [Js]
*** RIVER *** [3c 6h 9h Js] [7h]
*** SHOW DOWN ***
trueYes.3970: shows [Qs Kd] (high card King)
Gfoer: shows [Kc Kh] (a pair of Kings)
Gfoer collected $19.48 from pot
*** SUMMARY ***
Total pot $20.50 | Rake $1.02 
Board [3c 6h 9h Js 7h]
Seat 1: z00mba (button) folded before Flop (didn't bet)
Seat 2: ptolejmus (small blind) folded before Flop
Seat 3: Bdub93 (big blind) folded before Flop
Seat 4: blackclan7 folded before Flop (didn't bet)
Seat 5: trueYes.3970 showed [Qs Kd] and lost with high card King
Seat 6: Gfoer showed [Kc Kh] and won ($19.48) with a pair of Kings



PokerStars Hand #254419705069:  Hold'em No Limit ($0.50/$1.00 USD) - 2025/01/17 20:40:06 WET [2025/01/17 15:40:06 ET]
Table 'Rhodia IV' 6-max Seat #2 is the button
Seat 5: trueYes.3970 ($0 in chips) is sitting out
Seat 1: z00mba ($112.60 in chips) 
Seat 2: ptolejmus ($45.40 in chips) 
Seat 3: Bdub93 ($33.42 in chips) 
Seat 4: blackclan7 ($109.32 in chips) 
Seat 6: Gfoer ($136.88 in chips) 
Bdub93: posts small blind $0.50
blackclan7: posts big blind $1
*** HOLE CARDS ***
Gfoer: folds 
z00mba: folds 
ptolejmus: raises $1 to $2
Bdub93: calls $1.50
blackclan7: calls $1
*** FLOP *** [As Kh Qh]
Bdub93: bets $5.70
blackclan7: folds 
ptolejmus: calls $5.70
*** TURN *** [As Kh Qh] [5c]
Bdub93: checks 
ptolejmus: checks 
*** RIVER *** [As Kh Qh 5c] [9d]
Bdub93: bets $10
ptolejmus: calls $10
*** SHOW DOWN ***
Bdub93: shows [4h 7d] (high card Ace)
ptolejmus: shows [Ks 7h] (a pair of Kings)
ptolejmus collected $35.53 from pot
*** SUMMARY ***
Total pot $37.40 | Rake $1.87 
Board [As Kh Qh 5c 9d]
Seat 5: trueYes.3970
Seat 1: z00mba folded before Flop (didn't bet)
Seat 2: ptolejmus (button) showed [Ks 7h] and won ($35.53) with a pair of Kings
Seat 3: Bdub93 (small blind) showed [4h 7d] and lost with high card Ace
Seat 4: blackclan7 (big blind) folded on the Flop
Seat 6: Gfoer folded before Flop (didn't bet)



PokerStars Hand #254419721649:  Hold'em No Limit ($0.50/$1.00 USD) - 2025/01/17 20:40:58 WET [2025/01/17 15:40:58 ET]
Table 'Rhodia IV' 6-max Seat #3 is the button
Seat 1: z00mba ($112.60 in chips) 
Seat 2: ptolejmus ($63.23 in chips) 
Seat 3: Bdub93 ($15.72 in chips) 
Seat 4: blackclan7 ($107.32 in chips) 
Seat 5: trueYes.3970 ($10 in chips) 
Seat 6: Gfoer ($136.88 in chips) 
blackclan7: posts small blind $0.50
trueYes.3970: posts big blind $1
*** HOLE CARDS ***
Gfoer: folds 
z00mba: folds 
ptolejmus: raises $1 to $2
Bdub93: folds 
blackclan7: folds 
trueYes.3970: folds 
Uncalled bet ($1) returned to ptolejmus
ptolejmus collected $2.50 from pot
*** SUMMARY ***
Total pot $2.50 | Rake $0 
Seat 1: z00mba folded before Flop (didn't bet)
Seat 2: ptolejmus collected ($2.50)
Seat 3: Bdub93 (button) folded before Flop (didn't bet)
Seat 4: blackclan7 (small blind) folded before Flop
Seat 5: trueYes.3970 (big blind) folded before Flop
Seat 6: Gfoer folded before Flop (didn't bet)



PokerStars Hand #254419728365:  Hold'em No Limit ($0.50/$1.00 USD) - 2025/01/17 20:41:20 WET [2025/01/17 15:41:20 ET]
Table 'Rhodia IV' 6-max Seat #4 is the button
Seat 1: z00mba ($112.60 in chips) 
Seat 2: ptolejmus ($64.73 in chips) 
Seat 3: Bdub93 ($15.72 in chips) 
Seat 4: blackclan7 ($106.82 in chips) 
Seat 5: trueYes.3970 ($9 in chips) 
Seat 6: Gfoer ($136.88 in chips) 
trueYes.3970: posts small blind $0.50
Gfoer: posts big blind $1
*** HOLE CARDS ***
z00mba: folds 
ptolejmus: folds 
Bdub93: raises $14.72 to $15.72 and is all-in
blackclan7: folds 
trueYes.3970: folds 
Gfoer: folds 
Uncalled bet ($14.72) returned to Bdub93
Bdub93 collected $2.50 from pot
*** SUMMARY ***
Total pot $2.50 | Rake $0 
Seat 1: z00mba folded before Flop (didn't bet)
Seat 2: ptolejmus folded before Flop (didn't bet)
Seat 3: Bdub93 collected ($2.50)
Seat 4: blackclan7 (button) folded before Flop (didn't bet)
Seat 5: trueYes.3970 (small blind) folded before Flop
Seat 6: Gfoer (big blind) folded before Flop



PokerStars Hand #254419732721:  Hold'em No Limit ($0.50/$1.00 USD) - 2025/01/17 20:41:34 WET [2025/01/17 15:41:34 ET]
Table 'Rhodia IV' 6-max Seat #5 is the button
Seat 1: z00mba ($112.60 in chips) 
Seat 2: ptolejmus ($64.73 in chips) 
Seat 3: Bdub93 ($17.22 in chips) 
Seat 4: blackclan7 ($106.82 in chips) 
Seat 5: trueYes.3970 ($8.50 in chips) 
Seat 6: Gfoer ($135.88 in chips) 
Gfoer: posts small blind $0.50
z00mba: posts big blind $1
*** HOLE CARDS ***
ptolejmus: folds 
Bdub93: raises $16.22 to $17.22 and is all-in
blackclan7: folds 
ptolejmus leaves the table
trueYes.3970: folds 
Gfoer: folds 
z00mba: calls $16.22
*** FLOP *** [9c 8c Jh]
*** TURN *** [9c 8c Jh] [2c]
*** RIVER *** [9c 8c Jh 2c] [3c]
*** SHOW DOWN ***
z00mba: shows [5d Kd] (high card King)
Bdub93: shows [Js 3h] (two pair, Jacks and Threes)
Bdub93 collected $33.19 from pot
*** SUMMARY ***
Total pot $34.94 | Rake $1.75 
Board [9c 8c Jh 2c 3c]
Seat 1: z00mba (big blind) showed [5d Kd] and lost with high card King
Seat 2: ptolejmus folded before Flop (didn't bet)
Seat 3: Bdub93 showed [Js 3h] and won ($33.19) with two pair, Jacks and Threes
Seat 4: blackclan7 folded before Flop (didn't bet)
Seat 5: trueYes.3970 (button) folded before Flop (didn't bet)
Seat 6: Gfoer (small blind) folded before Flop



PokerStars Hand #254419739594:  Hold'em No Limit ($0.50/$1.00 USD) - 2025/01/17 20:41:55 WET [2025/01/17 15:41:55 ET]
Table 'Rhodia IV' 6-max Seat #6 is the button
Seat 1: z00mba ($100 in chips) 
Seat 3: Bdub93 ($33.19 in chips) 
Seat 4: blackclan7 ($106.82 in chips) 
Seat 5: trueYes.3970 ($8.50 in chips) 
Seat 6: Gfoer ($135.38 in chips) 
z00mba: posts small blind $0.50
Bdub93: posts big blind $1
*** HOLE CARDS ***
blackclan7: folds 
trueYes.3970: raises $7.50 to $8.50 and is all-in
Gfoer: folds 
z00mba: folds 
Bdub93: calls $7.50
BoyLoc0 joins the table at seat #2 
*** FLOP *** [Jd 5c 3s]
*** TURN *** [Jd 5c 3s] [2h]
*** RIVER *** [Jd 5c 3s 2h] [7c]
*** SHOW DOWN ***
Bdub93: shows [Jc Ac] (a pair of Jacks)
trueYes.3970: shows [9d 9c] (a pair of Nines)
Bdub93 collected $16.62 from pot
*** SUMMARY ***
Total pot $17.50 | Rake $0.88 
Board [Jd 5c 3s 2h 7c]
Seat 1: z00mba (small blind) folded before Flop
Seat 3: Bdub93 (big blind) showed [Jc Ac] and won ($16.62) with a pair of Jacks
Seat 4: blackclan7 folded before Flop (didn't bet)
Seat 5: trueYes.3970 showed [9d 9c] and lost with a pair of Nines
Seat 6: Gfoer (button) folded before Flop (didn't bet)



PokerStars Hand #254419748987:  Hold'em No Limit ($0.50/$1.00 USD) - 2025/01/17 20:42:25 WET [2025/01/17 15:42:25 ET]
Table 'Rhodia IV' 6-max Seat #1 is the button
Seat 2: BoyLoc0 ($100 in chips) is sitting out
Seat 5: trueYes.3970 ($0 in chips) is sitting out
Seat 1: z00mba ($100 in chips) 
Seat 3: Bdub93 ($41.31 in chips) 
Seat 4: blackclan7 ($106.82 in chips) 
Seat 6: Gfoer ($135.38 in chips) 
Bdub93: posts small blind $0.50
blackclan7: posts big blind $1
*** HOLE CARDS ***
Gfoer: folds 
z00mba: raises $1.50 to $2.50
Bdub93: calls $2
blackclan7: folds 
*** FLOP *** [3c Qc 6s]
Bdub93: bets $2.85
z00mba: folds 
Uncalled bet ($2.85) returned to Bdub93
Bdub93 collected $5.70 from pot
*** SUMMARY ***
Total pot $6 | Rake $0.30 
Board [3c Qc 6s]
Seat 2: BoyLoc0
Seat 5: trueYes.3970
Seat 1: z00mba (button) folded on the Flop
Seat 3: Bdub93 (small blind) collected ($5.70)
Seat 4: blackclan7 (big blind) folded before Flop
Seat 6: Gfoer folded before Flop (didn't bet)



PokerStars Hand #254419754465:  Hold'em No Limit ($0.50/$1.00 USD) - 2025/01/17 20:42:43 WET [2025/01/17 15:42:43 ET]
Table 'Rhodia IV' 6-max Seat #3 is the button
Seat 2: BoyLoc0 ($100 in chips) is sitting out
Seat 1: z00mba ($100 in chips) 
Seat 3: Bdub93 ($44.51 in chips) 
Seat 4: blackclan7 ($105.82 in chips) 
Seat 5: trueYes.3970 ($10 in chips) 
Seat 6: Gfoer ($135.38 in chips) 
blackclan7: posts small blind $0.50
trueYes.3970: posts big blind $1
BoyLoc0: sits out 
*** HOLE CARDS ***
Gfoer: folds 
z00mba: folds 
Bdub93: calls $1
blackclan7: calls $0.50
trueYes.3970: checks 
*** FLOP *** [As 3h 7h]
blackclan7: checks 
trueYes.3970: checks 
Bdub93: checks 
*** TURN *** [As 3h 7h] [Tc]
blackclan7: checks 
trueYes.3970: bets $2.85
Bdub93: calls $2.85
blackclan7: folds 
*** RIVER *** [As 3h 7h Tc] [6d]
trueYes.3970: bets $6.15 and is all-in
Bdub93: calls $6.15
*** SHOW DOWN ***
trueYes.3970: shows [Th 6s] (two pair, Tens and Sixes)
Bdub93: shows [8h 6c] (a pair of Sixes)
trueYes.3970 collected $19.95 from pot
*** SUMMARY ***
Total pot $21 | Rake $1.05 
Board [As 3h 7h Tc 6d]
Seat 2: BoyLoc0
Seat 1: z00mba folded before Flop (didn't bet)
Seat 3: Bdub93 (button) showed [8h 6c] and lost with a pair of Sixes
Seat 4: blackclan7 (small blind) folded on the Turn
Seat 5: trueYes.3970 (big blind) showed [Th 6s] and won ($19.95) with two pair, Tens and Sixes
Seat 6: Gfoer folded before Flop (didn't bet)



PokerStars Hand #254419835003:  Hold'em No Limit ($0.50/$1.00 USD) - 2025/01/17 20:47:01 WET [2025/01/17 15:47:01 ET]
Table 'Rhodia IV' 6-max Seat #2 is the button
Seat 3: Bdub93 ($0 in chips) is sitting out
Seat 1: z00mba ($115.14 in chips) 
Seat 2: BoyLoc0 ($100 in chips) 
Seat 4: blackclan7 ($105.32 in chips) 
Seat 5: trueYes.3970 ($57.35 in chips) 
Seat 6: Gfoer ($129.49 in chips) 
blackclan7: posts small blind $0.50
trueYes.3970: posts big blind $1
*** HOLE CARDS ***
Gfoer: folds 
z00mba: raises $1.50 to $2.50
BoyLoc0: folds 
blackclan7: folds 
trueYes.3970: calls $1.50
*** FLOP *** [7c Jc 7h]
trueYes.3970: checks 
z00mba: checks 
*** TURN *** [7c Jc 7h] [6s]
trueYes.3970: bets $5.22
z00mba: folds 
Uncalled bet ($5.22) returned to trueYes.3970
trueYes.3970 collected $5.22 from pot
*** SUMMARY ***
Total pot $5.50 | Rake $0.28 
Board [7c Jc 7h 6s]
Seat 3: Bdub93
Seat 1: z00mba folded on the Turn
Seat 2: BoyLoc0 (button) folded before Flop (didn't bet)
Seat 4: blackclan7 (small blind) folded before Flop
Seat 5: trueYes.3970 (big blind) collected ($5.22)
Seat 6: Gfoer folded before Flop (didn't bet)



PokerStars Hand #254419854181:  Hold'em No Limit ($0.50/$1.00 USD) - 2025/01/17 20:48:01 WET [2025/01/17 15:48:01 ET]
Table 'Rhodia IV' 6-max Seat #4 is the button
Seat 3: Bdub93 ($0 in chips) is sitting out
Seat 1: z00mba ($112.64 in chips) 
Seat 2: BoyLoc0 ($100 in chips) 
Seat 4: blackclan7 ($104.82 in chips) 
Seat 5: trueYes.3970 ($60.07 in chips) 
Seat 6: Gfoer ($129.49 in chips) 
trueYes.3970: posts small blind $0.50
Gfoer: posts big blind $1
*** HOLE CARDS ***
z00mba: folds 
BoyLoc0: folds 
blackclan7: folds 
trueYes.3970: calls $0.50
Gfoer: raises $3.50 to $4.50
trueYes.3970: folds 
Uncalled bet ($3.50) returned to Gfoer
Gfoer collected $2 from pot
Gfoer: doesn't show hand 
*** SUMMARY ***
Total pot $2 | Rake $0 
Seat 3: Bdub93
Seat 1: z00mba folded before Flop (didn't bet)
Seat 2: BoyLoc0 folded before Flop (didn't bet)
Seat 4: blackclan7 (button) folded before Flop (didn't bet)
Seat 5: trueYes.3970 (small blind) folded before Flop
Seat 6: Gfoer (big blind) collected ($2)



PokerStars Hand #254419862042:  Hold'em No Limit ($0.50/$1.00 USD) - 2025/01/17 20:48:26 WET [2025/01/17 15:48:26 ET]
Table 'Rhodia IV' 6-max Seat #5 is the button
Seat 3: Bdub93 ($0 in chips) is sitting out
Seat 1: z00mba ($112.64 in chips) 
Seat 2: BoyLoc0 ($100 in chips) 
Seat 4: blackclan7 ($104.82 in chips) 
Seat 5: trueYes.3970 ($59.07 in chips) 
Seat 6: Gfoer ($130.49 in chips) 
Gfoer: posts small blind $0.50
z00mba: posts big blind $1
*** HOLE CARDS ***
BoyLoc0: raises $1.50 to $2.50
blackclan7: folds 
trueYes.3970: folds 
Gfoer: folds 
z00mba: folds 
Uncalled bet ($1.50) returned to BoyLoc0
BoyLoc0 collected $2.50 from pot
BoyLoc0: doesn't show hand 
*** SUMMARY ***
Total pot $2.50 | Rake $0 
Seat 3: Bdub93
Seat 1: z00mba (big blind) folded before Flop
Seat 2: BoyLoc0 collected ($2.50)
Seat 4: blackclan7 folded before Flop (didn't bet)
Seat 5: trueYes.3970 (button) folded before Flop (didn't bet)
Seat 6: Gfoer (small blind) folded before Flop



PokerStars Hand #254419866016:  Hold'em No Limit ($0.50/$1.00 USD) - 2025/01/17 20:48:39 WET [2025/01/17 15:48:39 ET]
Table 'Rhodia IV' 6-max Seat #6 is the button
Seat 3: Bdub93 ($0 in chips) is sitting out
Seat 1: z00mba ($111.64 in chips) 
Seat 2: BoyLoc0 ($101.50 in chips) 
Seat 4: blackclan7 ($104.82 in chips) 
Seat 5: trueYes.3970 ($59.07 in chips) 
Seat 6: Gfoer ($129.99 in chips) 
z00mba: posts small blind $0.50
BoyLoc0: posts big blind $1
*** HOLE CARDS ***
blackclan7: folds 
trueYes.3970: folds 
Gfoer: folds 
z00mba: raises $2 to $3
BoyLoc0: folds 
Uncalled bet ($2) returned to z00mba
z00mba collected $2 from pot
z00mba: doesn't show hand 
*** SUMMARY ***
Total pot $2 | Rake $0 
Seat 3: Bdub93
Seat 1: z00mba (small blind) collected ($2)
Seat 2: BoyLoc0 (big blind) folded before Flop
Seat 4: blackclan7 folded before Flop (didn't bet)
Seat 5: trueYes.3970 folded before Flop (didn't bet)
Seat 6: Gfoer (button) folded before Flop (didn't bet)



PokerStars Hand #254419871371:  Hold'em No Limit ($0.50/$1.00 USD) - 2025/01/17 20:48:55 WET [2025/01/17 15:48:55 ET]
Table 'Rhodia IV' 6-max Seat #1 is the button
Seat 3: Bdub93 ($0 in chips) is sitting out
Seat 4: blackclan7 ($104.82 in chips) is sitting out
Seat 1: z00mba ($112.64 in chips) 
Seat 2: BoyLoc0 ($100.50 in chips) 
Seat 5: trueYes.3970 ($59.07 in chips) 
Seat 6: Gfoer ($129.99 in chips) 
BoyLoc0: posts small blind $0.50
blackclan7: is sitting out 
trueYes.3970: posts big blind $1
*** HOLE CARDS ***
blackclan7 leaves the table
Gfoer: folds 
z00mba: raises $1.50 to $2.50
BoyLoc0: folds 
trueYes.3970: calls $1.50
*** FLOP *** [5d Ad 6d]
trueYes.3970: checks 
MaikonAll joins the table at seat #4 
z00mba: bets $1.50
trueYes.3970: calls $1.50
*** TURN *** [5d Ad 6d] [4s]
trueYes.3970: checks 
z00mba: checks 
*** RIVER *** [5d Ad 6d 4s] [6h]
trueYes.3970: checks 
z00mba: checks 
*** SHOW DOWN ***
trueYes.3970: shows [9d Qs] (a pair of Sixes)
z00mba: shows [2c 2d] (two pair, Sixes and Deuces)
z00mba collected $8.08 from pot
*** SUMMARY ***
Total pot $8.50 | Rake $0.42 
Board [5d Ad 6d 4s 6h]
Seat 3: Bdub93
Seat 4: blackclan7
Seat 1: z00mba (button) showed [2c 2d] and won ($8.08) with two pair, Sixes and Deuces
Seat 2: BoyLoc0 (small blind) folded before Flop
Seat 5: trueYes.3970 (big blind) showed [9d Qs] and lost with a pair of Sixes
Seat 6: Gfoer folded before Flop (didn't bet)



PokerStars Hand #254419887775:  Hold'em No Limit ($0.50/$1.00 USD) - 2025/01/17 20:49:48 WET [2025/01/17 15:49:48 ET]
Table 'Rhodia IV' 6-max Seat #2 is the button
Seat 3: Bdub93 ($0 in chips) is sitting out
Seat 4: MaikonAll ($100 in chips) is sitting out
Seat 1: z00mba ($116.72 in chips) 
Seat 2: BoyLoc0 ($100 in chips) 
Seat 5: trueYes.3970 ($55.07 in chips) 
Seat 6: Gfoer ($129.99 in chips) 
trueYes.3970: posts small blind $0.50
Gfoer: posts big blind $1
*** HOLE CARDS ***
z00mba: folds 
BoyLoc0: raises $1.50 to $2.50
trueYes.3970: folds 
Gfoer: calls $1.50
*** FLOP *** [7c 6c 5c]
Gfoer: checks 
BoyLoc0: checks 
*** TURN *** [7c 6c 5c] [3h]
Gfoer: bets $1.75
BoyLoc0: folds 
Uncalled bet ($1.75) returned to Gfoer
Gfoer collected $5.22 from pot
Gfoer: doesn't show hand 
*** SUMMARY ***
Total pot $5.50 | Rake $0.28 
Board [7c 6c 5c 3h]
Seat 3: Bdub93
Seat 4: MaikonAll
Seat 1: z00mba folded before Flop (didn't bet)
Seat 2: BoyLoc0 (button) folded on the Turn
Seat 5: trueYes.3970 (small blind) folded before Flop
Seat 6: Gfoer (big blind) collected ($5.22)



PokerStars Hand #254419901679:  Hold'em No Limit ($0.50/$1.00 USD) - 2025/01/17 20:50:33 WET [2025/01/17 15:50:33 ET]
Table 'Rhodia IV' 6-max Seat #5 is the button
Seat 3: Bdub93 ($0 in chips) is sitting out
Seat 4: MaikonAll ($100 in chips) is sitting out
Seat 1: z00mba ($116.72 in chips) 
Seat 2: BoyLoc0 ($100 in chips) 
Seat 5: trueYes.3970 ($54.57 in chips) 
Seat 6: Gfoer ($132.71 in chips) 
Gfoer: posts small blind $0.50
z00mba: posts big blind $1
MaikonAll: sits out 
*** HOLE CARDS ***
BoyLoc0: raises $1.50 to $2.50
trueYes.3970: folds 
Gfoer: folds 
z00mba: folds 
Uncalled bet ($1.50) returned to BoyLoc0
BoyLoc0 collected $2.50 from pot
BoyLoc0: doesn't show hand 
*** SUMMARY ***
Total pot $2.50 | Rake $0 
Seat 3: Bdub93
Seat 4: MaikonAll
Seat 1: z00mba (big blind) folded before Flop
Seat 2: BoyLoc0 collected ($2.50)
Seat 5: trueYes.3970 (button) folded before Flop (didn't bet)
Seat 6: Gfoer (small blind) folded before Flop



PokerStars Hand #254419905526:  Hold'em No Limit ($0.50/$1.00 USD) - 2025/01/17 20:50:45 WET [2025/01/17 15:50:45 ET]
Table 'Rhodia IV' 6-max Seat #6 is the button
Seat 3: Bdub93 ($0 in chips) is sitting out
Seat 4: MaikonAll ($100 in chips) is sitting out
Seat 1: z00mba ($115.72 in chips) 
Seat 2: BoyLoc0 ($101.50 in chips) 
Seat 5: trueYes.3970 ($54.57 in chips) 
Seat 6: Gfoer ($132.21 in chips) 
z00mba: posts small blind $0.50
BoyLoc0: posts big blind $1
MaikonAll: sits out 
*** HOLE CARDS ***
trueYes.3970: raises $2 to $3
Gfoer: folds 
z00mba: folds 
BoyLoc0: calls $2
*** FLOP *** [9c 8c 4c]
BoyLoc0: checks 
trueYes.3970: checks 
*** TURN *** [9c 8c 4c] [5s]
BoyLoc0: bets $2.04
trueYes.3970: raises $4.41 to $6.45
BoyLoc0: folds 
Uncalled bet ($4.41) returned to trueYes.3970
trueYes.3970 collected $10.05 from pot
*** SUMMARY ***
Total pot $10.58 | Rake $0.53 
Board [9c 8c 4c 5s]
Seat 3: Bdub93
Seat 4: MaikonAll
Seat 1: z00mba (small blind) folded before Flop
Seat 2: BoyLoc0 (big blind) folded on the Turn
Seat 5: trueYes.3970 collected ($10.05)
Seat 6: Gfoer (button) folded before Flop (didn't bet)



PokerStars Hand #254419919340:  Hold'em No Limit ($0.50/$1.00 USD) - 2025/01/17 20:51:29 WET [2025/01/17 15:51:29 ET]
Table 'Rhodia IV' 6-max Seat #1 is the button
Seat 3: Bdub93 ($0 in chips) is sitting out
Seat 1: z00mba ($115.22 in chips) 
Seat 2: BoyLoc0 ($100 in chips) 
Seat 4: MaikonAll ($100 in chips) 
Seat 5: trueYes.3970 ($59.58 in chips) 
Seat 6: Gfoer ($132.21 in chips) 
BoyLoc0: posts small blind $0.50
MaikonAll: posts big blind $1
*** HOLE CARDS ***
trueYes.3970: folds 
Gfoer: folds 
z00mba: folds 
BoyLoc0: raises $2 to $3
MaikonAll: calls $2
*** FLOP *** [6s 4h Jd]
BoyLoc0: bets $1.88
MaikonAll: folds 
Uncalled bet ($1.88) returned to BoyLoc0
BoyLoc0 collected $5.70 from pot
BoyLoc0: doesn't show hand 
*** SUMMARY ***
Total pot $6 | Rake $0.30 
Board [6s 4h Jd]
Seat 3: Bdub93
Seat 1: z00mba (button) folded before Flop (didn't bet)
Seat 2: BoyLoc0 (small blind) collected ($5.70)
Seat 4: MaikonAll (big blind) folded on the Flop
Seat 5: trueYes.3970 folded before Flop (didn't bet)
Seat 6: Gfoer folded before Flop (didn't bet)



PokerStars Hand #254419933405:  Hold'em No Limit ($0.50/$1.00 USD) - 2025/01/17 20:52:15 WET [2025/01/17 15:52:15 ET]
Table 'Rhodia IV' 6-max Seat #2 is the button
Seat 3: Bdub93 ($0 in chips) is sitting out
Seat 1: z00mba ($115.22 in chips) 
Seat 2: BoyLoc0 ($102.70 in chips) 
Seat 4: MaikonAll ($100 in chips) 
Seat 5: trueYes.3970 ($59.58 in chips) 
Seat 6: Gfoer ($132.21 in chips) 
MaikonAll: posts small blind $0.50
trueYes.3970: posts big blind $1
*** HOLE CARDS ***
Gfoer: raises $1.20 to $2.20
z00mba: raises $5.30 to $7.50
BoyLoc0: folds 
MaikonAll: folds 
Bdub93 leaves the table
trueYes.3970: folds 
Gfoer: raises $13.50 to $21
z00mba: calls $13.50
*** FLOP *** [3s Ks 9c]
Gfoer: bets $8.42
z00mba: folds 
Uncalled bet ($8.42) returned to Gfoer
Gfoer collected $41.32 from pot
Gfoer: doesn't show hand 
*** SUMMARY ***
Total pot $43.50 | Rake $2.18 
Board [3s Ks 9c]
Seat 3: Bdub93
Seat 1: z00mba folded on the Flop
Seat 2: BoyLoc0 (button) folded before Flop (didn't bet)
Seat 4: MaikonAll (small blind) folded before Flop
Seat 5: trueYes.3970 (big blind) folded before Flop
Seat 6: Gfoer collected ($41.32)



PokerStars Hand #254419957575:  Hold'em No Limit ($0.50/$1.00 USD) - 2025/01/17 20:53:33 WET [2025/01/17 15:53:33 ET]
Table 'Rhodia IV' 6-max Seat #4 is the button
Seat 1: z00mba ($100 in chips) 
Seat 2: BoyLoc0 ($102.70 in chips) 
Seat 4: MaikonAll ($100 in chips) 
Seat 5: trueYes.3970 ($58.58 in chips) 
Seat 6: Gfoer ($152.53 in chips) 
trueYes.3970: posts small blind $0.50
Gfoer: posts big blind $1
*** HOLE CARDS ***
z00mba: folds 
BoyLoc0: raises $1.50 to $2.50
MaikonAll: calls $2.50
trueYes.3970: calls $2
Gfoer: folds 
*** FLOP *** [Ah 6c Td]
trueYes.3970: checks 
BoyLoc0: checks 
MaikonAll: checks 
*** TURN *** [Ah 6c Td] [9s]
trueYes.3970: bets $5.85
BoyLoc0: raises $9.89 to $15.74
MaikonAll: calls $15.74
trueYes.3970: folds 
*** RIVER *** [Ah 6c Td 9s] [3h]
BoyLoc0: checks 
MaikonAll: bets $32.63
BoyLoc0: calls $32.63
*** SHOW DOWN ***
MaikonAll: shows [9c 9d] (three of a kind, Nines)
BoyLoc0: mucks hand 
MaikonAll collected $108.59 from pot
*** SUMMARY ***
Total pot $111.09 | Rake $2.50 
Board [Ah 6c Td 9s 3h]
Seat 1: z00mba folded before Flop (didn't bet)
Seat 2: BoyLoc0 mucked
Seat 4: MaikonAll (button) showed [9c 9d] and won ($108.59) with three of a kind, Nines
Seat 5: trueYes.3970 (small blind) folded on the Turn
Seat 6: Gfoer (big blind) folded before Flop



PokerStars Hand #254419988542:  Hold'em No Limit ($0.50/$1.00 USD) - 2025/01/17 20:55:18 WET [2025/01/17 15:55:18 ET]
Table 'Rhodia IV' 6-max Seat #5 is the button
Seat 1: z00mba ($100 in chips) 
Seat 2: BoyLoc0 ($100 in chips) 
Seat 4: MaikonAll ($157.72 in chips) 
Seat 5: trueYes.3970 ($50.23 in chips) 
Seat 6: Gfoer ($151.53 in chips) 
Gfoer: posts small blind $0.50
z00mba: posts big blind $1
*** HOLE CARDS ***
BoyLoc0: folds 
MaikonAll: folds 
trueYes.3970: raises $2 to $3
Gfoer: folds 
z00mba: folds 
Uncalled bet ($2) returned to trueYes.3970
trueYes.3970 collected $2.50 from pot
*** SUMMARY ***
Total pot $2.50 | Rake $0 
Seat 1: z00mba (big blind) folded before Flop
Seat 2: BoyLoc0 folded before Flop (didn't bet)
Seat 4: MaikonAll folded before Flop (didn't bet)
Seat 5: trueYes.3970 (button) collected ($2.50)
Seat 6: Gfoer (small blind) folded before Flop



PokerStars Hand #254419994073:  Hold'em No Limit ($0.50/$1.00 USD) - 2025/01/17 20:55:44 WET [2025/01/17 15:55:44 ET]
Table 'Rhodia IV' 6-max Seat #6 is the button
Seat 1: z00mba ($100 in chips) 
Seat 2: BoyLoc0 ($100 in chips) 
Seat 4: MaikonAll ($157.72 in chips) 
Seat 5: trueYes.3970 ($51.73 in chips) 
Seat 6: Gfoer ($151.03 in chips) 
z00mba: posts small blind $0.50
BoyLoc0: posts big blind $1
*** HOLE CARDS ***
MaikonAll: folds 
trueYes.3970: folds 
Gfoer: folds 
z00mba: folds 
Uncalled bet ($0.50) returned to BoyLoc0
BoyLoc0 collected $1 from pot
BoyLoc0: doesn't show hand 
*** SUMMARY ***
Total pot $1 | Rake $0 
Seat 1: z00mba (small blind) folded before Flop
Seat 2: BoyLoc0 (big blind) collected ($1)
Seat 4: MaikonAll folded before Flop (didn't bet)
Seat 5: trueYes.3970 folded before Flop (didn't bet)
Seat 6: Gfoer (button) folded before Flop (didn't bet)



PokerStars Hand #254419999044:  Hold'em No Limit ($0.50/$1.00 USD) - 2025/01/17 20:56:07 WET [2025/01/17 15:56:07 ET]
Table 'Rhodia IV' 6-max Seat #1 is the button
Seat 1: z00mba ($100 in chips) 
Seat 2: BoyLoc0 ($100.50 in chips) 
Seat 4: MaikonAll ($157.72 in chips) 
Seat 5: trueYes.3970 ($51.73 in chips) 
Seat 6: Gfoer ($151.03 in chips) 
BoyLoc0: posts small blind $0.50
MaikonAll: posts big blind $1
*** HOLE CARDS ***
trueYes.3970: folds 
Gfoer: folds 
z00mba: folds 
BoyLoc0: raises $2 to $3
MaikonAll: raises $7 to $10
BoyLoc0: folds 
Uncalled bet ($7) returned to MaikonAll
MaikonAll collected $6 from pot
MaikonAll: doesn't show hand 
*** SUMMARY ***
Total pot $6 | Rake $0 
Seat 1: z00mba (button) folded before Flop (didn't bet)
Seat 2: BoyLoc0 (small blind) folded before Flop
Seat 4: MaikonAll (big blind) collected ($6)
Seat 5: trueYes.3970 folded before Flop (didn't bet)
Seat 6: Gfoer folded before Flop (didn't bet)



PokerStars Hand #254420004357:  Hold'em No Limit ($0.50/$1.00 USD) - 2025/01/17 20:56:31 WET [2025/01/17 15:56:31 ET]
Table 'Rhodia IV' 6-max Seat #2 is the button
Seat 1: z00mba ($100 in chips) 
Seat 2: BoyLoc0 ($100 in chips) 
Seat 4: MaikonAll ($160.72 in chips) 
Seat 5: trueYes.3970 ($51.73 in chips) 
Seat 6: Gfoer ($151.03 in chips) 
MaikonAll: posts small blind $0.50
trueYes.3970: posts big blind $1
*** HOLE CARDS ***
Gfoer: folds 
z00mba: folds 
BoyLoc0: raises $1.50 to $2.50
MaikonAll: folds 
trueYes.3970: calls $1.50
*** FLOP *** [Jh 2s Kh]
trueYes.3970: checks 
Kristo 914 joins the table at seat #3 
BoyLoc0: bets $3.92
trueYes.3970: calls $3.92
*** TURN *** [Jh 2s Kh] [9d]
trueYes.3970: checks 
BoyLoc0: bets $9.50
trueYes.3970: calls $9.50
*** RIVER *** [Jh 2s Kh 9d] [7s]
trueYes.3970: checks 
BoyLoc0: bets $38
trueYes.3970: calls $35.81 and is all-in
Uncalled bet ($2.19) returned to BoyLoc0
*** SHOW DOWN ***
BoyLoc0: shows [Qc Th] (a straight, Nine to King)
trueYes.3970: shows [6d Kd] (a pair of Kings)
BoyLoc0 collected $101.46 from pot
*** SUMMARY ***
Total pot $103.96 | Rake $2.50 
Board [Jh 2s Kh 9d 7s]
Seat 1: z00mba folded before Flop (didn't bet)
Seat 2: BoyLoc0 (button) showed [Qc Th] and won ($101.46) with a straight, Nine to King
Seat 4: MaikonAll (small blind) folded before Flop
Seat 5: trueYes.3970 (big blind) showed [6d Kd] and lost with a pair of Kings
Seat 6: Gfoer folded before Flop (didn't bet)



PokerStars Hand #254420017823:  Hold'em No Limit ($0.50/$1.00 USD) - 2025/01/17 20:57:33 WET [2025/01/17 15:57:33 ET]
Table 'Rhodia IV' 6-max Seat #4 is the button
Seat 3: Kristo 914 ($100 in chips) is sitting out
Seat 5: trueYes.3970 ($0 in chips) is sitting out
Seat 1: z00mba ($100 in chips) 
Seat 2: BoyLoc0 ($149.73 in chips) 
Seat 4: MaikonAll ($160.22 in chips) 
Seat 6: Gfoer ($151.03 in chips) 
Gfoer: posts small blind $0.50
z00mba: posts big blind $1
Kristo 914: sits out 
*** HOLE CARDS ***
BoyLoc0: folds 
MaikonAll: folds 
Gfoer: folds 
Uncalled bet ($0.50) returned to z00mba
z00mba collected $1 from pot
z00mba: doesn't show hand 
*** SUMMARY ***
Total pot $1 | Rake $0 
Seat 3: Kristo 914
Seat 5: trueYes.3970
Seat 1: z00mba (big blind) collected ($1)
Seat 2: BoyLoc0 folded before Flop (didn't bet)
Seat 4: MaikonAll (button) folded before Flop (didn't bet)
Seat 6: Gfoer (small blind) folded before Flop



PokerStars Hand #254420021019:  Hold'em No Limit ($0.50/$1.00 USD) - 2025/01/17 20:57:47 WET [2025/01/17 15:57:47 ET]
Table 'Rhodia IV' 6-max Seat #6 is the button
Seat 3: Kristo 914 ($100 in chips) is sitting out
Seat 1: z00mba ($100.50 in chips) 
Seat 2: BoyLoc0 ($149.73 in chips) 
Seat 4: MaikonAll ($160.22 in chips) 
Seat 5: trueYes.3970 ($26.50 in chips) 
Seat 6: Gfoer ($150.53 in chips) 
z00mba: posts small blind $0.50
BoyLoc0: posts big blind $1
Kristo 914: sits out 
trueYes.3970: posts small blind $0.50
*** HOLE CARDS ***
MaikonAll: folds 
trueYes.3970: raises $3 to $4
Gfoer: folds 
z00mba: folds 
BoyLoc0: calls $3
*** FLOP *** [4h Kc Td]
BoyLoc0: checks 
trueYes.3970: checks 
*** TURN *** [4h Kc Td] [Js]
BoyLoc0: checks 
trueYes.3970: checks 
*** RIVER *** [4h Kc Td Js] [9h]
BoyLoc0: checks 
trueYes.3970: bets $2
BoyLoc0: folds 
Uncalled bet ($2) returned to trueYes.3970
trueYes.3970 collected $8.55 from pot
MaikonAll leaves the table
*** SUMMARY ***
Total pot $9 | Rake $0.45 
Board [4h Kc Td Js 9h]
Seat 3: Kristo 914
Seat 1: z00mba (small blind) folded before Flop
Seat 2: BoyLoc0 (big blind) folded on the River
Seat 4: MaikonAll folded before Flop (didn't bet)
Seat 5: trueYes.3970 collected ($8.55)
Seat 6: Gfoer (button) folded before Flop (didn't bet)



PokerStars Hand #254420033607:  Hold'em No Limit ($0.50/$1.00 USD) - 2025/01/17 20:58:44 WET [2025/01/17 15:58:44 ET]
Table 'Rhodia IV' 6-max Seat #1 is the button
Seat 1: z00mba ($100 in chips) 
Seat 2: BoyLoc0 ($145.73 in chips) 
Seat 3: Kristo 914 ($100 in chips) 
Seat 5: trueYes.3970 ($30.55 in chips) 
Seat 6: Gfoer ($150.53 in chips) 
BoyLoc0: posts small blind $0.50
Kristo 914: posts big blind $1
*** HOLE CARDS ***
trueYes.3970: folds 
Gfoer: raises $1.20 to $2.20
z00mba: folds 
BoyLoc0: folds 
YYfourU joins the table at seat #4 
YYfourU is disconnected 
Kristo 914: calls $1.20
*** FLOP *** [Qs Kc Ac]
Kristo 914: checks 
Gfoer: bets $3.50
Kristo 914: folds 
Uncalled bet ($3.50) returned to Gfoer
Gfoer collected $4.66 from pot
Gfoer: doesn't show hand 
*** SUMMARY ***
Total pot $4.90 | Rake $0.24 
Board [Qs Kc Ac]
Seat 1: z00mba (button) folded before Flop (didn't bet)
Seat 2: BoyLoc0 (small blind) folded before Flop
Seat 3: Kristo 914 (big blind) folded on the Flop
Seat 5: trueYes.3970 folded before Flop (didn't bet)
Seat 6: Gfoer collected ($4.66)



PokerStars Hand #254420043017:  Hold'em No Limit ($0.50/$1.00 USD) - 2025/01/17 20:59:27 WET [2025/01/17 15:59:27 ET]
Table 'Rhodia IV' 6-max Seat #2 is the button
Seat 1: z00mba ($100 in chips) 
Seat 2: BoyLoc0 ($145.23 in chips) 
Seat 3: Kristo 914 ($100 in chips) 
Seat 4: YYfourU ($31.56 in chips) 
Seat 5: trueYes.3970 ($30.55 in chips) 
Seat 6: Gfoer ($152.99 in chips) 
Kristo 914: posts small blind $0.50
YYfourU: posts big blind $1
*** HOLE CARDS ***
trueYes.3970: folds 
Gfoer: folds 
z00mba: raises $1.50 to $2.50
BoyLoc0: folds 
Kristo 914: folds 
YYfourU: calls $1.50
*** FLOP *** [8s 5d 4h]
YYfourU: checks 
z00mba: bets $3
YYfourU: calls $3
*** TURN *** [8s 5d 4h] [Kd]
YYfourU: checks 
z00mba: checks 
*** RIVER *** [8s 5d 4h Kd] [Jh]
YYfourU: bets $5.46
z00mba: calls $5.46
*** SHOW DOWN ***
YYfourU: shows [3s 2s] (high card King)
z00mba: shows [Th Ts] (a pair of Tens)
z00mba collected $21.30 from pot
*** SUMMARY ***
Total pot $22.42 | Rake $1.12 
Board [8s 5d 4h Kd Jh]
Seat 1: z00mba showed [Th Ts] and won ($21.30) with a pair of Tens
Seat 2: BoyLoc0 (button) folded before Flop (didn't bet)
Seat 3: Kristo 914 (small blind) folded before Flop
Seat 4: YYfourU (big blind) showed [3s 2s] and lost with high card King
Seat 5: trueYes.3970 folded before Flop (didn't bet)
Seat 6: Gfoer folded before Flop (didn't bet)



PokerStars Hand #254420054481:  Hold'em No Limit ($0.50/$1.00 USD) - 2025/01/17 21:00:18 WET [2025/01/17 16:00:18 ET]
Table 'Rhodia IV' 6-max Seat #3 is the button
Seat 1: z00mba ($110.34 in chips) 
Seat 2: BoyLoc0 ($145.23 in chips) 
Seat 3: Kristo 914 ($100 in chips) 
Seat 4: YYfourU ($20.60 in chips) 
Seat 5: trueYes.3970 ($30.55 in chips) 
Seat 6: Gfoer ($152.99 in chips) 
YYfourU: posts small blind $0.50
trueYes.3970: posts big blind $1
*** HOLE CARDS ***
Gfoer: folds 
z00mba: raises $1.50 to $2.50
BoyLoc0: raises $5 to $7.50
Kristo 914: folds 
YYfourU: raises $13.10 to $20.60 and is all-in
trueYes.3970: folds 
z00mba: folds 
BoyLoc0: calls $13.10
*** FLOP *** [9c Ks 3d]
*** TURN *** [9c Ks 3d] [Ts]
*** RIVER *** [9c Ks 3d Ts] [7s]
*** SHOW DOWN ***
YYfourU: shows [Ad 8d] (high card Ace)
BoyLoc0: shows [Kd Ac] (a pair of Kings)
BoyLoc0 collected $42.46 from pot
*** SUMMARY ***
Total pot $44.70 | Rake $2.24 
Board [9c Ks 3d Ts 7s]
Seat 1: z00mba folded before Flop
Seat 2: BoyLoc0 showed [Kd Ac] and won ($42.46) with a pair of Kings
Seat 3: Kristo 914 (button) folded before Flop (didn't bet)
Seat 4: YYfourU (small blind) showed [Ad 8d] and lost with high card Ace
Seat 5: trueYes.3970 (big blind) folded before Flop
Seat 6: Gfoer folded before Flop (didn't bet)



PokerStars Hand #254420062837:  Hold'em No Limit ($0.50/$1.00 USD) - 2025/01/17 21:00:53 WET [2025/01/17 16:00:53 ET]
Table 'Rhodia IV' 6-max Seat #5 is the button
Seat 4: YYfourU ($0 in chips) is sitting out
Seat 1: z00mba ($107.84 in chips) 
Seat 2: BoyLoc0 ($167.09 in chips) 
Seat 3: Kristo 914 ($100 in chips) 
Seat 5: trueYes.3970 ($29.55 in chips) 
Seat 6: Gfoer ($152.99 in chips) 
Gfoer: posts small blind $0.50
z00mba: posts big blind $1
*** HOLE CARDS ***
YYfourU leaves the table
BoyLoc0: raises $1.50 to $2.50
Kristo 914: folds 
trueYes.3970: folds 
Gfoer: folds 
z00mba: folds 
Uncalled bet ($1.50) returned to BoyLoc0
BoyLoc0 collected $2.50 from pot
BoyLoc0: doesn't show hand 
*** SUMMARY ***
Total pot $2.50 | Rake $0 
Seat 4: YYfourU
Seat 1: z00mba (big blind) folded before Flop
Seat 2: BoyLoc0 collected ($2.50)
Seat 3: Kristo 914 folded before Flop (didn't bet)
Seat 5: trueYes.3970 (button) folded before Flop (didn't bet)
Seat 6: Gfoer (small blind) folded before Flop



PokerStars Hand #254420069797:  Hold'em No Limit ($0.50/$1.00 USD) - 2025/01/17 21:01:19 WET [2025/01/17 16:01:19 ET]
Table 'Rhodia IV' 6-max Seat #6 is the button
Seat 1: z00mba ($106.84 in chips) 
Seat 2: BoyLoc0 ($168.59 in chips) 
Seat 3: Kristo 914 ($100 in chips) 
Seat 5: trueYes.3970 ($29.55 in chips) 
Seat 6: Gfoer ($152.49 in chips) 
z00mba: posts small blind $0.50
BoyLoc0: posts big blind $1
*** HOLE CARDS ***
Kristo 914: folds 
trueYes.3970: folds 
Gfoer: raises $1 to $2
xcinaz joins the table at seat #4 
z00mba: folds 
BoyLoc0: folds 
Uncalled bet ($1) returned to Gfoer
Gfoer collected $2.50 from pot
Gfoer: doesn't show hand 
*** SUMMARY ***
Total pot $2.50 | Rake $0 
Seat 1: z00mba (small blind) folded before Flop
Seat 2: BoyLoc0 (big blind) folded before Flop
Seat 3: Kristo 914 folded before Flop (didn't bet)
Seat 5: trueYes.3970 folded before Flop (didn't bet)
Seat 6: Gfoer (button) collected ($2.50)



PokerStars Hand #254420078217:  Hold'em No Limit ($0.50/$1.00 USD) - 2025/01/17 21:01:48 WET [2025/01/17 16:01:48 ET]
Table 'Rhodia IV' 6-max Seat #1 is the button
Seat 4: xcinaz ($100 in chips) is sitting out
Seat 1: z00mba ($106.34 in chips) 
Seat 2: BoyLoc0 ($167.59 in chips) 
Seat 3: Kristo 914 ($100 in chips) 
Seat 5: trueYes.3970 ($29.55 in chips) 
Seat 6: Gfoer ($153.99 in chips) 
BoyLoc0: posts small blind $0.50
Kristo 914: posts big blind $1
xcinaz: sits out 
*** HOLE CARDS ***
trueYes.3970: folds 
Gfoer: folds 
z00mba: folds 
BoyLoc0: folds 
Uncalled bet ($0.50) returned to Kristo 914
Kristo 914 collected $1 from pot
Kristo 914: doesn't show hand 
*** SUMMARY ***
Total pot $1 | Rake $0 
Seat 4: xcinaz
Seat 1: z00mba (button) folded before Flop (didn't bet)
Seat 2: BoyLoc0 (small blind) folded before Flop
Seat 3: Kristo 914 (big blind) collected ($1)
Seat 5: trueYes.3970 folded before Flop (didn't bet)
Seat 6: Gfoer folded before Flop (didn't bet)



PokerStars Hand #254420084000:  Hold'em No Limit ($0.50/$1.00 USD) - 2025/01/17 21:02:09 WET [2025/01/17 16:02:09 ET]
Table 'Rhodia IV' 6-max Seat #2 is the button
Seat 1: z00mba ($106.34 in chips) 
Seat 2: BoyLoc0 ($167.09 in chips) 
Seat 3: Kristo 914 ($100.50 in chips) 
Seat 4: xcinaz ($100 in chips) 
Seat 5: trueYes.3970 ($29.55 in chips) 
Seat 6: Gfoer ($153.99 in chips) 
Kristo 914: posts small blind $0.50
xcinaz: posts big blind $1
*** HOLE CARDS ***
trueYes.3970: calls $1
Gfoer: folds 
z00mba: folds 
BoyLoc0: raises $3 to $4
Kristo 914: folds 
xcinaz: folds 
trueYes.3970: calls $3
*** FLOP *** [3c 9s Qc]
trueYes.3970: checks 
BoyLoc0: bets $2.98
trueYes.3970: folds 
Uncalled bet ($2.98) returned to BoyLoc0
BoyLoc0 collected $9.02 from pot
BoyLoc0: doesn't show hand 
*** SUMMARY ***
Total pot $9.50 | Rake $0.48 
Board [3c 9s Qc]
Seat 1: z00mba folded before Flop (didn't bet)
Seat 2: BoyLoc0 (button) collected ($9.02)
Seat 3: Kristo 914 (small blind) folded before Flop
Seat 4: xcinaz (big blind) folded before Flop
Seat 5: trueYes.3970 folded on the Flop
Seat 6: Gfoer folded before Flop (didn't bet)



PokerStars Hand #254420096583:  Hold'em No Limit ($0.50/$1.00 USD) - 2025/01/17 21:02:51 WET [2025/01/17 16:02:51 ET]
Table 'Rhodia IV' 6-max Seat #3 is the button
Seat 1: z00mba ($106.34 in chips) 
Seat 2: BoyLoc0 ($172.11 in chips) 
Seat 3: Kristo 914 ($100 in chips) 
Seat 4: xcinaz ($100 in chips) 
Seat 5: trueYes.3970 ($25.55 in chips) 
Seat 6: Gfoer ($153.99 in chips) 
xcinaz: posts small blind $0.50
trueYes.3970: posts big blind $1
*** HOLE CARDS ***
Gfoer: folds 
z00mba: folds 
BoyLoc0: folds 
Gfoer leaves the table
Kristo 914: folds 
xcinaz: folds 
Uncalled bet ($0.50) returned to trueYes.3970
trueYes.3970 collected $1 from pot
trueYes.3970: doesn't show hand 
*** SUMMARY ***
Total pot $1 | Rake $0 
Seat 1: z00mba folded before Flop (didn't bet)
Seat 2: BoyLoc0 folded before Flop (didn't bet)
Seat 3: Kristo 914 (button) folded before Flop (didn't bet)
Seat 4: xcinaz (small blind) folded before Flop
Seat 5: trueYes.3970 (big blind) collected ($1)
Seat 6: Gfoer folded before Flop (didn't bet)



PokerStars Hand #254420103595:  Hold'em No Limit ($0.50/$1.00 USD) - 2025/01/17 21:03:12 WET [2025/01/17 16:03:12 ET]
Table 'Rhodia IV' 6-max Seat #4 is the button
Seat 1: z00mba ($106.34 in chips) 
Seat 2: BoyLoc0 ($172.11 in chips) 
Seat 3: Kristo 914 ($100 in chips) 
Seat 4: xcinaz ($100 in chips) 
Seat 5: trueYes.3970 ($26.05 in chips) 
trueYes.3970: posts small blind $0.50
z00mba: posts big blind $1
*** HOLE CARDS ***
BoyLoc0: raises $1.50 to $2.50
Kristo 914: folds 
xcinaz: folds 
trueYes.3970: calls $2
z00mba: calls $1.50
*** FLOP *** [8c 7c Js]
trueYes.3970: checks 
z00mba: checks 
BoyLoc0: checks 
*** TURN *** [8c 7c Js] [7s]
trueYes.3970: bets $7.12
z00mba: raises $13.88 to $21
BoyLoc0: folds 
trueYes.3970: calls $13.88
*** RIVER *** [8c 7c Js 7s] [Ks]
trueYes.3970: bets $1
z00mba: raises $3 to $4
m0nTTu joins the table at seat #6 
trueYes.3970: calls $1.55 and is all-in
Uncalled bet ($1.45) returned to z00mba
*** SHOW DOWN ***
z00mba: shows [5h 7h] (three of a kind, Sevens)
trueYes.3970: shows [Kc Tc] (two pair, Kings and Sevens)
z00mba collected $52.10 from pot
*** SUMMARY ***
Total pot $54.60 | Rake $2.50 
Board [8c 7c Js 7s Ks]
Seat 1: z00mba (big blind) showed [5h 7h] and won ($52.10) with three of a kind, Sevens
Seat 2: BoyLoc0 folded on the Turn
Seat 3: Kristo 914 folded before Flop (didn't bet)
Seat 4: xcinaz (button) folded before Flop (didn't bet)
Seat 5: trueYes.3970 (small blind) showed [Kc Tc] and lost with two pair, Kings and Sevens



PokerStars Hand #254420121120:  Hold'em No Limit ($0.50/$1.00 USD) - 2025/01/17 21:04:08 WET [2025/01/17 16:04:08 ET]
Table 'Rhodia IV' 6-max Seat #1 is the button
Seat 5: trueYes.3970 ($0 in chips) is sitting out
Seat 6: m0nTTu ($10 in chips) is sitting out
Seat 1: z00mba ($132.39 in chips) 
Seat 2: BoyLoc0 ($169.61 in chips) 
Seat 3: Kristo 914 ($100 in chips) 
Seat 4: xcinaz ($100 in chips) 
BoyLoc0: posts small blind $0.50
Kristo 914: posts big blind $1
m0nTTu: sits out 
*** HOLE CARDS ***
xcinaz: folds 
z00mba: folds 
BoyLoc0: folds 
Uncalled bet ($0.50) returned to Kristo 914
Kristo 914 collected $1 from pot
Kristo 914: doesn't show hand 
*** SUMMARY ***
Total pot $1 | Rake $0 
Seat 5: trueYes.3970
Seat 6: m0nTTu
Seat 1: z00mba (button) folded before Flop (didn't bet)
Seat 2: BoyLoc0 (small blind) folded before Flop
Seat 3: Kristo 914 (big blind) collected ($1)
Seat 4: xcinaz folded before Flop (didn't bet)



PokerStars Hand #254420123826:  Hold'em No Limit ($0.50/$1.00 USD) - 2025/01/17 21:04:17 WET [2025/01/17 16:04:17 ET]
Table 'Rhodia IV' 6-max Seat #2 is the button
Seat 6: m0nTTu ($10 in chips) is sitting out
Seat 1: z00mba ($132.39 in chips) 
Seat 2: BoyLoc0 ($169.11 in chips) 
Seat 3: Kristo 914 ($100.50 in chips) 
Seat 4: xcinaz ($100 in chips) 
Seat 5: trueYes.3970 ($13.12 in chips) 
Kristo 914: posts small blind $0.50
xcinaz: posts big blind $1
m0nTTu: sits out 
*** HOLE CARDS ***
trueYes.3970: folds 
z00mba: folds 
z00mba leaves the table
BoyLoc0: raises $1.50 to $2.50
Kristo 914: folds 
xcinaz: folds 
Uncalled bet ($1.50) returned to BoyLoc0
BoyLoc0 collected $2.50 from pot
BoyLoc0: doesn't show hand 
*** SUMMARY ***
Total pot $2.50 | Rake $0 
Seat 6: m0nTTu
Seat 1: z00mba folded before Flop (didn't bet)
Seat 2: BoyLoc0 (button) collected ($2.50)
Seat 3: Kristo 914 (small blind) folded before Flop
Seat 4: xcinaz (big blind) folded before Flop
Seat 5: trueYes.3970 folded before Flop (didn't bet)



PokerStars Hand #254420127601:  Hold'em No Limit ($0.50/$1.00 USD) - 2025/01/17 21:04:29 WET [2025/01/17 16:04:29 ET]
Table 'Rhodia IV' 6-max Seat #3 is the button
Seat 6: m0nTTu ($10 in chips) is sitting out
Seat 2: BoyLoc0 ($170.61 in chips) 
Seat 3: Kristo 914 ($100 in chips) 
Seat 4: xcinaz ($100 in chips) 
Seat 5: trueYes.3970 ($13.12 in chips) 
xcinaz: posts small blind $0.50
trueYes.3970: posts big blind $1
m0nTTu: sits out 
*** HOLE CARDS ***
BoyLoc0: folds 
vezis3 joins the table at seat #1 
Kristo 914: raises $1.40 to $2.40
xcinaz: folds 
trueYes.3970: calls $1.40
*** FLOP *** [Jc 3s 8c]
trueYes.3970: checks 
Kristo 914: bets $1.46
trueYes.3970: folds 
Uncalled bet ($1.46) returned to Kristo 914
Kristo 914 collected $5.04 from pot
Kristo 914: doesn't show hand 
*** SUMMARY ***
Total pot $5.30 | Rake $0.26 
Board [Jc 3s 8c]
Seat 6: m0nTTu
Seat 2: BoyLoc0 folded before Flop (didn't bet)
Seat 3: Kristo 914 (button) collected ($5.04)
Seat 4: xcinaz (small blind) folded before Flop
Seat 5: trueYes.3970 (big blind) folded on the Flop



PokerStars Hand #254420135337:  Hold'em No Limit ($0.50/$1.00 USD) - 2025/01/17 21:04:53 WET [2025/01/17 16:04:53 ET]
Table 'Rhodia IV' 6-max Seat #4 is the button
Seat 1: vezis3 ($100 in chips) is sitting out
Seat 2: BoyLoc0 ($170.61 in chips) 
Seat 3: Kristo 914 ($102.64 in chips) 
Seat 4: xcinaz ($100 in chips) 
Seat 5: trueYes.3970 ($10.72 in chips) 
Seat 6: m0nTTu ($10 in chips) 
trueYes.3970: posts small blind $0.50
m0nTTu: posts big blind $1
vezis3: sits out 
*** HOLE CARDS ***
BoyLoc0: folds 
Kristo 914: raises $1.40 to $2.40
xcinaz: folds 
trueYes.3970: calls $1.90
m0nTTu: folds 
*** FLOP *** [Jc 2c Jh]
trueYes.3970: checks 
Kristo 914: bets $1.60
trueYes.3970: folds 
Uncalled bet ($1.60) returned to Kristo 914
Kristo 914 collected $5.51 from pot
Kristo 914: doesn't show hand 
*** SUMMARY ***
Total pot $5.80 | Rake $0.29 
Board [Jc 2c Jh]
Seat 1: vezis3
Seat 2: BoyLoc0 folded before Flop (didn't bet)
Seat 3: Kristo 914 collected ($5.51)
Seat 4: xcinaz (button) folded before Flop (didn't bet)
Seat 5: trueYes.3970 (small blind) folded on the Flop
Seat 6: m0nTTu (big blind) folded before Flop



PokerStars Hand #254420140696:  Hold'em No Limit ($0.50/$1.00 USD) - 2025/01/17 21:05:10 WET [2025/01/17 16:05:10 ET]
Table 'Rhodia IV' 6-max Seat #5 is the button
Seat 1: vezis3 ($100 in chips) 
Seat 2: BoyLoc0 ($170.61 in chips) 
Seat 3: Kristo 914 ($105.75 in chips) 
Seat 4: xcinaz ($100 in chips) 
Seat 5: trueYes.3970 ($8.32 in chips) 
Seat 6: m0nTTu ($10 in chips) 
m0nTTu: posts small blind $0.50
vezis3: posts big blind $1
*** HOLE CARDS ***
BoyLoc0: folds 
Kristo 914: raises $1.40 to $2.40
xcinaz: folds 
trueYes.3970: folds 
m0nTTu: raises $7.60 to $10 and is all-in
vezis3: folds 
Kristo 914: calls $7.60
*** FLOP *** [Th 4s 2d]
*** TURN *** [Th 4s 2d] [5s]
*** RIVER *** [Th 4s 2d 5s] [7d]
*** SHOW DOWN ***
m0nTTu: shows [As Kd] (high card Ace)
Kristo 914: shows [Ac Jd] (high card Ace - lower kicker)
m0nTTu collected $19.95 from pot
*** SUMMARY ***
Total pot $21 | Rake $1.05 
Board [Th 4s 2d 5s 7d]
Seat 1: vezis3 (big blind) folded before Flop
Seat 2: BoyLoc0 folded before Flop (didn't bet)
Seat 3: Kristo 914 showed [Ac Jd] and lost with high card Ace
Seat 4: xcinaz folded before Flop (didn't bet)
Seat 5: trueYes.3970 (button) folded before Flop (didn't bet)
Seat 6: m0nTTu (small blind) showed [As Kd] and won ($19.95) with high card Ace



PokerStars Hand #254420148927:  Hold'em No Limit ($0.50/$1.00 USD) - 2025/01/17 21:05:36 WET [2025/01/17 16:05:36 ET]
Table 'Rhodia IV' 6-max Seat #6 is the button
Seat 1: vezis3 ($100 in chips) 
Seat 2: BoyLoc0 ($170.61 in chips) 
Seat 3: Kristo 914 ($100 in chips) 
Seat 4: xcinaz ($100 in chips) 
Seat 5: trueYes.3970 ($8.32 in chips) 
Seat 6: m0nTTu ($19.95 in chips) 
vezis3: posts small blind $0.50
BoyLoc0: posts big blind $1
*** HOLE CARDS ***
Kristo 914: folds 
xcinaz: folds 
trueYes.3970: raises $1.25 to $2.25
m0nTTu: folds 
vezis3: folds 
BoyLoc0: raises $7.75 to $10
trueYes.3970: calls $6.07 and is all-in
Uncalled bet ($1.68) returned to BoyLoc0
*** FLOP *** [3h 7c 9d]
*** TURN *** [3h 7c 9d] [Td]
*** RIVER *** [3h 7c 9d Td] [Ks]
*** SHOW DOWN ***
BoyLoc0: shows [4c As] (high card Ace)
trueYes.3970: shows [9s 8h] (a pair of Nines)
trueYes.3970 collected $16.28 from pot
*** SUMMARY ***
Total pot $17.14 | Rake $0.86 
Board [3h 7c 9d Td Ks]
Seat 1: vezis3 (small blind) folded before Flop
Seat 2: BoyLoc0 (big blind) showed [4c As] and lost with high card Ace
Seat 3: Kristo 914 folded before Flop (didn't bet)
Seat 4: xcinaz folded before Flop (didn't bet)
Seat 5: trueYes.3970 showed [9s 8h] and won ($16.28) with a pair of Nines
Seat 6: m0nTTu (button) folded before Flop (didn't bet)



PokerStars Hand #254420158918:  Hold'em No Limit ($0.50/$1.00 USD) - 2025/01/17 21:06:08 WET [2025/01/17 16:06:08 ET]
Table 'Rhodia IV' 6-max Seat #1 is the button
Seat 1: vezis3 ($100 in chips) 
Seat 2: BoyLoc0 ($162.29 in chips) 
Seat 3: Kristo 914 ($100 in chips) 
Seat 4: xcinaz ($100 in chips) 
Seat 5: trueYes.3970 ($16.28 in chips) 
Seat 6: m0nTTu ($19.95 in chips) 
BoyLoc0: posts small blind $0.50
Kristo 914: posts big blind $1
*** HOLE CARDS ***
xcinaz: folds 
trueYes.3970: folds 
m0nTTu: raises $1 to $2
vezis3: folds 
BoyLoc0: folds 
Kristo 914: folds 
Uncalled bet ($1) returned to m0nTTu
m0nTTu collected $2.50 from pot
m0nTTu: doesn't show hand 
*** SUMMARY ***
Total pot $2.50 | Rake $0 
Seat 1: vezis3 (button) folded before Flop (didn't bet)
Seat 2: BoyLoc0 (small blind) folded before Flop
Seat 3: Kristo 914 (big blind) folded before Flop
Seat 4: xcinaz folded before Flop (didn't bet)
Seat 5: trueYes.3970 folded before Flop (didn't bet)
Seat 6: m0nTTu collected ($2.50)



PokerStars Hand #254420165445:  Hold'em No Limit ($0.50/$1.00 USD) - 2025/01/17 21:06:28 WET [2025/01/17 16:06:28 ET]
Table 'Rhodia IV' 6-max Seat #2 is the button
Seat 1: vezis3 ($100 in chips) 
Seat 2: BoyLoc0 ($161.79 in chips) 
Seat 3: Kristo 914 ($100 in chips) 
Seat 4: xcinaz ($100 in chips) 
Seat 5: trueYes.3970 ($16.28 in chips) 
Seat 6: m0nTTu ($21.45 in chips) 
Kristo 914: posts small blind $0.50
xcinaz: posts big blind $1
*** HOLE CARDS ***
trueYes.3970: folds 
m0nTTu: folds 
vezis3: folds 
BoyLoc0: folds 
Kristo 914: raises $2 to $3
xcinaz: raises $6 to $9
Kristo 914: raises $12 to $21
xcinaz: folds 
Uncalled bet ($12) returned to Kristo 914
Kristo 914 collected $18 from pot
Kristo 914: doesn't show hand 
*** SUMMARY ***
Total pot $18 | Rake $0 
Seat 1: vezis3 folded before Flop (didn't bet)
Seat 2: BoyLoc0 (button) folded before Flop (didn't bet)
Seat 3: Kristo 914 (small blind) collected ($18)
Seat 4: xcinaz (big blind) folded before Flop
Seat 5: trueYes.3970 folded before Flop (didn't bet)
Seat 6: m0nTTu folded before Flop (didn't bet)



PokerStars Hand #254420174777:  Hold'em No Limit ($0.50/$1.00 USD) - 2025/01/17 21:06:58 WET [2025/01/17 16:06:58 ET]
Table 'Rhodia IV' 6-max Seat #3 is the button
Seat 1: vezis3 ($100 in chips) 
Seat 2: BoyLoc0 ($161.79 in chips) 
Seat 3: Kristo 914 ($109 in chips) 
Seat 4: xcinaz ($100 in chips) 
Seat 5: trueYes.3970 ($16.28 in chips) 
Seat 6: m0nTTu ($21.45 in chips) 
xcinaz: posts small blind $0.50
trueYes.3970: posts big blind $1
*** HOLE CARDS ***
m0nTTu: folds 
vezis3: folds 
BoyLoc0: folds 
Kristo 914: raises $1.40 to $2.40
xcinaz: raises $9.10 to $11.50
trueYes.3970: folds 
Kristo 914: folds 
Uncalled bet ($9.10) returned to xcinaz
xcinaz collected $5.80 from pot
xcinaz: doesn't show hand 
*** SUMMARY ***
Total pot $5.80 | Rake $0 
Seat 1: vezis3 folded before Flop (didn't bet)
Seat 2: BoyLoc0 folded before Flop (didn't bet)
Seat 3: Kristo 914 (button) folded before Flop
Seat 4: xcinaz (small blind) collected ($5.80)
Seat 5: trueYes.3970 (big blind) folded before Flop
Seat 6: m0nTTu folded before Flop (didn't bet)



PokerStars Hand #254420189572:  Hold'em No Limit ($0.50/$1.00 USD) - 2025/01/17 21:07:44 WET [2025/01/17 16:07:44 ET]
Table 'Rhodia IV' 6-max Seat #4 is the button
Seat 1: vezis3 ($100 in chips) 
Seat 2: BoyLoc0 ($161.79 in chips) 
Seat 3: Kristo 914 ($106.60 in chips) 
Seat 4: xcinaz ($103.40 in chips) 
Seat 5: trueYes.3970 ($15.28 in chips) 
Seat 6: m0nTTu ($21.45 in chips) 
trueYes.3970: posts small blind $0.50
m0nTTu: posts big blind $1
*** HOLE CARDS ***
vezis3: folds 
BoyLoc0: folds 
Kristo 914: folds 
xcinaz: raises $1.50 to $2.50
trueYes.3970: calls $2
m0nTTu: folds 
*** FLOP *** [Ad 8d Th]
trueYes.3970: checks 
xcinaz: bets $1.43
trueYes.3970: calls $1.43
*** TURN *** [Ad 8d Th] [Ts]
trueYes.3970: checks 
xcinaz: checks 
*** RIVER *** [Ad 8d Th Ts] [3s]
trueYes.3970: bets $10.35
xcinaz: folds 
Uncalled bet ($10.35) returned to trueYes.3970
trueYes.3970 collected $8.42 from pot
trueYes.3970: doesn't show hand 
*** SUMMARY ***
Total pot $8.86 | Rake $0.44 
Board [Ad 8d Th Ts 3s]
Seat 1: vezis3 folded before Flop (didn't bet)
Seat 2: BoyLoc0 folded before Flop (didn't bet)
Seat 3: Kristo 914 folded before Flop (didn't bet)
Seat 4: xcinaz (button) folded on the River
Seat 5: trueYes.3970 (small blind) collected ($8.42)
Seat 6: m0nTTu (big blind) folded before Flop



PokerStars Hand #254420206387:  Hold'em No Limit ($0.50/$1.00 USD) - 2025/01/17 21:08:37 WET [2025/01/17 16:08:37 ET]
Table 'Rhodia IV' 6-max Seat #5 is the button
Seat 1: vezis3 ($100 in chips) 
Seat 2: BoyLoc0 ($161.79 in chips) 
Seat 3: Kristo 914 ($106.60 in chips) 
Seat 4: xcinaz ($100 in chips) 
Seat 5: trueYes.3970 ($19.77 in chips) 
Seat 6: m0nTTu ($20.45 in chips) 
m0nTTu: posts small blind $0.50
vezis3: posts big blind $1
*** HOLE CARDS ***
BoyLoc0: folds 
Kristo 914: folds 
xcinaz: folds 
trueYes.3970: calls $1
m0nTTu: folds 
vezis3: checks 
*** FLOP *** [9s 8h Qd]
vezis3: checks 
trueYes.3970: bets $2.38
vezis3: folds 
Uncalled bet ($2.38) returned to trueYes.3970
trueYes.3970 collected $2.38 from pot
*** SUMMARY ***
Total pot $2.50 | Rake $0.12 
Board [9s 8h Qd]
Seat 1: vezis3 (big blind) folded on the Flop
Seat 2: BoyLoc0 folded before Flop (didn't bet)
Seat 3: Kristo 914 folded before Flop (didn't bet)
Seat 4: xcinaz folded before Flop (didn't bet)
Seat 5: trueYes.3970 (button) collected ($2.38)
Seat 6: m0nTTu (small blind) folded before Flop



PokerStars Hand #254420218370:  Hold'em No Limit ($0.50/$1.00 USD) - 2025/01/17 21:09:15 WET [2025/01/17 16:09:15 ET]
Table 'Rhodia IV' 6-max Seat #6 is the button
Seat 1: vezis3 ($100 in chips) 
Seat 2: BoyLoc0 ($161.79 in chips) 
Seat 3: Kristo 914 ($106.60 in chips) 
Seat 4: xcinaz ($100 in chips) 
Seat 5: trueYes.3970 ($21.15 in chips) 
Seat 6: m0nTTu ($19.95 in chips) 
vezis3: posts small blind $0.50
BoyLoc0: posts big blind $1
*** HOLE CARDS ***
Kristo 914: raises $1.40 to $2.40
xcinaz: folds 
trueYes.3970: calls $2.40
m0nTTu: folds 
vezis3: folds 
BoyLoc0: folds 
*** FLOP *** [Ks Qd 2s]
Kristo 914: checks 
trueYes.3970: checks 
*** TURN *** [Ks Qd 2s] [6c]
Kristo 914: bets $6
trueYes.3970: folds 
Uncalled bet ($6) returned to Kristo 914
Kristo 914 collected $5.98 from pot
Kristo 914: doesn't show hand 
*** SUMMARY ***
Total pot $6.30 | Rake $0.32 
Board [Ks Qd 2s 6c]
Seat 1: vezis3 (small blind) folded before Flop
Seat 2: BoyLoc0 (big blind) folded before Flop
Seat 3: Kristo 914 collected ($5.98)
Seat 4: xcinaz folded before Flop (didn't bet)
Seat 5: trueYes.3970 folded on the Turn
Seat 6: m0nTTu (button) folded before Flop (didn't bet)



PokerStars Hand #254420230924:  Hold'em No Limit ($0.50/$1.00 USD) - 2025/01/17 21:09:54 WET [2025/01/17 16:09:54 ET]
Table 'Rhodia IV' 6-max Seat #1 is the button
Seat 1: vezis3 ($100 in chips) 
Seat 2: BoyLoc0 ($160.79 in chips) 
Seat 3: Kristo 914 ($110.18 in chips) 
Seat 4: xcinaz ($100 in chips) 
Seat 5: trueYes.3970 ($18.75 in chips) 
Seat 6: m0nTTu ($19.95 in chips) 
BoyLoc0: posts small blind $0.50
Kristo 914: posts big blind $1
*** HOLE CARDS ***
xcinaz: folds 
trueYes.3970: folds 
m0nTTu: folds 
vezis3: raises $1.40 to $2.40
BoyLoc0: folds 
Kristo 914: folds 
Uncalled bet ($1.40) returned to vezis3
vezis3 collected $2.50 from pot
vezis3: doesn't show hand 
*** SUMMARY ***
Total pot $2.50 | Rake $0 
Seat 1: vezis3 (button) collected ($2.50)
Seat 2: BoyLoc0 (small blind) folded before Flop
Seat 3: Kristo 914 (big blind) folded before Flop
Seat 4: xcinaz folded before Flop (didn't bet)
Seat 5: trueYes.3970 folded before Flop (didn't bet)
Seat 6: m0nTTu folded before Flop (didn't bet)



PokerStars Hand #254420239177:  Hold'em No Limit ($0.50/$1.00 USD) - 2025/01/17 21:10:19 WET [2025/01/17 16:10:19 ET]
Table 'Rhodia IV' 6-max Seat #2 is the button
Seat 1: vezis3 ($101.50 in chips) 
Seat 2: BoyLoc0 ($160.29 in chips) 
Seat 3: Kristo 914 ($109.18 in chips) 
Seat 4: xcinaz ($100 in chips) 
Seat 5: trueYes.3970 ($18.75 in chips) 
Seat 6: m0nTTu ($19.95 in chips) 
Kristo 914: posts small blind $0.50
xcinaz: posts big blind $1
*** HOLE CARDS ***
trueYes.3970: raises $1.55 to $2.55
m0nTTu: folds 
vezis3: folds 
BoyLoc0: folds 
Kristo 914: raises $7.45 to $10
xcinaz: folds 
trueYes.3970: calls $7.45
*** FLOP *** [Qs 7h 9d]
Kristo 914: bets $15.16
trueYes.3970: calls $8.75 and is all-in
Uncalled bet ($6.41) returned to Kristo 914
*** TURN *** [Qs 7h 9d] [4h]
*** RIVER *** [Qs 7h 9d 4h] [Qc]
*** SHOW DOWN ***
Kristo 914: shows [Ah Kh] (a pair of Queens)
trueYes.3970: shows [Td 9s] (two pair, Queens and Nines)
trueYes.3970 collected $36.58 from pot
*** SUMMARY ***
Total pot $38.50 | Rake $1.92 
Board [Qs 7h 9d 4h Qc]
Seat 1: vezis3 folded before Flop (didn't bet)
Seat 2: BoyLoc0 (button) folded before Flop (didn't bet)
Seat 3: Kristo 914 (small blind) showed [Ah Kh] and lost with a pair of Queens
Seat 4: xcinaz (big blind) folded before Flop
Seat 5: trueYes.3970 showed [Td 9s] and won ($36.58) with two pair, Queens and Nines
Seat 6: m0nTTu folded before Flop (didn't bet)



PokerStars Hand #254420253603:  Hold'em No Limit ($0.50/$1.00 USD) - 2025/01/17 21:11:04 WET [2025/01/17 16:11:04 ET]
Table 'Rhodia IV' 6-max Seat #3 is the button
Seat 1: vezis3 ($101.50 in chips) 
Seat 2: BoyLoc0 ($160.29 in chips) 
Seat 3: Kristo 914 ($100 in chips) 
Seat 4: xcinaz ($100 in chips) 
Seat 5: trueYes.3970 ($36.58 in chips) 
Seat 6: m0nTTu ($19.95 in chips) 
xcinaz: posts small blind $0.50
trueYes.3970: posts big blind $1
*** HOLE CARDS ***
m0nTTu: folds 
vezis3: folds 
BoyLoc0: raises $1.50 to $2.50
Kristo 914: folds 
xcinaz: folds 
trueYes.3970: folds 
Uncalled bet ($1.50) returned to BoyLoc0
BoyLoc0 collected $2.50 from pot
BoyLoc0: doesn't show hand 
*** SUMMARY ***
Total pot $2.50 | Rake $0 
Seat 1: vezis3 folded before Flop (didn't bet)
Seat 2: BoyLoc0 collected ($2.50)
Seat 3: Kristo 914 (button) folded before Flop (didn't bet)
Seat 4: xcinaz (small blind) folded before Flop
Seat 5: trueYes.3970 (big blind) folded before Flop
Seat 6: m0nTTu folded before Flop (didn't bet)



PokerStars Hand #254420259987:  Hold'em No Limit ($0.50/$1.00 USD) - 2025/01/17 21:11:23 WET [2025/01/17 16:11:23 ET]
Table 'Rhodia IV' 6-max Seat #4 is the button
Seat 1: vezis3 ($101.50 in chips) 
Seat 2: BoyLoc0 ($161.79 in chips) 
Seat 3: Kristo 914 ($100 in chips) 
Seat 4: xcinaz ($100 in chips) 
Seat 5: trueYes.3970 ($35.58 in chips) 
Seat 6: m0nTTu ($19.95 in chips) 
trueYes.3970: posts small blind $0.50
m0nTTu: posts big blind $1
*** HOLE CARDS ***
vezis3: raises $1 to $2
BoyLoc0: folds 
Kristo 914: folds 
xcinaz: folds 
trueYes.3970: calls $1.50
m0nTTu: folds 
*** FLOP *** [8c 8s 5c]
trueYes.3970: checks 
vezis3: bets $1.57
trueYes.3970: folds 
Uncalled bet ($1.57) returned to vezis3
vezis3 collected $4.75 from pot
vezis3: doesn't show hand 
*** SUMMARY ***
Total pot $5 | Rake $0.25 
Board [8c 8s 5c]
Seat 1: vezis3 collected ($4.75)
Seat 2: BoyLoc0 folded before Flop (didn't bet)
Seat 3: Kristo 914 folded before Flop (didn't bet)
Seat 4: xcinaz (button) folded before Flop (didn't bet)
Seat 5: trueYes.3970 (small blind) folded on the Flop
Seat 6: m0nTTu (big blind) folded before Flop



PokerStars Hand #254420270491:  Hold'em No Limit ($0.50/$1.00 USD) - 2025/01/17 21:11:56 WET [2025/01/17 16:11:56 ET]
Table 'Rhodia IV' 6-max Seat #5 is the button
Seat 1: vezis3 ($104.25 in chips) 
Seat 2: BoyLoc0 ($161.79 in chips) 
Seat 3: Kristo 914 ($100 in chips) 
Seat 4: xcinaz ($100 in chips) 
Seat 5: trueYes.3970 ($33.58 in chips) 
Seat 6: m0nTTu ($18.95 in chips) 
m0nTTu: posts small blind $0.50
vezis3: posts big blind $1
*** HOLE CARDS ***
BoyLoc0: raises $1.50 to $2.50
Kristo 914: folds 
xcinaz: folds 
trueYes.3970: folds 
m0nTTu: folds 
vezis3: folds 
Uncalled bet ($1.50) returned to BoyLoc0
BoyLoc0 collected $2.50 from pot
BoyLoc0: doesn't show hand 
*** SUMMARY ***
Total pot $2.50 | Rake $0 
Seat 1: vezis3 (big blind) folded before Flop
Seat 2: BoyLoc0 collected ($2.50)
Seat 3: Kristo 914 folded before Flop (didn't bet)
Seat 4: xcinaz folded before Flop (didn't bet)
Seat 5: trueYes.3970 (button) folded before Flop (didn't bet)
Seat 6: m0nTTu (small blind) folded before Flop



PokerStars Hand #254420278343:  Hold'em No Limit ($0.50/$1.00 USD) - 2025/01/17 21:12:20 WET [2025/01/17 16:12:20 ET]
Table 'Rhodia IV' 6-max Seat #6 is the button
Seat 1: vezis3 ($103.25 in chips) 
Seat 2: BoyLoc0 ($163.29 in chips) 
Seat 3: Kristo 914 ($100 in chips) 
Seat 4: xcinaz ($100 in chips) 
Seat 5: trueYes.3970 ($33.58 in chips) 
Seat 6: m0nTTu ($18.45 in chips) 
vezis3: posts small blind $0.50
BoyLoc0: posts big blind $1
*** HOLE CARDS ***
Kristo 914: folds 
xcinaz: folds 
trueYes.3970: raises $2 to $3
m0nTTu: folds 
vezis3: folds 
BoyLoc0: folds 
Uncalled bet ($2) returned to trueYes.3970
trueYes.3970 collected $2.50 from pot
trueYes.3970: doesn't show hand 
*** SUMMARY ***
Total pot $2.50 | Rake $0 
Seat 1: vezis3 (small blind) folded before Flop
Seat 2: BoyLoc0 (big blind) folded before Flop
Seat 3: Kristo 914 folded before Flop (didn't bet)
Seat 4: xcinaz folded before Flop (didn't bet)
Seat 5: trueYes.3970 collected ($2.50)
Seat 6: m0nTTu (button) folded before Flop (didn't bet)



PokerStars Hand #254420286800:  Hold'em No Limit ($0.50/$1.00 USD) - 2025/01/17 21:12:46 WET [2025/01/17 16:12:46 ET]
Table 'Rhodia IV' 6-max Seat #1 is the button
Seat 1: vezis3 ($102.75 in chips) 
Seat 2: BoyLoc0 ($162.29 in chips) 
Seat 3: Kristo 914 ($100 in chips) 
Seat 4: xcinaz ($100 in chips) 
Seat 5: trueYes.3970 ($35.08 in chips) 
Seat 6: m0nTTu ($18.45 in chips) 
BoyLoc0: posts small blind $0.50
Kristo 914: posts big blind $1
*** HOLE CARDS ***
xcinaz: raises $1 to $2
trueYes.3970: folds 
trueYes.3970 leaves the table
m0nTTu: folds 
vezis3: folds 
BoyLoc0: folds 
Kristo 914: folds 
Uncalled bet ($1) returned to xcinaz
xcinaz collected $2.50 from pot
xcinaz: doesn't show hand 
*** SUMMARY ***
Total pot $2.50 | Rake $0 
Seat 1: vezis3 (button) folded before Flop (didn't bet)
Seat 2: BoyLoc0 (small blind) folded before Flop
Seat 3: Kristo 914 (big blind) folded before Flop
Seat 4: xcinaz collected ($2.50)
Seat 5: trueYes.3970 folded before Flop (didn't bet)
Seat 6: m0nTTu folded before Flop (didn't bet)



PokerStars Hand #254420290465:  Hold'em No Limit ($0.50/$1.00 USD) - 2025/01/17 21:12:57 WET [2025/01/17 16:12:57 ET]
Table 'Rhodia IV' 6-max Seat #2 is the button
Seat 1: vezis3 ($102.75 in chips) 
Seat 2: BoyLoc0 ($161.79 in chips) 
Seat 3: Kristo 914 ($100 in chips) 
Seat 4: xcinaz ($101.50 in chips) 
Seat 6: m0nTTu ($18.45 in chips) 
Kristo 914: posts small blind $0.50
xcinaz: posts big blind $1
*** HOLE CARDS ***
m0nTTu: folds 
vezis3: folds 
BoyLoc0: folds 
Kristo 914: folds 
Uncalled bet ($0.50) returned to xcinaz
createyouracc joins the table at seat #5 
createyouracc is disconnected 
xcinaz collected $1 from pot
xcinaz: doesn't show hand 
*** SUMMARY ***
Total pot $1 | Rake $0 
Seat 1: vezis3 folded before Flop (didn't bet)
Seat 2: BoyLoc0 (button) folded before Flop (didn't bet)
Seat 3: Kristo 914 (small blind) folded before Flop
Seat 4: xcinaz (big blind) collected ($1)
Seat 6: m0nTTu folded before Flop (didn't bet)



PokerStars Hand #254420302504:  Hold'em No Limit ($0.50/$1.00 USD) - 2025/01/17 21:13:34 WET [2025/01/17 16:13:34 ET]
Table 'Rhodia IV' 6-max Seat #3 is the button
Seat 1: vezis3 ($102.75 in chips) 
Seat 2: BoyLoc0 ($161.79 in chips) 
Seat 3: Kristo 914 ($100 in chips) 
Seat 4: xcinaz ($102 in chips) 
Seat 5: createyouracc ($10 in chips) 
Seat 6: m0nTTu ($18.45 in chips) 
xcinaz: posts small blind $0.50
createyouracc: posts big blind $1
*** HOLE CARDS ***
m0nTTu: folds 
vezis3: folds 
BoyLoc0: folds 
Kristo 914: folds 
xcinaz: folds 
Uncalled bet ($0.50) returned to createyouracc
createyouracc collected $1 from pot
*** SUMMARY ***
Total pot $1 | Rake $0 
Seat 1: vezis3 folded before Flop (didn't bet)
Seat 2: BoyLoc0 folded before Flop (didn't bet)
Seat 3: Kristo 914 (button) folded before Flop (didn't bet)
Seat 4: xcinaz (small blind) folded before Flop
Seat 5: createyouracc (big blind) collected ($1)
Seat 6: m0nTTu folded before Flop (didn't bet)



PokerStars Hand #254420310678:  Hold'em No Limit ($0.50/$1.00 USD) - 2025/01/17 21:13:59 WET [2025/01/17 16:13:59 ET]
Table 'Rhodia IV' 6-max Seat #4 is the button
Seat 1: vezis3 ($102.75 in chips) 
Seat 2: BoyLoc0 ($161.79 in chips) 
Seat 3: Kristo 914 ($100 in chips) 
Seat 4: xcinaz ($101.50 in chips) 
Seat 5: createyouracc ($10.50 in chips) 
Seat 6: m0nTTu ($18.45 in chips) 
createyouracc: posts small blind $0.50
m0nTTu: posts big blind $1
*** HOLE CARDS ***
vezis3: folds 
BoyLoc0: folds 
Kristo 914: folds 
xcinaz: folds 
createyouracc: raises $9.50 to $10.50 and is all-in
m0nTTu: folds 
Uncalled bet ($9.50) returned to createyouracc
createyouracc collected $2 from pot
*** SUMMARY ***
Total pot $2 | Rake $0 
Seat 1: vezis3 folded before Flop (didn't bet)
Seat 2: BoyLoc0 folded before Flop (didn't bet)
Seat 3: Kristo 914 folded before Flop (didn't bet)
Seat 4: xcinaz (button) folded before Flop (didn't bet)
Seat 5: createyouracc (small blind) collected ($2)
Seat 6: m0nTTu (big blind) folded before Flop



PokerStars Hand #254420317156:  Hold'em No Limit ($0.50/$1.00 USD) - 2025/01/17 21:14:19 WET [2025/01/17 16:14:19 ET]
Table 'Rhodia IV' 6-max Seat #5 is the button
Seat 1: vezis3 ($102.75 in chips) 
Seat 2: BoyLoc0 ($161.79 in chips) 
Seat 3: Kristo 914 ($100 in chips) 
Seat 4: xcinaz ($101.50 in chips) 
Seat 5: createyouracc ($11.50 in chips) 
Seat 6: m0nTTu ($17.45 in chips) 
m0nTTu: posts small blind $0.50
vezis3: posts big blind $1
*** HOLE CARDS ***
BoyLoc0: raises $1.50 to $2.50
Kristo 914: folds 
xcinaz: folds 
createyouracc: calls $2.50
m0nTTu: folds 
vezis3: folds 
*** FLOP *** [Js Qc 8h]
BoyLoc0: checks 
createyouracc: bets $3.09
BoyLoc0: calls $3.09
*** TURN *** [Js Qc 8h] [Jh]
BoyLoc0: checks 
createyouracc: bets $5.91 and is all-in
BoyLoc0: calls $5.91
*** RIVER *** [Js Qc 8h Jh] [5h]
*** SHOW DOWN ***
BoyLoc0: shows [Jc Ad] (three of a kind, Jacks)
createyouracc: shows [9h Th] (a flush, Jack high)
createyouracc collected $23.28 from pot
*** SUMMARY ***
Total pot $24.50 | Rake $1.22 
Board [Js Qc 8h Jh 5h]
Seat 1: vezis3 (big blind) folded before Flop
Seat 2: BoyLoc0 showed [Jc Ad] and lost with three of a kind, Jacks
Seat 3: Kristo 914 folded before Flop (didn't bet)
Seat 4: xcinaz folded before Flop (didn't bet)
Seat 5: createyouracc (button) showed [9h Th] and won ($23.28) with a flush, Jack high
Seat 6: m0nTTu (small blind) folded before Flop



PokerStars Hand #254420331942:  Hold'em No Limit ($0.50/$1.00 USD) - 2025/01/17 21:15:04 WET [2025/01/17 16:15:04 ET]
Table 'Rhodia IV' 6-max Seat #6 is the button
Seat 1: vezis3 ($101.75 in chips) 
Seat 2: BoyLoc0 ($150.29 in chips) 
Seat 3: Kristo 914 ($100 in chips) 
Seat 4: xcinaz ($101.50 in chips) 
Seat 5: createyouracc ($23.28 in chips) 
Seat 6: m0nTTu ($16.95 in chips) 
vezis3: posts small blind $0.50
BoyLoc0: posts big blind $1
*** HOLE CARDS ***
Kristo 914: folds 
xcinaz: raises $1 to $2
createyouracc: calls $2
m0nTTu: raises $14.95 to $16.95 and is all-in
vezis3: folds 
BoyLoc0: folds 
xcinaz: raises $14.95 to $31.90
createyouracc: folds 
Uncalled bet ($14.95) returned to xcinaz
*** FLOP *** [2h Js 9d]
*** TURN *** [2h Js 9d] [Td]
*** RIVER *** [2h Js 9d Td] [Ah]
*** SHOW DOWN ***
xcinaz: shows [Ts Th] (three of a kind, Tens)
m0nTTu: shows [4s 4h] (a pair of Fours)
xcinaz collected $35.53 from pot
*** SUMMARY ***
Total pot $37.40 | Rake $1.87 
Board [2h Js 9d Td Ah]
Seat 1: vezis3 (small blind) folded before Flop
Seat 2: BoyLoc0 (big blind) folded before Flop
Seat 3: Kristo 914 folded before Flop (didn't bet)
Seat 4: xcinaz showed [Ts Th] and won ($35.53) with three of a kind, Tens
Seat 5: createyouracc folded before Flop
Seat 6: m0nTTu (button) showed [4s 4h] and lost with a pair of Fours



PokerStars Hand #254420346975:  Hold'em No Limit ($0.50/$1.00 USD) - 2025/01/17 21:15:50 WET [2025/01/17 16:15:50 ET]
Table 'Rhodia IV' 6-max Seat #1 is the button
Seat 1: vezis3 ($101.25 in chips) 
Seat 2: BoyLoc0 ($149.29 in chips) 
Seat 3: Kristo 914 ($100 in chips) 
Seat 4: xcinaz ($120.08 in chips) 
Seat 5: createyouracc ($21.28 in chips) 
Seat 6: m0nTTu ($10 in chips) 
BoyLoc0: posts small blind $0.50
Kristo 914: posts big blind $1
*** HOLE CARDS ***
xcinaz: folds 
createyouracc: folds 
m0nTTu: raises $9 to $10 and is all-in
vezis3: folds 
BoyLoc0: folds 
Kristo 914: folds 
Uncalled bet ($9) returned to m0nTTu
m0nTTu collected $2.50 from pot
m0nTTu: doesn't show hand 
*** SUMMARY ***
Total pot $2.50 | Rake $0 
Seat 1: vezis3 (button) folded before Flop (didn't bet)
Seat 2: BoyLoc0 (small blind) folded before Flop
Seat 3: Kristo 914 (big blind) folded before Flop
Seat 4: xcinaz folded before Flop (didn't bet)
Seat 5: createyouracc folded before Flop (didn't bet)
Seat 6: m0nTTu collected ($2.50)



PokerStars Hand #254420353331:  Hold'em No Limit ($0.50/$1.00 USD) - 2025/01/17 21:16:10 WET [2025/01/17 16:16:10 ET]
Table 'Rhodia IV' 6-max Seat #2 is the button
Seat 4: xcinaz ($120.08 in chips) is sitting out
Seat 1: vezis3 ($101.25 in chips) 
Seat 2: BoyLoc0 ($148.79 in chips) 
Seat 3: Kristo 914 ($100 in chips) 
Seat 5: createyouracc ($21.28 in chips) 
Seat 6: m0nTTu ($11.50 in chips) 
Kristo 914: posts small blind $0.50
xcinaz: is sitting out 
createyouracc: posts big blind $1
*** HOLE CARDS ***
m0nTTu: folds 
vezis3: raises $1.40 to $2.40
BoyLoc0: folds 
Kristo 914: folds 
createyouracc: folds 
Uncalled bet ($1.40) returned to vezis3
vezis3 collected $2.50 from pot
vezis3: doesn't show hand 
*** SUMMARY ***
Total pot $2.50 | Rake $0 
Seat 4: xcinaz
Seat 1: vezis3 collected ($2.50)
Seat 2: BoyLoc0 (button) folded before Flop (didn't bet)
Seat 3: Kristo 914 (small blind) folded before Flop
Seat 5: createyouracc (big blind) folded before Flop
Seat 6: m0nTTu folded before Flop (didn't bet)



PokerStars Hand #254420358531:  Hold'em No Limit ($0.50/$1.00 USD) - 2025/01/17 21:16:26 WET [2025/01/17 16:16:26 ET]
Table 'Rhodia IV' 6-max Seat #3 is the button
Seat 4: xcinaz ($120.08 in chips) is sitting out
Seat 1: vezis3 ($102.75 in chips) 
Seat 2: BoyLoc0 ($148.79 in chips) 
Seat 3: Kristo 914 ($100 in chips) 
Seat 5: createyouracc ($20.28 in chips) 
Seat 6: m0nTTu ($11.50 in chips) 
createyouracc: posts small blind $0.50
m0nTTu: posts big blind $1
*** HOLE CARDS ***
vezis3: folds 
BoyLoc0: folds 
Kristo 914: folds 
createyouracc: calls $0.50
m0nTTu: checks 
*** FLOP *** [9h Kd 7h]
createyouracc: checks 
m0nTTu: bets $1
createyouracc: calls $1
*** TURN *** [9h Kd 7h] [Js]
createyouracc: checks 
m0nTTu: checks 
*** RIVER *** [9h Kd 7h Js] [5c]
createyouracc: checks 
m0nTTu: bets $1.25
createyouracc: raises $17.03 to $18.28 and is all-in
m0nTTu: folds 
Uncalled bet ($17.03) returned to createyouracc
createyouracc collected $6.18 from pot
*** SUMMARY ***
Total pot $6.50 | Rake $0.32 
Board [9h Kd 7h Js 5c]
Seat 4: xcinaz
Seat 1: vezis3 folded before Flop (didn't bet)
Seat 2: BoyLoc0 folded before Flop (didn't bet)
Seat 3: Kristo 914 (button) folded before Flop (didn't bet)
Seat 5: createyouracc (small blind) collected ($6.18)
Seat 6: m0nTTu (big blind) folded on the River



PokerStars Hand #254420375575:  Hold'em No Limit ($0.50/$1.00 USD) - 2025/01/17 21:17:18 WET [2025/01/17 16:17:18 ET]
Table 'Rhodia IV' 6-max Seat #5 is the button
Seat 4: xcinaz ($120.08 in chips) is sitting out
Seat 1: vezis3 ($102.75 in chips) 
Seat 2: BoyLoc0 ($148.79 in chips) 
Seat 3: Kristo 914 ($100 in chips) 
Seat 5: createyouracc ($23.21 in chips) 
Seat 6: m0nTTu ($10 in chips) 
m0nTTu: posts small blind $0.50
vezis3: posts big blind $1
xcinaz: sits out 
*** HOLE CARDS ***
BoyLoc0: folds 
Kristo 914: folds 
BoyLoc0 leaves the table
createyouracc: folds 
m0nTTu: raises $9 to $10 and is all-in
vezis3: folds 
Uncalled bet ($9) returned to m0nTTu
m0nTTu collected $2 from pot
m0nTTu: doesn't show hand 
*** SUMMARY ***
Total pot $2 | Rake $0 
Seat 4: xcinaz
Seat 1: vezis3 (big blind) folded before Flop
Seat 2: BoyLoc0 folded before Flop (didn't bet)
Seat 3: Kristo 914 folded before Flop (didn't bet)
Seat 5: createyouracc (button) folded before Flop (didn't bet)
Seat 6: m0nTTu (small blind) collected ($2)



PokerStars Hand #254420382219:  Hold'em No Limit ($0.50/$1.00 USD) - 2025/01/17 21:17:38 WET [2025/01/17 16:17:38 ET]
Table 'Rhodia IV' 6-max Seat #6 is the button
Seat 4: xcinaz ($120.08 in chips) is sitting out
Seat 1: vezis3 ($101.75 in chips) 
Seat 3: Kristo 914 ($100 in chips) 
Seat 5: createyouracc ($23.21 in chips) 
Seat 6: m0nTTu ($11 in chips) 
vezis3: posts small blind $0.50
Kristo 914: posts big blind $1
xcinaz: sits out 
*** HOLE CARDS ***
createyouracc: folds 
m0nTTu: folds 
vezis3: folds 
Uncalled bet ($0.50) returned to Kristo 914
Kristo 914 collected $1 from pot
Kristo 914: doesn't show hand 
*** SUMMARY ***
Total pot $1 | Rake $0 
Seat 4: xcinaz
Seat 1: vezis3 (small blind) folded before Flop
Seat 3: Kristo 914 (big blind) collected ($1)
Seat 5: createyouracc folded before Flop (didn't bet)
Seat 6: m0nTTu (button) folded before Flop (didn't bet)



PokerStars Hand #254420387992:  Hold'em No Limit ($0.50/$1.00 USD) - 2025/01/17 21:17:56 WET [2025/01/17 16:17:56 ET]
Table 'Rhodia IV' 6-max Seat #1 is the button
Seat 1: vezis3 ($101.25 in chips) 
Seat 3: Kristo 914 ($100.50 in chips) 
Seat 4: xcinaz ($120.08 in chips) 
Seat 5: createyouracc ($23.21 in chips) 
Seat 6: m0nTTu ($11 in chips) 
Kristo 914: posts small blind $0.50
xcinaz: posts big blind $1
*** HOLE CARDS ***
createyouracc: raises $2 to $3
m0nTTu: folds 
vezis3: folds 
Kristo 914: folds 
xcinaz: folds 
Uncalled bet ($2) returned to createyouracc
createyouracc collected $2.50 from pot
*** SUMMARY ***
Total pot $2.50 | Rake $0 
Seat 1: vezis3 (button) folded before Flop (didn't bet)
Seat 3: Kristo 914 (small blind) folded before Flop
Seat 4: xcinaz (big blind) folded before Flop
Seat 5: createyouracc collected ($2.50)
Seat 6: m0nTTu folded before Flop (didn't bet)



PokerStars Hand #254420393516:  Hold'em No Limit ($0.50/$1.00 USD) - 2025/01/17 21:18:12 WET [2025/01/17 16:18:12 ET]
Table 'Rhodia IV' 6-max Seat #3 is the button
Seat 1: vezis3 ($101.25 in chips) 
Seat 3: Kristo 914 ($100 in chips) 
Seat 4: xcinaz ($119.08 in chips) 
Seat 5: createyouracc ($24.71 in chips) 
Seat 6: m0nTTu ($11 in chips) 
xcinaz: posts small blind $0.50
createyouracc: posts big blind $1
*** HOLE CARDS ***
m0nTTu: folds 
vezis3: folds 
Kristo 914: folds 
xcinaz: folds 
Uncalled bet ($0.50) returned to createyouracc
createyouracc collected $1 from pot
*** SUMMARY ***
Total pot $1 | Rake $0 
Seat 1: vezis3 folded before Flop (didn't bet)
Seat 3: Kristo 914 (button) folded before Flop (didn't bet)
Seat 4: xcinaz (small blind) folded before Flop
Seat 5: createyouracc (big blind) collected ($1)
Seat 6: m0nTTu folded before Flop (didn't bet)



PokerStars Hand #254420399145:  Hold'em No Limit ($0.50/$1.00 USD) - 2025/01/17 21:18:29 WET [2025/01/17 16:18:29 ET]
Table 'Rhodia IV' 6-max Seat #4 is the button
Seat 1: vezis3 ($101.25 in chips) 
Seat 3: Kristo 914 ($100 in chips) 
Seat 4: xcinaz ($118.58 in chips) 
Seat 5: createyouracc ($25.21 in chips) 
Seat 6: m0nTTu ($11 in chips) 
createyouracc: posts small blind $0.50
m0nTTu: posts big blind $1
*** HOLE CARDS ***
vezis3: folds 
Kristo 914: folds 
xcinaz: raises $1.50 to $2.50
createyouracc: folds 
fataleggs13 joins the table at seat #2 
m0nTTu: folds 
Uncalled bet ($1.50) returned to xcinaz
xcinaz collected $2.50 from pot
xcinaz: doesn't show hand 
*** SUMMARY ***
Total pot $2.50 | Rake $0 
Seat 1: vezis3 folded before Flop (didn't bet)
Seat 3: Kristo 914 folded before Flop (didn't bet)
Seat 4: xcinaz (button) collected ($2.50)
Seat 5: createyouracc (small blind) folded before Flop
Seat 6: m0nTTu (big blind) folded before Flop



PokerStars Hand #254420403896:  Hold'em No Limit ($0.50/$1.00 USD) - 2025/01/17 21:18:43 WET [2025/01/17 16:18:43 ET]
Table 'Rhodia IV' 6-max Seat #5 is the button
Seat 2: fataleggs13 ($75 in chips) is sitting out
Seat 1: vezis3 ($101.25 in chips) 
Seat 3: Kristo 914 ($100 in chips) 
Seat 4: xcinaz ($120.08 in chips) 
Seat 5: createyouracc ($24.71 in chips) 
Seat 6: m0nTTu ($10 in chips) 
m0nTTu: posts small blind $0.50
vezis3: posts big blind $1
fataleggs13: sits out 
*** HOLE CARDS ***
Kristo 914: folds 
xcinaz: folds 
createyouracc: folds 
m0nTTu: raises $9 to $10 and is all-in
vezis3: calls $9
*** FLOP *** [5h Ts Jd]
*** TURN *** [5h Ts Jd] [2h]
*** RIVER *** [5h Ts Jd 2h] [8h]
*** SHOW DOWN ***
m0nTTu: shows [9c 7c] (a straight, Seven to Jack)
vezis3: shows [Jc Ad] (a pair of Jacks)
m0nTTu collected $19 from pot
*** SUMMARY ***
Total pot $20 | Rake $1 
Board [5h Ts Jd 2h 8h]
Seat 2: fataleggs13
Seat 1: vezis3 (big blind) showed [Jc Ad] and lost with a pair of Jacks
Seat 3: Kristo 914 folded before Flop (didn't bet)
Seat 4: xcinaz folded before Flop (didn't bet)
Seat 5: createyouracc (button) folded before Flop (didn't bet)
Seat 6: m0nTTu (small blind) showed [9c 7c] and won ($19) with a straight, Seven to Jack



PokerStars Hand #254420416251:  Hold'em No Limit ($0.50/$1.00 USD) - 2025/01/17 21:19:21 WET [2025/01/17 16:19:21 ET]
Table 'Rhodia IV' 6-max Seat #6 is the button
Seat 1: vezis3 ($100 in chips) 
Seat 2: fataleggs13 ($75 in chips) 
Seat 3: Kristo 914 ($100 in chips) 
Seat 4: xcinaz ($120.08 in chips) 
Seat 5: createyouracc ($24.71 in chips) 
Seat 6: m0nTTu ($19 in chips) 
vezis3: posts small blind $0.50
fataleggs13: posts big blind $1
*** HOLE CARDS ***
Kristo 914: folds 
xcinaz: folds 
createyouracc: folds 
m0nTTu: folds 
vezis3: folds 
Uncalled bet ($0.50) returned to fataleggs13
fataleggs13 collected $1 from pot
fataleggs13: doesn't show hand 
*** SUMMARY ***
Total pot $1 | Rake $0 
Seat 1: vezis3 (small blind) folded before Flop
Seat 2: fataleggs13 (big blind) collected ($1)
Seat 3: Kristo 914 folded before Flop (didn't bet)
Seat 4: xcinaz folded before Flop (didn't bet)
Seat 5: createyouracc folded before Flop (didn't bet)
Seat 6: m0nTTu (button) folded before Flop (didn't bet)



PokerStars Hand #254420423878:  Hold'em No Limit ($0.50/$1.00 USD) - 2025/01/17 21:19:44 WET [2025/01/17 16:19:44 ET]
Table 'Rhodia IV' 6-max Seat #1 is the button
Seat 1: vezis3 ($100 in chips) 
Seat 2: fataleggs13 ($75.50 in chips) 
Seat 3: Kristo 914 ($100 in chips) 
Seat 4: xcinaz ($120.08 in chips) 
Seat 5: createyouracc ($24.71 in chips) 
Seat 6: m0nTTu ($19 in chips) 
fataleggs13: posts small blind $0.50
Kristo 914: posts big blind $1
*** HOLE CARDS ***
xcinaz: folds 
createyouracc: calls $1
m0nTTu: folds 
vezis3: folds 
fataleggs13: folds 
Kristo 914: checks 
*** FLOP *** [2h Kh Qs]
Kristo 914: checks 
createyouracc: bets $23.71 and is all-in
Kristo 914: folds 
Uncalled bet ($23.71) returned to createyouracc
createyouracc collected $2.38 from pot
*** SUMMARY ***
Total pot $2.50 | Rake $0.12 
Board [2h Kh Qs]
Seat 1: vezis3 (button) folded before Flop (didn't bet)
Seat 2: fataleggs13 (small blind) folded before Flop
Seat 3: Kristo 914 (big blind) folded on the Flop
Seat 4: xcinaz folded before Flop (didn't bet)
Seat 5: createyouracc collected ($2.38)
Seat 6: m0nTTu folded before Flop (didn't bet)



PokerStars Hand #254420435546:  Hold'em No Limit ($0.50/$1.00 USD) - 2025/01/17 21:20:19 WET [2025/01/17 16:20:19 ET]
Table 'Rhodia IV' 6-max Seat #2 is the button
Seat 1: vezis3 ($100 in chips) 
Seat 2: fataleggs13 ($75 in chips) 
Seat 3: Kristo 914 ($100 in chips) 
Seat 4: xcinaz ($120.08 in chips) 
Seat 5: createyouracc ($26.09 in chips) 
Seat 6: m0nTTu ($19 in chips) 
Kristo 914: posts small blind $0.50
xcinaz: posts big blind $1
*** HOLE CARDS ***
createyouracc: folds 
m0nTTu: folds 
vezis3: folds 
fataleggs13: folds 
Kristo 914: raises $2 to $3
xcinaz: folds 
Uncalled bet ($2) returned to Kristo 914
Kristo 914 collected $2 from pot
Kristo 914: doesn't show hand 
*** SUMMARY ***
Total pot $2 | Rake $0 
Seat 1: vezis3 folded before Flop (didn't bet)
Seat 2: fataleggs13 (button) folded before Flop (didn't bet)
Seat 3: Kristo 914 (small blind) collected ($2)
Seat 4: xcinaz (big blind) folded before Flop
Seat 5: createyouracc folded before Flop (didn't bet)
Seat 6: m0nTTu folded before Flop (didn't bet)



PokerStars Hand #254420441730:  Hold'em No Limit ($0.50/$1.00 USD) - 2025/01/17 21:20:38 WET [2025/01/17 16:20:38 ET]
Table 'Rhodia IV' 6-max Seat #3 is the button
Seat 1: vezis3 ($100 in chips) 
Seat 2: fataleggs13 ($75 in chips) 
Seat 3: Kristo 914 ($101 in chips) 
Seat 4: xcinaz ($119.08 in chips) 
Seat 5: createyouracc ($26.09 in chips) 
Seat 6: m0nTTu ($19 in chips) 
xcinaz: posts small blind $0.50
createyouracc: posts big blind $1
*** HOLE CARDS ***
m0nTTu: folds 
vezis3: folds 
fataleggs13: raises $1.20 to $2.20
Kristo 914: raises $5.30 to $7.50
xcinaz: folds 
createyouracc: folds 
fataleggs13: folds 
Uncalled bet ($5.30) returned to Kristo 914
Kristo 914 collected $5.90 from pot
Kristo 914: doesn't show hand 
*** SUMMARY ***
Total pot $5.90 | Rake $0 
Seat 1: vezis3 folded before Flop (didn't bet)
Seat 2: fataleggs13 folded before Flop
Seat 3: Kristo 914 (button) collected ($5.90)
Seat 4: xcinaz (small blind) folded before Flop
Seat 5: createyouracc (big blind) folded before Flop
Seat 6: m0nTTu folded before Flop (didn't bet)



PokerStars Hand #254420447803:  Hold'em No Limit ($0.50/$1.00 USD) - 2025/01/17 21:20:57 WET [2025/01/17 16:20:57 ET]
Table 'Rhodia IV' 6-max Seat #4 is the button
Seat 1: vezis3 ($100 in chips) 
Seat 2: fataleggs13 ($75 in chips) 
Seat 3: Kristo 914 ($104.70 in chips) 
Seat 4: xcinaz ($118.58 in chips) 
Seat 5: createyouracc ($25.09 in chips) 
Seat 6: m0nTTu ($19 in chips) 
createyouracc: posts small blind $0.50
m0nTTu: posts big blind $1
*** HOLE CARDS ***
vezis3: folds 
fataleggs13: raises $1.20 to $2.20
Kristo 914: raises $5.30 to $7.50
xcinaz: folds 
createyouracc: folds 
m0nTTu: folds 
fataleggs13: folds 
Uncalled bet ($5.30) returned to Kristo 914
fataleggs13 leaves the table
Kristo 914 collected $5.90 from pot
Kristo 914: doesn't show hand 
*** SUMMARY ***
Total pot $5.90 | Rake $0 
Seat 1: vezis3 folded before Flop (didn't bet)
Seat 2: fataleggs13 folded before Flop
Seat 3: Kristo 914 collected ($5.90)
Seat 4: xcinaz (button) folded before Flop (didn't bet)
Seat 5: createyouracc (small blind) folded before Flop
Seat 6: m0nTTu (big blind) folded before Flop



PokerStars Hand #254420458395:  Hold'em No Limit ($0.50/$1.00 USD) - 2025/01/17 21:21:28 WET [2025/01/17 16:21:28 ET]
Table 'Rhodia IV' 6-max Seat #5 is the button
Seat 1: vezis3 ($100 in chips) 
Seat 3: Kristo 914 ($108.40 in chips) 
Seat 4: xcinaz ($118.58 in chips) 
Seat 5: createyouracc ($24.59 in chips) 
Seat 6: m0nTTu ($18 in chips) 
m0nTTu: posts small blind $0.50
vezis3: posts big blind $1
*** HOLE CARDS ***
Kristo 914: folds 
xcinaz: folds 
createyouracc: folds 
z00mba joins the table at seat #2 
m0nTTu: folds 
Uncalled bet ($0.50) returned to vezis3
vezis3 collected $1 from pot
vezis3: doesn't show hand 
*** SUMMARY ***
Total pot $1 | Rake $0 
Seat 1: vezis3 (big blind) collected ($1)
Seat 3: Kristo 914 folded before Flop (didn't bet)
Seat 4: xcinaz folded before Flop (didn't bet)
Seat 5: createyouracc (button) folded before Flop (didn't bet)
Seat 6: m0nTTu (small blind) folded before Flop



PokerStars Hand #254420468125:  Hold'em No Limit ($0.50/$1.00 USD) - 2025/01/17 21:21:58 WET [2025/01/17 16:21:58 ET]
Table 'Rhodia IV' 6-max Seat #6 is the button
Seat 1: vezis3 ($100.50 in chips) 
Seat 2: z00mba ($132.39 in chips) 
Seat 3: Kristo 914 ($108.40 in chips) 
Seat 4: xcinaz ($118.58 in chips) 
Seat 5: createyouracc ($24.59 in chips) 
Seat 6: m0nTTu ($17.50 in chips) 
vezis3: posts small blind $0.50
z00mba: posts big blind $1
*** HOLE CARDS ***
Kristo 914: folds 
xcinaz: folds 
createyouracc: folds 
m0nTTu: folds 
vezis3: folds 
Uncalled bet ($0.50) returned to z00mba
z00mba collected $1 from pot
z00mba: doesn't show hand 
*** SUMMARY ***
Total pot $1 | Rake $0 
Seat 1: vezis3 (small blind) folded before Flop
Seat 2: z00mba (big blind) collected ($1)
Seat 3: Kristo 914 folded before Flop (didn't bet)
Seat 4: xcinaz folded before Flop (didn't bet)
Seat 5: createyouracc folded before Flop (didn't bet)
Seat 6: m0nTTu (button) folded before Flop (didn't bet)



PokerStars Hand #254420471870:  Hold'em No Limit ($0.50/$1.00 USD) - 2025/01/17 21:22:10 WET [2025/01/17 16:22:10 ET]
Table 'Rhodia IV' 6-max Seat #1 is the button
Seat 1: vezis3 ($100 in chips) 
Seat 2: z00mba ($132.89 in chips) 
Seat 3: Kristo 914 ($108.40 in chips) 
Seat 4: xcinaz ($118.58 in chips) 
Seat 5: createyouracc ($24.59 in chips) 
Seat 6: m0nTTu ($17.50 in chips) 
z00mba: posts small blind $0.50
Kristo 914: posts big blind $1
*** HOLE CARDS ***
xcinaz: folds 
createyouracc: folds 
m0nTTu: folds 
vezis3: folds 
z00mba: raises $2 to $3
Kristo 914: calls $2
*** FLOP *** [2s 2c Ks]
z00mba: bets $3
Kristo 914: folds 
Uncalled bet ($3) returned to z00mba
z00mba collected $5.70 from pot
z00mba: doesn't show hand 
*** SUMMARY ***
Total pot $6 | Rake $0.30 
Board [2s 2c Ks]
Seat 1: vezis3 (button) folded before Flop (didn't bet)
Seat 2: z00mba (small blind) collected ($5.70)
Seat 3: Kristo 914 (big blind) folded on the Flop
Seat 4: xcinaz folded before Flop (didn't bet)
Seat 5: createyouracc folded before Flop (didn't bet)
Seat 6: m0nTTu folded before Flop (didn't bet)



PokerStars Hand #254420487310:  Hold'em No Limit ($0.50/$1.00 USD) - 2025/01/17 21:22:57 WET [2025/01/17 16:22:57 ET]
Table 'Rhodia IV' 6-max Seat #2 is the button
Seat 1: vezis3 ($100 in chips) 
Seat 2: z00mba ($135.59 in chips) 
Seat 3: Kristo 914 ($105.40 in chips) 
Seat 4: xcinaz ($118.58 in chips) 
Seat 5: createyouracc ($24.59 in chips) 
Seat 6: m0nTTu ($17.50 in chips) 
Kristo 914: posts small blind $0.50
xcinaz: posts big blind $1
*** HOLE CARDS ***
createyouracc: calls $1
m0nTTu: raises $16.50 to $17.50 and is all-in
vezis3: folds 
z00mba: folds 
Kristo 914: folds 
xcinaz: folds 
createyouracc: calls $16.50
*** FLOP *** [4h 5h Qd]
*** TURN *** [4h 5h Qd] [Jh]
*** RIVER *** [4h 5h Qd Jh] [7h]
*** SHOW DOWN ***
createyouracc: shows [3s 3h] (a flush, Jack high)
m0nTTu: shows [Jd Ac] (a pair of Jacks)
createyouracc collected $34.68 from pot
*** SUMMARY ***
Total pot $36.50 | Rake $1.82 
Board [4h 5h Qd Jh 7h]
Seat 1: vezis3 folded before Flop (didn't bet)
Seat 2: z00mba (button) folded before Flop (didn't bet)
Seat 3: Kristo 914 (small blind) folded before Flop
Seat 4: xcinaz (big blind) folded before Flop
Seat 5: createyouracc showed [3s 3h] and won ($34.68) with a flush, Jack high
Seat 6: m0nTTu showed [Jd Ac] and lost with a pair of Jacks



PokerStars Hand #254420497404:  Hold'em No Limit ($0.50/$1.00 USD) - 2025/01/17 21:23:28 WET [2025/01/17 16:23:28 ET]
Table 'Rhodia IV' 6-max Seat #3 is the button
Seat 1: vezis3 ($100 in chips) 
Seat 2: z00mba ($135.59 in chips) 
Seat 3: Kristo 914 ($104.90 in chips) 
Seat 4: xcinaz ($117.58 in chips) 
Seat 5: createyouracc ($41.77 in chips) 
Seat 6: m0nTTu ($10 in chips) 
xcinaz: posts small blind $0.50
createyouracc: posts big blind $1
*** HOLE CARDS ***
m0nTTu: folds 
vezis3: folds 
z00mba: folds 
Kristo 914: folds 
xcinaz: folds 
Uncalled bet ($0.50) returned to createyouracc
createyouracc collected $1 from pot
*** SUMMARY ***
Total pot $1 | Rake $0 
Seat 1: vezis3 folded before Flop (didn't bet)
Seat 2: z00mba folded before Flop (didn't bet)
Seat 3: Kristo 914 (button) folded before Flop (didn't bet)
Seat 4: xcinaz (small blind) folded before Flop
Seat 5: createyouracc (big blind) collected ($1)
Seat 6: m0nTTu folded before Flop (didn't bet)



PokerStars Hand #254420505614:  Hold'em No Limit ($0.50/$1.00 USD) - 2025/01/17 21:23:52 WET [2025/01/17 16:23:52 ET]
Table 'Rhodia IV' 6-max Seat #4 is the button
Seat 1: vezis3 ($100 in chips) 
Seat 2: z00mba ($135.59 in chips) 
Seat 3: Kristo 914 ($104.90 in chips) 
Seat 4: xcinaz ($117.08 in chips) 
Seat 5: createyouracc ($42.27 in chips) 
Seat 6: m0nTTu ($10 in chips) 
createyouracc: posts small blind $0.50
m0nTTu: posts big blind $1
*** HOLE CARDS ***
vezis3: folds 
z00mba: raises $1.50 to $2.50
Kristo 914: folds 
xcinaz: raises $5.50 to $8
createyouracc: folds 
m0nTTu: folds 
z00mba: raises $14 to $22
xcinaz: folds 
Uncalled bet ($14) returned to z00mba
z00mba collected $17.50 from pot
z00mba: doesn't show hand 
*** SUMMARY ***
Total pot $17.50 | Rake $0 
Seat 1: vezis3 folded before Flop (didn't bet)
Seat 2: z00mba collected ($17.50)
Seat 3: Kristo 914 folded before Flop (didn't bet)
Seat 4: xcinaz (button) folded before Flop
Seat 5: createyouracc (small blind) folded before Flop
Seat 6: m0nTTu (big blind) folded before Flop



PokerStars Hand #254420522955:  Hold'em No Limit ($0.50/$1.00 USD) - 2025/01/17 21:24:45 WET [2025/01/17 16:24:45 ET]
Table 'Rhodia IV' 6-max Seat #5 is the button
Seat 1: vezis3 ($100 in chips) 
Seat 2: z00mba ($145.09 in chips) 
Seat 3: Kristo 914 ($104.90 in chips) 
Seat 4: xcinaz ($109.08 in chips) 
Seat 5: createyouracc ($41.77 in chips) 
Seat 6: m0nTTu ($10 in chips) 
m0nTTu: posts small blind $0.50
vezis3: posts big blind $1
*** HOLE CARDS ***
z00mba: folds 
Kristo 914: folds 
xcinaz: folds 
createyouracc: folds 
m0nTTu: folds 
Uncalled bet ($0.50) returned to vezis3
vezis3 collected $1 from pot
vezis3: doesn't show hand 
*** SUMMARY ***
Total pot $1 | Rake $0 
Seat 1: vezis3 (big blind) collected ($1)
Seat 2: z00mba folded before Flop (didn't bet)
Seat 3: Kristo 914 folded before Flop (didn't bet)
Seat 4: xcinaz folded before Flop (didn't bet)
Seat 5: createyouracc (button) folded before Flop (didn't bet)
Seat 6: m0nTTu (small blind) folded before Flop



PokerStars Hand #254420529977:  Hold'em No Limit ($0.50/$1.00 USD) - 2025/01/17 21:25:07 WET [2025/01/17 16:25:07 ET]
Table 'Rhodia IV' 6-max Seat #6 is the button
Seat 1: vezis3 ($100.50 in chips) 
Seat 2: z00mba ($145.09 in chips) 
Seat 3: Kristo 914 ($104.90 in chips) 
Seat 4: xcinaz ($109.08 in chips) 
Seat 5: createyouracc ($41.77 in chips) 
Seat 6: m0nTTu ($100 in chips) 
vezis3: posts small blind $0.50
z00mba: posts big blind $1
*** HOLE CARDS ***
Kristo 914: raises $1.40 to $2.40
xcinaz: folds 
createyouracc: folds 
m0nTTu: folds 
vezis3: folds 
z00mba: folds 
Uncalled bet ($1.40) returned to Kristo 914
Kristo 914 collected $2.50 from pot
Kristo 914: doesn't show hand 
*** SUMMARY ***
Total pot $2.50 | Rake $0 
Seat 1: vezis3 (small blind) folded before Flop
Seat 2: z00mba (big blind) folded before Flop
Seat 3: Kristo 914 collected ($2.50)
Seat 4: xcinaz folded before Flop (didn't bet)
Seat 5: createyouracc folded before Flop (didn't bet)
Seat 6: m0nTTu (button) folded before Flop (didn't bet)



PokerStars Hand #254420538124:  Hold'em No Limit ($0.50/$1.00 USD) - 2025/01/17 21:25:32 WET [2025/01/17 16:25:32 ET]
Table 'Rhodia IV' 6-max Seat #1 is the button
Seat 1: vezis3 ($100 in chips) 
Seat 2: z00mba ($144.09 in chips) 
Seat 3: Kristo 914 ($106.40 in chips) 
Seat 4: xcinaz ($109.08 in chips) 
Seat 5: createyouracc ($41.77 in chips) 
Seat 6: m0nTTu ($100 in chips) 
z00mba: posts small blind $0.50
Kristo 914: posts big blind $1
*** HOLE CARDS ***
xcinaz: folds 
createyouracc: folds 
m0nTTu: raises $1.50 to $2.50
vezis3: folds 
z00mba: folds 
Kristo 914: folds 
Uncalled bet ($1.50) returned to m0nTTu
m0nTTu collected $2.50 from pot
m0nTTu: doesn't show hand 
*** SUMMARY ***
Total pot $2.50 | Rake $0 
Seat 1: vezis3 (button) folded before Flop (didn't bet)
Seat 2: z00mba (small blind) folded before Flop
Seat 3: Kristo 914 (big blind) folded before Flop
Seat 4: xcinaz folded before Flop (didn't bet)
Seat 5: createyouracc folded before Flop (didn't bet)
Seat 6: m0nTTu collected ($2.50)



PokerStars Hand #254420543426:  Hold'em No Limit ($0.50/$1.00 USD) - 2025/01/17 21:25:48 WET [2025/01/17 16:25:48 ET]
Table 'Rhodia IV' 6-max Seat #2 is the button
Seat 1: vezis3 ($100 in chips) 
Seat 2: z00mba ($143.59 in chips) 
Seat 3: Kristo 914 ($105.40 in chips) 
Seat 4: xcinaz ($109.08 in chips) 
Seat 5: createyouracc ($41.77 in chips) 
Seat 6: m0nTTu ($101.50 in chips) 
Kristo 914: posts small blind $0.50
xcinaz: posts big blind $1
*** HOLE CARDS ***
createyouracc has timed out
createyouracc: folds 
m0nTTu: folds 
vezis3: folds 
z00mba: folds 
Kristo 914: raises $2 to $3
xcinaz: folds 
Uncalled bet ($2) returned to Kristo 914
Kristo 914 collected $2 from pot
Kristo 914: doesn't show hand 
*** SUMMARY ***
Total pot $2 | Rake $0 
Seat 1: vezis3 folded before Flop (didn't bet)
Seat 2: z00mba (button) folded before Flop (didn't bet)
Seat 3: Kristo 914 (small blind) collected ($2)
Seat 4: xcinaz (big blind) folded before Flop
Seat 5: createyouracc folded before Flop (didn't bet)
Seat 6: m0nTTu folded before Flop (didn't bet)



PokerStars Hand #254420556503:  Hold'em No Limit ($0.50/$1.00 USD) - 2025/01/17 21:26:27 WET [2025/01/17 16:26:27 ET]
Table 'Rhodia IV' 6-max Seat #3 is the button
Seat 1: vezis3 ($100 in chips) 
Seat 2: z00mba ($143.59 in chips) 
Seat 3: Kristo 914 ($106.40 in chips) 
Seat 4: xcinaz ($108.08 in chips) 
Seat 5: createyouracc ($41.77 in chips) 
Seat 6: m0nTTu ($101.50 in chips) 
xcinaz: posts small blind $0.50
createyouracc: posts big blind $1
*** HOLE CARDS ***
m0nTTu: raises $1.50 to $2.50
vezis3: folds 
z00mba: folds 
Kristo 914: folds 
xcinaz: folds 
createyouracc: folds 
Uncalled bet ($1.50) returned to m0nTTu
m0nTTu collected $2.50 from pot
m0nTTu: doesn't show hand 
*** SUMMARY ***
Total pot $2.50 | Rake $0 
Seat 1: vezis3 folded before Flop (didn't bet)
Seat 2: z00mba folded before Flop (didn't bet)
Seat 3: Kristo 914 (button) folded before Flop (didn't bet)
Seat 4: xcinaz (small blind) folded before Flop
Seat 5: createyouracc (big blind) folded before Flop
Seat 6: m0nTTu collected ($2.50)



PokerStars Hand #254420568480:  Hold'em No Limit ($0.50/$1.00 USD) - 2025/01/17 21:27:04 WET [2025/01/17 16:27:04 ET]
Table 'Rhodia IV' 6-max Seat #4 is the button
Seat 1: vezis3 ($100 in chips) 
Seat 2: z00mba ($143.59 in chips) 
Seat 3: Kristo 914 ($106.40 in chips) 
Seat 4: xcinaz ($107.58 in chips) 
Seat 5: createyouracc ($40.77 in chips) 
Seat 6: m0nTTu ($103 in chips) 
createyouracc: posts small blind $0.50
m0nTTu: posts big blind $1
*** HOLE CARDS ***
vezis3: raises $1 to $2
z00mba: folds 
Kristo 914: folds 
xcinaz: folds 
createyouracc: calls $1.50
m0nTTu: folds 
*** FLOP *** [4d 2c 6c]
createyouracc: checks 
vezis3: bets $3.66
createyouracc: calls $3.66
*** TURN *** [4d 2c 6c] [Ad]
createyouracc: checks 
vezis3: checks 
*** RIVER *** [4d 2c 6c Ad] [7d]
createyouracc: checks 
vezis3: bets $4.91
createyouracc: calls $4.91
*** SHOW DOWN ***
vezis3: shows [Qc Qh] (a pair of Queens)
createyouracc: shows [Qs Ac] (a pair of Aces)
createyouracc collected $21.03 from pot
*** SUMMARY ***
Total pot $22.14 | Rake $1.11 
Board [4d 2c 6c Ad 7d]
Seat 1: vezis3 showed [Qc Qh] and lost with a pair of Queens
Seat 2: z00mba folded before Flop (didn't bet)
Seat 3: Kristo 914 folded before Flop (didn't bet)
Seat 4: xcinaz (button) folded before Flop (didn't bet)
Seat 5: createyouracc (small blind) showed [Qs Ac] and won ($21.03) with a pair of Aces
Seat 6: m0nTTu (big blind) folded before Flop



PokerStars Hand #254420586183:  Hold'em No Limit ($0.50/$1.00 USD) - 2025/01/17 21:27:58 WET [2025/01/17 16:27:58 ET]
Table 'Rhodia IV' 6-max Seat #5 is the button
Seat 1: vezis3 ($100 in chips) is sitting out
Seat 2: z00mba ($143.59 in chips) 
Seat 3: Kristo 914 ($106.40 in chips) 
Seat 4: xcinaz ($107.58 in chips) 
Seat 5: createyouracc ($51.23 in chips) 
Seat 6: m0nTTu ($102 in chips) 
m0nTTu: posts small blind $0.50
vezis3: is sitting out 
z00mba: posts big blind $1
*** HOLE CARDS ***
vezis3 leaves the table
Kristo 914: folds 
xcinaz: raises $1.20 to $2.20
createyouracc: calls $2.20
m0nTTu: folds 
z00mba: folds 
*** FLOP *** [2d 5d 2s]
xcinaz: checks 
createyouracc: checks 
*** TURN *** [2d 5d 2s] [7s]
xcinaz: bets $4.20
createyouracc: folds 
Uncalled bet ($4.20) returned to xcinaz
xcinaz collected $5.60 from pot
xcinaz: doesn't show hand 
*** SUMMARY ***
Total pot $5.90 | Rake $0.30 
Board [2d 5d 2s 7s]
Seat 1: vezis3
Seat 2: z00mba (big blind) folded before Flop
Seat 3: Kristo 914 folded before Flop (didn't bet)
Seat 4: xcinaz collected ($5.60)
Seat 5: createyouracc (button) folded on the Turn
Seat 6: m0nTTu (small blind) folded before Flop



PokerStars Hand #254420595357:  Hold'em No Limit ($0.50/$1.00 USD) - 2025/01/17 21:28:27 WET [2025/01/17 16:28:27 ET]
Table 'Rhodia IV' 6-max Seat #6 is the button
Seat 2: z00mba ($142.59 in chips) 
Seat 3: Kristo 914 ($106.40 in chips) 
Seat 4: xcinaz ($110.98 in chips) 
Seat 5: createyouracc ($49.03 in chips) 
Seat 6: m0nTTu ($101.50 in chips) 
z00mba: posts small blind $0.50
Kristo 914: posts big blind $1
*** HOLE CARDS ***
xcinaz: folds 
createyouracc: folds 
m0nTTu: raises $1.50 to $2.50
z00mba: folds 
Kristo 914: folds 
Uncalled bet ($1.50) returned to m0nTTu
m0nTTu collected $2.50 from pot
m0nTTu: doesn't show hand 
*** SUMMARY ***
Total pot $2.50 | Rake $0 
Seat 2: z00mba (small blind) folded before Flop
Seat 3: Kristo 914 (big blind) folded before Flop
Seat 4: xcinaz folded before Flop (didn't bet)
Seat 5: createyouracc folded before Flop (didn't bet)
Seat 6: m0nTTu (button) collected ($2.50)



PokerStars Hand #254420600746:  Hold'em No Limit ($0.50/$1.00 USD) - 2025/01/17 21:28:43 WET [2025/01/17 16:28:43 ET]
Table 'Rhodia IV' 6-max Seat #2 is the button
Seat 2: z00mba ($142.09 in chips) 
Seat 3: Kristo 914 ($105.40 in chips) 
Seat 4: xcinaz ($110.98 in chips) 
Seat 5: createyouracc ($49.03 in chips) 
Seat 6: m0nTTu ($103 in chips) 
Kristo 914: posts small blind $0.50
xcinaz: posts big blind $1
*** HOLE CARDS ***
createyouracc: folds 
m0nTTu: raises $1.50 to $2.50
socito joins the table at seat #1 
z00mba: raises $5 to $7.50
Kristo 914: folds 
xcinaz: folds 
m0nTTu: folds 
Uncalled bet ($5) returned to z00mba
z00mba collected $6.50 from pot
z00mba: doesn't show hand 
*** SUMMARY ***
Total pot $6.50 | Rake $0 
Seat 2: z00mba (button) collected ($6.50)
Seat 3: Kristo 914 (small blind) folded before Flop
Seat 4: xcinaz (big blind) folded before Flop
Seat 5: createyouracc folded before Flop (didn't bet)
Seat 6: m0nTTu folded before Flop



PokerStars Hand #254420619635:  Hold'em No Limit ($0.50/$1.00 USD) - 2025/01/17 21:29:41 WET [2025/01/17 16:29:41 ET]
Table 'Rhodia IV' 6-max Seat #3 is the button
Seat 1: socito ($100 in chips) is sitting out
Seat 2: z00mba ($146.09 in chips) 
Seat 3: Kristo 914 ($104.90 in chips) 
Seat 4: xcinaz ($109.98 in chips) 
Seat 5: createyouracc ($49.03 in chips) 
Seat 6: m0nTTu ($100.50 in chips) 
xcinaz: posts small blind $0.50
createyouracc: posts big blind $1
socito: sits out 
*** HOLE CARDS ***
m0nTTu: folds 
z00mba: folds 
Kristo 914: folds 
xcinaz: folds 
Uncalled bet ($0.50) returned to createyouracc
createyouracc collected $1 from pot
*** SUMMARY ***
Total pot $1 | Rake $0 
Seat 1: socito
Seat 2: z00mba folded before Flop (didn't bet)
Seat 3: Kristo 914 (button) folded before Flop (didn't bet)
Seat 4: xcinaz (small blind) folded before Flop
Seat 5: createyouracc (big blind) collected ($1)
Seat 6: m0nTTu folded before Flop (didn't bet)



PokerStars Hand #254420626629:  Hold'em No Limit ($0.50/$1.00 USD) - 2025/01/17 21:30:02 WET [2025/01/17 16:30:02 ET]
Table 'Rhodia IV' 6-max Seat #4 is the button
Seat 1: socito ($100 in chips) is sitting out
Seat 2: z00mba ($146.09 in chips) 
Seat 3: Kristo 914 ($104.90 in chips) 
Seat 4: xcinaz ($109.48 in chips) 
Seat 5: createyouracc ($49.53 in chips) 
Seat 6: m0nTTu ($100.50 in chips) 
createyouracc: posts small blind $0.50
m0nTTu: posts big blind $1
socito: sits out 
*** HOLE CARDS ***
z00mba: folds 
Kristo 914: raises $1.40 to $2.40
xcinaz: folds 
createyouracc: folds 
m0nTTu: folds 
Uncalled bet ($1.40) returned to Kristo 914
Kristo 914 collected $2.50 from pot
Kristo 914: doesn't show hand 
*** SUMMARY ***
Total pot $2.50 | Rake $0 
Seat 1: socito
Seat 2: z00mba folded before Flop (didn't bet)
Seat 3: Kristo 914 collected ($2.50)
Seat 4: xcinaz (button) folded before Flop (didn't bet)
Seat 5: createyouracc (small blind) folded before Flop
Seat 6: m0nTTu (big blind) folded before Flop



PokerStars Hand #254420635626:  Hold'em No Limit ($0.50/$1.00 USD) - 2025/01/17 21:30:30 WET [2025/01/17 16:30:30 ET]
Table 'Rhodia IV' 6-max Seat #5 is the button
Seat 1: socito ($100 in chips) 
Seat 2: z00mba ($146.09 in chips) 
Seat 3: Kristo 914 ($106.40 in chips) 
Seat 4: xcinaz ($109.48 in chips) 
Seat 5: createyouracc ($49.03 in chips) 
Seat 6: m0nTTu ($99.50 in chips) 
m0nTTu: posts small blind $0.50
socito: posts big blind $1
*** HOLE CARDS ***
z00mba: raises $1.50 to $2.50
Kristo 914: folds 
xcinaz: folds 
createyouracc: calls $2.50
m0nTTu: folds 
socito: folds 
*** FLOP *** [6c 6d 8h]
z00mba: checks 
createyouracc: bets $3.09
z00mba: calls $3.09
*** TURN *** [6c 6d 8h] [8c]
z00mba: checks 
createyouracc: checks 
*** RIVER *** [6c 6d 8h 8c] [Th]
z00mba: checks 
createyouracc: checks 
*** SHOW DOWN ***
z00mba: shows [Ad Ks] (two pair, Eights and Sixes)
createyouracc: shows [Kd As] (two pair, Eights and Sixes)
z00mba collected $6.03 from pot
createyouracc collected $6.02 from pot
*** SUMMARY ***
Total pot $12.68 | Rake $0.63 
Board [6c 6d 8h 8c Th]
Seat 1: socito (big blind) folded before Flop
Seat 2: z00mba showed [Ad Ks] and won ($6.03) with two pair, Eights and Sixes
Seat 3: Kristo 914 folded before Flop (didn't bet)
Seat 4: xcinaz folded before Flop (didn't bet)
Seat 5: createyouracc (button) showed [Kd As] and won ($6.02) with two pair, Eights and Sixes
Seat 6: m0nTTu (small blind) folded before Flop



PokerStars Hand #254420646867:  Hold'em No Limit ($0.50/$1.00 USD) - 2025/01/17 21:31:04 WET [2025/01/17 16:31:04 ET]
Table 'Rhodia IV' 6-max Seat #6 is the button
Seat 1: socito ($100 in chips) 
Seat 2: z00mba ($146.53 in chips) 
Seat 3: Kristo 914 ($106.40 in chips) 
Seat 4: xcinaz ($109.48 in chips) 
Seat 5: createyouracc ($49.46 in chips) 
Seat 6: m0nTTu ($99 in chips) 
socito: posts small blind $0.50
z00mba: posts big blind $1
*** HOLE CARDS ***
Kristo 914: folds 
xcinaz: folds 
createyouracc: folds 
m0nTTu: folds 
socito: folds 
Uncalled bet ($0.50) returned to z00mba
z00mba collected $1 from pot
z00mba: doesn't show hand 
*** SUMMARY ***
Total pot $1 | Rake $0 
Seat 1: socito (small blind) folded before Flop
Seat 2: z00mba (big blind) collected ($1)
Seat 3: Kristo 914 folded before Flop (didn't bet)
Seat 4: xcinaz folded before Flop (didn't bet)
Seat 5: createyouracc folded before Flop (didn't bet)
Seat 6: m0nTTu (button) folded before Flop (didn't bet)



PokerStars Hand #254420656031:  Hold'em No Limit ($0.50/$1.00 USD) - 2025/01/17 21:31:32 WET [2025/01/17 16:31:32 ET]
Table 'Rhodia IV' 6-max Seat #1 is the button
Seat 1: socito ($100 in chips) 
Seat 2: z00mba ($147.03 in chips) 
Seat 3: Kristo 914 ($106.40 in chips) 
Seat 4: xcinaz ($109.48 in chips) 
Seat 5: createyouracc ($49.46 in chips) 
Seat 6: m0nTTu ($99 in chips) 
z00mba: posts small blind $0.50
Kristo 914: posts big blind $1
*** HOLE CARDS ***
xcinaz: folds 
createyouracc: calls $1
m0nTTu: folds 
socito: raises $2.50 to $3.50
z00mba: raises $10.50 to $14
Kristo 914: folds 
createyouracc: folds 
socito: folds 
Uncalled bet ($10.50) returned to z00mba
z00mba collected $9 from pot
z00mba: doesn't show hand 
*** SUMMARY ***
Total pot $9 | Rake $0 
Seat 1: socito (button) folded before Flop
Seat 2: z00mba (small blind) collected ($9)
Seat 3: Kristo 914 (big blind) folded before Flop
Seat 4: xcinaz folded before Flop (didn't bet)
Seat 5: createyouracc folded before Flop
Seat 6: m0nTTu folded before Flop (didn't bet)



PokerStars Hand #254420667355:  Hold'em No Limit ($0.50/$1.00 USD) - 2025/01/17 21:32:07 WET [2025/01/17 16:32:07 ET]
Table 'Rhodia IV' 6-max Seat #2 is the button
Seat 1: socito ($100 in chips) 
Seat 2: z00mba ($152.53 in chips) 
Seat 3: Kristo 914 ($105.40 in chips) 
Seat 4: xcinaz ($109.48 in chips) 
Seat 5: createyouracc ($48.46 in chips) 
Seat 6: m0nTTu ($99 in chips) 
Kristo 914: posts small blind $0.50
xcinaz: posts big blind $1
*** HOLE CARDS ***
createyouracc: folds 
m0nTTu: folds 
socito: folds 
z00mba: folds 
Kristo 914: folds 
Uncalled bet ($0.50) returned to xcinaz
xcinaz collected $1 from pot
xcinaz: doesn't show hand 
*** SUMMARY ***
Total pot $1 | Rake $0 
Seat 1: socito folded before Flop (didn't bet)
Seat 2: z00mba (button) folded before Flop (didn't bet)
Seat 3: Kristo 914 (small blind) folded before Flop
Seat 4: xcinaz (big blind) collected ($1)
Seat 5: createyouracc folded before Flop (didn't bet)
Seat 6: m0nTTu folded before Flop (didn't bet)



PokerStars Hand #254420672044:  Hold'em No Limit ($0.50/$1.00 USD) - 2025/01/17 21:32:21 WET [2025/01/17 16:32:21 ET]
Table 'Rhodia IV' 6-max Seat #3 is the button
Seat 1: socito ($100 in chips) 
Seat 2: z00mba ($152.53 in chips) 
Seat 3: Kristo 914 ($104.90 in chips) 
Seat 4: xcinaz ($109.98 in chips) 
Seat 5: createyouracc ($48.46 in chips) 
Seat 6: m0nTTu ($99 in chips) 
xcinaz: posts small blind $0.50
createyouracc: posts big blind $1
*** HOLE CARDS ***
m0nTTu: folds 
socito: folds 
z00mba: folds 
Kristo 914: raises $1.40 to $2.40
xcinaz: folds 
createyouracc: calls $1.40
*** FLOP *** [7d 2c 7c]
createyouracc: checks 
Kristo 914: bets $1.46
createyouracc: calls $1.46
*** TURN *** [7d 2c 7c] [Ad]
createyouracc: checks 
Kristo 914: checks 
*** RIVER *** [7d 2c 7c Ad] [Ah]
createyouracc: checks 
Kristo 914: checks 
*** SHOW DOWN ***
createyouracc: shows [7h 6h] (a full house, Sevens full of Aces)
Kristo 914: mucks hand 
createyouracc collected $7.81 from pot
*** SUMMARY ***
Total pot $8.22 | Rake $0.41 
Board [7d 2c 7c Ad Ah]
Seat 1: socito folded before Flop (didn't bet)
Seat 2: z00mba folded before Flop (didn't bet)
Seat 3: Kristo 914 (button) mucked
Seat 4: xcinaz (small blind) folded before Flop
Seat 5: createyouracc (big blind) showed [7h 6h] and won ($7.81) with a full house, Sevens full of Aces
Seat 6: m0nTTu folded before Flop (didn't bet)



PokerStars Hand #254420685268:  Hold'em No Limit ($0.50/$1.00 USD) - 2025/01/17 21:33:01 WET [2025/01/17 16:33:01 ET]
Table 'Rhodia IV' 6-max Seat #4 is the button
Seat 1: socito ($100 in chips) 
Seat 2: z00mba ($152.53 in chips) 
Seat 3: Kristo 914 ($101.04 in chips) 
Seat 4: xcinaz ($109.48 in chips) 
Seat 5: createyouracc ($52.41 in chips) 
Seat 6: m0nTTu ($99 in chips) 
createyouracc: posts small blind $0.50
m0nTTu: posts big blind $1
*** HOLE CARDS ***
socito: folds 
z00mba: folds 
Kristo 914: raises $1.40 to $2.40
xcinaz: folds 
createyouracc: folds 
m0nTTu: raises $9.60 to $12
Kristo 914: folds 
Uncalled bet ($9.60) returned to m0nTTu
m0nTTu collected $5.30 from pot
m0nTTu: doesn't show hand 
*** SUMMARY ***
Total pot $5.30 | Rake $0 
Seat 1: socito folded before Flop (didn't bet)
Seat 2: z00mba folded before Flop (didn't bet)
Seat 3: Kristo 914 folded before Flop
Seat 4: xcinaz (button) folded before Flop (didn't bet)
Seat 5: createyouracc (small blind) folded before Flop
Seat 6: m0nTTu (big blind) collected ($5.30)



PokerStars Hand #254420697384:  Hold'em No Limit ($0.50/$1.00 USD) - 2025/01/17 21:33:38 WET [2025/01/17 16:33:38 ET]
Table 'Rhodia IV' 6-max Seat #5 is the button
Seat 1: socito ($100 in chips) 
Seat 2: z00mba ($152.53 in chips) 
Seat 3: Kristo 914 ($100 in chips) 
Seat 4: xcinaz ($109.48 in chips) 
Seat 5: createyouracc ($51.91 in chips) 
Seat 6: m0nTTu ($101.90 in chips) 
m0nTTu: posts small blind $0.50
socito: posts big blind $1
*** HOLE CARDS ***
z00mba: folds 
Kristo 914: folds 
xcinaz: raises $1.20 to $2.20
createyouracc: folds 
m0nTTu: folds 
socito: calls $1.20
*** FLOP *** [7d 3c 5c]
socito: bets $1.54
xcinaz: folds 
Uncalled bet ($1.54) returned to socito
socito collected $4.66 from pot
socito: doesn't show hand 
*** SUMMARY ***
Total pot $4.90 | Rake $0.24 
Board [7d 3c 5c]
Seat 1: socito (big blind) collected ($4.66)
Seat 2: z00mba folded before Flop (didn't bet)
Seat 3: Kristo 914 folded before Flop (didn't bet)
Seat 4: xcinaz folded on the Flop
Seat 5: createyouracc (button) folded before Flop (didn't bet)
Seat 6: m0nTTu (small blind) folded before Flop



PokerStars Hand #254420712853:  Hold'em No Limit ($0.50/$1.00 USD) - 2025/01/17 21:34:25 WET [2025/01/17 16:34:25 ET]
Table 'Rhodia IV' 6-max Seat #6 is the button
Seat 1: socito ($102.46 in chips) 
Seat 2: z00mba ($152.53 in chips) 
Seat 3: Kristo 914 ($100 in chips) 
Seat 4: xcinaz ($107.28 in chips) 
Seat 5: createyouracc ($51.91 in chips) 
Seat 6: m0nTTu ($101.40 in chips) 
socito: posts small blind $0.50
z00mba: posts big blind $1
*** HOLE CARDS ***
Kristo 914: folds 
xcinaz: folds 
createyouracc: folds 
m0nTTu: folds 
socito: folds 
Uncalled bet ($0.50) returned to z00mba
z00mba collected $1 from pot
z00mba: doesn't show hand 
*** SUMMARY ***
Total pot $1 | Rake $0 
Seat 1: socito (small blind) folded before Flop
Seat 2: z00mba (big blind) collected ($1)
Seat 3: Kristo 914 folded before Flop (didn't bet)
Seat 4: xcinaz folded before Flop (didn't bet)
Seat 5: createyouracc folded before Flop (didn't bet)
Seat 6: m0nTTu (button) folded before Flop (didn't bet)



PokerStars Hand #254420722256:  Hold'em No Limit ($0.50/$1.00 USD) - 2025/01/17 21:34:54 WET [2025/01/17 16:34:54 ET]
Table 'Rhodia IV' 6-max Seat #1 is the button
Seat 1: socito ($101.96 in chips) 
Seat 2: z00mba ($153.03 in chips) 
Seat 3: Kristo 914 ($100 in chips) 
Seat 4: xcinaz ($107.28 in chips) 
Seat 5: createyouracc ($51.91 in chips) 
Seat 6: m0nTTu ($101.40 in chips) 
z00mba: posts small blind $0.50
Kristo 914: posts big blind $1
*** HOLE CARDS ***
xcinaz: raises $1 to $2
createyouracc: folds 
m0nTTu: folds 
socito: folds 
z00mba: folds 
Kristo 914: folds 
Uncalled bet ($1) returned to xcinaz
xcinaz collected $2.50 from pot
xcinaz: doesn't show hand 
*** SUMMARY ***
Total pot $2.50 | Rake $0 
Seat 1: socito (button) folded before Flop (didn't bet)
Seat 2: z00mba (small blind) folded before Flop
Seat 3: Kristo 914 (big blind) folded before Flop
Seat 4: xcinaz collected ($2.50)
Seat 5: createyouracc folded before Flop (didn't bet)
Seat 6: m0nTTu folded before Flop (didn't bet)



PokerStars Hand #254420727712:  Hold'em No Limit ($0.50/$1.00 USD) - 2025/01/17 21:35:10 WET [2025/01/17 16:35:10 ET]
Table 'Rhodia IV' 6-max Seat #2 is the button
Seat 1: socito ($101.96 in chips) 
Seat 2: z00mba ($152.53 in chips) 
Seat 3: Kristo 914 ($100 in chips) 
Seat 4: xcinaz ($108.78 in chips) 
Seat 5: createyouracc ($51.91 in chips) 
Seat 6: m0nTTu ($101.40 in chips) 
Kristo 914: posts small blind $0.50
xcinaz: posts big blind $1
*** HOLE CARDS ***
createyouracc: folds 
m0nTTu: folds 
socito: raises $1.50 to $2.50
z00mba: folds 
Kristo 914: folds 
xcinaz: folds 
Uncalled bet ($1.50) returned to socito
socito collected $2.50 from pot
socito: doesn't show hand 
*** SUMMARY ***
Total pot $2.50 | Rake $0 
Seat 1: socito collected ($2.50)
Seat 2: z00mba (button) folded before Flop (didn't bet)
Seat 3: Kristo 914 (small blind) folded before Flop
Seat 4: xcinaz (big blind) folded before Flop
Seat 5: createyouracc folded before Flop (didn't bet)
Seat 6: m0nTTu folded before Flop (didn't bet)



PokerStars Hand #254420741288:  Hold'em No Limit ($0.50/$1.00 USD) - 2025/01/17 21:35:52 WET [2025/01/17 16:35:52 ET]
Table 'Rhodia IV' 6-max Seat #3 is the button
Seat 1: socito ($103.46 in chips) 
Seat 2: z00mba ($152.53 in chips) 
Seat 3: Kristo 914 ($100 in chips) 
Seat 4: xcinaz ($107.78 in chips) 
Seat 5: createyouracc ($51.91 in chips) 
Seat 6: m0nTTu ($101.40 in chips) 
xcinaz: posts small blind $0.50
createyouracc: posts big blind $1
*** HOLE CARDS ***
m0nTTu: folds 
socito: folds 
z00mba: folds 
Kristo 914: raises $1.40 to $2.40
xcinaz: folds 
createyouracc: folds 
Uncalled bet ($1.40) returned to Kristo 914
Kristo 914 collected $2.50 from pot
Kristo 914: doesn't show hand 
*** SUMMARY ***
Total pot $2.50 | Rake $0 
Seat 1: socito folded before Flop (didn't bet)
Seat 2: z00mba folded before Flop (didn't bet)
Seat 3: Kristo 914 (button) collected ($2.50)
Seat 4: xcinaz (small blind) folded before Flop
Seat 5: createyouracc (big blind) folded before Flop
Seat 6: m0nTTu folded before Flop (didn't bet)



PokerStars Hand #254420747860:  Hold'em No Limit ($0.50/$1.00 USD) - 2025/01/17 21:36:11 WET [2025/01/17 16:36:11 ET]
Table 'Rhodia IV' 6-max Seat #4 is the button
Seat 1: socito ($103.46 in chips) 
Seat 2: z00mba ($152.53 in chips) 
Seat 3: Kristo 914 ($101.50 in chips) 
Seat 4: xcinaz ($107.28 in chips) 
Seat 5: createyouracc ($50.91 in chips) 
Seat 6: m0nTTu ($101.40 in chips) 
createyouracc: posts small blind $0.50
m0nTTu: posts big blind $1
*** HOLE CARDS ***
socito: folds 
z00mba: folds 
Kristo 914: folds 
xcinaz: raises $1.50 to $2.50
createyouracc: folds 
m0nTTu: folds 
Uncalled bet ($1.50) returned to xcinaz
xcinaz collected $2.50 from pot
xcinaz: doesn't show hand 
*** SUMMARY ***
Total pot $2.50 | Rake $0 
Seat 1: socito folded before Flop (didn't bet)
Seat 2: z00mba folded before Flop (didn't bet)
Seat 3: Kristo 914 folded before Flop (didn't bet)
Seat 4: xcinaz (button) collected ($2.50)
Seat 5: createyouracc (small blind) folded before Flop
Seat 6: m0nTTu (big blind) folded before Flop



PokerStars Hand #254420753548:  Hold'em No Limit ($0.50/$1.00 USD) - 2025/01/17 21:36:29 WET [2025/01/17 16:36:29 ET]
Table 'Rhodia IV' 6-max Seat #5 is the button
Seat 1: socito ($103.46 in chips) 
Seat 2: z00mba ($152.53 in chips) 
Seat 3: Kristo 914 ($101.50 in chips) 
Seat 4: xcinaz ($108.78 in chips) 
Seat 5: createyouracc ($50.41 in chips) 
Seat 6: m0nTTu ($100.40 in chips) 
m0nTTu: posts small blind $0.50
socito: posts big blind $1
*** HOLE CARDS ***
z00mba: raises $1.50 to $2.50
Kristo 914: folds 
xcinaz: folds 
createyouracc: folds 
m0nTTu: calls $2
socito: folds 
*** FLOP *** [2d 8s Qs]
m0nTTu: checks 
z00mba: checks 
*** TURN *** [2d 8s Qs] [Kh]
m0nTTu: checks 
z00mba: checks 
*** RIVER *** [2d 8s Qs Kh] [2s]
m0nTTu: bets $8.55
z00mba: folds 
Uncalled bet ($8.55) returned to m0nTTu
m0nTTu collected $5.70 from pot
m0nTTu: doesn't show hand 
*** SUMMARY ***
Total pot $6 | Rake $0.30 
Board [2d 8s Qs Kh 2s]
Seat 1: socito (big blind) folded before Flop
Seat 2: z00mba folded on the River
Seat 3: Kristo 914 folded before Flop (didn't bet)
Seat 4: xcinaz folded before Flop (didn't bet)
Seat 5: createyouracc (button) folded before Flop (didn't bet)
Seat 6: m0nTTu (small blind) collected ($5.70)



PokerStars Hand #254420781451:  Hold'em No Limit ($0.50/$1.00 USD) - 2025/01/17 21:37:55 WET [2025/01/17 16:37:55 ET]
Table 'Rhodia IV' 6-max Seat #6 is the button
Seat 1: socito ($102.46 in chips) 
Seat 2: z00mba ($150.03 in chips) 
Seat 3: Kristo 914 ($101.50 in chips) 
Seat 4: xcinaz ($108.78 in chips) 
Seat 5: createyouracc ($50.41 in chips) 
Seat 6: m0nTTu ($103.60 in chips) 
socito: posts small blind $0.50
z00mba: posts big blind $1
*** HOLE CARDS ***
Kristo 914: raises $1.40 to $2.40
xcinaz: folds 
createyouracc: folds 
m0nTTu: folds 
socito: folds 
z00mba: folds 
Uncalled bet ($1.40) returned to Kristo 914
Kristo 914 collected $2.50 from pot
Kristo 914: doesn't show hand 
*** SUMMARY ***
Total pot $2.50 | Rake $0 
Seat 1: socito (small blind) folded before Flop
Seat 2: z00mba (big blind) folded before Flop
Seat 3: Kristo 914 collected ($2.50)
Seat 4: xcinaz folded before Flop (didn't bet)
Seat 5: createyouracc folded before Flop (didn't bet)
Seat 6: m0nTTu (button) folded before Flop (didn't bet)



PokerStars Hand #254420785464:  Hold'em No Limit ($0.50/$1.00 USD) - 2025/01/17 21:38:07 WET [2025/01/17 16:38:07 ET]
Table 'Rhodia IV' 6-max Seat #1 is the button
Seat 1: socito ($101.96 in chips) 
Seat 2: z00mba ($149.03 in chips) 
Seat 3: Kristo 914 ($103 in chips) 
Seat 4: xcinaz ($108.78 in chips) 
Seat 5: createyouracc ($50.41 in chips) 
Seat 6: m0nTTu ($103.60 in chips) 
z00mba: posts small blind $0.50
Kristo 914: posts big blind $1
*** HOLE CARDS ***
xcinaz: folds 
createyouracc has timed out
createyouracc: folds 
m0nTTu: folds 
socito: folds 
z00mba: folds 
Uncalled bet ($0.50) returned to Kristo 914
Kristo 914 collected $1 from pot
Kristo 914: doesn't show hand 
*** SUMMARY ***
Total pot $1 | Rake $0 
Seat 1: socito (button) folded before Flop (didn't bet)
Seat 2: z00mba (small blind) folded before Flop
Seat 3: Kristo 914 (big blind) collected ($1)
Seat 4: xcinaz folded before Flop (didn't bet)
Seat 5: createyouracc folded before Flop (didn't bet)
Seat 6: m0nTTu folded before Flop (didn't bet)



PokerStars Hand #254420796011:  Hold'em No Limit ($0.50/$1.00 USD) - 2025/01/17 21:38:39 WET [2025/01/17 16:38:39 ET]
Table 'Rhodia IV' 6-max Seat #2 is the button
Seat 1: socito ($101.96 in chips) 
Seat 2: z00mba ($148.53 in chips) 
Seat 3: Kristo 914 ($103.50 in chips) 
Seat 4: xcinaz ($108.78 in chips) 
Seat 5: createyouracc ($50.41 in chips) 
Seat 6: m0nTTu ($103.60 in chips) 
Kristo 914: posts small blind $0.50
xcinaz: posts big blind $1
*** HOLE CARDS ***
createyouracc: folds 
m0nTTu: folds 
socito: folds 
z00mba: raises $1.50 to $2.50
Kristo 914: folds 
xcinaz: folds 
Uncalled bet ($1.50) returned to z00mba
z00mba collected $2.50 from pot
z00mba: doesn't show hand 
*** SUMMARY ***
Total pot $2.50 | Rake $0 
Seat 1: socito folded before Flop (didn't bet)
Seat 2: z00mba (button) collected ($2.50)
Seat 3: Kristo 914 (small blind) folded before Flop
Seat 4: xcinaz (big blind) folded before Flop
Seat 5: createyouracc folded before Flop (didn't bet)
Seat 6: m0nTTu folded before Flop (didn't bet)



PokerStars Hand #254420809477:  Hold'em No Limit ($0.50/$1.00 USD) - 2025/01/17 21:39:20 WET [2025/01/17 16:39:20 ET]
Table 'Rhodia IV' 6-max Seat #3 is the button
Seat 1: socito ($101.96 in chips) 
Seat 2: z00mba ($150.03 in chips) 
Seat 3: Kristo 914 ($103 in chips) 
Seat 4: xcinaz ($107.78 in chips) 
Seat 5: createyouracc ($50.41 in chips) 
Seat 6: m0nTTu ($103.60 in chips) 
xcinaz: posts small blind $0.50
createyouracc: posts big blind $1
*** HOLE CARDS ***
m0nTTu: folds 
socito: folds 
z00mba: raises $1.50 to $2.50
Kristo 914: folds 
xcinaz: folds 
createyouracc: calls $1.50
*** FLOP *** [Tc 7c Qs]
createyouracc: checks 
z00mba: checks 
*** TURN *** [Tc 7c Qs] [Ac]
createyouracc: checks 
z00mba: checks 
*** RIVER *** [Tc 7c Qs Ac] [5s]
createyouracc: bets $5.22
z00mba: folds 
Uncalled bet ($5.22) returned to createyouracc
createyouracc collected $5.22 from pot
*** SUMMARY ***
Total pot $5.50 | Rake $0.28 
Board [Tc 7c Qs Ac 5s]
Seat 1: socito folded before Flop (didn't bet)
Seat 2: z00mba folded on the River
Seat 3: Kristo 914 (button) folded before Flop (didn't bet)
Seat 4: xcinaz (small blind) folded before Flop
Seat 5: createyouracc (big blind) collected ($5.22)
Seat 6: m0nTTu folded before Flop (didn't bet)



PokerStars Hand #254420823510:  Hold'em No Limit ($0.50/$1.00 USD) - 2025/01/17 21:40:03 WET [2025/01/17 16:40:03 ET]
Table 'Rhodia IV' 6-max Seat #4 is the button
Seat 1: socito ($101.96 in chips) 
Seat 2: z00mba ($147.53 in chips) 
Seat 3: Kristo 914 ($103 in chips) 
Seat 4: xcinaz ($107.28 in chips) 
Seat 5: createyouracc ($53.13 in chips) 
Seat 6: m0nTTu ($103.60 in chips) 
createyouracc: posts small blind $0.50
m0nTTu: posts big blind $1
*** HOLE CARDS ***
socito: folds 
z00mba: raises $1.50 to $2.50
Kristo 914: raises $5.50 to $8
xcinaz: folds 
createyouracc: folds 
m0nTTu: folds 
z00mba: raises $14 to $22
Kristo 914: calls $14
*** FLOP *** [Qc Td Th]
z00mba: checks 
Kristo 914: checks 
*** TURN *** [Qc Td Th] [2s]
z00mba: checks 
Kristo 914: bets $14.66
z00mba: folds 
Uncalled bet ($14.66) returned to Kristo 914
Kristo 914 collected $43.22 from pot
Kristo 914: doesn't show hand 
*** SUMMARY ***
Total pot $45.50 | Rake $2.28 
Board [Qc Td Th 2s]
Seat 1: socito folded before Flop (didn't bet)
Seat 2: z00mba folded on the Turn
Seat 3: Kristo 914 collected ($43.22)
Seat 4: xcinaz (button) folded before Flop (didn't bet)
Seat 5: createyouracc (small blind) folded before Flop
Seat 6: m0nTTu (big blind) folded before Flop



PokerStars Hand #254420856621:  Hold'em No Limit ($0.50/$1.00 USD) - 2025/01/17 21:41:44 WET [2025/01/17 16:41:44 ET]
Table 'Rhodia IV' 6-max Seat #5 is the button
Seat 1: socito ($101.96 in chips) 
Seat 2: z00mba ($125.53 in chips) 
Seat 3: Kristo 914 ($124.22 in chips) 
Seat 4: xcinaz ($107.28 in chips) 
Seat 5: createyouracc ($52.63 in chips) 
Seat 6: m0nTTu ($102.60 in chips) 
m0nTTu: posts small blind $0.50
socito: posts big blind $1
*** HOLE CARDS ***
z00mba: folds 
Kristo 914: folds 
xcinaz: folds 
createyouracc: raises $1.50 to $2.50
m0nTTu: folds 
socito: folds 
Uncalled bet ($1.50) returned to createyouracc
createyouracc collected $2.50 from pot
*** SUMMARY ***
Total pot $2.50 | Rake $0 
Seat 1: socito (big blind) folded before Flop
Seat 2: z00mba folded before Flop (didn't bet)
Seat 3: Kristo 914 folded before Flop (didn't bet)
Seat 4: xcinaz folded before Flop (didn't bet)
Seat 5: createyouracc (button) collected ($2.50)
Seat 6: m0nTTu (small blind) folded before Flop



PokerStars Hand #254420862581:  Hold'em No Limit ($0.50/$1.00 USD) - 2025/01/17 21:42:02 WET [2025/01/17 16:42:02 ET]
Table 'Rhodia IV' 6-max Seat #6 is the button
Seat 2: z00mba ($125.53 in chips) is sitting out
Seat 1: socito ($100.96 in chips) 
Seat 3: Kristo 914 ($124.22 in chips) 
Seat 4: xcinaz ($107.28 in chips) 
Seat 5: createyouracc ($54.13 in chips) 
Seat 6: m0nTTu ($102.10 in chips) 
socito: posts small blind $0.50
z00mba: is sitting out 
Kristo 914: posts big blind $1
*** HOLE CARDS ***
xcinaz: raises $1 to $2
createyouracc: calls $2
m0nTTu: calls $2
socito: folds 
z00mba leaves the table
Kristo 914: folds 
*** FLOP *** [Kh 2h As]
xcinaz: checks 
createyouracc: checks 
m0nTTu: checks 
*** TURN *** [Kh 2h As] [2s]
fataleggs13 joins the table at seat #2 
xcinaz: checks 
createyouracc: checks 
m0nTTu: checks 
*** RIVER *** [Kh 2h As 2s] [4s]
xcinaz: checks 
createyouracc: checks 
m0nTTu: checks 
*** SHOW DOWN ***
xcinaz: shows [8h 8s] (two pair, Eights and Deuces)
createyouracc: mucks hand 
m0nTTu: shows [8c 8d] (two pair, Eights and Deuces)
xcinaz collected $3.56 from pot
m0nTTu collected $3.56 from pot
*** SUMMARY ***
Total pot $7.50 | Rake $0.38 
Board [Kh 2h As 2s 4s]
Seat 2: z00mba
Seat 1: socito (small blind) folded before Flop
Seat 3: Kristo 914 (big blind) folded before Flop
Seat 4: xcinaz showed [8h 8s] and won ($3.56) with two pair, Eights and Deuces
Seat 5: createyouracc mucked
Seat 6: m0nTTu (button) showed [8c 8d] and won ($3.56) with two pair, Eights and Deuces



PokerStars Hand #254420890097:  Hold'em No Limit ($0.50/$1.00 USD) - 2025/01/17 21:43:27 WET [2025/01/17 16:43:27 ET]
Table 'Rhodia IV' 6-max Seat #1 is the button
Seat 2: fataleggs13 ($75 in chips) is sitting out
Seat 1: socito ($100.46 in chips) 
Seat 3: Kristo 914 ($123.22 in chips) 
Seat 4: xcinaz ($108.84 in chips) 
Seat 5: createyouracc ($52.13 in chips) 
Seat 6: m0nTTu ($103.66 in chips) 
Kristo 914: posts small blind $0.50
xcinaz: posts big blind $1
*** HOLE CARDS ***
createyouracc: folds 
m0nTTu: folds 
socito: raises $1.50 to $2.50
Kristo 914: folds 
xcinaz: folds 
Uncalled bet ($1.50) returned to socito
socito collected $2.50 from pot
socito: doesn't show hand 
*** SUMMARY ***
Total pot $2.50 | Rake $0 
Seat 2: fataleggs13
Seat 1: socito (button) collected ($2.50)
Seat 3: Kristo 914 (small blind) folded before Flop
Seat 4: xcinaz (big blind) folded before Flop
Seat 5: createyouracc folded before Flop (didn't bet)
Seat 6: m0nTTu folded before Flop (didn't bet)



PokerStars Hand #254420895269:  Hold'em No Limit ($0.50/$1.00 USD) - 2025/01/17 21:43:43 WET [2025/01/17 16:43:43 ET]
Table 'Rhodia IV' 6-max Seat #3 is the button
Seat 2: fataleggs13 ($75 in chips) is sitting out
Seat 1: socito ($101.96 in chips) 
Seat 3: Kristo 914 ($122.72 in chips) 
Seat 4: xcinaz ($107.84 in chips) 
Seat 5: createyouracc ($52.13 in chips) 
Seat 6: m0nTTu ($103.66 in chips) 
xcinaz: posts small blind $0.50
createyouracc: posts big blind $1
fataleggs13: sits out 
*** HOLE CARDS ***
m0nTTu: folds 
socito: raises $1.50 to $2.50
Kristo 914: folds 
xcinaz: folds 
createyouracc: folds 
Uncalled bet ($1.50) returned to socito
socito collected $2.50 from pot
socito: doesn't show hand 
*** SUMMARY ***
Total pot $2.50 | Rake $0 
Seat 2: fataleggs13
Seat 1: socito collected ($2.50)
Seat 3: Kristo 914 (button) folded before Flop (didn't bet)
Seat 4: xcinaz (small blind) folded before Flop
Seat 5: createyouracc (big blind) folded before Flop
Seat 6: m0nTTu folded before Flop (didn't bet)



PokerStars Hand #254420903907:  Hold'em No Limit ($0.50/$1.00 USD) - 2025/01/17 21:44:11 WET [2025/01/17 16:44:11 ET]
Table 'Rhodia IV' 6-max Seat #4 is the button
Seat 2: fataleggs13 ($75 in chips) is sitting out
Seat 1: socito ($103.46 in chips) 
Seat 3: Kristo 914 ($122.72 in chips) 
Seat 4: xcinaz ($107.34 in chips) 
Seat 5: createyouracc ($51.13 in chips) 
Seat 6: m0nTTu ($103.66 in chips) 
createyouracc: posts small blind $0.50
m0nTTu: posts big blind $1
fataleggs13: sits out 
*** HOLE CARDS ***
socito: folds 
Kristo 914: raises $1.40 to $2.40
xcinaz: folds 
createyouracc: folds 
m0nTTu: calls $1.40
*** FLOP *** [6h 9c Tc]
m0nTTu: checks 
Kristo 914: bets $3.83
m0nTTu: folds 
Uncalled bet ($3.83) returned to Kristo 914
Kristo 914 collected $5.04 from pot
Kristo 914: doesn't show hand 
*** SUMMARY ***
Total pot $5.30 | Rake $0.26 
Board [6h 9c Tc]
Seat 2: fataleggs13
Seat 1: socito folded before Flop (didn't bet)
Seat 3: Kristo 914 collected ($5.04)
Seat 4: xcinaz (button) folded before Flop (didn't bet)
Seat 5: createyouracc (small blind) folded before Flop
Seat 6: m0nTTu (big blind) folded on the Flop



PokerStars Hand #254420912401:  Hold'em No Limit ($0.50/$1.00 USD) - 2025/01/17 21:44:37 WET [2025/01/17 16:44:37 ET]
Table 'Rhodia IV' 6-max Seat #5 is the button
Seat 2: fataleggs13 ($75 in chips) is sitting out
Seat 1: socito ($103.46 in chips) 
Seat 3: Kristo 914 ($125.36 in chips) 
Seat 4: xcinaz ($107.34 in chips) 
Seat 5: createyouracc ($50.63 in chips) 
Seat 6: m0nTTu ($101.26 in chips) 
m0nTTu: posts small blind $0.50
socito: posts big blind $1
fataleggs13: sits out 
*** HOLE CARDS ***
Kristo 914: folds 
xcinaz: folds 
createyouracc has timed out
createyouracc: folds 
m0nTTu: folds 
Uncalled bet ($0.50) returned to socito
socito collected $1 from pot
socito: doesn't show hand 
*** SUMMARY ***
Total pot $1 | Rake $0 
Seat 2: fataleggs13
Seat 1: socito (big blind) collected ($1)
Seat 3: Kristo 914 folded before Flop (didn't bet)
Seat 4: xcinaz folded before Flop (didn't bet)
Seat 5: createyouracc (button) folded before Flop (didn't bet)
Seat 6: m0nTTu (small blind) folded before Flop



PokerStars Hand #254420922186:  Hold'em No Limit ($0.50/$1.00 USD) - 2025/01/17 21:45:08 WET [2025/01/17 16:45:08 ET]
Table 'Rhodia IV' 6-max Seat #6 is the button
Seat 1: socito ($103.96 in chips) 
Seat 2: fataleggs13 ($75 in chips) 
Seat 3: Kristo 914 ($125.36 in chips) 
Seat 4: xcinaz ($107.34 in chips) 
Seat 5: createyouracc ($50.63 in chips) 
Seat 6: m0nTTu ($100.76 in chips) 
socito: posts small blind $0.50
fataleggs13: posts big blind $1
*** HOLE CARDS ***
Kristo 914: raises $1.40 to $2.40
xcinaz: folds 
createyouracc: calls $2.40
m0nTTu: raises $5.60 to $8
socito: folds 
fataleggs13: folds 
Kristo 914: folds 
createyouracc: calls $5.60
*** FLOP *** [3s 9s 6d]
createyouracc: checks 
m0nTTu: bets $14.18
createyouracc: calls $14.18
*** TURN *** [3s 9s 6d] [Qs]
createyouracc: checks 
m0nTTu: bets $45.85
createyouracc: calls $28.45 and is all-in
Uncalled bet ($17.40) returned to m0nTTu
*** RIVER *** [3s 9s 6d Qs] [2h]
*** SHOW DOWN ***
createyouracc: shows [Js Ts] (a flush, Queen high)
m0nTTu: shows [Ac Kh] (high card Ace)
createyouracc collected $102.66 from pot
*** SUMMARY ***
Total pot $105.16 | Rake $2.50 
Board [3s 9s 6d Qs 2h]
Seat 1: socito (small blind) folded before Flop
Seat 2: fataleggs13 (big blind) folded before Flop
Seat 3: Kristo 914 folded before Flop
Seat 4: xcinaz folded before Flop (didn't bet)
Seat 5: createyouracc showed [Js Ts] and won ($102.66) with a flush, Queen high
Seat 6: m0nTTu (button) showed [Ac Kh] and lost with high card Ace



PokerStars Hand #254420941561:  Hold'em No Limit ($0.50/$1.00 USD) - 2025/01/17 21:46:08 WET [2025/01/17 16:46:08 ET]
Table 'Rhodia IV' 6-max Seat #1 is the button
Seat 1: socito ($103.46 in chips) 
Seat 2: fataleggs13 ($75 in chips) 
Seat 3: Kristo 914 ($122.96 in chips) 
Seat 4: xcinaz ($107.34 in chips) 
Seat 5: createyouracc ($102.66 in chips) 
Seat 6: m0nTTu ($50.13 in chips) 
fataleggs13: posts small blind $0.50
Kristo 914: posts big blind $1
*** HOLE CARDS ***
xcinaz: folds 
createyouracc: folds 
m0nTTu: folds 
socito: raises $1.50 to $2.50
fataleggs13: folds 
Kristo 914: folds 
Uncalled bet ($1.50) returned to socito
socito collected $2.50 from pot
socito: doesn't show hand 
*** SUMMARY ***
Total pot $2.50 | Rake $0 
Seat 1: socito (button) collected ($2.50)
Seat 2: fataleggs13 (small blind) folded before Flop
Seat 3: Kristo 914 (big blind) folded before Flop
Seat 4: xcinaz folded before Flop (didn't bet)
Seat 5: createyouracc folded before Flop (didn't bet)
Seat 6: m0nTTu folded before Flop (didn't bet)



PokerStars Hand #254420948154:  Hold'em No Limit ($0.50/$1.00 USD) - 2025/01/17 21:46:29 WET [2025/01/17 16:46:29 ET]
Table 'Rhodia IV' 6-max Seat #2 is the button
Seat 1: socito ($104.96 in chips) 
Seat 2: fataleggs13 ($75 in chips) 
Seat 3: Kristo 914 ($121.96 in chips) 
Seat 4: xcinaz ($107.34 in chips) 
Seat 5: createyouracc ($102.66 in chips) 
Seat 6: m0nTTu ($50.13 in chips) 
Kristo 914: posts small blind $0.50
xcinaz: posts big blind $1
*** HOLE CARDS ***
createyouracc: folds 
m0nTTu: raises $1.50 to $2.50
socito: folds 
fataleggs13: folds 
Kristo 914: raises $6.50 to $9
xcinaz: folds 
m0nTTu: folds 
Uncalled bet ($6.50) returned to Kristo 914
Kristo 914 collected $6 from pot
Kristo 914: doesn't show hand 
*** SUMMARY ***
Total pot $6 | Rake $0 
Seat 1: socito folded before Flop (didn't bet)
Seat 2: fataleggs13 (button) folded before Flop (didn't bet)
Seat 3: Kristo 914 (small blind) collected ($6)
Seat 4: xcinaz (big blind) folded before Flop
Seat 5: createyouracc folded before Flop (didn't bet)
Seat 6: m0nTTu folded before Flop



PokerStars Hand #254420959760:  Hold'em No Limit ($0.50/$1.00 USD) - 2025/01/17 21:47:05 WET [2025/01/17 16:47:05 ET]
Table 'Rhodia IV' 6-max Seat #3 is the button
Seat 1: socito ($104.96 in chips) 
Seat 2: fataleggs13 ($75 in chips) 
Seat 3: Kristo 914 ($125.46 in chips) 
Seat 4: xcinaz ($106.34 in chips) 
Seat 5: createyouracc ($102.66 in chips) 
Seat 6: m0nTTu ($100 in chips) 
xcinaz: posts small blind $0.50
createyouracc: posts big blind $1
*** HOLE CARDS ***
m0nTTu: folds 
socito: folds 
fataleggs13: folds 
Kristo 914: folds 
xcinaz: folds 
Uncalled bet ($0.50) returned to createyouracc
createyouracc collected $1 from pot
*** SUMMARY ***
Total pot $1 | Rake $0 
Seat 1: socito folded before Flop (didn't bet)
Seat 2: fataleggs13 folded before Flop (didn't bet)
Seat 3: Kristo 914 (button) folded before Flop (didn't bet)
Seat 4: xcinaz (small blind) folded before Flop
Seat 5: createyouracc (big blind) collected ($1)
Seat 6: m0nTTu folded before Flop (didn't bet)



PokerStars Hand #254420968146:  Hold'em No Limit ($0.50/$1.00 USD) - 2025/01/17 21:47:31 WET [2025/01/17 16:47:31 ET]
Table 'Rhodia IV' 6-max Seat #4 is the button
Seat 1: socito ($104.96 in chips) 
Seat 2: fataleggs13 ($75 in chips) 
Seat 3: Kristo 914 ($125.46 in chips) 
Seat 4: xcinaz ($105.84 in chips) 
Seat 5: createyouracc ($103.16 in chips) 
Seat 6: m0nTTu ($100 in chips) 
createyouracc: posts small blind $0.50
m0nTTu: posts big blind $1
*** HOLE CARDS ***
socito: folds 
fataleggs13: folds 
Kristo 914: raises $1.40 to $2.40
xcinaz: folds 
createyouracc: folds 
m0nTTu: calls $1.40
*** FLOP *** [Kh 4s 9c]
m0nTTu: checks 
Kristo 914: bets $1.46
m0nTTu: folds 
Uncalled bet ($1.46) returned to Kristo 914
Kristo 914 collected $5.04 from pot
Kristo 914: doesn't show hand 
*** SUMMARY ***
Total pot $5.30 | Rake $0.26 
Board [Kh 4s 9c]
Seat 1: socito folded before Flop (didn't bet)
Seat 2: fataleggs13 folded before Flop (didn't bet)
Seat 3: Kristo 914 collected ($5.04)
Seat 4: xcinaz (button) folded before Flop (didn't bet)
Seat 5: createyouracc (small blind) folded before Flop
Seat 6: m0nTTu (big blind) folded on the Flop



PokerStars Hand #254420983085:  Hold'em No Limit ($0.50/$1.00 USD) - 2025/01/17 21:48:18 WET [2025/01/17 16:48:18 ET]
Table 'Rhodia IV' 6-max Seat #5 is the button
Seat 1: socito ($104.96 in chips) 
Seat 2: fataleggs13 ($75 in chips) 
Seat 3: Kristo 914 ($128.10 in chips) 
Seat 4: xcinaz ($105.84 in chips) 
Seat 5: createyouracc ($102.66 in chips) 
Seat 6: m0nTTu ($97.60 in chips) 
m0nTTu: posts small blind $0.50
socito: posts big blind $1
*** HOLE CARDS ***
fataleggs13: folds 
Kristo 914: raises $1.40 to $2.40
xcinaz: folds 
createyouracc: folds 
m0nTTu: calls $1.90
socito: folds 
*** FLOP *** [Jh 8h 6s]
m0nTTu: checks 
Kristo 914: checks 
*** TURN *** [Jh 8h 6s] [9s]
m0nTTu: bets $1.82
Kristo 914: folds 
Uncalled bet ($1.82) returned to m0nTTu
m0nTTu collected $5.51 from pot
m0nTTu: doesn't show hand 
*** SUMMARY ***
Total pot $5.80 | Rake $0.29 
Board [Jh 8h 6s 9s]
Seat 1: socito (big blind) folded before Flop
Seat 2: fataleggs13 folded before Flop (didn't bet)
Seat 3: Kristo 914 folded on the Turn
Seat 4: xcinaz folded before Flop (didn't bet)
Seat 5: createyouracc (button) folded before Flop (didn't bet)
Seat 6: m0nTTu (small blind) collected ($5.51)



PokerStars Hand #254421006763:  Hold'em No Limit ($0.50/$1.00 USD) - 2025/01/17 21:49:32 WET [2025/01/17 16:49:32 ET]
Table 'Rhodia IV' 6-max Seat #6 is the button
Seat 1: socito ($103.96 in chips) 
Seat 2: fataleggs13 ($75 in chips) 
Seat 3: Kristo 914 ($125.70 in chips) 
Seat 4: xcinaz ($105.84 in chips) 
Seat 5: createyouracc ($102.66 in chips) 
Seat 6: m0nTTu ($100.71 in chips) 
socito: posts small blind $0.50
fataleggs13: posts big blind $1
*** HOLE CARDS ***
Kristo 914: folds 
xcinaz: folds 
createyouracc: folds 
m0nTTu: raises $1.50 to $2.50
socito: folds 
fataleggs13: calls $1.50
*** FLOP *** [2h 6h 9d]
fataleggs13: checks 
m0nTTu: checks 
*** TURN *** [2h 6h 9d] [4s]
fataleggs13: checks 
m0nTTu: checks 
*** RIVER *** [2h 6h 9d 4s] [4d]
fataleggs13: checks 
m0nTTu: checks 
*** SHOW DOWN ***
fataleggs13: shows [7h Ad] (a pair of Fours)
m0nTTu: shows [As 8c] (a pair of Fours - Ace+Nine+Eight kicker)
m0nTTu collected $5.22 from pot
*** SUMMARY ***
Total pot $5.50 | Rake $0.28 
Board [2h 6h 9d 4s 4d]
Seat 1: socito (small blind) folded before Flop
Seat 2: fataleggs13 (big blind) showed [7h Ad] and lost with a pair of Fours
Seat 3: Kristo 914 folded before Flop (didn't bet)
Seat 4: xcinaz folded before Flop (didn't bet)
Seat 5: createyouracc folded before Flop (didn't bet)
Seat 6: m0nTTu (button) showed [As 8c] and won ($5.22) with a pair of Fours



PokerStars Hand #254421029897:  Hold'em No Limit ($0.50/$1.00 USD) - 2025/01/17 21:50:45 WET [2025/01/17 16:50:45 ET]
Table 'Rhodia IV' 6-max Seat #1 is the button
Seat 3: Kristo 914 ($125.70 in chips) is sitting out
Seat 1: socito ($103.46 in chips) 
Seat 2: fataleggs13 ($75 in chips) 
Seat 4: xcinaz ($105.84 in chips) 
Seat 5: createyouracc ($102.66 in chips) 
Seat 6: m0nTTu ($103.43 in chips) 
fataleggs13: posts small blind $0.50
Kristo 914: is sitting out 
Kristo 914 leaves the table
xcinaz: posts big blind $1
*** HOLE CARDS ***
createyouracc: raises $1.50 to $2.50
m0nTTu: folds 
socito: folds 
fataleggs13: folds 
xcinaz: folds 
Uncalled bet ($1.50) returned to createyouracc
createyouracc collected $2.50 from pot
*** SUMMARY ***
Total pot $2.50 | Rake $0 
Seat 3: Kristo 914
Seat 1: socito (button) folded before Flop (didn't bet)
Seat 2: fataleggs13 (small blind) folded before Flop
Seat 4: xcinaz (big blind) folded before Flop
Seat 5: createyouracc collected ($2.50)
Seat 6: m0nTTu folded before Flop (didn't bet)



PokerStars Hand #254421039135:  Hold'em No Limit ($0.50/$1.00 USD) - 2025/01/17 21:51:13 WET [2025/01/17 16:51:13 ET]
Table 'Rhodia IV' 6-max Seat #2 is the button
Seat 1: socito ($103.46 in chips) 
Seat 2: fataleggs13 ($75 in chips) 
Seat 4: xcinaz ($104.84 in chips) 
Seat 5: createyouracc ($104.16 in chips) 
Seat 6: m0nTTu ($103.43 in chips) 
xcinaz: posts small blind $0.50
createyouracc: posts big blind $1
*** HOLE CARDS ***
m0nTTu: folds 
socito: folds 
fataleggs13: folds 
xcinaz: folds 
Uncalled bet ($0.50) returned to createyouracc
createyouracc collected $1 from pot
aoish30 joins the table at seat #3 
*** SUMMARY ***
Total pot $1 | Rake $0 
Seat 1: socito folded before Flop (didn't bet)
Seat 2: fataleggs13 (button) folded before Flop (didn't bet)
Seat 4: xcinaz (small blind) folded before Flop
Seat 5: createyouracc (big blind) collected ($1)
Seat 6: m0nTTu folded before Flop (didn't bet)



PokerStars Hand #254421042610:  Hold'em No Limit ($0.50/$1.00 USD) - 2025/01/17 21:51:24 WET [2025/01/17 16:51:24 ET]
Table 'Rhodia IV' 6-max Seat #4 is the button
Seat 3: aoish30 ($100 in chips) is sitting out
Seat 1: socito ($103.46 in chips) 
Seat 2: fataleggs13 ($75 in chips) 
Seat 4: xcinaz ($104.34 in chips) 
Seat 5: createyouracc ($104.66 in chips) 
Seat 6: m0nTTu ($103.43 in chips) 
createyouracc: posts small blind $0.50
m0nTTu: posts big blind $1
aoish30: sits out 
*** HOLE CARDS ***
socito: raises $1.50 to $2.50
fataleggs13: folds 
xcinaz: folds 
createyouracc: calls $2
m0nTTu: folds 
*** FLOP *** [Qc Qd 4h]
createyouracc: checks 
socito: bets $1.43
createyouracc: folds 
Uncalled bet ($1.43) returned to socito
socito collected $5.70 from pot
socito: doesn't show hand 
*** SUMMARY ***
Total pot $6 | Rake $0.30 
Board [Qc Qd 4h]
Seat 3: aoish30
Seat 1: socito collected ($5.70)
Seat 2: fataleggs13 folded before Flop (didn't bet)
Seat 4: xcinaz (button) folded before Flop (didn't bet)
Seat 5: createyouracc (small blind) folded on the Flop
Seat 6: m0nTTu (big blind) folded before Flop



PokerStars Hand #254421050509:  Hold'em No Limit ($0.50/$1.00 USD) - 2025/01/17 21:51:49 WET [2025/01/17 16:51:49 ET]
Table 'Rhodia IV' 6-max Seat #5 is the button
Seat 3: aoish30 ($100 in chips) is sitting out
Seat 1: socito ($106.66 in chips) 
Seat 2: fataleggs13 ($75 in chips) 
Seat 4: xcinaz ($104.34 in chips) 
Seat 5: createyouracc ($102.16 in chips) 
Seat 6: m0nTTu ($102.43 in chips) 
m0nTTu: posts small blind $0.50
socito: posts big blind $1
aoish30: sits out 
*** HOLE CARDS ***
fataleggs13: folds 
xcinaz: folds 
createyouracc: raises $1 to $2
m0nTTu: folds 
socito: folds 
Uncalled bet ($1) returned to createyouracc
createyouracc collected $2.50 from pot
*** SUMMARY ***
Total pot $2.50 | Rake $0 
Seat 3: aoish30
Seat 1: socito (big blind) folded before Flop
Seat 2: fataleggs13 folded before Flop (didn't bet)
Seat 4: xcinaz folded before Flop (didn't bet)
Seat 5: createyouracc (button) collected ($2.50)
Seat 6: m0nTTu (small blind) folded before Flop



PokerStars Hand #254421056660:  Hold'em No Limit ($0.50/$1.00 USD) - 2025/01/17 21:52:08 WET [2025/01/17 16:52:08 ET]
Table 'Rhodia IV' 6-max Seat #6 is the button
Seat 3: aoish30 ($100 in chips) is sitting out
Seat 1: socito ($105.66 in chips) 
Seat 2: fataleggs13 ($75 in chips) 
Seat 4: xcinaz ($104.34 in chips) 
Seat 5: createyouracc ($103.66 in chips) 
Seat 6: m0nTTu ($101.93 in chips) 
socito: posts small blind $0.50
fataleggs13: posts big blind $1
aoish30: sits out 
*** HOLE CARDS ***
xcinaz: folds 
createyouracc: calls $1
m0nTTu: folds 
socito: folds 
fataleggs13: checks 
*** FLOP *** [Kc 8s Qd]
fataleggs13: checks 
createyouracc: bets $1
fataleggs13: folds 
Uncalled bet ($1) returned to createyouracc
createyouracc collected $2.38 from pot
*** SUMMARY ***
Total pot $2.50 | Rake $0.12 
Board [Kc 8s Qd]
Seat 3: aoish30
Seat 1: socito (small blind) folded before Flop
Seat 2: fataleggs13 (big blind) folded on the Flop
Seat 4: xcinaz folded before Flop (didn't bet)
Seat 5: createyouracc collected ($2.38)
Seat 6: m0nTTu (button) folded before Flop (didn't bet)



PokerStars Hand #254421063324:  Hold'em No Limit ($0.50/$1.00 USD) - 2025/01/17 21:52:29 WET [2025/01/17 16:52:29 ET]
Table 'Rhodia IV' 6-max Seat #1 is the button
Seat 1: socito ($105.16 in chips) 
Seat 2: fataleggs13 ($75 in chips) 
Seat 3: aoish30 ($100 in chips) 
Seat 4: xcinaz ($104.34 in chips) 
Seat 5: createyouracc ($105.04 in chips) 
Seat 6: m0nTTu ($101.93 in chips) 
fataleggs13: posts small blind $0.50
aoish30: posts big blind $1
*** HOLE CARDS ***
xcinaz: folds 
createyouracc: raises $2 to $3
m0nTTu: folds 
socito: folds 
fataleggs13: folds 
aoish30: calls $2
*** FLOP *** [8d 4s Qc]
aoish30: checks 
createyouracc: checks 
*** TURN *** [8d 4s Qc] [Th]
aoish30: checks 
createyouracc: checks 
*** RIVER *** [8d 4s Qc Th] [3s]
aoish30: checks 
createyouracc: checks 
*** SHOW DOWN ***
aoish30: shows [Ac 2c] (high card Ace)
createyouracc: mucks hand 
aoish30 collected $6.18 from pot
*** SUMMARY ***
Total pot $6.50 | Rake $0.32 
Board [8d 4s Qc Th 3s]
Seat 1: socito (button) folded before Flop (didn't bet)
Seat 2: fataleggs13 (small blind) folded before Flop
Seat 3: aoish30 (big blind) showed [Ac 2c] and won ($6.18) with high card Ace
Seat 4: xcinaz folded before Flop (didn't bet)
Seat 5: createyouracc mucked
Seat 6: m0nTTu folded before Flop (didn't bet)



PokerStars Hand #254421078188:  Hold'em No Limit ($0.50/$1.00 USD) - 2025/01/17 21:53:15 WET [2025/01/17 16:53:15 ET]
Table 'Rhodia IV' 6-max Seat #2 is the button
Seat 1: socito ($105.16 in chips) 
Seat 2: fataleggs13 ($75 in chips) 
Seat 3: aoish30 ($103.18 in chips) 
Seat 4: xcinaz ($104.34 in chips) 
Seat 5: createyouracc ($102.04 in chips) 
Seat 6: m0nTTu ($101.93 in chips) 
aoish30: posts small blind $0.50
xcinaz: posts big blind $1
*** HOLE CARDS ***
createyouracc: calls $1
m0nTTu: folds 
socito: raises $3.50 to $4.50
fataleggs13: folds 
aoish30: folds 
xcinaz: folds 
createyouracc: calls $3.50
*** FLOP *** [4s Ac 7h]
createyouracc: checks 
socito: bets $3.29
createyouracc: calls $3.29
*** TURN *** [4s Ac 7h] [Qc]
createyouracc: checks 
socito: bets $12.17
createyouracc: folds 
Uncalled bet ($12.17) returned to socito
socito collected $16.23 from pot
socito: doesn't show hand 
*** SUMMARY ***
Total pot $17.08 | Rake $0.85 
Board [4s Ac 7h Qc]
Seat 1: socito collected ($16.23)
Seat 2: fataleggs13 (button) folded before Flop (didn't bet)
Seat 3: aoish30 (small blind) folded before Flop
Seat 4: xcinaz (big blind) folded before Flop
Seat 5: createyouracc folded on the Turn
Seat 6: m0nTTu folded before Flop (didn't bet)



PokerStars Hand #254421090247:  Hold'em No Limit ($0.50/$1.00 USD) - 2025/01/17 21:53:53 WET [2025/01/17 16:53:53 ET]
Table 'Rhodia IV' 6-max Seat #3 is the button
Seat 5: createyouracc ($94.25 in chips) is sitting out
Seat 1: socito ($113.60 in chips) 
Seat 2: fataleggs13 ($75 in chips) 
Seat 3: aoish30 ($102.68 in chips) 
Seat 4: xcinaz ($103.34 in chips) 
Seat 6: m0nTTu ($101.93 in chips) 
xcinaz: posts small blind $0.50
m0nTTu: posts big blind $1
*** HOLE CARDS ***
socito: raises $1.50 to $2.50
fataleggs13: folds 
createyouracc leaves the table
aoish30: folds 
xcinaz: folds 
m0nTTu: folds 
Uncalled bet ($1.50) returned to socito
socito collected $2.50 from pot
socito: doesn't show hand 
*** SUMMARY ***
Total pot $2.50 | Rake $0 
Seat 5: createyouracc
Seat 1: socito collected ($2.50)
Seat 2: fataleggs13 folded before Flop (didn't bet)
Seat 3: aoish30 (button) folded before Flop (didn't bet)
Seat 4: xcinaz (small blind) folded before Flop
Seat 6: m0nTTu (big blind) folded before Flop



PokerStars Hand #254421099203:  Hold'em No Limit ($0.50/$1.00 USD) - 2025/01/17 21:54:21 WET [2025/01/17 16:54:21 ET]
Table 'Rhodia IV' 6-max Seat #4 is the button
Seat 1: socito ($115.10 in chips) 
Seat 2: fataleggs13 ($75 in chips) 
Seat 3: aoish30 ($102.68 in chips) 
Seat 4: xcinaz ($102.84 in chips) 
Seat 6: m0nTTu ($100.93 in chips) 
m0nTTu: posts small blind $0.50
socito: posts big blind $1
*** HOLE CARDS ***
fataleggs13: folds 
aoish30: raises $1.50 to $2.50
xcinaz: folds 
m0nTTu: folds 
socito: folds 
Uncalled bet ($1.50) returned to aoish30
aoish30 collected $2.50 from pot
aoish30: doesn't show hand 
*** SUMMARY ***
Total pot $2.50 | Rake $0 
Seat 1: socito (big blind) folded before Flop
Seat 2: fataleggs13 folded before Flop (didn't bet)
Seat 3: aoish30 collected ($2.50)
Seat 4: xcinaz (button) folded before Flop (didn't bet)
Seat 6: m0nTTu (small blind) folded before Flop



PokerStars Hand #254421109461:  Hold'em No Limit ($0.50/$1.00 USD) - 2025/01/17 21:54:53 WET [2025/01/17 16:54:53 ET]
Table 'Rhodia IV' 6-max Seat #6 is the button
Seat 2: fataleggs13 ($75 in chips) is sitting out
Seat 1: socito ($114.10 in chips) 
Seat 3: aoish30 ($104.18 in chips) 
Seat 4: xcinaz ($102.84 in chips) 
Seat 6: m0nTTu ($100.43 in chips) 
socito: posts small blind $0.50
fataleggs13: is sitting out 
aoish30: posts big blind $1
*** HOLE CARDS ***
fataleggs13 leaves the table
xcinaz: folds 
m0nTTu: folds 
socito: folds 
Uncalled bet ($0.50) returned to aoish30
aoish30 collected $1 from pot
aoish30: doesn't show hand 
*** SUMMARY ***
Total pot $1 | Rake $0 
Seat 2: fataleggs13
Seat 1: socito (small blind) folded before Flop
Seat 3: aoish30 (big blind) collected ($1)
Seat 4: xcinaz folded before Flop (didn't bet)
Seat 6: m0nTTu (button) folded before Flop (didn't bet)



PokerStars Hand #254421116884:  Hold'em No Limit ($0.50/$1.00 USD) - 2025/01/17 21:55:19 WET [2025/01/17 16:55:19 ET]
Table 'Rhodia IV' 6-max Seat #3 is the button
Seat 4: xcinaz ($102.84 in chips) is sitting out
Seat 6: m0nTTu ($100.43 in chips) is sitting out
Seat 1: socito ($113.60 in chips) 
Seat 3: aoish30 ($104.68 in chips) 
aoish30: posts small blind $0.50
xcinaz: is sitting out 
m0nTTu: is sitting out 
socito: posts big blind $1
*** HOLE CARDS ***
aoish30: raises $2 to $3
xcinaz leaves the table
m0nTTu leaves the table
socito: folds 
Uncalled bet ($2) returned to aoish30
aoish30 collected $2 from pot
aoish30: doesn't show hand 
*** SUMMARY ***
Total pot $2 | Rake $0 
Seat 4: xcinaz
Seat 6: m0nTTu
Seat 1: socito (big blind) folded before Flop
Seat 3: aoish30 (button) (small blind) collected ($2)



