PokerStars Hand #254415625764:  Hold'em No Limit ($0.50/$1.00 USD) - 2025/01/17 16:23:14 WET [2025/01/17 11:23:14 ET]
Table 'Eros IV' 6-max Seat #1 is the button
Seat 5: MoRsCeReBruM ($100 in chips) is sitting out
Seat 1: vikonda85 ($100 in chips) 
Seat 2: gig.gyty ($100 in chips) 
Seat 3: AlexPinsk1 ($103.20 in chips) 
gig.gyty: posts small blind $0.50
AlexPinsk1: posts big blind $1
MoRsCeReBruM: sits out 
*** HOLE CARDS ***
vikonda85: raises $1.50 to $2.50
gig.gyty: folds 
AlexPinsk1: folds 
Uncalled bet ($1.50) returned to vikonda85
vikonda85 collected $2.50 from pot
vikonda85: doesn't show hand 
*** SUMMARY ***
Total pot $2.50 | Rake $0 
Seat 5: MoRsCeReBruM
Seat 1: vikonda85 (button) collected ($2.50)
Seat 2: gig.gyty (small blind) folded before Flop
Seat 3: AlexPinsk1 (big blind) folded before Flop



PokerStars Hand #254415630140:  Hold'em No Limit ($0.50/$1.00 USD) - 2025/01/17 16:23:33 WET [2025/01/17 11:23:33 ET]
Table 'Eros IV' 6-max Seat #2 is the button
Seat 1: vikonda85 ($101.50 in chips) 
Seat 2: gig.gyty ($100 in chips) 
Seat 3: AlexPinsk1 ($102.20 in chips) 
Seat 5: MoRsCeReBruM ($100 in chips) 
AlexPinsk1: posts small blind $0.50
MoRsCeReBruM: posts big blind $1
*** HOLE CARDS ***
vikonda85: folds 
gig.gyty: folds 
AlexPinsk1: folds 
Uncalled bet ($0.50) returned to MoRsCeReBruM
MoRsCeReBruM collected $1 from pot
MoRsCeReBruM: doesn't show hand 
*** SUMMARY ***
Total pot $1 | Rake $0 
Seat 1: vikonda85 folded before Flop (didn't bet)
Seat 2: gig.gyty (button) folded before Flop (didn't bet)
Seat 3: AlexPinsk1 (small blind) folded before Flop
Seat 5: MoRsCeReBruM (big blind) collected ($1)



PokerStars Hand #254415632852:  Hold'em No Limit ($0.50/$1.00 USD) - 2025/01/17 16:23:45 WET [2025/01/17 11:23:45 ET]
Table 'Eros IV' 6-max Seat #3 is the button
Seat 1: vikonda85 ($101.50 in chips) 
Seat 2: gig.gyty ($100 in chips) 
Seat 3: AlexPinsk1 ($101.70 in chips) 
Seat 5: MoRsCeReBruM ($100.50 in chips) 
MoRsCeReBruM: posts small blind $0.50
vikonda85: posts big blind $1
*** HOLE CARDS ***
gig.gyty: folds 
AlexPinsk1: folds 
MoRsCeReBruM: raises $2 to $3
vikonda85: folds 
Uncalled bet ($2) returned to MoRsCeReBruM
MoRsCeReBruM collected $2 from pot
MoRsCeReBruM: doesn't show hand 
*** SUMMARY ***
Total pot $2 | Rake $0 
Seat 1: vikonda85 (big blind) folded before Flop
Seat 2: gig.gyty folded before Flop (didn't bet)
Seat 3: AlexPinsk1 (button) folded before Flop (didn't bet)
Seat 5: MoRsCeReBruM (small blind) collected ($2)



PokerStars Hand #254415636154:  Hold'em No Limit ($0.50/$1.00 USD) - 2025/01/17 16:23:59 WET [2025/01/17 11:23:59 ET]
Table 'Eros IV' 6-max Seat #5 is the button
Seat 1: vikonda85 ($100.50 in chips) 
Seat 2: gig.gyty ($100 in chips) 
Seat 3: AlexPinsk1 ($101.70 in chips) 
Seat 5: MoRsCeReBruM ($101.50 in chips) 
vikonda85: posts small blind $0.50
gig.gyty: posts big blind $1
*** HOLE CARDS ***
AlexPinsk1: folds 
MoRsCeReBruM: folds 
vikonda85: folds 
Uncalled bet ($0.50) returned to gig.gyty
gig.gyty collected $1 from pot
gig.gyty: doesn't show hand 
*** SUMMARY ***
Total pot $1 | Rake $0 
Seat 1: vikonda85 (small blind) folded before Flop
Seat 2: gig.gyty (big blind) collected ($1)
Seat 3: AlexPinsk1 folded before Flop (didn't bet)
Seat 5: MoRsCeReBruM (button) folded before Flop (didn't bet)



PokerStars Hand #254415640020:  Hold'em No Limit ($0.50/$1.00 USD) - 2025/01/17 16:24:16 WET [2025/01/17 11:24:16 ET]
Table 'Eros IV' 6-max Seat #1 is the button
Seat 1: vikonda85 ($100 in chips) 
Seat 2: gig.gyty ($100.50 in chips) 
Seat 3: AlexPinsk1 ($101.70 in chips) 
Seat 5: MoRsCeReBruM ($101.50 in chips) 
gig.gyty: posts small blind $0.50
AlexPinsk1: posts big blind $1
*** HOLE CARDS ***
MoRsCeReBruM: folds 
vikonda85: raises $1.50 to $2.50
gig.gyty: folds 
AlexPinsk1: raises $9.50 to $12
vikonda85: calls $9.50
*** FLOP *** [6d 9h 3s]
AlexPinsk1: checks 
Ysiven joins the table at seat #4 
vikonda85: bets $11.75
AlexPinsk1: raises $15.75 to $27.50
vikonda85: raises $60.50 to $88 and is all-in
AlexPinsk1: calls $60.50
*** TURN *** [6d 9h 3s] [Ks]
*** RIVER *** [6d 9h 3s Ks] [3h]
*** SHOW DOWN ***
AlexPinsk1: shows [Js Jc] (two pair, Jacks and Threes)
vikonda85: shows [Ah Ad] (two pair, Aces and Threes)
vikonda85 collected $199.50 from pot
*** SUMMARY ***
Total pot $200.50 | Rake $1 
Board [6d 9h 3s Ks 3h]
Seat 1: vikonda85 (button) showed [Ah Ad] and won ($199.50) with two pair, Aces and Threes
Seat 2: gig.gyty (small blind) folded before Flop
Seat 3: AlexPinsk1 (big blind) showed [Js Jc] and lost with two pair, Jacks and Threes
Seat 5: MoRsCeReBruM folded before Flop (didn't bet)



PokerStars Hand #254415662009:  Hold'em No Limit ($0.50/$1.00 USD) - 2025/01/17 16:25:53 WET [2025/01/17 11:25:53 ET]
Table 'Eros IV' 6-max Seat #2 is the button
Seat 1: vikonda85 ($199.50 in chips) 
Seat 2: gig.gyty ($100 in chips) 
Seat 3: AlexPinsk1 ($100 in chips) 
Seat 4: Ysiven ($100 in chips) 
Seat 5: MoRsCeReBruM ($101.50 in chips) 
AlexPinsk1: posts small blind $0.50
Ysiven: posts big blind $1
*** HOLE CARDS ***
MoRsCeReBruM: folds 
vikonda85: folds 
MoRsCeReBruM leaves the table
gig.gyty: raises $1.50 to $2.50
AlexPinsk1: folds 
Ysiven: calls $1.50
*** FLOP *** [9d 9s 5d]
Ysiven: checks 
gig.gyty: bets $1.72
Ysiven: calls $1.72
*** TURN *** [9d 9s 5d] [Qs]
MoRsCeReBruM joins the table at seat #6 
Ysiven: checks 
gig.gyty: bets $6.54
Ysiven: calls $6.54
*** RIVER *** [9d 9s 5d Qs] [Kd]
Ysiven: checks 
gig.gyty: checks 
*** SHOW DOWN ***
Ysiven: shows [7c 9c] (three of a kind, Nines)
gig.gyty: mucks hand 
Ysiven collected $20.92 from pot
*** SUMMARY ***
Total pot $22.02 | Rake $1.10 
Board [9d 9s 5d Qs Kd]
Seat 1: vikonda85 folded before Flop (didn't bet)
Seat 2: gig.gyty (button) mucked
Seat 3: AlexPinsk1 (small blind) folded before Flop
Seat 4: Ysiven (big blind) showed [7c 9c] and won ($20.92) with three of a kind, Nines
Seat 5: MoRsCeReBruM folded before Flop (didn't bet)



PokerStars Hand #254415676529:  Hold'em No Limit ($0.50/$1.00 USD) - 2025/01/17 16:26:56 WET [2025/01/17 11:26:56 ET]
Table 'Eros IV' 6-max Seat #3 is the button
Seat 1: vikonda85 ($199.50 in chips) 
Seat 2: gig.gyty ($100 in chips) 
Seat 3: AlexPinsk1 ($100 in chips) 
Seat 4: Ysiven ($110.16 in chips) 
Seat 6: MoRsCeReBruM ($101.50 in chips) 
Ysiven: posts small blind $0.50
MoRsCeReBruM: posts big blind $1
*** HOLE CARDS ***
vikonda85: folds 
gig.gyty: folds 
AlexPinsk1: raises $1.50 to $2.50
Ysiven: folds 
MoRsCeReBruM: calls $1.50
*** FLOP *** [As 5s 6s]
MoRsCeReBruM: checks 
70peppino joins the table at seat #5 
AlexPinsk1: checks 
*** TURN *** [As 5s 6s] [8s]
MoRsCeReBruM: checks 
AlexPinsk1: checks 
*** RIVER *** [As 5s 6s 8s] [Ts]
MoRsCeReBruM: bets $3.92
AlexPinsk1 is disconnected 
gig.gyty is disconnected 
AlexPinsk1 is connected 
AlexPinsk1: calls $3.92
*** SHOW DOWN ***
MoRsCeReBruM: shows [9d Ad] (a flush, Ace high)
AlexPinsk1: shows [Kh Qc] (a flush, Ace high)
MoRsCeReBruM collected $6.34 from pot
AlexPinsk1 collected $6.33 from pot
*** SUMMARY ***
Total pot $13.34 | Rake $0.67 
Board [As 5s 6s 8s Ts]
Seat 1: vikonda85 folded before Flop (didn't bet)
Seat 2: gig.gyty folded before Flop (didn't bet)
Seat 3: AlexPinsk1 (button) showed [Kh Qc] and won ($6.33) with a flush, Ace high
Seat 4: Ysiven (small blind) folded before Flop
Seat 6: MoRsCeReBruM (big blind) showed [9d Ad] and won ($6.34) with a flush, Ace high



PokerStars Hand #254415696333:  Hold'em No Limit ($0.50/$1.00 USD) - 2025/01/17 16:28:22 WET [2025/01/17 11:28:22 ET]
Table 'Eros IV' 6-max Seat #4 is the button
Seat 5: 70peppino ($100 in chips) is sitting out
Seat 1: vikonda85 ($199.50 in chips) 
Seat 2: gig.gyty ($100 in chips) 
Seat 3: AlexPinsk1 ($100 in chips) 
Seat 4: Ysiven ($109.66 in chips) 
Seat 6: MoRsCeReBruM ($101.42 in chips) 
MoRsCeReBruM: posts small blind $0.50
vikonda85: posts big blind $1
*** HOLE CARDS ***
gig.gyty is connected 
gig.gyty: folds 
AlexPinsk1: folds 
Ysiven: folds 
MoRsCeReBruM: raises $2 to $3
vikonda85: calls $2
*** FLOP *** [2c Qs Ts]
MoRsCeReBruM: bets $1.88
vikonda85: folds 
Uncalled bet ($1.88) returned to MoRsCeReBruM
MoRsCeReBruM collected $5.70 from pot
MoRsCeReBruM: doesn't show hand 
*** SUMMARY ***
Total pot $6 | Rake $0.30 
Board [2c Qs Ts]
Seat 5: 70peppino
Seat 1: vikonda85 (big blind) folded on the Flop
Seat 2: gig.gyty folded before Flop (didn't bet)
Seat 3: AlexPinsk1 folded before Flop (didn't bet)
Seat 4: Ysiven (button) folded before Flop (didn't bet)
Seat 6: MoRsCeReBruM (small blind) collected ($5.70)



PokerStars Hand #254415702805:  Hold'em No Limit ($0.50/$1.00 USD) - 2025/01/17 16:28:51 WET [2025/01/17 11:28:51 ET]
Table 'Eros IV' 6-max Seat #6 is the button
Seat 5: 70peppino ($100 in chips) is sitting out
Seat 1: vikonda85 ($196.50 in chips) 
Seat 2: gig.gyty ($100 in chips) 
Seat 3: AlexPinsk1 ($100 in chips) 
Seat 4: Ysiven ($109.66 in chips) 
Seat 6: MoRsCeReBruM ($104.12 in chips) 
vikonda85: posts small blind $0.50
gig.gyty: posts big blind $1
70peppino: sits out 
*** HOLE CARDS ***
AlexPinsk1: folds 
Ysiven: folds 
MoRsCeReBruM: raises $1.50 to $2.50
vikonda85: folds 
gig.gyty: folds 
Uncalled bet ($1.50) returned to MoRsCeReBruM
MoRsCeReBruM collected $2.50 from pot
MoRsCeReBruM: doesn't show hand 
*** SUMMARY ***
Total pot $2.50 | Rake $0 
Seat 5: 70peppino
Seat 1: vikonda85 (small blind) folded before Flop
Seat 2: gig.gyty (big blind) folded before Flop
Seat 3: AlexPinsk1 folded before Flop (didn't bet)
Seat 4: Ysiven folded before Flop (didn't bet)
Seat 6: MoRsCeReBruM (button) collected ($2.50)



PokerStars Hand #254415707644:  Hold'em No Limit ($0.50/$1.00 USD) - 2025/01/17 16:29:11 WET [2025/01/17 11:29:11 ET]
Table 'Eros IV' 6-max Seat #1 is the button
Seat 5: 70peppino ($100 in chips) is sitting out
Seat 1: vikonda85 ($196 in chips) 
Seat 2: gig.gyty ($100 in chips) 
Seat 3: AlexPinsk1 ($100 in chips) 
Seat 4: Ysiven ($109.66 in chips) 
Seat 6: MoRsCeReBruM ($105.62 in chips) 
gig.gyty: posts small blind $0.50
AlexPinsk1: posts big blind $1
70peppino: sits out 
*** HOLE CARDS ***
Ysiven: raises $1 to $2
MoRsCeReBruM: folds 
vikonda85: calls $2
gig.gyty: folds 
AlexPinsk1: folds 
*** FLOP *** [Ad 2c 7h]
Ysiven: checks 
vikonda85: checks 
*** TURN *** [Ad 2c 7h] [9h]
Ysiven: checks 
vikonda85: checks 
*** RIVER *** [Ad 2c 7h 9h] [6d]
Ysiven: checks 
vikonda85: bets $3.50
Ysiven: folds 
Uncalled bet ($3.50) returned to vikonda85
vikonda85 collected $5.22 from pot
vikonda85: doesn't show hand 
*** SUMMARY ***
Total pot $5.50 | Rake $0.28 
Board [Ad 2c 7h 9h 6d]
Seat 5: 70peppino
Seat 1: vikonda85 (button) collected ($5.22)
Seat 2: gig.gyty (small blind) folded before Flop
Seat 3: AlexPinsk1 (big blind) folded before Flop
Seat 4: Ysiven folded on the River
Seat 6: MoRsCeReBruM folded before Flop (didn't bet)



PokerStars Hand #254415724704:  Hold'em No Limit ($0.50/$1.00 USD) - 2025/01/17 16:30:25 WET [2025/01/17 11:30:25 ET]
Table 'Eros IV' 6-max Seat #2 is the button
Seat 5: 70peppino ($100 in chips) is sitting out
Seat 1: vikonda85 ($199.22 in chips) 
Seat 2: gig.gyty ($100 in chips) 
Seat 3: AlexPinsk1 ($100 in chips) 
Seat 4: Ysiven ($107.66 in chips) 
Seat 6: MoRsCeReBruM ($105.62 in chips) 
AlexPinsk1: posts small blind $0.50
Ysiven: posts big blind $1
70peppino: sits out 
*** HOLE CARDS ***
MoRsCeReBruM: folds 
vikonda85: folds 
gig.gyty: folds 
AlexPinsk1: raises $2 to $3
Ysiven: folds 
Uncalled bet ($2) returned to AlexPinsk1
AlexPinsk1 collected $2 from pot
AlexPinsk1: doesn't show hand 
*** SUMMARY ***
Total pot $2 | Rake $0 
Seat 5: 70peppino
Seat 1: vikonda85 folded before Flop (didn't bet)
Seat 2: gig.gyty (button) folded before Flop (didn't bet)
Seat 3: AlexPinsk1 (small blind) collected ($2)
Seat 4: Ysiven (big blind) folded before Flop
Seat 6: MoRsCeReBruM folded before Flop (didn't bet)



PokerStars Hand #254415729760:  Hold'em No Limit ($0.50/$1.00 USD) - 2025/01/17 16:30:47 WET [2025/01/17 11:30:47 ET]
Table 'Eros IV' 6-max Seat #3 is the button
Seat 1: vikonda85 ($199.22 in chips) 
Seat 2: gig.gyty ($100 in chips) 
Seat 3: AlexPinsk1 ($101 in chips) 
Seat 4: Ysiven ($106.66 in chips) 
Seat 5: 70peppino ($100 in chips) 
Seat 6: MoRsCeReBruM ($105.62 in chips) 
Ysiven: posts small blind $0.50
70peppino: posts big blind $1
*** HOLE CARDS ***
MoRsCeReBruM: folds 
vikonda85: folds 
gig.gyty: folds 
AlexPinsk1: folds 
Ysiven: raises $2 to $3
70peppino: calls $2
*** FLOP *** [8s Ac 2s]
Ysiven: checks 
70peppino: checks 
*** TURN *** [8s Ac 2s] [Qs]
Ysiven: checks 
70peppino: bets $3.19
Ysiven: folds 
Uncalled bet ($3.19) returned to 70peppino
70peppino collected $5.70 from pot
70peppino: doesn't show hand 
*** SUMMARY ***
Total pot $6 | Rake $0.30 
Board [8s Ac 2s Qs]
Seat 1: vikonda85 folded before Flop (didn't bet)
Seat 2: gig.gyty folded before Flop (didn't bet)
Seat 3: AlexPinsk1 (button) folded before Flop (didn't bet)
Seat 4: Ysiven (small blind) folded on the Turn
Seat 5: 70peppino (big blind) collected ($5.70)
Seat 6: MoRsCeReBruM folded before Flop (didn't bet)



PokerStars Hand #254415742907:  Hold'em No Limit ($0.50/$1.00 USD) - 2025/01/17 16:31:44 WET [2025/01/17 11:31:44 ET]
Table 'Eros IV' 6-max Seat #4 is the button
Seat 6: MoRsCeReBruM ($105.62 in chips) is sitting out
Seat 1: vikonda85 ($199.22 in chips) 
Seat 2: gig.gyty ($100 in chips) 
Seat 3: AlexPinsk1 ($101 in chips) 
Seat 4: Ysiven ($103.66 in chips) 
Seat 5: 70peppino ($102.70 in chips) 
70peppino: posts small blind $0.50
MoRsCeReBruM: is sitting out 
vikonda85: posts big blind $1
*** HOLE CARDS ***
MoRsCeReBruM leaves the table
gig.gyty: raises $1.25 to $2.25
AlexPinsk1: folds 
Ysiven: folds 
70peppino: folds 
vikonda85: folds 
Uncalled bet ($1.25) returned to gig.gyty
gig.gyty collected $2.50 from pot
gig.gyty: doesn't show hand 
*** SUMMARY ***
Total pot $2.50 | Rake $0 
Seat 6: MoRsCeReBruM
Seat 1: vikonda85 (big blind) folded before Flop
Seat 2: gig.gyty collected ($2.50)
Seat 3: AlexPinsk1 folded before Flop (didn't bet)
Seat 4: Ysiven (button) folded before Flop (didn't bet)
Seat 5: 70peppino (small blind) folded before Flop



PokerStars Hand #254415746782:  Hold'em No Limit ($0.50/$1.00 USD) - 2025/01/17 16:32:01 WET [2025/01/17 11:32:01 ET]
Table 'Eros IV' 6-max Seat #5 is the button
Seat 1: vikonda85 ($198.22 in chips) 
Seat 2: gig.gyty ($101.50 in chips) 
Seat 3: AlexPinsk1 ($101 in chips) 
Seat 4: Ysiven ($103.66 in chips) 
Seat 5: 70peppino ($102.20 in chips) 
vikonda85: posts small blind $0.50
gig.gyty: posts big blind $1
*** HOLE CARDS ***
AlexPinsk1: folds 
Ysiven: raises $1.30 to $2.30
70peppino: folds 
vikonda85: folds 
gig.gyty: folds 
Uncalled bet ($1.30) returned to Ysiven
Ysiven collected $2.50 from pot
Ysiven: doesn't show hand 
*** SUMMARY ***
Total pot $2.50 | Rake $0 
Seat 1: vikonda85 (small blind) folded before Flop
Seat 2: gig.gyty (big blind) folded before Flop
Seat 3: AlexPinsk1 folded before Flop (didn't bet)
Seat 4: Ysiven collected ($2.50)
Seat 5: 70peppino (button) folded before Flop (didn't bet)



PokerStars Hand #254415749268:  Hold'em No Limit ($0.50/$1.00 USD) - 2025/01/17 16:32:12 WET [2025/01/17 11:32:12 ET]
Table 'Eros IV' 6-max Seat #1 is the button
Seat 1: vikonda85 ($197.72 in chips) 
Seat 2: gig.gyty ($100.50 in chips) 
Seat 3: AlexPinsk1 ($101 in chips) 
Seat 4: Ysiven ($105.16 in chips) 
Seat 5: 70peppino ($102.20 in chips) 
gig.gyty: posts small blind $0.50
AlexPinsk1: posts big blind $1
*** HOLE CARDS ***
Ysiven: folds 
70peppino: folds 
vikonda85: raises $1.50 to $2.50
gig.gyty: folds 
AlexPinsk1: folds 
Uncalled bet ($1.50) returned to vikonda85
vikonda85 collected $2.50 from pot
vikonda85: doesn't show hand 
*** SUMMARY ***
Total pot $2.50 | Rake $0 
Seat 1: vikonda85 (button) collected ($2.50)
Seat 2: gig.gyty (small blind) folded before Flop
Seat 3: AlexPinsk1 (big blind) folded before Flop
Seat 4: Ysiven folded before Flop (didn't bet)
Seat 5: 70peppino folded before Flop (didn't bet)



PokerStars Hand #254415752676:  Hold'em No Limit ($0.50/$1.00 USD) - 2025/01/17 16:32:26 WET [2025/01/17 11:32:26 ET]
Table 'Eros IV' 6-max Seat #2 is the button
Seat 1: vikonda85 ($199.22 in chips) 
Seat 2: gig.gyty ($100 in chips) 
Seat 3: AlexPinsk1 ($100 in chips) 
Seat 4: Ysiven ($105.16 in chips) 
Seat 5: 70peppino ($102.20 in chips) 
AlexPinsk1: posts small blind $0.50
Ysiven: posts big blind $1
*** HOLE CARDS ***
70peppino: folds 
vikonda85: folds 
gig.gyty: raises $1.50 to $2.50
AlexPinsk1: folds 
Ysiven: folds 
Uncalled bet ($1.50) returned to gig.gyty
gig.gyty collected $2.50 from pot
gig.gyty: doesn't show hand 
*** SUMMARY ***
Total pot $2.50 | Rake $0 
Seat 1: vikonda85 folded before Flop (didn't bet)
Seat 2: gig.gyty (button) collected ($2.50)
Seat 3: AlexPinsk1 (small blind) folded before Flop
Seat 4: Ysiven (big blind) folded before Flop
Seat 5: 70peppino folded before Flop (didn't bet)



PokerStars Hand #254415755483:  Hold'em No Limit ($0.50/$1.00 USD) - 2025/01/17 16:32:38 WET [2025/01/17 11:32:38 ET]
Table 'Eros IV' 6-max Seat #3 is the button
Seat 1: vikonda85 ($199.22 in chips) 
Seat 2: gig.gyty ($101.50 in chips) 
Seat 3: AlexPinsk1 ($100 in chips) 
Seat 4: Ysiven ($104.16 in chips) 
Seat 5: 70peppino ($102.20 in chips) 
Ysiven: posts small blind $0.50
70peppino: posts big blind $1
*** HOLE CARDS ***
vikonda85: folds 
gig.gyty: raises $1.25 to $2.25
AlexPinsk1: folds 
Ysiven: folds 
70peppino: folds 
Uncalled bet ($1.25) returned to gig.gyty
gig.gyty collected $2.50 from pot
gig.gyty: doesn't show hand 
*** SUMMARY ***
Total pot $2.50 | Rake $0 
Seat 1: vikonda85 folded before Flop (didn't bet)
Seat 2: gig.gyty collected ($2.50)
Seat 3: AlexPinsk1 (button) folded before Flop (didn't bet)
Seat 4: Ysiven (small blind) folded before Flop
Seat 5: 70peppino (big blind) folded before Flop



PokerStars Hand #254415759237:  Hold'em No Limit ($0.50/$1.00 USD) - 2025/01/17 16:32:54 WET [2025/01/17 11:32:54 ET]
Table 'Eros IV' 6-max Seat #4 is the button
Seat 1: vikonda85 ($199.22 in chips) is sitting out
Seat 2: gig.gyty ($103 in chips) 
Seat 3: AlexPinsk1 ($100 in chips) 
Seat 4: Ysiven ($103.66 in chips) 
Seat 5: 70peppino ($101.20 in chips) 
70peppino: posts small blind $0.50
vikonda85: is sitting out 
gig.gyty: posts big blind $1
*** HOLE CARDS ***
AlexPinsk1: folds 
Ysiven: folds 
70peppino: raises $2 to $3
gig.gyty: folds 
Uncalled bet ($2) returned to 70peppino
70peppino collected $2 from pot
70peppino: doesn't show hand 
*** SUMMARY ***
Total pot $2 | Rake $0 
Seat 1: vikonda85
Seat 2: gig.gyty (big blind) folded before Flop
Seat 3: AlexPinsk1 folded before Flop (didn't bet)
Seat 4: Ysiven (button) folded before Flop (didn't bet)
Seat 5: 70peppino (small blind) collected ($2)



PokerStars Hand #254415764291:  Hold'em No Limit ($0.50/$1.00 USD) - 2025/01/17 16:33:16 WET [2025/01/17 11:33:16 ET]
Table 'Eros IV' 6-max Seat #5 is the button
Seat 1: vikonda85 ($199.22 in chips) is sitting out
Seat 2: gig.gyty ($102 in chips) 
Seat 3: AlexPinsk1 ($100 in chips) 
Seat 4: Ysiven ($103.66 in chips) 
Seat 5: 70peppino ($102.20 in chips) 
gig.gyty: posts small blind $0.50
AlexPinsk1: posts big blind $1
*** HOLE CARDS ***
Ysiven: folds 
70peppino: folds 
gig.gyty: folds 
Uncalled bet ($0.50) returned to AlexPinsk1
AlexPinsk1 collected $1 from pot
AlexPinsk1: doesn't show hand 
*** SUMMARY ***
Total pot $1 | Rake $0 
Seat 1: vikonda85
Seat 2: gig.gyty (small blind) folded before Flop
Seat 3: AlexPinsk1 (big blind) collected ($1)
Seat 4: Ysiven folded before Flop (didn't bet)
Seat 5: 70peppino (button) folded before Flop (didn't bet)



PokerStars Hand #254415766506:  Hold'em No Limit ($0.50/$1.00 USD) - 2025/01/17 16:33:26 WET [2025/01/17 11:33:26 ET]
Table 'Eros IV' 6-max Seat #2 is the button
Seat 1: vikonda85 ($199.22 in chips) is sitting out
Seat 2: gig.gyty ($101.50 in chips) 
Seat 3: AlexPinsk1 ($100.50 in chips) 
Seat 4: Ysiven ($103.66 in chips) 
Seat 5: 70peppino ($102.20 in chips) 
AlexPinsk1: posts small blind $0.50
Ysiven: posts big blind $1
*** HOLE CARDS ***
70peppino: folds 
gig.gyty: raises $1.50 to $2.50
AlexPinsk1: folds 
70peppino leaves the table
Ysiven: raises $10.50 to $13
vikonda85 leaves the table
gig.gyty: folds 
Uncalled bet ($10.50) returned to Ysiven
Ysiven collected $5.50 from pot
Ysiven: doesn't show hand 
*** SUMMARY ***
Total pot $5.50 | Rake $0 
Seat 1: vikonda85
Seat 2: gig.gyty (button) folded before Flop
Seat 3: AlexPinsk1 (small blind) folded before Flop
Seat 4: Ysiven (big blind) collected ($5.50)
Seat 5: 70peppino folded before Flop (didn't bet)



PokerStars Hand #254415773123:  Hold'em No Limit ($0.50/$1.00 USD) - 2025/01/17 16:33:55 WET [2025/01/17 11:33:55 ET]
Table 'Eros IV' 6-max Seat #3 is the button
Seat 2: gig.gyty ($100 in chips) 
Seat 3: AlexPinsk1 ($100 in chips) 
Seat 4: Ysiven ($106.66 in chips) 
Ysiven: posts small blind $0.50
gig.gyty: posts big blind $1
*** HOLE CARDS ***
AlexPinsk1: raises $1.50 to $2.50
Ysiven: raises $9.50 to $12
gig.gyty: raises $13 to $25
Sergioes91 joins the table at seat #1 
AlexPinsk1: folds 
Ysiven: folds 
Uncalled bet ($13) returned to gig.gyty
gig.gyty collected $26.50 from pot
gig.gyty: doesn't show hand 
*** SUMMARY ***
Total pot $26.50 | Rake $0 
Seat 2: gig.gyty (big blind) collected ($26.50)
Seat 3: AlexPinsk1 (button) folded before Flop
Seat 4: Ysiven (small blind) folded before Flop



PokerStars Hand #254415778855:  Hold'em No Limit ($0.50/$1.00 USD) - 2025/01/17 16:34:20 WET [2025/01/17 11:34:20 ET]
Table 'Eros IV' 6-max Seat #4 is the button
Seat 1: Sergioes91 ($100 in chips) is sitting out
Seat 2: gig.gyty ($114.50 in chips) 
Seat 3: AlexPinsk1 ($100 in chips) 
Seat 4: Ysiven ($100 in chips) 
gig.gyty: posts small blind $0.50
AlexPinsk1: posts big blind $1
*** HOLE CARDS ***
Ysiven: folds 
gig.gyty: raises $2 to $3
AlexPinsk1: calls $2
*** FLOP *** [2d Kc Jh]
gig.gyty: bets $1.88
AlexPinsk1: folds 
Uncalled bet ($1.88) returned to gig.gyty
gig.gyty collected $5.70 from pot
gig.gyty: doesn't show hand 
*** SUMMARY ***
Total pot $6 | Rake $0.30 
Board [2d Kc Jh]
Seat 1: Sergioes91
Seat 2: gig.gyty (small blind) collected ($5.70)
Seat 3: AlexPinsk1 (big blind) folded on the Flop
Seat 4: Ysiven (button) folded before Flop (didn't bet)



PokerStars Hand #254415785904:  Hold'em No Limit ($0.50/$1.00 USD) - 2025/01/17 16:34:50 WET [2025/01/17 11:34:50 ET]
Table 'Eros IV' 6-max Seat #2 is the button
Seat 1: Sergioes91 ($100 in chips) 
Seat 2: gig.gyty ($117.20 in chips) 
Seat 3: AlexPinsk1 ($100 in chips) 
Seat 4: Ysiven ($100 in chips) 
AlexPinsk1: posts small blind $0.50
Ysiven: posts big blind $1
Sergioes91: posts big blind $1
*** HOLE CARDS ***
Slami4 joins the table at seat #5 
Sergioes91: raises $2 to $3
gig.gyty: folds 
AlexPinsk1: folds 
Ysiven: folds 
Uncalled bet ($2) returned to Sergioes91
Sergioes91 collected $2.50 from pot
Sergioes91: doesn't show hand 
*** SUMMARY ***
Total pot $2.50 | Rake $0 
Seat 1: Sergioes91 collected ($2.50)
Seat 2: gig.gyty (button) folded before Flop (didn't bet)
Seat 3: AlexPinsk1 (small blind) folded before Flop
Seat 4: Ysiven (big blind) folded before Flop



PokerStars Hand #254415789414:  Hold'em No Limit ($0.50/$1.00 USD) - 2025/01/17 16:35:05 WET [2025/01/17 11:35:05 ET]
Table 'Eros IV' 6-max Seat #3 is the button
Seat 1: Sergioes91 ($101.50 in chips) 
Seat 2: gig.gyty ($117.20 in chips) 
Seat 3: AlexPinsk1 ($100 in chips) 
Seat 4: Ysiven ($100 in chips) 
Seat 5: Slami4 ($100 in chips) 
Ysiven: posts small blind $0.50
Slami4: posts big blind $1
*** HOLE CARDS ***
Sergioes91: raises $2 to $3
gig.gyty: folds 
AlexPinsk1: folds 
Ysiven: folds 
Slami4: folds 
Uncalled bet ($2) returned to Sergioes91
Sergioes91 collected $2.50 from pot
Sergioes91: doesn't show hand 
*** SUMMARY ***
Total pot $2.50 | Rake $0 
Seat 1: Sergioes91 collected ($2.50)
Seat 2: gig.gyty folded before Flop (didn't bet)
Seat 3: AlexPinsk1 (button) folded before Flop (didn't bet)
Seat 4: Ysiven (small blind) folded before Flop
Seat 5: Slami4 (big blind) folded before Flop



PokerStars Hand #254415793828:  Hold'em No Limit ($0.50/$1.00 USD) - 2025/01/17 16:35:24 WET [2025/01/17 11:35:24 ET]
Table 'Eros IV' 6-max Seat #4 is the button
Seat 1: Sergioes91 ($103 in chips) 
Seat 2: gig.gyty ($117.20 in chips) 
Seat 3: AlexPinsk1 ($100 in chips) 
Seat 4: Ysiven ($100 in chips) 
Seat 5: Slami4 ($100 in chips) 
Slami4: posts small blind $0.50
Sergioes91: posts big blind $1
*** HOLE CARDS ***
gig.gyty: folds 
AlexPinsk1: folds 
Ysiven: raises $1.50 to $2.50
Slami4: folds 
Sergioes91: folds 
Uncalled bet ($1.50) returned to Ysiven
Ysiven collected $2.50 from pot
Ysiven: doesn't show hand 
*** SUMMARY ***
Total pot $2.50 | Rake $0 
Seat 1: Sergioes91 (big blind) folded before Flop
Seat 2: gig.gyty folded before Flop (didn't bet)
Seat 3: AlexPinsk1 folded before Flop (didn't bet)
Seat 4: Ysiven (button) collected ($2.50)
Seat 5: Slami4 (small blind) folded before Flop



PokerStars Hand #254415799130:  Hold'em No Limit ($0.50/$1.00 USD) - 2025/01/17 16:35:47 WET [2025/01/17 11:35:47 ET]
Table 'Eros IV' 6-max Seat #5 is the button
Seat 1: Sergioes91 ($102 in chips) 
Seat 2: gig.gyty ($117.20 in chips) 
Seat 3: AlexPinsk1 ($100 in chips) 
Seat 4: Ysiven ($101.50 in chips) 
Seat 5: Slami4 ($100 in chips) 
Sergioes91: posts small blind $0.50
gig.gyty: posts big blind $1
*** HOLE CARDS ***
AlexPinsk1: raises $1.50 to $2.50
Ysiven: folds 
Slami4: folds 
Sergioes91: calls $2
gig.gyty: folds 
*** FLOP *** [2d As 7d]
Sergioes91: checks 
AlexPinsk1: checks 
*** TURN *** [2d As 7d] [Qs]
Sergioes91: checks 
AlexPinsk1: bets $3.50
Sergioes91: calls $3.50
*** RIVER *** [2d As 7d Qs] [2s]
Sergioes91: checks 
fataleggs13 joins the table at seat #6 
AlexPinsk1: checks 
*** SHOW DOWN ***
Sergioes91: shows [8h 8d] (two pair, Eights and Deuces)
AlexPinsk1: mucks hand 
Sergioes91 collected $12.35 from pot
*** SUMMARY ***
Total pot $13 | Rake $0.65 
Board [2d As 7d Qs 2s]
Seat 1: Sergioes91 (small blind) showed [8h 8d] and won ($12.35) with two pair, Eights and Deuces
Seat 2: gig.gyty (big blind) folded before Flop
Seat 3: AlexPinsk1 mucked
Seat 4: Ysiven folded before Flop (didn't bet)
Seat 5: Slami4 (button) folded before Flop (didn't bet)



PokerStars Hand #254415815060:  Hold'em No Limit ($0.50/$1.00 USD) - 2025/01/17 16:36:56 WET [2025/01/17 11:36:56 ET]
Table 'Eros IV' 6-max Seat #1 is the button
Seat 6: fataleggs13 ($75 in chips) is sitting out
Seat 1: Sergioes91 ($108.35 in chips) 
Seat 2: gig.gyty ($116.20 in chips) 
Seat 3: AlexPinsk1 ($100 in chips) 
Seat 4: Ysiven ($101.50 in chips) 
Seat 5: Slami4 ($100 in chips) 
gig.gyty: posts small blind $0.50
AlexPinsk1: posts big blind $1
fataleggs13: sits out 
*** HOLE CARDS ***
Ysiven: raises $1 to $2
Slami4: folds 
Sergioes91: folds 
gig.gyty: folds 
AlexPinsk1: folds 
Uncalled bet ($1) returned to Ysiven
Ysiven collected $2.50 from pot
Ysiven: doesn't show hand 
*** SUMMARY ***
Total pot $2.50 | Rake $0 
Seat 6: fataleggs13
Seat 1: Sergioes91 (button) folded before Flop (didn't bet)
Seat 2: gig.gyty (small blind) folded before Flop
Seat 3: AlexPinsk1 (big blind) folded before Flop
Seat 4: Ysiven collected ($2.50)
Seat 5: Slami4 folded before Flop (didn't bet)



PokerStars Hand #254415818400:  Hold'em No Limit ($0.50/$1.00 USD) - 2025/01/17 16:37:10 WET [2025/01/17 11:37:10 ET]
Table 'Eros IV' 6-max Seat #2 is the button
Seat 6: fataleggs13 ($75 in chips) is sitting out
Seat 1: Sergioes91 ($108.35 in chips) 
Seat 2: gig.gyty ($115.70 in chips) 
Seat 3: AlexPinsk1 ($100 in chips) 
Seat 4: Ysiven ($103 in chips) 
Seat 5: Slami4 ($100 in chips) 
AlexPinsk1: posts small blind $0.50
Ysiven: posts big blind $1
fataleggs13: sits out 
*** HOLE CARDS ***
Slami4: folds 
Sergioes91: raises $2 to $3
gig.gyty: folds 
AlexPinsk1: folds 
Ysiven: calls $2
*** FLOP *** [Jc 5c Ts]
Ysiven: checks 
Sergioes91: bets $3.09
Ysiven: calls $3.09
*** TURN *** [Jc 5c Ts] [6s]
Ysiven: checks 
Sergioes91: bets $6.03
Ysiven: calls $6.03
*** RIVER *** [Jc 5c Ts 6s] [4d]
Ysiven: checks 
Sergioes91: bets $18.75
Ysiven: folds 
Uncalled bet ($18.75) returned to Sergioes91
Sergioes91 collected $23.50 from pot
Sergioes91: doesn't show hand 
*** SUMMARY ***
Total pot $24.74 | Rake $1.24 
Board [Jc 5c Ts 6s 4d]
Seat 6: fataleggs13
Seat 1: Sergioes91 collected ($23.50)
Seat 2: gig.gyty (button) folded before Flop (didn't bet)
Seat 3: AlexPinsk1 (small blind) folded before Flop
Seat 4: Ysiven (big blind) folded on the River
Seat 5: Slami4 folded before Flop (didn't bet)



PokerStars Hand #254415839386:  Hold'em No Limit ($0.50/$1.00 USD) - 2025/01/17 16:38:40 WET [2025/01/17 11:38:40 ET]
Table 'Eros IV' 6-max Seat #3 is the button
Seat 6: fataleggs13 ($75 in chips) is sitting out
Seat 1: Sergioes91 ($119.73 in chips) 
Seat 2: gig.gyty ($115.70 in chips) 
Seat 3: AlexPinsk1 ($100 in chips) 
Seat 4: Ysiven ($100 in chips) 
Seat 5: Slami4 ($100 in chips) 
Ysiven: posts small blind $0.50
Slami4: posts big blind $1
fataleggs13: sits out 
*** HOLE CARDS ***
Sergioes91: raises $2 to $3
gig.gyty: folds 
AlexPinsk1: folds 
Ysiven: folds 
Slami4: folds 
Uncalled bet ($2) returned to Sergioes91
Sergioes91 collected $2.50 from pot
Sergioes91: doesn't show hand 
*** SUMMARY ***
Total pot $2.50 | Rake $0 
Seat 6: fataleggs13
Seat 1: Sergioes91 collected ($2.50)
Seat 2: gig.gyty folded before Flop (didn't bet)
Seat 3: AlexPinsk1 (button) folded before Flop (didn't bet)
Seat 4: Ysiven (small blind) folded before Flop
Seat 5: Slami4 (big blind) folded before Flop



PokerStars Hand #254415842370:  Hold'em No Limit ($0.50/$1.00 USD) - 2025/01/17 16:38:53 WET [2025/01/17 11:38:53 ET]
Table 'Eros IV' 6-max Seat #4 is the button
Seat 1: Sergioes91 ($121.23 in chips) 
Seat 2: gig.gyty ($115.70 in chips) 
Seat 3: AlexPinsk1 ($100 in chips) 
Seat 4: Ysiven ($100 in chips) 
Seat 5: Slami4 ($100 in chips) 
Seat 6: fataleggs13 ($75 in chips) 
Slami4: posts small blind $0.50
fataleggs13: posts big blind $1
*** HOLE CARDS ***
Sergioes91: folds 
gig.gyty: folds 
AlexPinsk1: folds 
Ysiven: folds 
Slami4: folds 
Uncalled bet ($0.50) returned to fataleggs13
fataleggs13 collected $1 from pot
fataleggs13: doesn't show hand 
*** SUMMARY ***
Total pot $1 | Rake $0 
Seat 1: Sergioes91 folded before Flop (didn't bet)
Seat 2: gig.gyty folded before Flop (didn't bet)
Seat 3: AlexPinsk1 folded before Flop (didn't bet)
Seat 4: Ysiven (button) folded before Flop (didn't bet)
Seat 5: Slami4 (small blind) folded before Flop
Seat 6: fataleggs13 (big blind) collected ($1)



PokerStars Hand #254415845091:  Hold'em No Limit ($0.50/$1.00 USD) - 2025/01/17 16:39:05 WET [2025/01/17 11:39:05 ET]
Table 'Eros IV' 6-max Seat #5 is the button
Seat 1: Sergioes91 ($121.23 in chips) 
Seat 2: gig.gyty ($115.70 in chips) 
Seat 3: AlexPinsk1 ($100 in chips) 
Seat 4: Ysiven ($100 in chips) 
Seat 5: Slami4 ($100 in chips) 
Seat 6: fataleggs13 ($75.50 in chips) 
fataleggs13: posts small blind $0.50
Sergioes91: posts big blind $1
*** HOLE CARDS ***
gig.gyty: folds 
AlexPinsk1: folds 
Ysiven: folds 
Slami4: folds 
fataleggs13: folds 
Uncalled bet ($0.50) returned to Sergioes91
Sergioes91 collected $1 from pot
Sergioes91: doesn't show hand 
*** SUMMARY ***
Total pot $1 | Rake $0 
Seat 1: Sergioes91 (big blind) collected ($1)
Seat 2: gig.gyty folded before Flop (didn't bet)
Seat 3: AlexPinsk1 folded before Flop (didn't bet)
Seat 4: Ysiven folded before Flop (didn't bet)
Seat 5: Slami4 (button) folded before Flop (didn't bet)
Seat 6: fataleggs13 (small blind) folded before Flop



PokerStars Hand #254415849326:  Hold'em No Limit ($0.50/$1.00 USD) - 2025/01/17 16:39:23 WET [2025/01/17 11:39:23 ET]
Table 'Eros IV' 6-max Seat #6 is the button
Seat 1: Sergioes91 ($121.73 in chips) 
Seat 2: gig.gyty ($115.70 in chips) 
Seat 3: AlexPinsk1 ($100 in chips) 
Seat 4: Ysiven ($100 in chips) 
Seat 5: Slami4 ($100 in chips) 
Seat 6: fataleggs13 ($75 in chips) 
Sergioes91: posts small blind $0.50
gig.gyty: posts big blind $1
*** HOLE CARDS ***
AlexPinsk1: folds 
Ysiven: raises $1 to $2
Slami4: folds 
fataleggs13: folds 
Sergioes91: folds 
gig.gyty: folds 
Uncalled bet ($1) returned to Ysiven
Ysiven collected $2.50 from pot
Ysiven: doesn't show hand 
*** SUMMARY ***
Total pot $2.50 | Rake $0 
Seat 1: Sergioes91 (small blind) folded before Flop
Seat 2: gig.gyty (big blind) folded before Flop
Seat 3: AlexPinsk1 folded before Flop (didn't bet)
Seat 4: Ysiven collected ($2.50)
Seat 5: Slami4 folded before Flop (didn't bet)
Seat 6: fataleggs13 (button) folded before Flop (didn't bet)



PokerStars Hand #254415854098:  Hold'em No Limit ($0.50/$1.00 USD) - 2025/01/17 16:39:44 WET [2025/01/17 11:39:44 ET]
Table 'Eros IV' 6-max Seat #1 is the button
Seat 1: Sergioes91 ($121.23 in chips) 
Seat 2: gig.gyty ($114.70 in chips) 
Seat 3: AlexPinsk1 ($100 in chips) 
Seat 4: Ysiven ($101.50 in chips) 
Seat 5: Slami4 ($100 in chips) 
Seat 6: fataleggs13 ($75 in chips) 
gig.gyty: posts small blind $0.50
AlexPinsk1: posts big blind $1
*** HOLE CARDS ***
Ysiven: raises $1 to $2
Slami4: folds 
fataleggs13: folds 
Sergioes91: folds 
gig.gyty: folds 
AlexPinsk1: folds 
Uncalled bet ($1) returned to Ysiven
Ysiven collected $2.50 from pot
Ysiven: doesn't show hand 
*** SUMMARY ***
Total pot $2.50 | Rake $0 
Seat 1: Sergioes91 (button) folded before Flop (didn't bet)
Seat 2: gig.gyty (small blind) folded before Flop
Seat 3: AlexPinsk1 (big blind) folded before Flop
Seat 4: Ysiven collected ($2.50)
Seat 5: Slami4 folded before Flop (didn't bet)
Seat 6: fataleggs13 folded before Flop (didn't bet)



PokerStars Hand #254415857674:  Hold'em No Limit ($0.50/$1.00 USD) - 2025/01/17 16:39:59 WET [2025/01/17 11:39:59 ET]
Table 'Eros IV' 6-max Seat #2 is the button
Seat 1: Sergioes91 ($121.23 in chips) 
Seat 2: gig.gyty ($114.20 in chips) 
Seat 3: AlexPinsk1 ($100 in chips) 
Seat 4: Ysiven ($103 in chips) 
Seat 5: Slami4 ($100 in chips) 
Seat 6: fataleggs13 ($75 in chips) 
AlexPinsk1: posts small blind $0.50
Ysiven: posts big blind $1
*** HOLE CARDS ***
Slami4: raises $1.50 to $2.50
fataleggs13: folds 
Sergioes91: folds 
gig.gyty: folds 
AlexPinsk1: folds 
Ysiven: calls $1.50
*** FLOP *** [4h 5c 3d]
Ysiven: checks 
Slami4: checks 
*** TURN *** [4h 5c 3d] [9h]
Ysiven: bets $1.72
Slami4: calls $1.72
*** RIVER *** [4h 5c 3d 9h] [7s]
Ysiven: bets $8.49
Slami4: folds 
Uncalled bet ($8.49) returned to Ysiven
Ysiven collected $8.49 from pot
Ysiven: doesn't show hand 
*** SUMMARY ***
Total pot $8.94 | Rake $0.45 
Board [4h 5c 3d 9h 7s]
Seat 1: Sergioes91 folded before Flop (didn't bet)
Seat 2: gig.gyty (button) folded before Flop (didn't bet)
Seat 3: AlexPinsk1 (small blind) folded before Flop
Seat 4: Ysiven (big blind) collected ($8.49)
Seat 5: Slami4 folded on the River
Seat 6: fataleggs13 folded before Flop (didn't bet)



PokerStars Hand #254415873992:  Hold'em No Limit ($0.50/$1.00 USD) - 2025/01/17 16:41:09 WET [2025/01/17 11:41:09 ET]
Table 'Eros IV' 6-max Seat #3 is the button
Seat 1: Sergioes91 ($121.23 in chips) 
Seat 2: gig.gyty ($114.20 in chips) 
Seat 3: AlexPinsk1 ($100 in chips) 
Seat 4: Ysiven ($107.27 in chips) 
Seat 5: Slami4 ($100 in chips) 
Seat 6: fataleggs13 ($75 in chips) 
Ysiven: posts small blind $0.50
Slami4: posts big blind $1
*** HOLE CARDS ***
fataleggs13: folds 
Sergioes91: raises $2 to $3
gig.gyty: folds 
AlexPinsk1: folds 
Ysiven: folds 
Slami4: calls $2
*** FLOP *** [Kd 4h 9d]
Slami4: checks 
Sergioes91: bets $3.09
Slami4: folds 
Uncalled bet ($3.09) returned to Sergioes91
Sergioes91 collected $6.18 from pot
Sergioes91: doesn't show hand 
*** SUMMARY ***
Total pot $6.50 | Rake $0.32 
Board [Kd 4h 9d]
Seat 1: Sergioes91 collected ($6.18)
Seat 2: gig.gyty folded before Flop (didn't bet)
Seat 3: AlexPinsk1 (button) folded before Flop (didn't bet)
Seat 4: Ysiven (small blind) folded before Flop
Seat 5: Slami4 (big blind) folded on the Flop
Seat 6: fataleggs13 folded before Flop (didn't bet)



PokerStars Hand #254415882772:  Hold'em No Limit ($0.50/$1.00 USD) - 2025/01/17 16:41:47 WET [2025/01/17 11:41:47 ET]
Table 'Eros IV' 6-max Seat #4 is the button
Seat 1: Sergioes91 ($124.41 in chips) 
Seat 2: gig.gyty ($114.20 in chips) 
Seat 3: AlexPinsk1 ($100 in chips) 
Seat 4: Ysiven ($106.77 in chips) 
Seat 5: Slami4 ($100 in chips) 
Seat 6: fataleggs13 ($75 in chips) 
Slami4: posts small blind $0.50
fataleggs13: posts big blind $1
*** HOLE CARDS ***
Sergioes91: folds 
gig.gyty: raises $1.25 to $2.25
AlexPinsk1: folds 
Ysiven: folds 
Slami4: folds 
fataleggs13: folds 
Uncalled bet ($1.25) returned to gig.gyty
gig.gyty collected $2.50 from pot
gig.gyty: doesn't show hand 
*** SUMMARY ***
Total pot $2.50 | Rake $0 
Seat 1: Sergioes91 folded before Flop (didn't bet)
Seat 2: gig.gyty collected ($2.50)
Seat 3: AlexPinsk1 folded before Flop (didn't bet)
Seat 4: Ysiven (button) folded before Flop (didn't bet)
Seat 5: Slami4 (small blind) folded before Flop
Seat 6: fataleggs13 (big blind) folded before Flop



PokerStars Hand #254415887911:  Hold'em No Limit ($0.50/$1.00 USD) - 2025/01/17 16:42:09 WET [2025/01/17 11:42:09 ET]
Table 'Eros IV' 6-max Seat #5 is the button
Seat 1: Sergioes91 ($124.41 in chips) 
Seat 2: gig.gyty ($115.70 in chips) 
Seat 3: AlexPinsk1 ($100 in chips) 
Seat 4: Ysiven ($106.77 in chips) 
Seat 5: Slami4 ($100 in chips) 
Seat 6: fataleggs13 ($75 in chips) 
fataleggs13: posts small blind $0.50
Sergioes91: posts big blind $1
*** HOLE CARDS ***
gig.gyty: folds 
AlexPinsk1: folds 
Ysiven: folds 
Slami4: folds 
fataleggs13: raises $2 to $3
Sergioes91: folds 
Uncalled bet ($2) returned to fataleggs13
fataleggs13 collected $2 from pot
fataleggs13: doesn't show hand 
*** SUMMARY ***
Total pot $2 | Rake $0 
Seat 1: Sergioes91 (big blind) folded before Flop
Seat 2: gig.gyty folded before Flop (didn't bet)
Seat 3: AlexPinsk1 folded before Flop (didn't bet)
Seat 4: Ysiven folded before Flop (didn't bet)
Seat 5: Slami4 (button) folded before Flop (didn't bet)
Seat 6: fataleggs13 (small blind) collected ($2)



PokerStars Hand #254415891031:  Hold'em No Limit ($0.50/$1.00 USD) - 2025/01/17 16:42:23 WET [2025/01/17 11:42:23 ET]
Table 'Eros IV' 6-max Seat #6 is the button
Seat 1: Sergioes91 ($123.41 in chips) 
Seat 2: gig.gyty ($115.70 in chips) 
Seat 3: AlexPinsk1 ($100 in chips) 
Seat 4: Ysiven ($106.77 in chips) 
Seat 5: Slami4 ($100 in chips) 
Seat 6: fataleggs13 ($76 in chips) 
Sergioes91: posts small blind $0.50
gig.gyty: posts big blind $1
*** HOLE CARDS ***
AlexPinsk1: folds 
Ysiven: folds 
Slami4: raises $1.50 to $2.50
fataleggs13: raises $5 to $7.50
Sergioes91: folds 
gig.gyty: folds 
Slami4: calls $5
*** FLOP *** [4d 6s Jd]
Slami4: checks 
fataleggs13: checks 
*** TURN *** [4d 6s Jd] [3c]
Slami4: bets $10.35
fataleggs13: folds 
Uncalled bet ($10.35) returned to Slami4
Slami4 collected $15.68 from pot
Slami4: doesn't show hand 
*** SUMMARY ***
Total pot $16.50 | Rake $0.82 
Board [4d 6s Jd 3c]
Seat 1: Sergioes91 (small blind) folded before Flop
Seat 2: gig.gyty (big blind) folded before Flop
Seat 3: AlexPinsk1 folded before Flop (didn't bet)
Seat 4: Ysiven folded before Flop (didn't bet)
Seat 5: Slami4 collected ($15.68)
Seat 6: fataleggs13 (button) folded on the Turn



PokerStars Hand #254415907350:  Hold'em No Limit ($0.50/$1.00 USD) - 2025/01/17 16:43:33 WET [2025/01/17 11:43:33 ET]
Table 'Eros IV' 6-max Seat #1 is the button
Seat 1: Sergioes91 ($122.91 in chips) 
Seat 2: gig.gyty ($114.70 in chips) 
Seat 3: AlexPinsk1 ($100 in chips) 
Seat 4: Ysiven ($106.77 in chips) 
Seat 5: Slami4 ($108.18 in chips) 
Seat 6: fataleggs13 ($75 in chips) 
gig.gyty: posts small blind $0.50
AlexPinsk1: posts big blind $1
*** HOLE CARDS ***
Ysiven: folds 
Slami4: folds 
fataleggs13: folds 
Sergioes91: folds 
gig.gyty: folds 
Uncalled bet ($0.50) returned to AlexPinsk1
AlexPinsk1 collected $1 from pot
AlexPinsk1: doesn't show hand 
*** SUMMARY ***
Total pot $1 | Rake $0 
Seat 1: Sergioes91 (button) folded before Flop (didn't bet)
Seat 2: gig.gyty (small blind) folded before Flop
Seat 3: AlexPinsk1 (big blind) collected ($1)
Seat 4: Ysiven folded before Flop (didn't bet)
Seat 5: Slami4 folded before Flop (didn't bet)
Seat 6: fataleggs13 folded before Flop (didn't bet)



PokerStars Hand #254415909569:  Hold'em No Limit ($0.50/$1.00 USD) - 2025/01/17 16:43:43 WET [2025/01/17 11:43:43 ET]
Table 'Eros IV' 6-max Seat #2 is the button
Seat 1: Sergioes91 ($122.91 in chips) 
Seat 2: gig.gyty ($114.20 in chips) 
Seat 3: AlexPinsk1 ($100.50 in chips) 
Seat 4: Ysiven ($106.77 in chips) 
Seat 5: Slami4 ($108.18 in chips) 
Seat 6: fataleggs13 ($75 in chips) 
AlexPinsk1: posts small blind $0.50
Ysiven: posts big blind $1
*** HOLE CARDS ***
Slami4: raises $1.50 to $2.50
fataleggs13: folds 
Sergioes91: folds 
gig.gyty: folds 
AlexPinsk1: folds 
Ysiven: raises $10.50 to $13
Slami4: raises $95.18 to $108.18 and is all-in
Ysiven: calls $93.77 and is all-in
Uncalled bet ($1.41) returned to Slami4
*** FIRST FLOP *** [3h 7s Th]
*** FIRST TURN *** [3h 7s Th] [7h]
*** FIRST RIVER *** [3h 7s Th 7h] [Ah]
*** SECOND FLOP *** [Jc 8d 2s]
*** SECOND TURN *** [Jc 8d 2s] [9s]
*** SECOND RIVER *** [Jc 8d 2s 9s] [7c]
*** FIRST SHOW DOWN ***
Ysiven: shows [Ad Kh] (a flush, Ace high)
Slami4: shows [Ks Kd] (two pair, Kings and Sevens)
Ysiven collected $105.77 from pot
*** SECOND SHOW DOWN ***
Ysiven: shows [Ad Kh] (high card Ace)
Slami4: shows [Ks Kd] (a pair of Kings)
Slami4 collected $105.77 from pot
*** SUMMARY ***
Total pot $214.04 | Rake $2.50 
Hand was run twice
FIRST Board [3h 7s Th 7h Ah]
SECOND Board [Jc 8d 2s 9s 7c]
Seat 1: Sergioes91 folded before Flop (didn't bet)
Seat 2: gig.gyty (button) folded before Flop (didn't bet)
Seat 3: AlexPinsk1 (small blind) folded before Flop
Seat 4: Ysiven (big blind) showed [Ad Kh] and won ($105.77) with a flush, Ace high, and lost with high card Ace
Seat 5: Slami4 showed [Ks Kd] and lost with two pair, Kings and Sevens, and won ($105.77) with a pair of Kings
Seat 6: fataleggs13 folded before Flop (didn't bet)



PokerStars Hand #254415924436:  Hold'em No Limit ($0.50/$1.00 USD) - 2025/01/17 16:44:46 WET [2025/01/17 11:44:46 ET]
Table 'Eros IV' 6-max Seat #3 is the button
Seat 5: Slami4 ($107.18 in chips) is sitting out
Seat 1: Sergioes91 ($122.91 in chips) 
Seat 2: gig.gyty ($114.20 in chips) 
Seat 3: AlexPinsk1 ($100 in chips) 
Seat 4: Ysiven ($105.77 in chips) 
Seat 6: fataleggs13 ($75 in chips) 
Ysiven: posts small blind $0.50
Slami4: is sitting out 
fataleggs13: posts big blind $1
*** HOLE CARDS ***
Slami4 leaves the table
Sergioes91: folds 
gig.gyty: folds 
AlexPinsk1: folds 
Ysiven: raises $2 to $3
fataleggs13: raises $6 to $9
Ysiven: raises $96.77 to $105.77 and is all-in
fataleggs13: folds 
Uncalled bet ($96.77) returned to Ysiven
Ysiven collected $18 from pot
Ysiven: doesn't show hand 
*** SUMMARY ***
Total pot $18 | Rake $0 
Seat 5: Slami4
Seat 1: Sergioes91 folded before Flop (didn't bet)
Seat 2: gig.gyty folded before Flop (didn't bet)
Seat 3: AlexPinsk1 (button) folded before Flop (didn't bet)
Seat 4: Ysiven (small blind) collected ($18)
Seat 6: fataleggs13 (big blind) folded before Flop



PokerStars Hand #254415933561:  Hold'em No Limit ($0.50/$1.00 USD) - 2025/01/17 16:45:26 WET [2025/01/17 11:45:26 ET]
Table 'Eros IV' 6-max Seat #4 is the button
Seat 1: Sergioes91 ($122.91 in chips) 
Seat 2: gig.gyty ($114.20 in chips) 
Seat 3: AlexPinsk1 ($100 in chips) 
Seat 4: Ysiven ($114.77 in chips) 
Seat 6: fataleggs13 ($75 in chips) 
fataleggs13: posts small blind $0.50
Sergioes91: posts big blind $1
*** HOLE CARDS ***
gig.gyty: folds 
AlexPinsk1: folds 
Ysiven: raises $1.50 to $2.50
xxxZeka joins the table at seat #5 
fataleggs13: folds 
Sergioes91: calls $1.50
*** FLOP *** [5s 8s 3h]
Sergioes91: checks 
Ysiven: bets $3.13
Sergioes91: raises $5.13 to $8.26
Ysiven: calls $5.13
*** TURN *** [5s 8s 3h] [Qc]
Sergioes91: bets $16.46
Ysiven: calls $16.46
*** RIVER *** [5s 8s 3h Qc] [3s]
Sergioes91: bets $37.22
Ysiven: folds 
Uncalled bet ($37.22) returned to Sergioes91
Sergioes91 collected $52.44 from pot
Sergioes91: doesn't show hand 
*** SUMMARY ***
Total pot $54.94 | Rake $2.50 
Board [5s 8s 3h Qc 3s]
Seat 1: Sergioes91 (big blind) collected ($52.44)
Seat 2: gig.gyty folded before Flop (didn't bet)
Seat 3: AlexPinsk1 folded before Flop (didn't bet)
Seat 4: Ysiven (button) folded on the River
Seat 6: fataleggs13 (small blind) folded before Flop



PokerStars Hand #254415964599:  Hold'em No Limit ($0.50/$1.00 USD) - 2025/01/17 16:47:40 WET [2025/01/17 11:47:40 ET]
Table 'Eros IV' 6-max Seat #6 is the button
Seat 5: xxxZeka ($100 in chips) is sitting out
Seat 1: Sergioes91 ($148.13 in chips) 
Seat 2: gig.gyty ($114.20 in chips) 
Seat 3: AlexPinsk1 ($100 in chips) 
Seat 4: Ysiven ($100 in chips) 
Seat 6: fataleggs13 ($75 in chips) 
Sergioes91: posts small blind $0.50
gig.gyty: posts big blind $1
xxxZeka: sits out 
*** HOLE CARDS ***
AlexPinsk1: folds 
Ysiven: raises $1.30 to $2.30
fataleggs13: raises $5.20 to $7.50
Sergioes91: folds 
gig.gyty: folds 
Ysiven: folds 
Uncalled bet ($5.20) returned to fataleggs13
fataleggs13 collected $6.10 from pot
fataleggs13: doesn't show hand 
*** SUMMARY ***
Total pot $6.10 | Rake $0 
Seat 5: xxxZeka
Seat 1: Sergioes91 (small blind) folded before Flop
Seat 2: gig.gyty (big blind) folded before Flop
Seat 3: AlexPinsk1 folded before Flop (didn't bet)
Seat 4: Ysiven folded before Flop
Seat 6: fataleggs13 (button) collected ($6.10)



PokerStars Hand #254415973537:  Hold'em No Limit ($0.50/$1.00 USD) - 2025/01/17 16:48:18 WET [2025/01/17 11:48:18 ET]
Table 'Eros IV' 6-max Seat #1 is the button
Seat 5: xxxZeka ($100 in chips) is sitting out
Seat 1: Sergioes91 ($147.63 in chips) 
Seat 2: gig.gyty ($113.20 in chips) 
Seat 3: AlexPinsk1 ($100 in chips) 
Seat 4: Ysiven ($100 in chips) 
Seat 6: fataleggs13 ($78.80 in chips) 
gig.gyty: posts small blind $0.50
AlexPinsk1: posts big blind $1
xxxZeka: sits out 
*** HOLE CARDS ***
Ysiven: folds 
fataleggs13: folds 
Sergioes91: raises $2 to $3
gig.gyty: raises $8 to $11
AlexPinsk1: folds 
Sergioes91: calls $8
*** FLOP *** [5c Qs 8c]
gig.gyty: checks 
Sergioes91: bets $10.93
gig.gyty: calls $10.93
*** TURN *** [5c Qs 8c] [Th]
gig.gyty: checks 
Sergioes91: checks 
*** RIVER *** [5c Qs 8c Th] [7h]
gig.gyty: checks 
Sergioes91: bets $25
gig.gyty: calls $25
*** SHOW DOWN ***
Sergioes91: shows [Tc Ks] (a pair of Tens)
gig.gyty: shows [Qd Jd] (a pair of Queens)
gig.gyty collected $92.36 from pot
*** SUMMARY ***
Total pot $94.86 | Rake $2.50 
Board [5c Qs 8c Th 7h]
Seat 5: xxxZeka
Seat 1: Sergioes91 (button) showed [Tc Ks] and lost with a pair of Tens
Seat 2: gig.gyty (small blind) showed [Qd Jd] and won ($92.36) with a pair of Queens
Seat 3: AlexPinsk1 (big blind) folded before Flop
Seat 4: Ysiven folded before Flop (didn't bet)
Seat 6: fataleggs13 folded before Flop (didn't bet)



PokerStars Hand #254416001844:  Hold'em No Limit ($0.50/$1.00 USD) - 2025/01/17 16:50:21 WET [2025/01/17 11:50:21 ET]
Table 'Eros IV' 6-max Seat #2 is the button
Seat 5: xxxZeka ($100 in chips) is sitting out
Seat 1: Sergioes91 ($100.70 in chips) 
Seat 2: gig.gyty ($158.63 in chips) 
Seat 3: AlexPinsk1 ($100 in chips) 
Seat 4: Ysiven ($100 in chips) 
Seat 6: fataleggs13 ($78.80 in chips) 
AlexPinsk1: posts small blind $0.50
Ysiven: posts big blind $1
xxxZeka: sits out 
*** HOLE CARDS ***
fataleggs13: folds 
Sergioes91: folds 
gig.gyty: folds 
AlexPinsk1: folds 
Uncalled bet ($0.50) returned to Ysiven
Ysiven collected $1 from pot
Ysiven: doesn't show hand 
*** SUMMARY ***
Total pot $1 | Rake $0 
Seat 5: xxxZeka
Seat 1: Sergioes91 folded before Flop (didn't bet)
Seat 2: gig.gyty (button) folded before Flop (didn't bet)
Seat 3: AlexPinsk1 (small blind) folded before Flop
Seat 4: Ysiven (big blind) collected ($1)
Seat 6: fataleggs13 folded before Flop (didn't bet)



PokerStars Hand #254416004366:  Hold'em No Limit ($0.50/$1.00 USD) - 2025/01/17 16:50:32 WET [2025/01/17 11:50:32 ET]
Table 'Eros IV' 6-max Seat #3 is the button
Seat 1: Sergioes91 ($100.70 in chips) 
Seat 2: gig.gyty ($158.63 in chips) 
Seat 3: AlexPinsk1 ($100 in chips) 
Seat 4: Ysiven ($100.50 in chips) 
Seat 5: xxxZeka ($100 in chips) 
Seat 6: fataleggs13 ($78.80 in chips) 
Ysiven: posts small blind $0.50
xxxZeka: posts big blind $1
*** HOLE CARDS ***
fataleggs13: raises $1.20 to $2.20
Sergioes91: folds 
gig.gyty: folds 
AlexPinsk1: folds 
Ysiven: folds 
xxxZeka: folds 
Uncalled bet ($1.20) returned to fataleggs13
fataleggs13 collected $2.50 from pot
fataleggs13: doesn't show hand 
*** SUMMARY ***
Total pot $2.50 | Rake $0 
Seat 1: Sergioes91 folded before Flop (didn't bet)
Seat 2: gig.gyty folded before Flop (didn't bet)
Seat 3: AlexPinsk1 (button) folded before Flop (didn't bet)
Seat 4: Ysiven (small blind) folded before Flop
Seat 5: xxxZeka (big blind) folded before Flop
Seat 6: fataleggs13 collected ($2.50)



PokerStars Hand #254416008609:  Hold'em No Limit ($0.50/$1.00 USD) - 2025/01/17 16:50:50 WET [2025/01/17 11:50:50 ET]
Table 'Eros IV' 6-max Seat #4 is the button
Seat 1: Sergioes91 ($100.70 in chips) 
Seat 2: gig.gyty ($158.63 in chips) 
Seat 3: AlexPinsk1 ($100 in chips) 
Seat 4: Ysiven ($100 in chips) 
Seat 5: xxxZeka ($100 in chips) 
Seat 6: fataleggs13 ($80.30 in chips) 
xxxZeka: posts small blind $0.50
fataleggs13: posts big blind $1
*** HOLE CARDS ***
Sergioes91: folds 
gig.gyty: folds 
AlexPinsk1: folds 
Ysiven: raises $1.50 to $2.50
xxxZeka: folds 
fataleggs13: calls $1.50
*** FLOP *** [Jh Kc 8c]
fataleggs13: checks 
Ysiven: bets $6.94
fataleggs13: raises $21.06 to $28
Ysiven: folds 
Uncalled bet ($21.06) returned to fataleggs13
fataleggs13 collected $18.41 from pot
fataleggs13: doesn't show hand 
*** SUMMARY ***
Total pot $19.38 | Rake $0.97 
Board [Jh Kc 8c]
Seat 1: Sergioes91 folded before Flop (didn't bet)
Seat 2: gig.gyty folded before Flop (didn't bet)
Seat 3: AlexPinsk1 folded before Flop (didn't bet)
Seat 4: Ysiven (button) folded on the Flop
Seat 5: xxxZeka (small blind) folded before Flop
Seat 6: fataleggs13 (big blind) collected ($18.41)



PokerStars Hand #254416021634:  Hold'em No Limit ($0.50/$1.00 USD) - 2025/01/17 16:51:47 WET [2025/01/17 11:51:47 ET]
Table 'Eros IV' 6-max Seat #5 is the button
Seat 1: Sergioes91 ($100.70 in chips) 
Seat 2: gig.gyty ($158.63 in chips) 
Seat 3: AlexPinsk1 ($100 in chips) 
Seat 4: Ysiven ($100 in chips) 
Seat 5: xxxZeka ($100 in chips) 
Seat 6: fataleggs13 ($89.27 in chips) 
fataleggs13: posts small blind $0.50
Sergioes91: posts big blind $1
*** HOLE CARDS ***
gig.gyty: folds 
AlexPinsk1: folds 
Ysiven: folds 
xxxZeka: folds 
fataleggs13: folds 
Uncalled bet ($0.50) returned to Sergioes91
Sergioes91 collected $1 from pot
Sergioes91: doesn't show hand 
*** SUMMARY ***
Total pot $1 | Rake $0 
Seat 1: Sergioes91 (big blind) collected ($1)
Seat 2: gig.gyty folded before Flop (didn't bet)
Seat 3: AlexPinsk1 folded before Flop (didn't bet)
Seat 4: Ysiven folded before Flop (didn't bet)
Seat 5: xxxZeka (button) folded before Flop (didn't bet)
Seat 6: fataleggs13 (small blind) folded before Flop



PokerStars Hand #254416027479:  Hold'em No Limit ($0.50/$1.00 USD) - 2025/01/17 16:52:13 WET [2025/01/17 11:52:13 ET]
Table 'Eros IV' 6-max Seat #6 is the button
Seat 1: Sergioes91 ($101.20 in chips) 
Seat 2: gig.gyty ($158.63 in chips) 
Seat 3: AlexPinsk1 ($100 in chips) 
Seat 4: Ysiven ($100 in chips) 
Seat 5: xxxZeka ($100 in chips) 
Seat 6: fataleggs13 ($88.77 in chips) 
Sergioes91: posts small blind $0.50
gig.gyty: posts big blind $1
*** HOLE CARDS ***
AlexPinsk1: folds 
Ysiven: folds 
xxxZeka: folds 
fataleggs13: folds 
Sergioes91: folds 
Uncalled bet ($0.50) returned to gig.gyty
gig.gyty collected $1 from pot
gig.gyty: doesn't show hand 
*** SUMMARY ***
Total pot $1 | Rake $0 
Seat 1: Sergioes91 (small blind) folded before Flop
Seat 2: gig.gyty (big blind) collected ($1)
Seat 3: AlexPinsk1 folded before Flop (didn't bet)
Seat 4: Ysiven folded before Flop (didn't bet)
Seat 5: xxxZeka folded before Flop (didn't bet)
Seat 6: fataleggs13 (button) folded before Flop (didn't bet)



PokerStars Hand #254416033314:  Hold'em No Limit ($0.50/$1.00 USD) - 2025/01/17 16:52:37 WET [2025/01/17 11:52:37 ET]
Table 'Eros IV' 6-max Seat #1 is the button
Seat 1: Sergioes91 ($100.70 in chips) 
Seat 2: gig.gyty ($159.13 in chips) 
Seat 3: AlexPinsk1 ($100 in chips) 
Seat 4: Ysiven ($100 in chips) 
Seat 5: xxxZeka ($100 in chips) 
Seat 6: fataleggs13 ($88.77 in chips) 
gig.gyty: posts small blind $0.50
AlexPinsk1: posts big blind $1
*** HOLE CARDS ***
Ysiven: folds 
xxxZeka: folds 
fataleggs13: raises $1.20 to $2.20
Sergioes91: folds 
gig.gyty: folds 
AlexPinsk1: folds 
Uncalled bet ($1.20) returned to fataleggs13
fataleggs13 collected $2.50 from pot
fataleggs13: doesn't show hand 
*** SUMMARY ***
Total pot $2.50 | Rake $0 
Seat 1: Sergioes91 (button) folded before Flop (didn't bet)
Seat 2: gig.gyty (small blind) folded before Flop
Seat 3: AlexPinsk1 (big blind) folded before Flop
Seat 4: Ysiven folded before Flop (didn't bet)
Seat 5: xxxZeka folded before Flop (didn't bet)
Seat 6: fataleggs13 collected ($2.50)



PokerStars Hand #254416041129:  Hold'em No Limit ($0.50/$1.00 USD) - 2025/01/17 16:53:11 WET [2025/01/17 11:53:11 ET]
Table 'Eros IV' 6-max Seat #2 is the button
Seat 1: Sergioes91 ($100.70 in chips) 
Seat 2: gig.gyty ($158.63 in chips) 
Seat 3: AlexPinsk1 ($100 in chips) 
Seat 4: Ysiven ($100 in chips) 
Seat 5: xxxZeka ($100 in chips) 
Seat 6: fataleggs13 ($90.27 in chips) 
AlexPinsk1: posts small blind $0.50
Ysiven: posts big blind $1
*** HOLE CARDS ***
xxxZeka: folds 
fataleggs13: raises $1.20 to $2.20
Sergioes91: folds 
gig.gyty: folds 
AlexPinsk1: folds 
Ysiven: folds 
Uncalled bet ($1.20) returned to fataleggs13
fataleggs13 collected $2.50 from pot
fataleggs13: doesn't show hand 
*** SUMMARY ***
Total pot $2.50 | Rake $0 
Seat 1: Sergioes91 folded before Flop (didn't bet)
Seat 2: gig.gyty (button) folded before Flop (didn't bet)
Seat 3: AlexPinsk1 (small blind) folded before Flop
Seat 4: Ysiven (big blind) folded before Flop
Seat 5: xxxZeka folded before Flop (didn't bet)
Seat 6: fataleggs13 collected ($2.50)



PokerStars Hand #254416047452:  Hold'em No Limit ($0.50/$1.00 USD) - 2025/01/17 16:53:38 WET [2025/01/17 11:53:38 ET]
Table 'Eros IV' 6-max Seat #3 is the button
Seat 1: Sergioes91 ($100.70 in chips) 
Seat 2: gig.gyty ($158.63 in chips) 
Seat 3: AlexPinsk1 ($100 in chips) 
Seat 4: Ysiven ($100 in chips) 
Seat 5: xxxZeka ($100 in chips) 
Seat 6: fataleggs13 ($91.77 in chips) 
Ysiven: posts small blind $0.50
xxxZeka: posts big blind $1
*** HOLE CARDS ***
fataleggs13: folds 
Sergioes91: folds 
gig.gyty: folds 
AlexPinsk1: raises $1.50 to $2.50
Ysiven: folds 
xxxZeka: folds 
Uncalled bet ($1.50) returned to AlexPinsk1
AlexPinsk1 collected $2.50 from pot
AlexPinsk1: doesn't show hand 
*** SUMMARY ***
Total pot $2.50 | Rake $0 
Seat 1: Sergioes91 folded before Flop (didn't bet)
Seat 2: gig.gyty folded before Flop (didn't bet)
Seat 3: AlexPinsk1 (button) collected ($2.50)
Seat 4: Ysiven (small blind) folded before Flop
Seat 5: xxxZeka (big blind) folded before Flop
Seat 6: fataleggs13 folded before Flop (didn't bet)



PokerStars Hand #254416051500:  Hold'em No Limit ($0.50/$1.00 USD) - 2025/01/17 16:53:55 WET [2025/01/17 11:53:55 ET]
Table 'Eros IV' 6-max Seat #4 is the button
Seat 1: Sergioes91 ($100.70 in chips) 
Seat 2: gig.gyty ($158.63 in chips) 
Seat 3: AlexPinsk1 ($101.50 in chips) 
Seat 4: Ysiven ($100 in chips) 
Seat 5: xxxZeka ($100 in chips) 
Seat 6: fataleggs13 ($91.77 in chips) 
xxxZeka: posts small blind $0.50
fataleggs13: posts big blind $1
*** HOLE CARDS ***
Sergioes91: folds 
gig.gyty: folds 
AlexPinsk1: folds 
Ysiven: folds 
xxxZeka: raises $1.50 to $2.50
fataleggs13: calls $1.50
*** FLOP *** [Kd 3s 9s]
xxxZeka: checks 
fataleggs13: bets $1.66
xxxZeka: folds 
Uncalled bet ($1.66) returned to fataleggs13
fataleggs13 collected $4.75 from pot
fataleggs13: doesn't show hand 
*** SUMMARY ***
Total pot $5 | Rake $0.25 
Board [Kd 3s 9s]
Seat 1: Sergioes91 folded before Flop (didn't bet)
Seat 2: gig.gyty folded before Flop (didn't bet)
Seat 3: AlexPinsk1 folded before Flop (didn't bet)
Seat 4: Ysiven (button) folded before Flop (didn't bet)
Seat 5: xxxZeka (small blind) folded on the Flop
Seat 6: fataleggs13 (big blind) collected ($4.75)



PokerStars Hand #254416061546:  Hold'em No Limit ($0.50/$1.00 USD) - 2025/01/17 16:54:38 WET [2025/01/17 11:54:38 ET]
Table 'Eros IV' 6-max Seat #5 is the button
Seat 1: Sergioes91 ($100.70 in chips) 
Seat 2: gig.gyty ($158.63 in chips) 
Seat 3: AlexPinsk1 ($101.50 in chips) 
Seat 4: Ysiven ($100 in chips) 
Seat 5: xxxZeka ($100 in chips) 
Seat 6: fataleggs13 ($94.02 in chips) 
fataleggs13: posts small blind $0.50
Sergioes91: posts big blind $1
*** HOLE CARDS ***
gig.gyty: folds 
AlexPinsk1: folds 
Ysiven: raises $1.30 to $2.30
xxxZeka: folds 
fataleggs13: raises $7.20 to $9.50
Sergioes91: calls $8.50
Ysiven: folds 
*** FLOP *** [8s 2h 4c]
fataleggs13: bets $7.08
Sergioes91: calls $7.08
*** TURN *** [8s 2h 4c] [9s]
fataleggs13: bets $11.79
Sergioes91: calls $11.79
*** RIVER *** [8s 2h 4c 9s] [2d]
fataleggs13: bets $42.41
Sergioes91: calls $42.41
*** SHOW DOWN ***
fataleggs13: shows [Kd Ah] (a pair of Deuces)
Sergioes91: shows [7d 7h] (two pair, Sevens and Deuces)
Sergioes91 collected $141.36 from pot
*** SUMMARY ***
Total pot $143.86 | Rake $2.50 
Board [8s 2h 4c 9s 2d]
Seat 1: Sergioes91 (big blind) showed [7d 7h] and won ($141.36) with two pair, Sevens and Deuces
Seat 2: gig.gyty folded before Flop (didn't bet)
Seat 3: AlexPinsk1 folded before Flop (didn't bet)
Seat 4: Ysiven folded before Flop
Seat 5: xxxZeka (button) folded before Flop (didn't bet)
Seat 6: fataleggs13 (small blind) showed [Kd Ah] and lost with a pair of Deuces



PokerStars Hand #254416073682:  Hold'em No Limit ($0.50/$1.00 USD) - 2025/01/17 16:55:36 WET [2025/01/17 11:55:36 ET]
Table 'Eros IV' 6-max Seat #6 is the button
Seat 1: Sergioes91 ($171.28 in chips) 
Seat 2: gig.gyty ($158.63 in chips) 
Seat 3: AlexPinsk1 ($101.50 in chips) 
Seat 4: Ysiven ($100 in chips) 
Seat 5: xxxZeka ($100 in chips) 
Seat 6: fataleggs13 ($75 in chips) 
Sergioes91: posts small blind $0.50
gig.gyty: posts big blind $1
*** HOLE CARDS ***
AlexPinsk1: folds 
Ysiven: folds 
xxxZeka: raises $1.50 to $2.50
fataleggs13: folds 
Sergioes91: folds 
gig.gyty: calls $1.50
*** FLOP *** [8h Th Jh]
gig.gyty: checks 
xxxZeka: checks 
*** TURN *** [8h Th Jh] [Td]
gig.gyty: bets $1.72
xxxZeka: calls $1.72
*** RIVER *** [8h Th Jh Td] [6s]
gig.gyty: checks 
xxxZeka: bets $6
gig.gyty: folds 
Uncalled bet ($6) returned to xxxZeka
xxxZeka collected $8.49 from pot
xxxZeka: doesn't show hand 
*** SUMMARY ***
Total pot $8.94 | Rake $0.45 
Board [8h Th Jh Td 6s]
Seat 1: Sergioes91 (small blind) folded before Flop
Seat 2: gig.gyty (big blind) folded on the River
Seat 3: AlexPinsk1 folded before Flop (didn't bet)
Seat 4: Ysiven folded before Flop (didn't bet)
Seat 5: xxxZeka collected ($8.49)
Seat 6: fataleggs13 (button) folded before Flop (didn't bet)



PokerStars Hand #254416089860:  Hold'em No Limit ($0.50/$1.00 USD) - 2025/01/17 16:57:04 WET [2025/01/17 11:57:04 ET]
Table 'Eros IV' 6-max Seat #1 is the button
Seat 1: Sergioes91 ($170.78 in chips) 
Seat 2: gig.gyty ($154.41 in chips) 
Seat 3: AlexPinsk1 ($101.50 in chips) 
Seat 4: Ysiven ($100 in chips) 
Seat 5: xxxZeka ($104.27 in chips) 
Seat 6: fataleggs13 ($100 in chips) 
gig.gyty: posts small blind $0.50
AlexPinsk1: posts big blind $1
*** HOLE CARDS ***
Ysiven: raises $1 to $2
xxxZeka: folds 
fataleggs13: folds 
Sergioes91: folds 
gig.gyty: folds 
AlexPinsk1: calls $1
*** FLOP *** [Ts 7s 8s]
AlexPinsk1: checks 
Ysiven: checks 
*** TURN *** [Ts 7s 8s] [6h]
AlexPinsk1: bets $3
Ysiven: calls $3
*** RIVER *** [Ts 7s 8s 6h] [9s]
AlexPinsk1: checks 
Ysiven: bets $9.98
AlexPinsk1: folds 
Uncalled bet ($9.98) returned to Ysiven
Ysiven collected $9.98 from pot
Ysiven: doesn't show hand 
*** SUMMARY ***
Total pot $10.50 | Rake $0.52 
Board [Ts 7s 8s 6h 9s]
Seat 1: Sergioes91 (button) folded before Flop (didn't bet)
Seat 2: gig.gyty (small blind) folded before Flop
Seat 3: AlexPinsk1 (big blind) folded on the River
Seat 4: Ysiven collected ($9.98)
Seat 5: xxxZeka folded before Flop (didn't bet)
Seat 6: fataleggs13 folded before Flop (didn't bet)



PokerStars Hand #254416111078:  Hold'em No Limit ($0.50/$1.00 USD) - 2025/01/17 16:59:00 WET [2025/01/17 11:59:00 ET]
Table 'Eros IV' 6-max Seat #2 is the button
Seat 1: Sergioes91 ($170.78 in chips) 
Seat 2: gig.gyty ($153.91 in chips) 
Seat 3: AlexPinsk1 ($100 in chips) 
Seat 4: Ysiven ($104.98 in chips) 
Seat 5: xxxZeka ($104.27 in chips) 
Seat 6: fataleggs13 ($100 in chips) 
AlexPinsk1: posts small blind $0.50
Ysiven: posts big blind $1
*** HOLE CARDS ***
xxxZeka: folds 
fataleggs13: folds 
Sergioes91: folds 
gig.gyty: folds 
AlexPinsk1: folds 
Uncalled bet ($0.50) returned to Ysiven
Ysiven collected $1 from pot
Ysiven: doesn't show hand 
*** SUMMARY ***
Total pot $1 | Rake $0 
Seat 1: Sergioes91 folded before Flop (didn't bet)
Seat 2: gig.gyty (button) folded before Flop (didn't bet)
Seat 3: AlexPinsk1 (small blind) folded before Flop
Seat 4: Ysiven (big blind) collected ($1)
Seat 5: xxxZeka folded before Flop (didn't bet)
Seat 6: fataleggs13 folded before Flop (didn't bet)



PokerStars Hand #254416114326:  Hold'em No Limit ($0.50/$1.00 USD) - 2025/01/17 16:59:17 WET [2025/01/17 11:59:17 ET]
Table 'Eros IV' 6-max Seat #3 is the button
Seat 1: Sergioes91 ($170.78 in chips) 
Seat 2: gig.gyty ($153.91 in chips) 
Seat 3: AlexPinsk1 ($100 in chips) 
Seat 4: Ysiven ($105.48 in chips) 
Seat 5: xxxZeka ($104.27 in chips) 
Seat 6: fataleggs13 ($100 in chips) 
Ysiven: posts small blind $0.50
xxxZeka: posts big blind $1
*** HOLE CARDS ***
fataleggs13: folds 
Sergioes91: folds 
gig.gyty: folds 
AlexPinsk1: raises $1.50 to $2.50
Sergioes91 leaves the table
Ysiven: raises $9.50 to $12
xxxZeka: folds 
AlexPinsk1: folds 
Uncalled bet ($9.50) returned to Ysiven
Ysiven collected $6 from pot
Ysiven: doesn't show hand 
*** SUMMARY ***
Total pot $6 | Rake $0 
Seat 1: Sergioes91 folded before Flop (didn't bet)
Seat 2: gig.gyty folded before Flop (didn't bet)
Seat 3: AlexPinsk1 (button) folded before Flop
Seat 4: Ysiven (small blind) collected ($6)
Seat 5: xxxZeka (big blind) folded before Flop
Seat 6: fataleggs13 folded before Flop (didn't bet)



PokerStars Hand #254416118625:  Hold'em No Limit ($0.50/$1.00 USD) - 2025/01/17 16:59:40 WET [2025/01/17 11:59:40 ET]
Table 'Eros IV' 6-max Seat #4 is the button
Seat 2: gig.gyty ($153.91 in chips) 
Seat 3: AlexPinsk1 ($100 in chips) 
Seat 4: Ysiven ($108.98 in chips) 
Seat 5: xxxZeka ($103.27 in chips) 
Seat 6: fataleggs13 ($100 in chips) 
xxxZeka: posts small blind $0.50
fataleggs13: posts big blind $1
*** HOLE CARDS ***
gig.gyty: raises $1.25 to $2.25
AlexPinsk1: raises $4.75 to $7
Ysiven: folds 
xxxZeka: folds 
fataleggs13: folds 
gig.gyty: folds 
Uncalled bet ($4.75) returned to AlexPinsk1
AlexPinsk1 collected $6 from pot
AlexPinsk1: doesn't show hand 
*** SUMMARY ***
Total pot $6 | Rake $0 
Seat 2: gig.gyty folded before Flop
Seat 3: AlexPinsk1 collected ($6)
Seat 4: Ysiven (button) folded before Flop (didn't bet)
Seat 5: xxxZeka (small blind) folded before Flop
Seat 6: fataleggs13 (big blind) folded before Flop



PokerStars Hand #254416123782:  Hold'em No Limit ($0.50/$1.00 USD) - 2025/01/17 17:00:08 WET [2025/01/17 12:00:08 ET]
Table 'Eros IV' 6-max Seat #5 is the button
Seat 2: gig.gyty ($151.66 in chips) 
Seat 3: AlexPinsk1 ($103.75 in chips) 
Seat 4: Ysiven ($108.98 in chips) 
Seat 5: xxxZeka ($102.77 in chips) 
Seat 6: fataleggs13 ($99 in chips) 
fataleggs13: posts small blind $0.50
gig.gyty: posts big blind $1
*** HOLE CARDS ***
AlexPinsk1: raises $1.50 to $2.50
Ysiven: folds 
UnderC@t joins the table at seat #1 
xxxZeka: folds 
fataleggs13: folds 
gig.gyty: raises $8.50 to $11
AlexPinsk1: calls $8.50
*** FLOP *** [Qd 9c Ad]
gig.gyty: checks 
AlexPinsk1: checks 
*** TURN *** [Qd 9c Ad] [9h]
gig.gyty: bets $21.40
AlexPinsk1: folds 
Uncalled bet ($21.40) returned to gig.gyty
gig.gyty collected $21.38 from pot
gig.gyty: doesn't show hand 
*** SUMMARY ***
Total pot $22.50 | Rake $1.12 
Board [Qd 9c Ad 9h]
Seat 2: gig.gyty (big blind) collected ($21.38)
Seat 3: AlexPinsk1 folded on the Turn
Seat 4: Ysiven folded before Flop (didn't bet)
Seat 5: xxxZeka (button) folded before Flop (didn't bet)
Seat 6: fataleggs13 (small blind) folded before Flop



PokerStars Hand #254416145865:  Hold'em No Limit ($0.50/$1.00 USD) - 2025/01/17 17:01:52 WET [2025/01/17 12:01:52 ET]
Table 'Eros IV' 6-max Seat #6 is the button
Seat 1: UnderC@t ($100 in chips) is sitting out
Seat 2: gig.gyty ($162.04 in chips) 
Seat 3: AlexPinsk1 ($100 in chips) 
Seat 4: Ysiven ($108.98 in chips) 
Seat 5: xxxZeka ($102.77 in chips) 
Seat 6: fataleggs13 ($98.50 in chips) 
gig.gyty: posts small blind $0.50
AlexPinsk1: posts big blind $1
*** HOLE CARDS ***
Ysiven: folds 
xxxZeka: folds 
fataleggs13: folds 
gig.gyty: folds 
Uncalled bet ($0.50) returned to AlexPinsk1
AlexPinsk1 collected $1 from pot
AlexPinsk1: doesn't show hand 
*** SUMMARY ***
Total pot $1 | Rake $0 
Seat 1: UnderC@t
Seat 2: gig.gyty (small blind) folded before Flop
Seat 3: AlexPinsk1 (big blind) collected ($1)
Seat 4: Ysiven folded before Flop (didn't bet)
Seat 5: xxxZeka folded before Flop (didn't bet)
Seat 6: fataleggs13 (button) folded before Flop (didn't bet)



PokerStars Hand #254416148768:  Hold'em No Limit ($0.50/$1.00 USD) - 2025/01/17 17:02:04 WET [2025/01/17 12:02:04 ET]
Table 'Eros IV' 6-max Seat #2 is the button
Seat 1: UnderC@t ($100 in chips) is sitting out
Seat 2: gig.gyty ($161.54 in chips) 
Seat 3: AlexPinsk1 ($100.50 in chips) 
Seat 4: Ysiven ($108.98 in chips) 
Seat 5: xxxZeka ($102.77 in chips) 
Seat 6: fataleggs13 ($98.50 in chips) 
AlexPinsk1: posts small blind $0.50
Ysiven: posts big blind $1
UnderC@t: sits out 
*** HOLE CARDS ***
xxxZeka: folds 
fataleggs13: folds 
gig.gyty: folds 
AlexPinsk1: raises $2 to $3
Ysiven: folds 
Uncalled bet ($2) returned to AlexPinsk1
AlexPinsk1 collected $2 from pot
AlexPinsk1: doesn't show hand 
*** SUMMARY ***
Total pot $2 | Rake $0 
Seat 1: UnderC@t
Seat 2: gig.gyty (button) folded before Flop (didn't bet)
Seat 3: AlexPinsk1 (small blind) collected ($2)
Seat 4: Ysiven (big blind) folded before Flop
Seat 5: xxxZeka folded before Flop (didn't bet)
Seat 6: fataleggs13 folded before Flop (didn't bet)



PokerStars Hand #254416155418:  Hold'em No Limit ($0.50/$1.00 USD) - 2025/01/17 17:02:33 WET [2025/01/17 12:02:33 ET]
Table 'Eros IV' 6-max Seat #3 is the button
Seat 1: UnderC@t ($100 in chips) is sitting out
Seat 5: xxxZeka ($102.77 in chips) is sitting out
Seat 2: gig.gyty ($161.54 in chips) 
Seat 3: AlexPinsk1 ($101.50 in chips) 
Seat 4: Ysiven ($107.98 in chips) 
Seat 6: fataleggs13 ($98.50 in chips) 
Ysiven: posts small blind $0.50
xxxZeka: is sitting out 
fataleggs13: posts big blind $1
UnderC@t: sits out 
*** HOLE CARDS ***
gig.gyty: folds 
UnderC@t leaves the table
AlexPinsk1: raises $1.50 to $2.50
Ysiven: folds 
fataleggs13: raises $8.50 to $11
xxxZeka leaves the table
AlexPinsk1: folds 
Uncalled bet ($8.50) returned to fataleggs13
fataleggs13 collected $5.50 from pot
fataleggs13: doesn't show hand 
*** SUMMARY ***
Total pot $5.50 | Rake $0 
Seat 1: UnderC@t
Seat 5: xxxZeka
Seat 2: gig.gyty folded before Flop (didn't bet)
Seat 3: AlexPinsk1 (button) folded before Flop
Seat 4: Ysiven (small blind) folded before Flop
Seat 6: fataleggs13 (big blind) collected ($5.50)



PokerStars Hand #254416159411:  Hold'em No Limit ($0.50/$1.00 USD) - 2025/01/17 17:02:49 WET [2025/01/17 12:02:49 ET]
Table 'Eros IV' 6-max Seat #4 is the button
Seat 2: gig.gyty ($161.54 in chips) 
Seat 3: AlexPinsk1 ($100 in chips) 
Seat 4: Ysiven ($107.48 in chips) 
Seat 6: fataleggs13 ($101.50 in chips) 
fataleggs13: posts small blind $0.50
gig.gyty: posts big blind $1
*** HOLE CARDS ***
AlexPinsk1: folds 
Ysiven: folds 
fataleggs13: folds 
Uncalled bet ($0.50) returned to gig.gyty
gig.gyty collected $1 from pot
gig.gyty: doesn't show hand 
*** SUMMARY ***
Total pot $1 | Rake $0 
Seat 2: gig.gyty (big blind) collected ($1)
Seat 3: AlexPinsk1 folded before Flop (didn't bet)
Seat 4: Ysiven (button) folded before Flop (didn't bet)
Seat 6: fataleggs13 (small blind) folded before Flop



PokerStars Hand #254416161301:  Hold'em No Limit ($0.50/$1.00 USD) - 2025/01/17 17:02:57 WET [2025/01/17 12:02:57 ET]
Table 'Eros IV' 6-max Seat #6 is the button
Seat 2: gig.gyty ($162.04 in chips) 
Seat 3: AlexPinsk1 ($100 in chips) 
Seat 4: Ysiven ($107.48 in chips) 
Seat 6: fataleggs13 ($101 in chips) 
gig.gyty: posts small blind $0.50
AlexPinsk1: posts big blind $1
*** HOLE CARDS ***
Ysiven: raises $1.30 to $2.30
fataleggs13: folds 
gig.gyty: raises $8.70 to $11
AlexPinsk1: folds 
Ysiven: raises $14 to $25
gig.gyty: folds 
Uncalled bet ($14) returned to Ysiven
Ysiven collected $23 from pot
Ysiven: doesn't show hand 
*** SUMMARY ***
Total pot $23 | Rake $0 
Seat 2: gig.gyty (small blind) folded before Flop
Seat 3: AlexPinsk1 (big blind) folded before Flop
Seat 4: Ysiven collected ($23)
Seat 6: fataleggs13 (button) folded before Flop (didn't bet)



PokerStars Hand #254416169503:  Hold'em No Limit ($0.50/$1.00 USD) - 2025/01/17 17:03:32 WET [2025/01/17 12:03:32 ET]
Table 'Eros IV' 6-max Seat #2 is the button
Seat 2: gig.gyty ($151.04 in chips) 
Seat 3: AlexPinsk1 ($100 in chips) 
Seat 4: Ysiven ($119.48 in chips) 
Seat 6: fataleggs13 ($101 in chips) 
AlexPinsk1: posts small blind $0.50
Ysiven: posts big blind $1
*** HOLE CARDS ***
fataleggs13: folds 
gig.gyty: folds 
AlexPinsk1: folds 
Uncalled bet ($0.50) returned to Ysiven
Ysiven collected $1 from pot
Ysiven: doesn't show hand 
*** SUMMARY ***
Total pot $1 | Rake $0 
Seat 2: gig.gyty (button) folded before Flop (didn't bet)
Seat 3: AlexPinsk1 (small blind) folded before Flop
Seat 4: Ysiven (big blind) collected ($1)
Seat 6: fataleggs13 folded before Flop (didn't bet)



PokerStars Hand #254416173718:  Hold'em No Limit ($0.50/$1.00 USD) - 2025/01/17 17:03:50 WET [2025/01/17 12:03:50 ET]
Table 'Eros IV' 6-max Seat #3 is the button
Seat 2: gig.gyty ($151.04 in chips) 
Seat 3: AlexPinsk1 ($100 in chips) 
Seat 4: Ysiven ($119.98 in chips) 
Seat 6: fataleggs13 ($101 in chips) 
Ysiven: posts small blind $0.50
fataleggs13: posts big blind $1
*** HOLE CARDS ***
gig.gyty: raises $1.25 to $2.25
AlexPinsk1: folds 
Ysiven: folds 
fataleggs13: raises $7.75 to $10
gig.gyty: calls $7.75
*** FLOP *** [Tc Jc 3c]
fataleggs13: checks 
gig.gyty: checks 
*** TURN *** [Tc Jc 3c] [3h]
fataleggs13: bets $10.14
gig.gyty: folds 
Uncalled bet ($10.14) returned to fataleggs13
fataleggs13 collected $19.50 from pot
fataleggs13: doesn't show hand 
*** SUMMARY ***
Total pot $20.50 | Rake $1 
Board [Tc Jc 3c 3h]
Seat 2: gig.gyty folded on the Turn
Seat 3: AlexPinsk1 (button) folded before Flop (didn't bet)
Seat 4: Ysiven (small blind) folded before Flop
Seat 6: fataleggs13 (big blind) collected ($19.50)



PokerStars Hand #254416187993:  Hold'em No Limit ($0.50/$1.00 USD) - 2025/01/17 17:04:49 WET [2025/01/17 12:04:49 ET]
Table 'Eros IV' 6-max Seat #4 is the button
Seat 2: gig.gyty ($141.04 in chips) 
Seat 3: AlexPinsk1 ($100 in chips) 
Seat 4: Ysiven ($119.48 in chips) 
Seat 6: fataleggs13 ($110.50 in chips) 
fataleggs13: posts small blind $0.50
gig.gyty: posts big blind $1
*** HOLE CARDS ***
AlexPinsk1: raises $1.50 to $2.50
Ysiven: raises $5 to $7.50
fataleggs13: folds 
gig.gyty: raises $13 to $20.50
AlexPinsk1: folds 
Ysiven: folds 
Uncalled bet ($13) returned to gig.gyty
gig.gyty collected $18 from pot
gig.gyty: doesn't show hand 
*** SUMMARY ***
Total pot $18 | Rake $0 
Seat 2: gig.gyty (big blind) collected ($18)
Seat 3: AlexPinsk1 folded before Flop
Seat 4: Ysiven (button) folded before Flop
Seat 6: fataleggs13 (small blind) folded before Flop



PokerStars Hand #254416198834:  Hold'em No Limit ($0.50/$1.00 USD) - 2025/01/17 17:05:34 WET [2025/01/17 12:05:34 ET]
Table 'Eros IV' 6-max Seat #6 is the button
Seat 2: gig.gyty ($151.54 in chips) 
Seat 3: AlexPinsk1 ($100 in chips) 
Seat 4: Ysiven ($111.98 in chips) 
Seat 6: fataleggs13 ($110 in chips) 
gig.gyty: posts small blind $0.50
AlexPinsk1: posts big blind $1
*** HOLE CARDS ***
Ysiven: folds 
fataleggs13: folds 
gig.gyty: folds 
Uncalled bet ($0.50) returned to AlexPinsk1
AlexPinsk1 collected $1 from pot
AlexPinsk1: doesn't show hand 
*** SUMMARY ***
Total pot $1 | Rake $0 
Seat 2: gig.gyty (small blind) folded before Flop
Seat 3: AlexPinsk1 (big blind) collected ($1)
Seat 4: Ysiven folded before Flop (didn't bet)
Seat 6: fataleggs13 (button) folded before Flop (didn't bet)



PokerStars Hand #254416205753:  Hold'em No Limit ($0.50/$1.00 USD) - 2025/01/17 17:06:02 WET [2025/01/17 12:06:02 ET]
Table 'Eros IV' 6-max Seat #2 is the button
Seat 2: gig.gyty ($151.04 in chips) 
Seat 3: AlexPinsk1 ($100.50 in chips) 
Seat 4: Ysiven ($111.98 in chips) 
Seat 6: fataleggs13 ($110 in chips) 
AlexPinsk1: posts small blind $0.50
Ysiven: posts big blind $1
*** HOLE CARDS ***
dreimis190 joins the table at seat #1 
70peppino joins the table at seat #5 
fataleggs13: folds 
gig.gyty: folds 
AlexPinsk1: raises $2 to $3
Ysiven: calls $2
*** FLOP *** [3s 5s 3d]
AlexPinsk1: checks 
Ysiven: checks 
*** TURN *** [3s 5s 3d] [7d]
AlexPinsk1: bets $4.28
Ysiven: calls $4.28
*** RIVER *** [3s 5s 3d 7d] [4s]
AlexPinsk1: bets $10
Ysiven: calls $10
*** SHOW DOWN ***
AlexPinsk1: shows [Qs 9d] (a pair of Threes)
Ysiven: shows [6c 9c] (a straight, Three to Seven)
Ysiven collected $33.56 from pot
*** SUMMARY ***
Total pot $34.56 | Rake $1 
Board [3s 5s 3d 7d 4s]
Seat 2: gig.gyty (button) folded before Flop (didn't bet)
Seat 3: AlexPinsk1 (small blind) showed [Qs 9d] and lost with a pair of Threes
Seat 4: Ysiven (big blind) showed [6c 9c] and won ($33.56) with a straight, Three to Seven
Seat 6: fataleggs13 folded before Flop (didn't bet)



PokerStars Hand #254416224075:  Hold'em No Limit ($0.50/$1.00 USD) - 2025/01/17 17:07:18 WET [2025/01/17 12:07:18 ET]
Table 'Eros IV' 6-max Seat #3 is the button
Seat 1: dreimis190 ($100 in chips) is sitting out
Seat 2: gig.gyty ($151.04 in chips) 
Seat 3: AlexPinsk1 ($100 in chips) 
Seat 4: Ysiven ($128.26 in chips) 
Seat 5: 70peppino ($102.20 in chips) 
Seat 6: fataleggs13 ($110 in chips) 
Ysiven: posts small blind $0.50
70peppino: posts big blind $1
dreimis190: sits out 
*** HOLE CARDS ***
fataleggs13: folds 
gig.gyty: raises $1.25 to $2.25
AlexPinsk1: folds 
Ysiven: raises $8.75 to $11
70peppino: folds 
gig.gyty: folds 
Uncalled bet ($8.75) returned to Ysiven
Ysiven collected $5.50 from pot
Ysiven: doesn't show hand 
*** SUMMARY ***
Total pot $5.50 | Rake $0 
Seat 1: dreimis190
Seat 2: gig.gyty folded before Flop
Seat 3: AlexPinsk1 (button) folded before Flop (didn't bet)
Seat 4: Ysiven (small blind) collected ($5.50)
Seat 5: 70peppino (big blind) folded before Flop
Seat 6: fataleggs13 folded before Flop (didn't bet)



PokerStars Hand #254416234191:  Hold'em No Limit ($0.50/$1.00 USD) - 2025/01/17 17:08:00 WET [2025/01/17 12:08:00 ET]
Table 'Eros IV' 6-max Seat #4 is the button
Seat 1: dreimis190 ($100 in chips) is sitting out
Seat 2: gig.gyty ($148.79 in chips) 
Seat 3: AlexPinsk1 ($100 in chips) 
Seat 4: Ysiven ($131.51 in chips) 
Seat 5: 70peppino ($101.20 in chips) 
Seat 6: fataleggs13 ($110 in chips) 
70peppino: posts small blind $0.50
fataleggs13: posts big blind $1
dreimis190: sits out 
*** HOLE CARDS ***
gig.gyty: folds 
AlexPinsk1: folds 
Ysiven: folds 
70peppino: folds 
Uncalled bet ($0.50) returned to fataleggs13
fataleggs13 collected $1 from pot
fataleggs13: doesn't show hand 
*** SUMMARY ***
Total pot $1 | Rake $0 
Seat 1: dreimis190
Seat 2: gig.gyty folded before Flop (didn't bet)
Seat 3: AlexPinsk1 folded before Flop (didn't bet)
Seat 4: Ysiven (button) folded before Flop (didn't bet)
Seat 5: 70peppino (small blind) folded before Flop
Seat 6: fataleggs13 (big blind) collected ($1)



PokerStars Hand #254416236410:  Hold'em No Limit ($0.50/$1.00 USD) - 2025/01/17 17:08:09 WET [2025/01/17 12:08:09 ET]
Table 'Eros IV' 6-max Seat #5 is the button
Seat 1: dreimis190 ($100 in chips) 
Seat 2: gig.gyty ($148.79 in chips) 
Seat 3: AlexPinsk1 ($100 in chips) 
Seat 4: Ysiven ($131.51 in chips) 
Seat 5: 70peppino ($100.70 in chips) 
Seat 6: fataleggs13 ($110.50 in chips) 
fataleggs13: posts small blind $0.50
dreimis190: posts big blind $1
*** HOLE CARDS ***
gig.gyty: folds 
AlexPinsk1: folds 
Ysiven: folds 
70peppino: folds 
fataleggs13: folds 
Uncalled bet ($0.50) returned to dreimis190
dreimis190 collected $1 from pot
dreimis190: doesn't show hand 
*** SUMMARY ***
Total pot $1 | Rake $0 
Seat 1: dreimis190 (big blind) collected ($1)
Seat 2: gig.gyty folded before Flop (didn't bet)
Seat 3: AlexPinsk1 folded before Flop (didn't bet)
Seat 4: Ysiven folded before Flop (didn't bet)
Seat 5: 70peppino (button) folded before Flop (didn't bet)
Seat 6: fataleggs13 (small blind) folded before Flop



PokerStars Hand #254416239175:  Hold'em No Limit ($0.50/$1.00 USD) - 2025/01/17 17:08:21 WET [2025/01/17 12:08:21 ET]
Table 'Eros IV' 6-max Seat #6 is the button
Seat 2: gig.gyty ($148.79 in chips) is sitting out
Seat 3: AlexPinsk1 ($100 in chips) is sitting out
Seat 1: dreimis190 ($100.50 in chips) 
Seat 4: Ysiven ($131.51 in chips) 
Seat 5: 70peppino ($100.70 in chips) 
Seat 6: fataleggs13 ($110 in chips) 
dreimis190: posts small blind $0.50
gig.gyty: is sitting out 
AlexPinsk1: is sitting out 
Ysiven: posts big blind $1
*** HOLE CARDS ***
AlexPinsk1 leaves the table
70peppino: folds 
gig.gyty leaves the table
fataleggs13: raises $1.50 to $2.50
dreimis190: folds 
Ysiven: folds 
Uncalled bet ($1.50) returned to fataleggs13
fataleggs13 collected $2.50 from pot
fataleggs13: doesn't show hand 
*** SUMMARY ***
Total pot $2.50 | Rake $0 
Seat 2: gig.gyty
Seat 3: AlexPinsk1
Seat 1: dreimis190 (small blind) folded before Flop
Seat 4: Ysiven (big blind) folded before Flop
Seat 5: 70peppino folded before Flop (didn't bet)
Seat 6: fataleggs13 (button) collected ($2.50)



PokerStars Hand #254416243658:  Hold'em No Limit ($0.50/$1.00 USD) - 2025/01/17 17:08:40 WET [2025/01/17 12:08:40 ET]
Table 'Eros IV' 6-max Seat #1 is the button
Seat 1: dreimis190 ($100 in chips) 
Seat 4: Ysiven ($130.51 in chips) 
Seat 5: 70peppino ($100.70 in chips) 
Seat 6: fataleggs13 ($111.50 in chips) 
Ysiven: posts small blind $0.50
70peppino: posts big blind $1
*** HOLE CARDS ***
fataleggs13: raises $1.20 to $2.20
dreimis190: folds 
Ysiven: folds 
70peppino: folds 
Uncalled bet ($1.20) returned to fataleggs13
fataleggs13 collected $2.50 from pot
fataleggs13: doesn't show hand 
*** SUMMARY ***
Total pot $2.50 | Rake $0 
Seat 1: dreimis190 (button) folded before Flop (didn't bet)
Seat 4: Ysiven (small blind) folded before Flop
Seat 5: 70peppino (big blind) folded before Flop
Seat 6: fataleggs13 collected ($2.50)



PokerStars Hand #254416248130:  Hold'em No Limit ($0.50/$1.00 USD) - 2025/01/17 17:08:58 WET [2025/01/17 12:08:58 ET]
Table 'Eros IV' 6-max Seat #5 is the button
Seat 1: dreimis190 ($100 in chips) is sitting out
Seat 6: fataleggs13 ($113 in chips) is sitting out
Seat 4: Ysiven ($130.01 in chips) 
Seat 5: 70peppino ($100 in chips) 
70peppino: posts small blind $0.50
fataleggs13: is sitting out 
dreimis190: is sitting out 
Ysiven: posts big blind $1
*** HOLE CARDS ***
70peppino: folds 
Uncalled bet ($0.50) returned to Ysiven
Ysiven collected $1 from pot
Ysiven: doesn't show hand 
*** SUMMARY ***
Total pot $1 | Rake $0 
Seat 1: dreimis190
Seat 6: fataleggs13
Seat 4: Ysiven (big blind) collected ($1)
Seat 5: 70peppino (button) (small blind) folded before Flop



PokerStars Hand #254416290276:  Hold'em No Limit ($0.50/$1.00 USD) - 2025/01/17 17:11:49 WET [2025/01/17 12:11:49 ET]
Table 'Eros IV' 6-max Seat #6 is the button
Seat 4: Ysiven ($130.51 in chips) 
Seat 6: coeeeelho ($100 in chips) 
coeeeelho: posts small blind $0.50
Ysiven: posts big blind $1
*** HOLE CARDS ***
coeeeelho: raises $1.50 to $2.50
Ysiven: calls $1.50
*** FLOP *** [7s 3h 6s]
Ysiven: checks 
coeeeelho: checks 
*** TURN *** [7s 3h 6s] [7c]
Ysiven: bets $12.50
coeeeelho: raises $12.50 to $25
Ysiven: calls $12.50
*** RIVER *** [7s 3h 6s 7c] [8d]
Ysiven: checks 
coeeeelho: bets $72.50 and is all-in
Ysiven: folds 
Uncalled bet ($72.50) returned to coeeeelho
AIien Hand joins the table at seat #2 
coeeeelho collected $54 from pot
*** SUMMARY ***
Total pot $55 | Rake $1 
Board [7s 3h 6s 7c 8d]
Seat 4: Ysiven (big blind) folded on the River
Seat 6: coeeeelho (button) (small blind) collected ($54)



PokerStars Hand #254416312114:  Hold'em No Limit ($0.50/$1.00 USD) - 2025/01/17 17:13:17 WET [2025/01/17 12:13:17 ET]
Table 'Eros IV' 6-max Seat #4 is the button
Seat 2: AIien Hand ($100 in chips) 
Seat 4: Ysiven ($103.01 in chips) 
Ysiven: posts small blind $0.50
AIien Hand: posts big blind $1
*** HOLE CARDS ***
Ysiven: raises $1.50 to $2.50
AIien Hand: calls $1.50
*** FLOP *** [As Ac 3h]
AIien Hand: checks 
Ysiven: bets $1.57
AIien Hand: raises $2.37 to $3.94
Ysiven: folds 
Uncalled bet ($2.37) returned to AIien Hand
AIien Hand collected $7.73 from pot
AIien Hand: doesn't show hand 
*** SUMMARY ***
Total pot $8.14 | Rake $0.41 
Board [As Ac 3h]
Seat 2: AIien Hand (big blind) collected ($7.73)
Seat 4: Ysiven (button) (small blind) folded on the Flop



