PokerStars Hand #254410208029:  Hold'em No Limit ($0.50/$1.00 USD) - 2025/01/17 4:10:01 WET [2025/01/16 23:10:01 ET]
Table 'Hirundo III' 6-max Seat #1 is the button
Seat 4: big"mf"serg ($0 in chips) is sitting out
Seat 1: Rysiff ($100 in chips) 
Seat 2: B1GBankroll ($103.22 in chips) 
Seat 3: steelNike ($189.72 in chips) 
Seat 5: 7bekon7 ($101 in chips) 
Seat 6: Manifestorr ($100 in chips) 
B1GBankroll: posts small blind $0.50
steelNike: posts big blind $1
*** HOLE CARDS ***
7bekon7: raises $1.25 to $2.25
Manifestorr: folds 
big"mf"serg leaves the table
Rysiff: folds 
B1GBankroll: folds 
steelNike: folds 
Uncalled bet ($1.25) returned to 7bekon7
7bekon7 collected $2.50 from pot
7bekon7: doesn't show hand 
*** SUMMARY ***
Total pot $2.50 | Rake $0 
Seat 4: big"mf"serg
Seat 1: Rysiff (button) folded before Flop (didn't bet)
Seat 2: B1GBankroll (small blind) folded before Flop
Seat 3: steelNike (big blind) folded before Flop
Seat 5: 7bekon7 collected ($2.50)
Seat 6: Manifestorr folded before Flop (didn't bet)



PokerStars Hand #254410209544:  Hold'em No Limit ($0.50/$1.00 USD) - 2025/01/17 4:10:16 WET [2025/01/16 23:10:16 ET]
Table 'Hirundo III' 6-max Seat #2 is the button
Seat 1: Rysiff ($100 in chips) 
Seat 2: B1GBankroll ($102.72 in chips) 
Seat 3: steelNike ($188.72 in chips) 
Seat 5: 7bekon7 ($102.50 in chips) 
Seat 6: Manifestorr ($100 in chips) 
steelNike: posts small blind $0.50
7bekon7: posts big blind $1
*** HOLE CARDS ***
Manifestorr: folds 
Rysiff: folds 
B1GBankroll: folds 
steelNike: folds 
Uncalled bet ($0.50) returned to 7bekon7
7bekon7 collected $1 from pot
7bekon7: doesn't show hand 
*** SUMMARY ***
Total pot $1 | Rake $0 
Seat 1: Rysiff folded before Flop (didn't bet)
Seat 2: B1GBankroll (button) folded before Flop (didn't bet)
Seat 3: steelNike (small blind) folded before Flop
Seat 5: 7bekon7 (big blind) collected ($1)
Seat 6: Manifestorr folded before Flop (didn't bet)



PokerStars Hand #254410211764:  Hold'em No Limit ($0.50/$1.00 USD) - 2025/01/17 4:10:37 WET [2025/01/16 23:10:37 ET]
Table 'Hirundo III' 6-max Seat #3 is the button
Seat 1: Rysiff ($100 in chips) 
Seat 2: B1GBankroll ($102.72 in chips) 
Seat 3: steelNike ($188.22 in chips) 
Seat 5: 7bekon7 ($103 in chips) 
Seat 6: Manifestorr ($100 in chips) 
7bekon7: posts small blind $0.50
Manifestorr: posts big blind $1
*** HOLE CARDS ***
Rysiff: raises $1.50 to $2.50
B1GBankroll: raises $5 to $7.50
steelNike: folds 
7bekon7: folds 
Manifestorr: folds 
Rysiff: folds 
Uncalled bet ($5) returned to B1GBankroll
B1GBankroll collected $6.50 from pot
B1GBankroll: doesn't show hand 
*** SUMMARY ***
Total pot $6.50 | Rake $0 
Seat 1: Rysiff folded before Flop
Seat 2: B1GBankroll collected ($6.50)
Seat 3: steelNike (button) folded before Flop (didn't bet)
Seat 5: 7bekon7 (small blind) folded before Flop
Seat 6: Manifestorr (big blind) folded before Flop



PokerStars Hand #254410216960:  Hold'em No Limit ($0.50/$1.00 USD) - 2025/01/17 4:11:25 WET [2025/01/16 23:11:25 ET]
Table 'Hirundo III' 6-max Seat #5 is the button
Seat 1: Rysiff ($100 in chips) is sitting out
Seat 2: B1GBankroll ($106.72 in chips) 
Seat 3: steelNike ($188.22 in chips) 
Seat 5: 7bekon7 ($102.50 in chips) 
Seat 6: Manifestorr ($100 in chips) 
Manifestorr: posts small blind $0.50
Rysiff: is sitting out 
B1GBankroll: posts big blind $1
*** HOLE CARDS ***
steelNike: folds 
steelNike leaves the table
7bekon7: raises $1.25 to $2.25
Manifestorr: raises $8.75 to $11
B1GBankroll: folds 
7bekon7: folds 
Uncalled bet ($8.75) returned to Manifestorr
Manifestorr collected $5.50 from pot
*** SUMMARY ***
Total pot $5.50 | Rake $0 
Seat 1: Rysiff
Seat 2: B1GBankroll (big blind) folded before Flop
Seat 3: steelNike folded before Flop (didn't bet)
Seat 5: 7bekon7 (button) folded before Flop
Seat 6: Manifestorr (small blind) collected ($5.50)



