PokerStars Hand #254413362438:  Hold'em No Limit ($0.50/$1.00 USD) - 2025/01/17 13:02:01 WET [2025/01/17 8:02:01 ET]
Table 'Zech II' 6-max Seat #1 is the button
Seat 1: ImaPeppaPig ($100 in chips) 
Seat 4: Danigz152 ($10 in chips) 
ImaPeppaPig: posts small blind $0.50
Danigz152: posts big blind $1
*** HOLE CARDS ***
ImaPeppaPig: raises $99 to $100 and is all-in
Danigz152: calls $9 and is all-in
Uncalled bet ($90) returned to ImaPeppaPig
*** FLOP *** [Js 8d Ah]
franco232315 joins the table at seat #5 
*** TURN *** [Js 8d Ah] [Qd]
*** RIVER *** [Js 8d Ah Qd] [Th]
*** SHOW DOWN ***
Danigz152: shows [7s Jc] (a pair of Jacks)
ImaPeppaPig: shows [4c 4s] (a pair of Fours)
Danigz152 collected $19 from pot
*** SUMMARY ***
Total pot $20 | Rake $1 
Board [Js 8d Ah Qd Th]
Seat 1: ImaPeppaPig (button) (small blind) showed [4c 4s] and lost with a pair of Fours
Seat 4: Danigz152 (big blind) showed [7s Jc] and won ($19) with a pair of Jacks



PokerStars Hand #254413364770:  Hold'em No Limit ($0.50/$1.00 USD) - 2025/01/17 13:02:16 WET [2025/01/17 8:02:16 ET]
Table 'Zech II' 6-max Seat #1 is the button
Seat 1: ImaPeppaPig ($100 in chips) 
Seat 4: Danigz152 ($19 in chips) 
Seat 5: franco232315 ($100 in chips) 
Danigz152: posts small blind $0.50
franco232315: posts big blind $1
*** HOLE CARDS ***
nickreason17 joins the table at seat #6 
ImaPeppaPig: raises $1.50 to $2.50
Danigz152: calls $2
franco232315: raises $10.50 to $13
ImaPeppaPig: folds 
Danigz152: raises $6 to $19 and is all-in
franco232315: calls $6
*** FLOP *** [2c Jh 3d]
*** TURN *** [2c Jh 3d] [Ts]
*** RIVER *** [2c Jh 3d Ts] [2s]
*** SHOW DOWN ***
Danigz152: shows [Kd 9d] (a pair of Deuces)
franco232315: shows [Ah 8h] (a pair of Deuces - Ace kicker)
franco232315 collected $39.50 from pot
*** SUMMARY ***
Total pot $40.50 | Rake $1 
Board [2c Jh 3d Ts 2s]
Seat 1: ImaPeppaPig (button) folded before Flop
Seat 4: Danigz152 (small blind) showed [Kd 9d] and lost with a pair of Deuces
Seat 5: franco232315 (big blind) showed [Ah 8h] and won ($39.50) with a pair of Deuces



PokerStars Hand #254413370475:  Hold'em No Limit ($0.50/$1.00 USD) - 2025/01/17 13:02:52 WET [2025/01/17 8:02:52 ET]
Table 'Zech II' 6-max Seat #5 is the button
Seat 4: Danigz152 ($0 in chips) is sitting out
Seat 6: nickreason17 ($100 in chips) is sitting out
Seat 1: ImaPeppaPig ($100 in chips) 
Seat 5: franco232315 ($120.50 in chips) 
franco232315: posts small blind $0.50
ImaPeppaPig: posts big blind $1
*** HOLE CARDS ***
franco232315: raises $1.20 to $2.20
ImaPeppaPig: calls $1.20
*** FLOP *** [7d Ks Qs]
ImaPeppaPig: checks 
franco232315: bets $1.38
ImaPeppaPig: calls $1.38
*** TURN *** [7d Ks Qs] [Ad]
ImaPeppaPig: checks 
franco232315: bets $5.10
ImaPeppaPig: calls $5.10
*** RIVER *** [7d Ks Qs Ad] [Jc]
nickreason17 leaves the table
ImaPeppaPig: bets $3.11
franco232315: raises $5.89 to $9
ImaPeppaPig: calls $5.89
*** SHOW DOWN ***
franco232315: shows [9d Th] (a straight, Ten to Ace)
ImaPeppaPig: shows [Ah Ts] (a straight, Ten to Ace)
ImaPeppaPig collected $17.18 from pot
franco232315 collected $17.18 from pot
*** SUMMARY ***
Total pot $35.36 | Rake $1 
Board [7d Ks Qs Ad Jc]
Seat 4: Danigz152
Seat 6: nickreason17
Seat 1: ImaPeppaPig (big blind) showed [Ah Ts] and won ($17.18) with a straight, Ten to Ace
Seat 5: franco232315 (button) (small blind) showed [9d Th] and won ($17.18) with a straight, Ten to Ace



PokerStars Hand #254413380325:  Hold'em No Limit ($0.50/$1.00 USD) - 2025/01/17 13:03:54 WET [2025/01/17 8:03:54 ET]
Table 'Zech II' 6-max Seat #1 is the button
Seat 4: Danigz152 ($0 in chips) is sitting out
Seat 1: ImaPeppaPig ($100 in chips) 
Seat 5: franco232315 ($120 in chips) 
ImaPeppaPig: posts small blind $0.50
franco232315: posts big blind $1
*** HOLE CARDS ***
ImaPeppaPig: folds 
Uncalled bet ($0.50) returned to franco232315
nastja336 joins the table at seat #2 
Unipoker11 joins the table at seat #3 
franco232315 collected $1 from pot
franco232315: doesn't show hand 
*** SUMMARY ***
Total pot $1 | Rake $0 
Seat 4: Danigz152
Seat 1: ImaPeppaPig (button) (small blind) folded before Flop
Seat 5: franco232315 (big blind) collected ($1)



PokerStars Hand #254413381467:  Hold'em No Limit ($0.50/$1.00 USD) - 2025/01/17 13:04:01 WET [2025/01/17 8:04:01 ET]
Table 'Zech II' 6-max Seat #5 is the button
Seat 3: Unipoker11 ($100 in chips) is sitting out
Seat 4: Danigz152 ($0 in chips) is sitting out
Seat 1: ImaPeppaPig ($100 in chips) 
Seat 2: nastja336 ($100 in chips) 
Seat 5: franco232315 ($120.50 in chips) 
ImaPeppaPig: posts small blind $0.50
nastja336: posts big blind $1
Unipoker11: sits out 
*** HOLE CARDS ***
franco232315: raises $1.50 to $2.50
ImaPeppaPig: folds 
nastja336: folds 
Uncalled bet ($1.50) returned to franco232315
franco232315 collected $2.50 from pot
franco232315: doesn't show hand 
*** SUMMARY ***
Total pot $2.50 | Rake $0 
Seat 3: Unipoker11
Seat 4: Danigz152
Seat 1: ImaPeppaPig (small blind) folded before Flop
Seat 2: nastja336 (big blind) folded before Flop
Seat 5: franco232315 (button) collected ($2.50)



PokerStars Hand #254413383548:  Hold'em No Limit ($0.50/$1.00 USD) - 2025/01/17 13:04:14 WET [2025/01/17 8:04:14 ET]
Table 'Zech II' 6-max Seat #1 is the button
Seat 4: Danigz152 ($0 in chips) is sitting out
Seat 1: ImaPeppaPig ($100 in chips) 
Seat 2: nastja336 ($100 in chips) 
Seat 3: Unipoker11 ($100 in chips) 
Seat 5: franco232315 ($122 in chips) 
nastja336: posts small blind $0.50
Unipoker11: posts big blind $1
*** HOLE CARDS ***
franco232315: raises $1.50 to $2.50
ImaPeppaPig: raises $5.50 to $8
nastja336: folds 
Unipoker11: folds 
franco232315: calls $5.50
*** FLOP *** [Ks 9d 8c]
franco232315: checks 
ImaPeppaPig: bets $5.15
franco232315: folds 
Uncalled bet ($5.15) returned to ImaPeppaPig
ImaPeppaPig collected $16.62 from pot
ImaPeppaPig: doesn't show hand 
*** SUMMARY ***
Total pot $17.50 | Rake $0.88 
Board [Ks 9d 8c]
Seat 4: Danigz152
Seat 1: ImaPeppaPig (button) collected ($16.62)
Seat 2: nastja336 (small blind) folded before Flop
Seat 3: Unipoker11 (big blind) folded before Flop
Seat 5: franco232315 folded on the Flop



PokerStars Hand #254413392642:  Hold'em No Limit ($0.50/$1.00 USD) - 2025/01/17 13:05:11 WET [2025/01/17 8:05:11 ET]
Table 'Zech II' 6-max Seat #2 is the button
Seat 1: ImaPeppaPig ($108.62 in chips) 
Seat 2: nastja336 ($100 in chips) 
Seat 3: Unipoker11 ($100 in chips) 
Seat 4: Danigz152 ($10 in chips) 
Seat 5: franco232315 ($114 in chips) 
Unipoker11: posts small blind $0.50
Danigz152: posts big blind $1
*** HOLE CARDS ***
franco232315: folds 
ImaPeppaPig: raises $1.50 to $2.50
nastja336: folds 
Unipoker11: folds 
RAidakCo joins the table at seat #6 
Danigz152: folds 
Uncalled bet ($1.50) returned to ImaPeppaPig
ImaPeppaPig collected $2.50 from pot
ImaPeppaPig: doesn't show hand 
*** SUMMARY ***
Total pot $2.50 | Rake $0 
Seat 1: ImaPeppaPig collected ($2.50)
Seat 2: nastja336 (button) folded before Flop (didn't bet)
Seat 3: Unipoker11 (small blind) folded before Flop
Seat 4: Danigz152 (big blind) folded before Flop
Seat 5: franco232315 folded before Flop (didn't bet)



PokerStars Hand #254413394958:  Hold'em No Limit ($0.50/$1.00 USD) - 2025/01/17 13:05:26 WET [2025/01/17 8:05:26 ET]
Table 'Zech II' 6-max Seat #3 is the button
Seat 6: RAidakCo ($100 in chips) is sitting out
Seat 1: ImaPeppaPig ($110.12 in chips) 
Seat 2: nastja336 ($100 in chips) 
Seat 3: Unipoker11 ($100 in chips) 
Seat 4: Danigz152 ($9 in chips) 
Seat 5: franco232315 ($114 in chips) 
Danigz152: posts small blind $0.50
franco232315: posts big blind $1
RAidakCo: sits out 
*** HOLE CARDS ***
ImaPeppaPig: folds 
nastja336: folds 
Unipoker11: folds 
Danigz152: calls $0.50
franco232315: checks 
*** FLOP *** [8h Tc 7c]
Danigz152: checks 
franco232315: bets $1
Danigz152: folds 
Uncalled bet ($1) returned to franco232315
franco232315 collected $1.90 from pot
franco232315: doesn't show hand 
*** SUMMARY ***
Total pot $2 | Rake $0.10 
Board [8h Tc 7c]
Seat 6: RAidakCo
Seat 1: ImaPeppaPig folded before Flop (didn't bet)
Seat 2: nastja336 folded before Flop (didn't bet)
Seat 3: Unipoker11 (button) folded before Flop (didn't bet)
Seat 4: Danigz152 (small blind) folded on the Flop
Seat 5: franco232315 (big blind) collected ($1.90)



PokerStars Hand #254413400050:  Hold'em No Limit ($0.50/$1.00 USD) - 2025/01/17 13:05:58 WET [2025/01/17 8:05:58 ET]
Table 'Zech II' 6-max Seat #4 is the button
Seat 1: ImaPeppaPig ($110.12 in chips) 
Seat 2: nastja336 ($100 in chips) 
Seat 3: Unipoker11 ($100 in chips) 
Seat 4: Danigz152 ($8 in chips) 
Seat 5: franco232315 ($114.90 in chips) 
Seat 6: RAidakCo ($100 in chips) 
franco232315: posts small blind $0.50
RAidakCo: posts big blind $1
*** HOLE CARDS ***
ImaPeppaPig: folds 
nastja336: folds 
Unipoker11: folds 
Danigz152: raises $7 to $8 and is all-in
franco232315: calls $7.50
RAidakCo: folds 
*** FLOP *** [5s Jh Th]
*** TURN *** [5s Jh Th] [4c]
*** RIVER *** [5s Jh Th 4c] [Tc]
*** SHOW DOWN ***
franco232315: shows [Ah Td] (three of a kind, Tens)
Danigz152: shows [4h Ac] (two pair, Tens and Fours)
franco232315 collected $16.15 from pot
*** SUMMARY ***
Total pot $17 | Rake $0.85 
Board [5s Jh Th 4c Tc]
Seat 1: ImaPeppaPig folded before Flop (didn't bet)
Seat 2: nastja336 folded before Flop (didn't bet)
Seat 3: Unipoker11 folded before Flop (didn't bet)
Seat 4: Danigz152 (button) showed [4h Ac] and lost with two pair, Tens and Fours
Seat 5: franco232315 (small blind) showed [Ah Td] and won ($16.15) with three of a kind, Tens
Seat 6: RAidakCo (big blind) folded before Flop



PokerStars Hand #254413406673:  Hold'em No Limit ($0.50/$1.00 USD) - 2025/01/17 13:06:40 WET [2025/01/17 8:06:40 ET]
Table 'Zech II' 6-max Seat #5 is the button
Seat 4: Danigz152 ($0 in chips) is sitting out
Seat 1: ImaPeppaPig ($110.12 in chips) 
Seat 2: nastja336 ($100 in chips) 
Seat 3: Unipoker11 ($100 in chips) 
Seat 5: franco232315 ($123.05 in chips) 
Seat 6: RAidakCo ($100 in chips) 
RAidakCo: posts small blind $0.50
ImaPeppaPig: posts big blind $1
*** HOLE CARDS ***
nastja336: folds 
Unipoker11: raises $1.30 to $2.30
franco232315: folds 
RAidakCo: folds 
nastja336 leaves the table
ImaPeppaPig: folds 
Uncalled bet ($1.30) returned to Unipoker11
The magic MD joins the table at seat #2 
The magic MD is disconnected 
Unipoker11 collected $2.50 from pot
Unipoker11: doesn't show hand 
*** SUMMARY ***
Total pot $2.50 | Rake $0 
Seat 4: Danigz152
Seat 1: ImaPeppaPig (big blind) folded before Flop
Seat 2: nastja336 folded before Flop (didn't bet)
Seat 3: Unipoker11 collected ($2.50)
Seat 5: franco232315 (button) folded before Flop (didn't bet)
Seat 6: RAidakCo (small blind) folded before Flop



PokerStars Hand #254413410291:  Hold'em No Limit ($0.50/$1.00 USD) - 2025/01/17 13:07:03 WET [2025/01/17 8:07:03 ET]
Table 'Zech II' 6-max Seat #6 is the button
Seat 4: Danigz152 ($0 in chips) is sitting out
Seat 1: ImaPeppaPig ($109.12 in chips) 
Seat 2: The magic MD ($10 in chips) 
Seat 3: Unipoker11 ($101.50 in chips) 
Seat 5: franco232315 ($123.05 in chips) 
Seat 6: RAidakCo ($100 in chips) 
ImaPeppaPig: posts small blind $0.50
The magic MD: posts big blind $1
*** HOLE CARDS ***
Unipoker11: folds 
franco232315: folds 
RAidakCo: raises $1 to $2
ImaPeppaPig: folds 
The magic MD: calls $1
*** FLOP *** [8c Kd 5s]
The magic MD: checks 
RAidakCo: bets $1
The magic MD: folds 
Uncalled bet ($1) returned to RAidakCo
RAidakCo collected $4.28 from pot
RAidakCo: doesn't show hand 
*** SUMMARY ***
Total pot $4.50 | Rake $0.22 
Board [8c Kd 5s]
Seat 4: Danigz152
Seat 1: ImaPeppaPig (small blind) folded before Flop
Seat 2: The magic MD (big blind) folded on the Flop
Seat 3: Unipoker11 folded before Flop (didn't bet)
Seat 5: franco232315 folded before Flop (didn't bet)
Seat 6: RAidakCo (button) collected ($4.28)



PokerStars Hand #254413416130:  Hold'em No Limit ($0.50/$1.00 USD) - 2025/01/17 13:07:39 WET [2025/01/17 8:07:39 ET]
Table 'Zech II' 6-max Seat #1 is the button
Seat 1: ImaPeppaPig ($108.62 in chips) 
Seat 2: The magic MD ($10 in chips) 
Seat 3: Unipoker11 ($101.50 in chips) 
Seat 4: Danigz152 ($20.97 in chips) 
Seat 5: franco232315 ($123.05 in chips) 
Seat 6: RAidakCo ($102.28 in chips) 
The magic MD: posts small blind $0.50
Unipoker11: posts big blind $1
*** HOLE CARDS ***
Danigz152: calls $1
franco232315: folds 
RAidakCo: folds 
ImaPeppaPig: folds 
The magic MD: calls $0.50
Unipoker11: checks 
*** FLOP *** [2h 5s 3d]
The magic MD: checks 
Unipoker11: checks 
Danigz152: checks 
*** TURN *** [2h 5s 3d] [Tc]
The magic MD: bets $1
Unipoker11: folds 
Danigz152: calls $1
*** RIVER *** [2h 5s 3d Tc] [2s]
The magic MD: bets $2.38
Danigz152: raises $16.59 to $18.97 and is all-in
The magic MD: folds 
Uncalled bet ($16.59) returned to Danigz152
Danigz152 collected $9.27 from pot
*** SUMMARY ***
Total pot $9.76 | Rake $0.49 
Board [2h 5s 3d Tc 2s]
Seat 1: ImaPeppaPig (button) folded before Flop (didn't bet)
Seat 2: The magic MD (small blind) folded on the River
Seat 3: Unipoker11 (big blind) folded on the Turn
Seat 4: Danigz152 collected ($9.27)
Seat 5: franco232315 folded before Flop (didn't bet)
Seat 6: RAidakCo folded before Flop (didn't bet)



PokerStars Hand #254413422653:  Hold'em No Limit ($0.50/$1.00 USD) - 2025/01/17 13:08:20 WET [2025/01/17 8:08:20 ET]
Table 'Zech II' 6-max Seat #2 is the button
Seat 1: ImaPeppaPig ($108.62 in chips) 
Seat 2: The magic MD ($10 in chips) 
Seat 3: Unipoker11 ($100.50 in chips) 
Seat 4: Danigz152 ($25.86 in chips) 
Seat 5: franco232315 ($123.05 in chips) 
Seat 6: RAidakCo ($102.28 in chips) 
Unipoker11: posts small blind $0.50
Danigz152: posts big blind $1
*** HOLE CARDS ***
franco232315: folds 
RAidakCo: raises $1 to $2
ImaPeppaPig: folds 
The magic MD: folds 
Unipoker11: folds 
Danigz152: calls $1
*** FLOP *** [3h 9s 6d]
Danigz152: checks 
RAidakCo: bets $1
Danigz152: calls $1
*** TURN *** [3h 9s 6d] [Js]
Danigz152: checks 
RAidakCo: bets $3.09
Danigz152: calls $3.09
*** RIVER *** [3h 9s 6d Js] [7c]
Danigz152: checks 
RAidakCo: checks 
*** SHOW DOWN ***
Danigz152: shows [Jc Kh] (a pair of Jacks)
RAidakCo: mucks hand 
Danigz152 collected $12.05 from pot
*** SUMMARY ***
Total pot $12.68 | Rake $0.63 
Board [3h 9s 6d Js 7c]
Seat 1: ImaPeppaPig folded before Flop (didn't bet)
Seat 2: The magic MD (button) folded before Flop (didn't bet)
Seat 3: Unipoker11 (small blind) folded before Flop
Seat 4: Danigz152 (big blind) showed [Jc Kh] and won ($12.05) with a pair of Jacks
Seat 5: franco232315 folded before Flop (didn't bet)
Seat 6: RAidakCo mucked



PokerStars Hand #254413430087:  Hold'em No Limit ($0.50/$1.00 USD) - 2025/01/17 13:09:08 WET [2025/01/17 8:09:08 ET]
Table 'Zech II' 6-max Seat #3 is the button
Seat 1: ImaPeppaPig ($108.62 in chips) 
Seat 2: The magic MD ($10 in chips) 
Seat 3: Unipoker11 ($100 in chips) 
Seat 4: Danigz152 ($31.82 in chips) 
Seat 5: franco232315 ($123.05 in chips) 
Seat 6: RAidakCo ($100 in chips) 
Danigz152: posts small blind $0.50
franco232315: posts big blind $1
*** HOLE CARDS ***
RAidakCo: folds 
ImaPeppaPig: folds 
The magic MD: folds 
Unipoker11: raises $1.50 to $2.50
Danigz152: calls $2
franco232315: calls $1.50
*** FLOP *** [7h 6c 3c]
Danigz152: bets $7.12
franco232315: folds 
Unipoker11: folds 
Uncalled bet ($7.12) returned to Danigz152
Danigz152 collected $7.12 from pot
*** SUMMARY ***
Total pot $7.50 | Rake $0.38 
Board [7h 6c 3c]
Seat 1: ImaPeppaPig folded before Flop (didn't bet)
Seat 2: The magic MD folded before Flop (didn't bet)
Seat 3: Unipoker11 (button) folded on the Flop
Seat 4: Danigz152 (small blind) collected ($7.12)
Seat 5: franco232315 (big blind) folded on the Flop
Seat 6: RAidakCo folded before Flop (didn't bet)



PokerStars Hand #254413439175:  Hold'em No Limit ($0.50/$1.00 USD) - 2025/01/17 13:10:05 WET [2025/01/17 8:10:05 ET]
Table 'Zech II' 6-max Seat #4 is the button
Seat 1: ImaPeppaPig ($108.62 in chips) 
Seat 2: The magic MD ($10 in chips) 
Seat 3: Unipoker11 ($100 in chips) 
Seat 4: Danigz152 ($36.44 in chips) 
Seat 5: franco232315 ($120.55 in chips) 
Seat 6: RAidakCo ($100 in chips) 
franco232315: posts small blind $0.50
RAidakCo: posts big blind $1
*** HOLE CARDS ***
ImaPeppaPig: folds 
The magic MD: folds 
Unipoker11: folds 
Danigz152: folds 
franco232315: raises $2 to $3
RAidakCo: folds 
Uncalled bet ($2) returned to franco232315
franco232315 collected $2 from pot
franco232315: doesn't show hand 
*** SUMMARY ***
Total pot $2 | Rake $0 
Seat 1: ImaPeppaPig folded before Flop (didn't bet)
Seat 2: The magic MD folded before Flop (didn't bet)
Seat 3: Unipoker11 folded before Flop (didn't bet)
Seat 4: Danigz152 (button) folded before Flop (didn't bet)
Seat 5: franco232315 (small blind) collected ($2)
Seat 6: RAidakCo (big blind) folded before Flop



PokerStars Hand #254413442394:  Hold'em No Limit ($0.50/$1.00 USD) - 2025/01/17 13:10:25 WET [2025/01/17 8:10:25 ET]
Table 'Zech II' 6-max Seat #5 is the button
Seat 1: ImaPeppaPig ($108.62 in chips) 
Seat 2: The magic MD ($10 in chips) 
Seat 3: Unipoker11 ($100 in chips) 
Seat 4: Danigz152 ($36.44 in chips) 
Seat 5: franco232315 ($121.55 in chips) 
Seat 6: RAidakCo ($100 in chips) 
RAidakCo: posts small blind $0.50
ImaPeppaPig: posts big blind $1
*** HOLE CARDS ***
The magic MD: folds 
Unipoker11: folds 
Danigz152: raises $1 to $2
franco232315: folds 
RAidakCo: folds 
ImaPeppaPig: calls $1
*** FLOP *** [3c 5c 7c]
ImaPeppaPig: checks 
Danigz152: checks 
*** TURN *** [3c 5c 7c] [Qc]
ImaPeppaPig: checks 
Danigz152: bets $1
ImaPeppaPig: folds 
Uncalled bet ($1) returned to Danigz152
Danigz152 collected $4.28 from pot
*** SUMMARY ***
Total pot $4.50 | Rake $0.22 
Board [3c 5c 7c Qc]
Seat 1: ImaPeppaPig (big blind) folded on the Turn
Seat 2: The magic MD folded before Flop (didn't bet)
Seat 3: Unipoker11 folded before Flop (didn't bet)
Seat 4: Danigz152 collected ($4.28)
Seat 5: franco232315 (button) folded before Flop (didn't bet)
Seat 6: RAidakCo (small blind) folded before Flop



PokerStars Hand #254413446225:  Hold'em No Limit ($0.50/$1.00 USD) - 2025/01/17 13:10:49 WET [2025/01/17 8:10:49 ET]
Table 'Zech II' 6-max Seat #6 is the button
Seat 1: ImaPeppaPig ($106.62 in chips) 
Seat 2: The magic MD ($10 in chips) 
Seat 3: Unipoker11 ($100 in chips) 
Seat 4: Danigz152 ($38.72 in chips) 
Seat 5: franco232315 ($121.55 in chips) 
Seat 6: RAidakCo ($100 in chips) 
ImaPeppaPig: posts small blind $0.50
The magic MD: posts big blind $1
*** HOLE CARDS ***
Unipoker11: folds 
Danigz152: folds 
franco232315: folds 
RAidakCo: folds 
ImaPeppaPig: folds 
Uncalled bet ($0.50) returned to The magic MD
The magic MD collected $1 from pot
*** SUMMARY ***
Total pot $1 | Rake $0 
Seat 1: ImaPeppaPig (small blind) folded before Flop
Seat 2: The magic MD (big blind) collected ($1)
Seat 3: Unipoker11 folded before Flop (didn't bet)
Seat 4: Danigz152 folded before Flop (didn't bet)
Seat 5: franco232315 folded before Flop (didn't bet)
Seat 6: RAidakCo (button) folded before Flop (didn't bet)



PokerStars Hand #254413448142:  Hold'em No Limit ($0.50/$1.00 USD) - 2025/01/17 13:11:01 WET [2025/01/17 8:11:01 ET]
Table 'Zech II' 6-max Seat #1 is the button
Seat 1: ImaPeppaPig ($106.12 in chips) 
Seat 2: The magic MD ($10.50 in chips) 
Seat 3: Unipoker11 ($100 in chips) 
Seat 4: Danigz152 ($38.72 in chips) 
Seat 5: franco232315 ($121.55 in chips) 
Seat 6: RAidakCo ($100 in chips) 
The magic MD: posts small blind $0.50
Unipoker11: posts big blind $1
*** HOLE CARDS ***
Danigz152: folds 
franco232315: raises $1.20 to $2.20
RAidakCo: folds 
ImaPeppaPig: raises $4.80 to $7
The magic MD: folds 
Unipoker11: folds 
franco232315: folds 
Uncalled bet ($4.80) returned to ImaPeppaPig
ImaPeppaPig collected $5.90 from pot
ImaPeppaPig: doesn't show hand 
*** SUMMARY ***
Total pot $5.90 | Rake $0 
Seat 1: ImaPeppaPig (button) collected ($5.90)
Seat 2: The magic MD (small blind) folded before Flop
Seat 3: Unipoker11 (big blind) folded before Flop
Seat 4: Danigz152 folded before Flop (didn't bet)
Seat 5: franco232315 folded before Flop
Seat 6: RAidakCo folded before Flop (didn't bet)



PokerStars Hand #254413453619:  Hold'em No Limit ($0.50/$1.00 USD) - 2025/01/17 13:11:36 WET [2025/01/17 8:11:36 ET]
Table 'Zech II' 6-max Seat #2 is the button
Seat 1: ImaPeppaPig ($109.82 in chips) 
Seat 2: The magic MD ($10 in chips) 
Seat 3: Unipoker11 ($100 in chips) 
Seat 4: Danigz152 ($38.72 in chips) 
Seat 5: franco232315 ($119.35 in chips) 
Seat 6: RAidakCo ($100 in chips) 
Unipoker11: posts small blind $0.50
Danigz152: posts big blind $1
*** HOLE CARDS ***
franco232315: folds 
RAidakCo: raises $1.20 to $2.20
ImaPeppaPig: raises $4.80 to $7
The magic MD: folds 
Unipoker11: folds 
Danigz152: folds 
RAidakCo: folds 
Uncalled bet ($4.80) returned to ImaPeppaPig
ImaPeppaPig collected $5.90 from pot
ImaPeppaPig: doesn't show hand 
*** SUMMARY ***
Total pot $5.90 | Rake $0 
Seat 1: ImaPeppaPig collected ($5.90)
Seat 2: The magic MD (button) folded before Flop (didn't bet)
Seat 3: Unipoker11 (small blind) folded before Flop
Seat 4: Danigz152 (big blind) folded before Flop
Seat 5: franco232315 folded before Flop (didn't bet)
Seat 6: RAidakCo folded before Flop



PokerStars Hand #254413457343:  Hold'em No Limit ($0.50/$1.00 USD) - 2025/01/17 13:12:00 WET [2025/01/17 8:12:00 ET]
Table 'Zech II' 6-max Seat #3 is the button
Seat 1: ImaPeppaPig ($113.52 in chips) 
Seat 2: The magic MD ($10 in chips) 
Seat 3: Unipoker11 ($100 in chips) 
Seat 4: Danigz152 ($37.72 in chips) 
Seat 5: franco232315 ($119.35 in chips) 
Seat 6: RAidakCo ($100 in chips) 
Danigz152: posts small blind $0.50
franco232315: posts big blind $1
*** HOLE CARDS ***
RAidakCo: raises $1 to $2
ImaPeppaPig: folds 
The magic MD: calls $2
Unipoker11: folds 
Danigz152: folds 
franco232315: raises $11 to $13
RAidakCo: folds 
The magic MD: calls $8 and is all-in
Uncalled bet ($3) returned to franco232315
franco232315 has timed out
*** FLOP *** [6h Tc Qd]
*** TURN *** [6h Tc Qd] [3d]
*** RIVER *** [6h Tc Qd 3d] [2h]
*** SHOW DOWN ***
franco232315: shows [Ad Js] (high card Ace)
The magic MD: shows [Qs Jc] (a pair of Queens)
The magic MD collected $21.38 from pot
*** SUMMARY ***
Total pot $22.50 | Rake $1.12 
Board [6h Tc Qd 3d 2h]
Seat 1: ImaPeppaPig folded before Flop (didn't bet)
Seat 2: The magic MD showed [Qs Jc] and won ($21.38) with a pair of Queens
Seat 3: Unipoker11 (button) folded before Flop (didn't bet)
Seat 4: Danigz152 (small blind) folded before Flop
Seat 5: franco232315 (big blind) showed [Ad Js] and lost with high card Ace
Seat 6: RAidakCo folded before Flop



PokerStars Hand #254413465609:  Hold'em No Limit ($0.50/$1.00 USD) - 2025/01/17 13:12:52 WET [2025/01/17 8:12:52 ET]
Table 'Zech II' 6-max Seat #4 is the button
Seat 1: ImaPeppaPig ($113.52 in chips) 
Seat 2: The magic MD ($21.38 in chips) 
Seat 3: Unipoker11 ($100 in chips) 
Seat 4: Danigz152 ($37.22 in chips) 
Seat 5: franco232315 ($109.35 in chips) 
Seat 6: RAidakCo ($100 in chips) 
franco232315: posts small blind $0.50
RAidakCo: posts big blind $1
*** HOLE CARDS ***
ImaPeppaPig: folds 
The magic MD: folds 
Unipoker11: folds 
Danigz152: raises $1 to $2
franco232315: folds 
RAidakCo: calls $1
*** FLOP *** [Ac Kh Ad]
RAidakCo: checks 
Danigz152: bets $1
RAidakCo: folds 
Uncalled bet ($1) returned to Danigz152
Danigz152 collected $4.28 from pot
*** SUMMARY ***
Total pot $4.50 | Rake $0.22 
Board [Ac Kh Ad]
Seat 1: ImaPeppaPig folded before Flop (didn't bet)
Seat 2: The magic MD folded before Flop (didn't bet)
Seat 3: Unipoker11 folded before Flop (didn't bet)
Seat 4: Danigz152 (button) collected ($4.28)
Seat 5: franco232315 (small blind) folded before Flop
Seat 6: RAidakCo (big blind) folded on the Flop



PokerStars Hand #254413472370:  Hold'em No Limit ($0.50/$1.00 USD) - 2025/01/17 13:13:35 WET [2025/01/17 8:13:35 ET]
Table 'Zech II' 6-max Seat #5 is the button
Seat 1: ImaPeppaPig ($113.52 in chips) 
Seat 2: The magic MD ($21.38 in chips) 
Seat 3: Unipoker11 ($100 in chips) 
Seat 4: Danigz152 ($39.50 in chips) 
Seat 5: franco232315 ($108.85 in chips) 
Seat 6: RAidakCo ($100 in chips) 
RAidakCo: posts small blind $0.50
ImaPeppaPig: posts big blind $1
*** HOLE CARDS ***
The magic MD: folds 
Unipoker11: folds 
Danigz152: raises $2.50 to $3.50
franco232315: calls $3.50
RAidakCo: raises $11.50 to $15
ImaPeppaPig: folds 
Danigz152: calls $11.50
franco232315: folds 
*** FLOP *** [3d 8d Qh]
RAidakCo: checks 
Danigz152: bets $24.50 and is all-in
RAidakCo: calls $24.50
*** TURN *** [3d 8d Qh] [3c]
*** RIVER *** [3d 8d Qh 3c] [4h]
*** SHOW DOWN ***
RAidakCo: shows [9s 9h] (two pair, Nines and Threes)
Danigz152: shows [Ac 8c] (two pair, Eights and Threes)
RAidakCo collected $81 from pot
*** SUMMARY ***
Total pot $83.50 | Rake $2.50 
Board [3d 8d Qh 3c 4h]
Seat 1: ImaPeppaPig (big blind) folded before Flop
Seat 2: The magic MD folded before Flop (didn't bet)
Seat 3: Unipoker11 folded before Flop (didn't bet)
Seat 4: Danigz152 showed [Ac 8c] and lost with two pair, Eights and Threes
Seat 5: franco232315 (button) folded before Flop
Seat 6: RAidakCo (small blind) showed [9s 9h] and won ($81) with two pair, Nines and Threes



PokerStars Hand #254413481858:  Hold'em No Limit ($0.50/$1.00 USD) - 2025/01/17 13:14:34 WET [2025/01/17 8:14:34 ET]
Table 'Zech II' 6-max Seat #6 is the button
Seat 4: Danigz152 ($0 in chips) is sitting out
Seat 1: ImaPeppaPig ($112.52 in chips) 
Seat 2: The magic MD ($21.38 in chips) 
Seat 3: Unipoker11 ($100 in chips) 
Seat 5: franco232315 ($105.35 in chips) 
Seat 6: RAidakCo ($141.50 in chips) 
ImaPeppaPig: posts small blind $0.50
The magic MD: posts big blind $1
*** HOLE CARDS ***
Unipoker11: folds 
franco232315 has timed out
franco232315: folds 
RAidakCo: folds 
ImaPeppaPig: raises $2 to $3
The magic MD: folds 
Uncalled bet ($2) returned to ImaPeppaPig
ImaPeppaPig collected $2 from pot
ImaPeppaPig: doesn't show hand 
*** SUMMARY ***
Total pot $2 | Rake $0 
Seat 4: Danigz152
Seat 1: ImaPeppaPig (small blind) collected ($2)
Seat 2: The magic MD (big blind) folded before Flop
Seat 3: Unipoker11 folded before Flop (didn't bet)
Seat 5: franco232315 folded before Flop (didn't bet)
Seat 6: RAidakCo (button) folded before Flop (didn't bet)



PokerStars Hand #254413486319:  Hold'em No Limit ($0.50/$1.00 USD) - 2025/01/17 13:15:02 WET [2025/01/17 8:15:02 ET]
Table 'Zech II' 6-max Seat #1 is the button
Seat 4: Danigz152 ($0 in chips) is sitting out
Seat 5: franco232315 ($105.35 in chips) is sitting out
Seat 1: ImaPeppaPig ($113.52 in chips) 
Seat 2: The magic MD ($20.38 in chips) 
Seat 3: Unipoker11 ($100 in chips) 
Seat 6: RAidakCo ($141.50 in chips) 
The magic MD: posts small blind $0.50
Unipoker11: posts big blind $1
*** HOLE CARDS ***
RAidakCo: folds 
ImaPeppaPig: folds 
The magic MD: raises $2 to $3
Unipoker11: folds 
Uncalled bet ($2) returned to The magic MD
The magic MD collected $2 from pot
*** SUMMARY ***
Total pot $2 | Rake $0 
Seat 4: Danigz152
Seat 5: franco232315
Seat 1: ImaPeppaPig (button) folded before Flop (didn't bet)
Seat 2: The magic MD (small blind) collected ($2)
Seat 3: Unipoker11 (big blind) folded before Flop
Seat 6: RAidakCo folded before Flop (didn't bet)



PokerStars Hand #254413491425:  Hold'em No Limit ($0.50/$1.00 USD) - 2025/01/17 13:15:34 WET [2025/01/17 8:15:34 ET]
Table 'Zech II' 6-max Seat #2 is the button
Seat 4: Danigz152 ($0 in chips) is sitting out
Seat 1: ImaPeppaPig ($113.52 in chips) 
Seat 2: The magic MD ($21.38 in chips) 
Seat 3: Unipoker11 ($100 in chips) 
Seat 5: franco232315 ($105.35 in chips) 
Seat 6: RAidakCo ($141.50 in chips) 
Unipoker11: posts small blind $0.50
franco232315: posts big blind $1
*** HOLE CARDS ***
RAidakCo: folds 
ImaPeppaPig: raises $1.50 to $2.50
The magic MD: folds 
Unipoker11: folds 
franco232315: folds 
Uncalled bet ($1.50) returned to ImaPeppaPig
ImaPeppaPig collected $2.50 from pot
ImaPeppaPig: doesn't show hand 
*** SUMMARY ***
Total pot $2.50 | Rake $0 
Seat 4: Danigz152
Seat 1: ImaPeppaPig collected ($2.50)
Seat 2: The magic MD (button) folded before Flop (didn't bet)
Seat 3: Unipoker11 (small blind) folded before Flop
Seat 5: franco232315 (big blind) folded before Flop
Seat 6: RAidakCo folded before Flop (didn't bet)



PokerStars Hand #254413495274:  Hold'em No Limit ($0.50/$1.00 USD) - 2025/01/17 13:15:58 WET [2025/01/17 8:15:58 ET]
Table 'Zech II' 6-max Seat #3 is the button
Seat 4: Danigz152 ($49.92 in chips) is sitting out
Seat 1: ImaPeppaPig ($115.02 in chips) 
Seat 2: The magic MD ($21.38 in chips) 
Seat 3: Unipoker11 ($100 in chips) 
Seat 5: franco232315 ($104.35 in chips) 
Seat 6: RAidakCo ($141.50 in chips) 
franco232315: posts small blind $0.50
RAidakCo: posts big blind $1
*** HOLE CARDS ***
ImaPeppaPig: raises $1.50 to $2.50
The magic MD: folds 
Unipoker11: folds 
franco232315: folds 
RAidakCo: folds 
Uncalled bet ($1.50) returned to ImaPeppaPig
ImaPeppaPig collected $2.50 from pot
ImaPeppaPig: doesn't show hand 
*** SUMMARY ***
Total pot $2.50 | Rake $0 
Seat 4: Danigz152
Seat 1: ImaPeppaPig collected ($2.50)
Seat 2: The magic MD folded before Flop (didn't bet)
Seat 3: Unipoker11 (button) folded before Flop (didn't bet)
Seat 5: franco232315 (small blind) folded before Flop
Seat 6: RAidakCo (big blind) folded before Flop



PokerStars Hand #254413497837:  Hold'em No Limit ($0.50/$1.00 USD) - 2025/01/17 13:16:13 WET [2025/01/17 8:16:13 ET]
Table 'Zech II' 6-max Seat #5 is the button
Seat 1: ImaPeppaPig ($116.52 in chips) 
Seat 2: The magic MD ($21.38 in chips) 
Seat 3: Unipoker11 ($100 in chips) 
Seat 4: Danigz152 ($49.92 in chips) 
Seat 5: franco232315 ($103.85 in chips) 
Seat 6: RAidakCo ($140.50 in chips) 
RAidakCo: posts small blind $0.50
ImaPeppaPig: posts big blind $1
Danigz152: posts small & big blinds $1.50
*** HOLE CARDS ***
The magic MD: folds 
Unipoker11: folds 
Danigz152: raises $2 to $3
franco232315: folds 
RAidakCo: folds 
ImaPeppaPig: folds 
Uncalled bet ($2) returned to Danigz152
Danigz152 collected $3 from pot
*** SUMMARY ***
Total pot $3 | Rake $0 
Seat 1: ImaPeppaPig (big blind) folded before Flop
Seat 2: The magic MD folded before Flop (didn't bet)
Seat 3: Unipoker11 folded before Flop (didn't bet)
Seat 4: Danigz152 collected ($3)
Seat 5: franco232315 (button) folded before Flop (didn't bet)
Seat 6: RAidakCo (small blind) folded before Flop



PokerStars Hand #254413505432:  Hold'em No Limit ($0.50/$1.00 USD) - 2025/01/17 13:17:00 WET [2025/01/17 8:17:00 ET]
Table 'Zech II' 6-max Seat #6 is the button
Seat 1: ImaPeppaPig ($115.52 in chips) 
Seat 2: The magic MD ($21.38 in chips) 
Seat 3: Unipoker11 ($100 in chips) 
Seat 4: Danigz152 ($51.42 in chips) 
Seat 5: franco232315 ($103.85 in chips) 
Seat 6: RAidakCo ($140 in chips) 
ImaPeppaPig: posts small blind $0.50
The magic MD: posts big blind $1
*** HOLE CARDS ***
Unipoker11: folds 
Danigz152: calls $1
franco232315: raises $3 to $4
RAidakCo: folds 
ImaPeppaPig: folds 
The magic MD: folds 
Danigz152: calls $3
*** FLOP *** [Kh Qh Kc]
Danigz152: checks 
franco232315: bets $2.98
Danigz152: folds 
Uncalled bet ($2.98) returned to franco232315
franco232315 collected $9.02 from pot
franco232315: doesn't show hand 
*** SUMMARY ***
Total pot $9.50 | Rake $0.48 
Board [Kh Qh Kc]
Seat 1: ImaPeppaPig (small blind) folded before Flop
Seat 2: The magic MD (big blind) folded before Flop
Seat 3: Unipoker11 folded before Flop (didn't bet)
Seat 4: Danigz152 folded on the Flop
Seat 5: franco232315 collected ($9.02)
Seat 6: RAidakCo (button) folded before Flop (didn't bet)



PokerStars Hand #254413510321:  Hold'em No Limit ($0.50/$1.00 USD) - 2025/01/17 13:17:30 WET [2025/01/17 8:17:30 ET]
Table 'Zech II' 6-max Seat #1 is the button
Seat 1: ImaPeppaPig ($115.02 in chips) 
Seat 2: The magic MD ($20.38 in chips) 
Seat 3: Unipoker11 ($100 in chips) 
Seat 4: Danigz152 ($47.42 in chips) 
Seat 5: franco232315 ($108.87 in chips) 
Seat 6: RAidakCo ($140 in chips) 
The magic MD: posts small blind $0.50
Unipoker11: posts big blind $1
*** HOLE CARDS ***
Danigz152: calls $1
franco232315: folds 
RAidakCo: folds 
ImaPeppaPig: folds 
The magic MD: raises $2 to $3
Unipoker11: folds 
Danigz152: raises $44.42 to $47.42 and is all-in
The magic MD: calls $17.38 and is all-in
Uncalled bet ($27.04) returned to Danigz152
*** FLOP *** [Ts Ad Jh]
*** TURN *** [Ts Ad Jh] [4d]
*** RIVER *** [Ts Ad Jh 4d] [7h]
*** SHOW DOWN ***
The magic MD: shows [As Qd] (a pair of Aces)
Danigz152: shows [9d 9h] (a pair of Nines)
The magic MD collected $39.67 from pot
*** SUMMARY ***
Total pot $41.76 | Rake $2.09 
Board [Ts Ad Jh 4d 7h]
Seat 1: ImaPeppaPig (button) folded before Flop (didn't bet)
Seat 2: The magic MD (small blind) showed [As Qd] and won ($39.67) with a pair of Aces
Seat 3: Unipoker11 (big blind) folded before Flop
Seat 4: Danigz152 showed [9d 9h] and lost with a pair of Nines
Seat 5: franco232315 folded before Flop (didn't bet)
Seat 6: RAidakCo folded before Flop (didn't bet)



PokerStars Hand #254413515157:  Hold'em No Limit ($0.50/$1.00 USD) - 2025/01/17 13:18:00 WET [2025/01/17 8:18:00 ET]
Table 'Zech II' 6-max Seat #2 is the button
Seat 1: ImaPeppaPig ($115.02 in chips) 
Seat 2: The magic MD ($39.67 in chips) 
Seat 3: Unipoker11 ($100 in chips) 
Seat 4: Danigz152 ($27.04 in chips) 
Seat 5: franco232315 ($108.87 in chips) 
Seat 6: RAidakCo ($140 in chips) 
Unipoker11: posts small blind $0.50
Danigz152: posts big blind $1
*** HOLE CARDS ***
franco232315: folds 
RAidakCo: folds 
ImaPeppaPig: folds 
The magic MD: folds 
Unipoker11: raises $2 to $3
Danigz152: folds 
Uncalled bet ($2) returned to Unipoker11
Danigz152 leaves the table
Unipoker11 collected $2 from pot
Unipoker11: doesn't show hand 
*** SUMMARY ***
Total pot $2 | Rake $0 
Seat 1: ImaPeppaPig folded before Flop (didn't bet)
Seat 2: The magic MD (button) folded before Flop (didn't bet)
Seat 3: Unipoker11 (small blind) collected ($2)
Seat 4: Danigz152 (big blind) folded before Flop
Seat 5: franco232315 folded before Flop (didn't bet)
Seat 6: RAidakCo folded before Flop (didn't bet)



PokerStars Hand #254413516951:  Hold'em No Limit ($0.50/$1.00 USD) - 2025/01/17 13:18:11 WET [2025/01/17 8:18:11 ET]
Table 'Zech II' 6-max Seat #3 is the button
Seat 1: ImaPeppaPig ($115.02 in chips) 
Seat 2: The magic MD ($39.67 in chips) 
Seat 3: Unipoker11 ($101 in chips) 
Seat 5: franco232315 ($108.87 in chips) 
Seat 6: RAidakCo ($140 in chips) 
franco232315: posts small blind $0.50
RAidakCo: posts big blind $1
*** HOLE CARDS ***
ImaPeppaPig: folds 
The magic MD: folds 
Dai5dop joins the table at seat #4 
Unipoker11: folds 
franco232315: folds 
Uncalled bet ($0.50) returned to RAidakCo
RAidakCo collected $1 from pot
RAidakCo: doesn't show hand 
*** SUMMARY ***
Total pot $1 | Rake $0 
Seat 1: ImaPeppaPig folded before Flop (didn't bet)
Seat 2: The magic MD folded before Flop (didn't bet)
Seat 3: Unipoker11 (button) folded before Flop (didn't bet)
Seat 5: franco232315 (small blind) folded before Flop
Seat 6: RAidakCo (big blind) collected ($1)



PokerStars Hand #254413519202:  Hold'em No Limit ($0.50/$1.00 USD) - 2025/01/17 13:18:25 WET [2025/01/17 8:18:25 ET]
Table 'Zech II' 6-max Seat #5 is the button
Seat 4: Dai5dop ($100 in chips) is sitting out
Seat 1: ImaPeppaPig ($115.02 in chips) 
Seat 2: The magic MD ($39.67 in chips) 
Seat 3: Unipoker11 ($101 in chips) 
Seat 5: franco232315 ($108.37 in chips) 
Seat 6: RAidakCo ($140.50 in chips) 
RAidakCo: posts small blind $0.50
ImaPeppaPig: posts big blind $1
Dai5dop: sits out 
*** HOLE CARDS ***
The magic MD: folds 
Unipoker11: folds 
franco232315: raises $1.50 to $2.50
RAidakCo: folds 
ImaPeppaPig: raises $9.50 to $12
franco232315: folds 
Uncalled bet ($9.50) returned to ImaPeppaPig
RAidakCo leaves the table
ImaPeppaPig collected $5.50 from pot
ImaPeppaPig: doesn't show hand 
*** SUMMARY ***
Total pot $5.50 | Rake $0 
Seat 4: Dai5dop
Seat 1: ImaPeppaPig (big blind) collected ($5.50)
Seat 2: The magic MD folded before Flop (didn't bet)
Seat 3: Unipoker11 folded before Flop (didn't bet)
Seat 5: franco232315 (button) folded before Flop
Seat 6: RAidakCo (small blind) folded before Flop



PokerStars Hand #254413524394:  Hold'em No Limit ($0.50/$1.00 USD) - 2025/01/17 13:18:56 WET [2025/01/17 8:18:56 ET]
Table 'Zech II' 6-max Seat #1 is the button
Seat 4: Dai5dop ($100 in chips) is sitting out
Seat 1: ImaPeppaPig ($118.02 in chips) 
Seat 2: The magic MD ($39.67 in chips) 
Seat 3: Unipoker11 ($101 in chips) 
Seat 5: franco232315 ($105.87 in chips) 
The magic MD: posts small blind $0.50
Unipoker11: posts big blind $1
Dai5dop: sits out 
*** HOLE CARDS ***
Pon4uk.ua joins the table at seat #6 
franco232315: folds 
ImaPeppaPig: folds 
The magic MD: folds 
Uncalled bet ($0.50) returned to Unipoker11
Unipoker11 collected $1 from pot
Unipoker11: doesn't show hand 
*** SUMMARY ***
Total pot $1 | Rake $0 
Seat 4: Dai5dop
Seat 1: ImaPeppaPig (button) folded before Flop (didn't bet)
Seat 2: The magic MD (small blind) folded before Flop
Seat 3: Unipoker11 (big blind) collected ($1)
Seat 5: franco232315 folded before Flop (didn't bet)



PokerStars Hand #254413525960:  Hold'em No Limit ($0.50/$1.00 USD) - 2025/01/17 13:19:06 WET [2025/01/17 8:19:06 ET]
Table 'Zech II' 6-max Seat #2 is the button
Seat 6: Pon4uk.ua ($100 in chips) is sitting out
Seat 1: ImaPeppaPig ($118.02 in chips) 
Seat 2: The magic MD ($39.17 in chips) 
Seat 3: Unipoker11 ($101.50 in chips) 
Seat 4: Dai5dop ($100 in chips) 
Seat 5: franco232315 ($105.87 in chips) 
Unipoker11: posts small blind $0.50
Dai5dop: posts big blind $1
Pon4uk.ua: sits out 
*** HOLE CARDS ***
franco232315: folds 
ImaPeppaPig: folds 
The magic MD: raises $1 to $2
Unipoker11: folds 
Dai5dop: calls $1
*** FLOP *** [4d Jc Tc]
Dai5dop: checks 
The magic MD: checks 
*** TURN *** [4d Jc Tc] [Jd]
Dai5dop: checks 
The magic MD: bets $2.14
Dai5dop: folds 
Uncalled bet ($2.14) returned to The magic MD
The magic MD collected $4.28 from pot
*** SUMMARY ***
Total pot $4.50 | Rake $0.22 
Board [4d Jc Tc Jd]
Seat 6: Pon4uk.ua
Seat 1: ImaPeppaPig folded before Flop (didn't bet)
Seat 2: The magic MD (button) collected ($4.28)
Seat 3: Unipoker11 (small blind) folded before Flop
Seat 4: Dai5dop (big blind) folded on the Turn
Seat 5: franco232315 folded before Flop (didn't bet)



PokerStars Hand #254413534237:  Hold'em No Limit ($0.50/$1.00 USD) - 2025/01/17 13:19:56 WET [2025/01/17 8:19:56 ET]
Table 'Zech II' 6-max Seat #3 is the button
Seat 6: Pon4uk.ua ($100 in chips) is sitting out
Seat 1: ImaPeppaPig ($118.02 in chips) 
Seat 2: The magic MD ($41.45 in chips) 
Seat 3: Unipoker11 ($101 in chips) 
Seat 4: Dai5dop ($100 in chips) 
Seat 5: franco232315 ($105.87 in chips) 
Dai5dop: posts small blind $0.50
franco232315: posts big blind $1
Pon4uk.ua: sits out 
*** HOLE CARDS ***
ImaPeppaPig: raises $1.50 to $2.50
The magic MD: folds 
Unipoker11: folds 
Dai5dop: folds 
franco232315: folds 
Uncalled bet ($1.50) returned to ImaPeppaPig
ImaPeppaPig collected $2.50 from pot
ImaPeppaPig: doesn't show hand 
*** SUMMARY ***
Total pot $2.50 | Rake $0 
Seat 6: Pon4uk.ua
Seat 1: ImaPeppaPig collected ($2.50)
Seat 2: The magic MD folded before Flop (didn't bet)
Seat 3: Unipoker11 (button) folded before Flop (didn't bet)
Seat 4: Dai5dop (small blind) folded before Flop
Seat 5: franco232315 (big blind) folded before Flop



PokerStars Hand #254413536379:  Hold'em No Limit ($0.50/$1.00 USD) - 2025/01/17 13:20:09 WET [2025/01/17 8:20:09 ET]
Table 'Zech II' 6-max Seat #4 is the button
Seat 1: ImaPeppaPig ($119.52 in chips) 
Seat 2: The magic MD ($41.45 in chips) 
Seat 3: Unipoker11 ($101 in chips) 
Seat 4: Dai5dop ($100 in chips) 
Seat 5: franco232315 ($104.87 in chips) 
Seat 6: Pon4uk.ua ($100 in chips) 
franco232315: posts small blind $0.50
Pon4uk.ua: posts big blind $1
*** HOLE CARDS ***
ImaPeppaPig: folds 
The magic MD: folds 
Unipoker11: folds 
Dai5dop: folds 
The magic MD leaves the table
franco232315: folds 
Uncalled bet ($0.50) returned to Pon4uk.ua
Pon4uk.ua collected $1 from pot
Pon4uk.ua: doesn't show hand 
*** SUMMARY ***
Total pot $1 | Rake $0 
Seat 1: ImaPeppaPig folded before Flop (didn't bet)
Seat 2: The magic MD folded before Flop (didn't bet)
Seat 3: Unipoker11 folded before Flop (didn't bet)
Seat 4: Dai5dop (button) folded before Flop (didn't bet)
Seat 5: franco232315 (small blind) folded before Flop
Seat 6: Pon4uk.ua (big blind) collected ($1)



PokerStars Hand #254413538376:  Hold'em No Limit ($0.50/$1.00 USD) - 2025/01/17 13:20:21 WET [2025/01/17 8:20:21 ET]
Table 'Zech II' 6-max Seat #5 is the button
Seat 1: ImaPeppaPig ($119.52 in chips) 
Seat 3: Unipoker11 ($101 in chips) 
Seat 4: Dai5dop ($100 in chips) 
Seat 5: franco232315 ($104.37 in chips) 
Seat 6: Pon4uk.ua ($100.50 in chips) 
Pon4uk.ua: posts small blind $0.50
ImaPeppaPig: posts big blind $1
*** HOLE CARDS ***
Unipoker11: folds 
Dai5dop: raises $1.50 to $2.50
franco232315: raises $5 to $7.50
Pon4uk.ua: folds 
ImaPeppaPig: folds 
Dai5dop: calls $5
*** FLOP *** [Qc Tc 2s]
Dai5dop: checks 
franco232315: bets $5.17
Dai5dop: folds 
Uncalled bet ($5.17) returned to franco232315
franco232315 collected $15.68 from pot
franco232315: doesn't show hand 
*** SUMMARY ***
Total pot $16.50 | Rake $0.82 
Board [Qc Tc 2s]
Seat 1: ImaPeppaPig (big blind) folded before Flop
Seat 3: Unipoker11 folded before Flop (didn't bet)
Seat 4: Dai5dop folded on the Flop
Seat 5: franco232315 (button) collected ($15.68)
Seat 6: Pon4uk.ua (small blind) folded before Flop



PokerStars Hand #254413545203:  Hold'em No Limit ($0.50/$1.00 USD) - 2025/01/17 13:21:03 WET [2025/01/17 8:21:03 ET]
Table 'Zech II' 6-max Seat #6 is the button
Seat 1: ImaPeppaPig ($118.52 in chips) 
Seat 3: Unipoker11 ($101 in chips) 
Seat 4: Dai5dop ($100 in chips) 
Seat 5: franco232315 ($112.55 in chips) 
Seat 6: Pon4uk.ua ($100 in chips) 
ImaPeppaPig: posts small blind $0.50
Unipoker11: posts big blind $1
*** HOLE CARDS ***
Dai5dop: folds 
franco232315: raises $1.50 to $2.50
Pon4uk.ua: folds 
ImaPeppaPig: folds 
Unipoker11: calls $1.50
*** FLOP *** [2c Qs 9h]
Unipoker11: checks 
franco232315: bets $1.72
Unipoker11: calls $1.72
*** TURN *** [2c Qs 9h] [8d]
Unipoker11: checks 
franco232315: bets $6.37
trueYes.3970 joins the table at seat #2 
trueYes.3970 is disconnected 
Unipoker11: raises $15.92 to $22.29
franco232315: folds 
Uncalled bet ($15.92) returned to Unipoker11
Unipoker11 collected $20.60 from pot
Unipoker11: doesn't show hand 
*** SUMMARY ***
Total pot $21.68 | Rake $1.08 
Board [2c Qs 9h 8d]
Seat 1: ImaPeppaPig (small blind) folded before Flop
Seat 3: Unipoker11 (big blind) collected ($20.60)
Seat 4: Dai5dop folded before Flop (didn't bet)
Seat 5: franco232315 folded on the Turn
Seat 6: Pon4uk.ua (button) folded before Flop (didn't bet)



PokerStars Hand #254413557703:  Hold'em No Limit ($0.50/$1.00 USD) - 2025/01/17 13:22:20 WET [2025/01/17 8:22:20 ET]
Table 'Zech II' 6-max Seat #1 is the button
Seat 2: trueYes.3970 ($10 in chips) is sitting out
Seat 1: ImaPeppaPig ($118.02 in chips) 
Seat 3: Unipoker11 ($111.01 in chips) 
Seat 4: Dai5dop ($100 in chips) 
Seat 5: franco232315 ($101.96 in chips) 
Seat 6: Pon4uk.ua ($100 in chips) 
Unipoker11: posts small blind $0.50
Dai5dop: posts big blind $1
*** HOLE CARDS ***
franco232315: folds 
Pon4uk.ua: folds 
ImaPeppaPig: folds 
Unipoker11: folds 
Uncalled bet ($0.50) returned to Dai5dop
Dai5dop collected $1 from pot
Dai5dop: doesn't show hand 
*** SUMMARY ***
Total pot $1 | Rake $0 
Seat 2: trueYes.3970
Seat 1: ImaPeppaPig (button) folded before Flop (didn't bet)
Seat 3: Unipoker11 (small blind) folded before Flop
Seat 4: Dai5dop (big blind) collected ($1)
Seat 5: franco232315 folded before Flop (didn't bet)
Seat 6: Pon4uk.ua folded before Flop (didn't bet)



PokerStars Hand #254413559707:  Hold'em No Limit ($0.50/$1.00 USD) - 2025/01/17 13:22:32 WET [2025/01/17 8:22:32 ET]
Table 'Zech II' 6-max Seat #3 is the button
Seat 5: franco232315 ($101.96 in chips) is sitting out
Seat 1: ImaPeppaPig ($118.02 in chips) 
Seat 2: trueYes.3970 ($10 in chips) 
Seat 3: Unipoker11 ($110.51 in chips) 
Seat 4: Dai5dop ($100.50 in chips) 
Seat 6: Pon4uk.ua ($100 in chips) 
Dai5dop: posts small blind $0.50
franco232315: is sitting out 
Pon4uk.ua: posts big blind $1
trueYes.3970: posts big blind $1
*** HOLE CARDS ***
ImaPeppaPig: folds 
franco232315 leaves the table
trueYes.3970: raises $1.95 to $2.95
Unipoker11: folds 
Dai5dop: folds 
Pon4uk.ua: raises $8.55 to $11.50
trueYes.3970: calls $7.05 and is all-in
Uncalled bet ($1.50) returned to Pon4uk.ua
*** FLOP *** [6c 7d 9h]
*** TURN *** [6c 7d 9h] [Jh]
*** RIVER *** [6c 7d 9h Jh] [Ah]
*** SHOW DOWN ***
Pon4uk.ua: shows [Ad 8d] (a pair of Aces)
trueYes.3970: shows [4c 5c] (high card Ace)
Pon4uk.ua collected $19.48 from pot
*** SUMMARY ***
Total pot $20.50 | Rake $1.02 
Board [6c 7d 9h Jh Ah]
Seat 5: franco232315
Seat 1: ImaPeppaPig folded before Flop (didn't bet)
Seat 2: trueYes.3970 showed [4c 5c] and lost with high card Ace
Seat 3: Unipoker11 (button) folded before Flop (didn't bet)
Seat 4: Dai5dop (small blind) folded before Flop
Seat 6: Pon4uk.ua (big blind) showed [Ad 8d] and won ($19.48) with a pair of Aces



PokerStars Hand #254413565154:  Hold'em No Limit ($0.50/$1.00 USD) - 2025/01/17 13:23:06 WET [2025/01/17 8:23:06 ET]
Table 'Zech II' 6-max Seat #4 is the button
Seat 2: trueYes.3970 ($0 in chips) is sitting out
Seat 1: ImaPeppaPig ($118.02 in chips) 
Seat 3: Unipoker11 ($110.51 in chips) 
Seat 4: Dai5dop ($100 in chips) 
Seat 6: Pon4uk.ua ($109.48 in chips) 
Pon4uk.ua: posts small blind $0.50
ImaPeppaPig: posts big blind $1
*** HOLE CARDS ***
Unipoker11: folds 
Dai5dop: raises $1.50 to $2.50
Pon4uk.ua: folds 
ImaPeppaPig: folds 
Uncalled bet ($1.50) returned to Dai5dop
Dai5dop collected $2.50 from pot
Dai5dop: doesn't show hand 
*** SUMMARY ***
Total pot $2.50 | Rake $0 
Seat 2: trueYes.3970
Seat 1: ImaPeppaPig (big blind) folded before Flop
Seat 3: Unipoker11 folded before Flop (didn't bet)
Seat 4: Dai5dop (button) collected ($2.50)
Seat 6: Pon4uk.ua (small blind) folded before Flop



PokerStars Hand #254413569089:  Hold'em No Limit ($0.50/$1.00 USD) - 2025/01/17 13:23:30 WET [2025/01/17 8:23:30 ET]
Table 'Zech II' 6-max Seat #6 is the button
Seat 1: ImaPeppaPig ($117.02 in chips) 
Seat 2: trueYes.3970 ($13.20 in chips) 
Seat 3: Unipoker11 ($110.51 in chips) 
Seat 4: Dai5dop ($101.50 in chips) 
Seat 6: Pon4uk.ua ($108.98 in chips) 
ImaPeppaPig: posts small blind $0.50
trueYes.3970: posts big blind $1
*** HOLE CARDS ***
Unipoker11: folds 
Dai5dop: raises $1.50 to $2.50
Pon4uk.ua: raises $1.50 to $4
ImaPeppaPig: folds 
trueYes.3970: folds 
Dai5dop: calls $1.50
*** FLOP *** [6s 3s 9d]
Dai5dop: checks 
Pon4uk.ua: bets $2.98
Dai5dop: folds 
Uncalled bet ($2.98) returned to Pon4uk.ua
Pon4uk.ua collected $9.02 from pot
Pon4uk.ua: doesn't show hand 
*** SUMMARY ***
Total pot $9.50 | Rake $0.48 
Board [6s 3s 9d]
Seat 1: ImaPeppaPig (small blind) folded before Flop
Seat 2: trueYes.3970 (big blind) folded before Flop
Seat 3: Unipoker11 folded before Flop (didn't bet)
Seat 4: Dai5dop folded on the Flop
Seat 6: Pon4uk.ua (button) collected ($9.02)



PokerStars Hand #254413575581:  Hold'em No Limit ($0.50/$1.00 USD) - 2025/01/17 13:24:10 WET [2025/01/17 8:24:10 ET]
Table 'Zech II' 6-max Seat #1 is the button
Seat 1: ImaPeppaPig ($116.52 in chips) 
Seat 2: trueYes.3970 ($12.20 in chips) 
Seat 3: Unipoker11 ($110.51 in chips) 
Seat 4: Dai5dop ($100 in chips) 
Seat 6: Pon4uk.ua ($114 in chips) 
trueYes.3970: posts small blind $0.50
Unipoker11: posts big blind $1
*** HOLE CARDS ***
Dai5dop: folds 
Pon4uk.ua: folds 
ImaPeppaPig: raises $1.50 to $2.50
NoonTime1991 joins the table at seat #5 
trueYes.3970: calls $2
Unipoker11: folds 
*** FLOP *** [6c 2d 3c]
trueYes.3970: checks 
ImaPeppaPig: bets $7.30
trueYes.3970: folds 
Uncalled bet ($7.30) returned to ImaPeppaPig
ImaPeppaPig collected $5.70 from pot
ImaPeppaPig: doesn't show hand 
*** SUMMARY ***
Total pot $6 | Rake $0.30 
Board [6c 2d 3c]
Seat 1: ImaPeppaPig (button) collected ($5.70)
Seat 2: trueYes.3970 (small blind) folded on the Flop
Seat 3: Unipoker11 (big blind) folded before Flop
Seat 4: Dai5dop folded before Flop (didn't bet)
Seat 6: Pon4uk.ua folded before Flop (didn't bet)



PokerStars Hand #254413580988:  Hold'em No Limit ($0.50/$1.00 USD) - 2025/01/17 13:24:43 WET [2025/01/17 8:24:43 ET]
Table 'Zech II' 6-max Seat #2 is the button
Seat 5: NoonTime1991 ($100 in chips) is sitting out
Seat 1: ImaPeppaPig ($119.72 in chips) 
Seat 2: trueYes.3970 ($9.70 in chips) 
Seat 3: Unipoker11 ($109.51 in chips) 
Seat 4: Dai5dop ($100 in chips) 
Seat 6: Pon4uk.ua ($114 in chips) 
Unipoker11: posts small blind $0.50
Dai5dop: posts big blind $1
NoonTime1991: sits out 
*** HOLE CARDS ***
Pon4uk.ua: folds 
ImaPeppaPig: folds 
trueYes.3970: raises $2.50 to $3.50
Unipoker11: folds 
Dai5dop: raises $9 to $12.50
trueYes.3970: calls $6.20 and is all-in
Uncalled bet ($2.80) returned to Dai5dop
*** FLOP *** [Ah Th 3d]
*** TURN *** [Ah Th 3d] [As]
*** RIVER *** [Ah Th 3d As] [5h]
*** SHOW DOWN ***
Dai5dop: shows [Qc Qd] (two pair, Aces and Queens)
trueYes.3970: shows [Jh Kh] (a flush, Ace high)
trueYes.3970 collected $18.90 from pot
Dai5dop cashed out the hand for $12.53 | Cash Out Fee $0.26
*** SUMMARY ***
Total pot $19.90 | Rake $1 
Board [Ah Th 3d As 5h]
Seat 5: NoonTime1991
Seat 1: ImaPeppaPig folded before Flop (didn't bet)
Seat 2: trueYes.3970 (button) showed [Jh Kh] and won ($18.90) with a flush, Ace high
Seat 3: Unipoker11 (small blind) folded before Flop
Seat 4: Dai5dop (big blind) showed [Qc Qd] and lost with two pair, Aces and Queens (cashed out).
Seat 6: Pon4uk.ua folded before Flop (didn't bet)



PokerStars Hand #254413587054:  Hold'em No Limit ($0.50/$1.00 USD) - 2025/01/17 13:25:20 WET [2025/01/17 8:25:20 ET]
Table 'Zech II' 6-max Seat #3 is the button
Seat 1: ImaPeppaPig ($119.72 in chips) 
Seat 2: trueYes.3970 ($18.90 in chips) 
Seat 3: Unipoker11 ($109.01 in chips) 
Seat 4: Dai5dop ($102.83 in chips) 
Seat 5: NoonTime1991 ($100 in chips) 
Seat 6: Pon4uk.ua ($114 in chips) 
Dai5dop: posts small blind $0.50
NoonTime1991: posts big blind $1
*** HOLE CARDS ***
Pon4uk.ua: folds 
ImaPeppaPig: folds 
trueYes.3970: raises $2 to $3
Unipoker11: folds 
Dai5dop: folds 
NoonTime1991: folds 
Uncalled bet ($2) returned to trueYes.3970
trueYes.3970 collected $2.50 from pot
*** SUMMARY ***
Total pot $2.50 | Rake $0 
Seat 1: ImaPeppaPig folded before Flop (didn't bet)
Seat 2: trueYes.3970 collected ($2.50)
Seat 3: Unipoker11 (button) folded before Flop (didn't bet)
Seat 4: Dai5dop (small blind) folded before Flop
Seat 5: NoonTime1991 (big blind) folded before Flop
Seat 6: Pon4uk.ua folded before Flop (didn't bet)



PokerStars Hand #254413591741:  Hold'em No Limit ($0.50/$1.00 USD) - 2025/01/17 13:25:49 WET [2025/01/17 8:25:49 ET]
Table 'Zech II' 6-max Seat #4 is the button
Seat 1: ImaPeppaPig ($119.72 in chips) 
Seat 2: trueYes.3970 ($20.40 in chips) 
Seat 3: Unipoker11 ($109.01 in chips) 
Seat 4: Dai5dop ($102.33 in chips) 
Seat 5: NoonTime1991 ($100 in chips) 
Seat 6: Pon4uk.ua ($114 in chips) 
NoonTime1991: posts small blind $0.50
Pon4uk.ua: posts big blind $1
*** HOLE CARDS ***
ImaPeppaPig: folds 
trueYes.3970: folds 
Unipoker11: folds 
Dai5dop: raises $1.50 to $2.50
NoonTime1991: folds 
Pon4uk.ua: folds 
Uncalled bet ($1.50) returned to Dai5dop
Dai5dop collected $2.50 from pot
Dai5dop: doesn't show hand 
*** SUMMARY ***
Total pot $2.50 | Rake $0 
Seat 1: ImaPeppaPig folded before Flop (didn't bet)
Seat 2: trueYes.3970 folded before Flop (didn't bet)
Seat 3: Unipoker11 folded before Flop (didn't bet)
Seat 4: Dai5dop (button) collected ($2.50)
Seat 5: NoonTime1991 (small blind) folded before Flop
Seat 6: Pon4uk.ua (big blind) folded before Flop



PokerStars Hand #254413595849:  Hold'em No Limit ($0.50/$1.00 USD) - 2025/01/17 13:26:14 WET [2025/01/17 8:26:14 ET]
Table 'Zech II' 6-max Seat #5 is the button
Seat 1: ImaPeppaPig ($119.72 in chips) 
Seat 2: trueYes.3970 ($20.40 in chips) 
Seat 3: Unipoker11 ($109.01 in chips) 
Seat 4: Dai5dop ($103.83 in chips) 
Seat 5: NoonTime1991 ($100 in chips) 
Seat 6: Pon4uk.ua ($113 in chips) 
Pon4uk.ua: posts small blind $0.50
ImaPeppaPig: posts big blind $1
*** HOLE CARDS ***
trueYes.3970: raises $1 to $2
Unipoker11: folds 
Dai5dop: folds 
NoonTime1991: folds 
Pon4uk.ua: folds 
ImaPeppaPig: calls $1
*** FLOP *** [Ks 2d Js]
ImaPeppaPig: checks 
trueYes.3970: bets $2.14
ImaPeppaPig: calls $2.14
*** TURN *** [Ks 2d Js] [8h]
ImaPeppaPig: checks 
trueYes.3970: bets $16.26 and is all-in
ImaPeppaPig: folds 
Uncalled bet ($16.26) returned to trueYes.3970
trueYes.3970 collected $8.34 from pot
*** SUMMARY ***
Total pot $8.78 | Rake $0.44 
Board [Ks 2d Js 8h]
Seat 1: ImaPeppaPig (big blind) folded on the Turn
Seat 2: trueYes.3970 collected ($8.34)
Seat 3: Unipoker11 folded before Flop (didn't bet)
Seat 4: Dai5dop folded before Flop (didn't bet)
Seat 5: NoonTime1991 (button) folded before Flop (didn't bet)
Seat 6: Pon4uk.ua (small blind) folded before Flop



PokerStars Hand #254413601503:  Hold'em No Limit ($0.50/$1.00 USD) - 2025/01/17 13:26:49 WET [2025/01/17 8:26:49 ET]
Table 'Zech II' 6-max Seat #6 is the button
Seat 1: ImaPeppaPig ($115.58 in chips) 
Seat 2: trueYes.3970 ($24.60 in chips) 
Seat 3: Unipoker11 ($109.01 in chips) 
Seat 4: Dai5dop ($103.83 in chips) 
Seat 5: NoonTime1991 ($100 in chips) 
Seat 6: Pon4uk.ua ($112.50 in chips) 
ImaPeppaPig: posts small blind $0.50
trueYes.3970: posts big blind $1
*** HOLE CARDS ***
Unipoker11: folds 
Dai5dop: folds 
NoonTime1991: folds 
Pon4uk.ua: raises $1.50 to $2.50
ImaPeppaPig: folds 
trueYes.3970: calls $1.50
*** FLOP *** [Ad Qs Qc]
trueYes.3970: checks 
Pon4uk.ua: bets $1.72
trueYes.3970: calls $1.72
*** TURN *** [Ad Qs Qc] [2c]
trueYes.3970: checks 
Pon4uk.ua: bets $6.37
trueYes.3970: calls $6.37
*** RIVER *** [Ad Qs Qc 2c] [3s]
trueYes.3970: bets $14.01 and is all-in
Pon4uk.ua: calls $14.01
*** SHOW DOWN ***
trueYes.3970: shows [Ac 9d] (two pair, Aces and Queens)
Pon4uk.ua: shows [Js Qh] (three of a kind, Queens)
Pon4uk.ua collected $47.22 from pot
*** SUMMARY ***
Total pot $49.70 | Rake $2.48 
Board [Ad Qs Qc 2c 3s]
Seat 1: ImaPeppaPig (small blind) folded before Flop
Seat 2: trueYes.3970 (big blind) showed [Ac 9d] and lost with two pair, Aces and Queens
Seat 3: Unipoker11 folded before Flop (didn't bet)
Seat 4: Dai5dop folded before Flop (didn't bet)
Seat 5: NoonTime1991 folded before Flop (didn't bet)
Seat 6: Pon4uk.ua (button) showed [Js Qh] and won ($47.22) with three of a kind, Queens



PokerStars Hand #254413609336:  Hold'em No Limit ($0.50/$1.00 USD) - 2025/01/17 13:27:37 WET [2025/01/17 8:27:37 ET]
Table 'Zech II' 6-max Seat #1 is the button
Seat 2: trueYes.3970 ($0 in chips) is sitting out
Seat 1: ImaPeppaPig ($115.08 in chips) 
Seat 3: Unipoker11 ($109.01 in chips) 
Seat 4: Dai5dop ($103.83 in chips) 
Seat 5: NoonTime1991 ($100 in chips) 
Seat 6: Pon4uk.ua ($135.12 in chips) 
Unipoker11: posts small blind $0.50
Dai5dop: posts big blind $1
*** HOLE CARDS ***
NoonTime1991: folds 
trueYes.3970 leaves the table
Pon4uk.ua: folds 
ImaPeppaPig: folds 
Unipoker11: folds 
Uncalled bet ($0.50) returned to Dai5dop
Dai5dop collected $1 from pot
Dai5dop: doesn't show hand 
*** SUMMARY ***
Total pot $1 | Rake $0 
Seat 2: trueYes.3970
Seat 1: ImaPeppaPig (button) folded before Flop (didn't bet)
Seat 3: Unipoker11 (small blind) folded before Flop
Seat 4: Dai5dop (big blind) collected ($1)
Seat 5: NoonTime1991 folded before Flop (didn't bet)
Seat 6: Pon4uk.ua folded before Flop (didn't bet)



PokerStars Hand #254413614407:  Hold'em No Limit ($0.50/$1.00 USD) - 2025/01/17 13:28:07 WET [2025/01/17 8:28:07 ET]
Table 'Zech II' 6-max Seat #3 is the button
Seat 5: NoonTime1991 ($100 in chips) is sitting out
Seat 1: ImaPeppaPig ($115.08 in chips) 
Seat 3: Unipoker11 ($108.51 in chips) 
Seat 4: Dai5dop ($104.33 in chips) 
Seat 6: Pon4uk.ua ($135.12 in chips) 
Dai5dop: posts small blind $0.50
NoonTime1991: is sitting out 
Pon4uk.ua: posts big blind $1
*** HOLE CARDS ***
ImaPeppaPig: folds 
Unipoker11: folds 
Dai5dop: folds 
Uncalled bet ($0.50) returned to Pon4uk.ua
Pon4uk.ua collected $1 from pot
Pon4uk.ua: doesn't show hand 
*** SUMMARY ***
Total pot $1 | Rake $0 
Seat 5: NoonTime1991
Seat 1: ImaPeppaPig folded before Flop (didn't bet)
Seat 3: Unipoker11 (button) folded before Flop (didn't bet)
Seat 4: Dai5dop (small blind) folded before Flop
Seat 6: Pon4uk.ua (big blind) collected ($1)



PokerStars Hand #254413618860:  Hold'em No Limit ($0.50/$1.00 USD) - 2025/01/17 13:28:35 WET [2025/01/17 8:28:35 ET]
Table 'Zech II' 6-max Seat #4 is the button
Seat 5: NoonTime1991 ($100 in chips) is sitting out
Seat 1: ImaPeppaPig ($115.08 in chips) 
Seat 3: Unipoker11 ($108.51 in chips) 
Seat 4: Dai5dop ($103.83 in chips) 
Seat 6: Pon4uk.ua ($135.62 in chips) 
Pon4uk.ua: posts small blind $0.50
ImaPeppaPig: posts big blind $1
*** HOLE CARDS ***
NoonTime1991 leaves the table
Unipoker11: raises $1.30 to $2.30
pazzo777777 joins the table at seat #2 
nastja336 joins the table at seat #5 
Dai5dop: raises $4.60 to $6.90
Pon4uk.ua: folds 
ImaPeppaPig: folds 
Unipoker11: raises $13.10 to $20
Dai5dop: folds 
Uncalled bet ($13.10) returned to Unipoker11
Unipoker11 collected $15.30 from pot
Unipoker11: doesn't show hand 
*** SUMMARY ***
Total pot $15.30 | Rake $0 
Seat 5: NoonTime1991
Seat 1: ImaPeppaPig (big blind) folded before Flop
Seat 3: Unipoker11 collected ($15.30)
Seat 4: Dai5dop (button) folded before Flop
Seat 6: Pon4uk.ua (small blind) folded before Flop



PokerStars Hand #254413627994:  Hold'em No Limit ($0.50/$1.00 USD) - 2025/01/17 13:29:31 WET [2025/01/17 8:29:31 ET]
Table 'Zech II' 6-max Seat #6 is the button
Seat 5: nastja336 ($100 in chips) is sitting out
Seat 1: ImaPeppaPig ($114.08 in chips) 
Seat 2: pazzo777777 ($50.03 in chips) 
Seat 3: Unipoker11 ($116.91 in chips) 
Seat 4: Dai5dop ($100 in chips) 
Seat 6: Pon4uk.ua ($135.12 in chips) 
ImaPeppaPig: posts small blind $0.50
pazzo777777: posts big blind $1
nastja336: sits out 
*** HOLE CARDS ***
Unipoker11: folds 
Dai5dop: folds 
Pon4uk.ua: folds 
ImaPeppaPig: folds 
Uncalled bet ($0.50) returned to pazzo777777
pazzo777777 collected $1 from pot
pazzo777777: doesn't show hand 
*** SUMMARY ***
Total pot $1 | Rake $0 
Seat 5: nastja336
Seat 1: ImaPeppaPig (small blind) folded before Flop
Seat 2: pazzo777777 (big blind) collected ($1)
Seat 3: Unipoker11 folded before Flop (didn't bet)
Seat 4: Dai5dop folded before Flop (didn't bet)
Seat 6: Pon4uk.ua (button) folded before Flop (didn't bet)



PokerStars Hand #254413632483:  Hold'em No Limit ($0.50/$1.00 USD) - 2025/01/17 13:29:58 WET [2025/01/17 8:29:58 ET]
Table 'Zech II' 6-max Seat #1 is the button
Seat 5: nastja336 ($100 in chips) is sitting out
Seat 1: ImaPeppaPig ($113.58 in chips) 
Seat 2: pazzo777777 ($50.53 in chips) 
Seat 3: Unipoker11 ($116.91 in chips) 
Seat 4: Dai5dop ($100 in chips) 
Seat 6: Pon4uk.ua ($135.12 in chips) 
pazzo777777: posts small blind $0.50
Unipoker11: posts big blind $1
nastja336: sits out 
*** HOLE CARDS ***
Dai5dop: folds 
Pon4uk.ua: folds 
ImaPeppaPig: folds 
pazzo777777: calls $0.50
Unipoker11: checks 
*** FLOP *** [6d Ks Ad]
pazzo777777: checks 
Unipoker11: checks 
*** TURN *** [6d Ks Ad] [2d]
pazzo777777: checks 
Unipoker11: checks 
*** RIVER *** [6d Ks Ad 2d] [6h]
pazzo777777: checks 
Unipoker11: checks 
*** SHOW DOWN ***
pazzo777777: shows [5h 7c] (a pair of Sixes)
Unipoker11: shows [4s 7s] (a pair of Sixes)
pazzo777777 collected $0.95 from pot
Unipoker11 collected $0.95 from pot
*** SUMMARY ***
Total pot $2 | Rake $0.10 
Board [6d Ks Ad 2d 6h]
Seat 5: nastja336
Seat 1: ImaPeppaPig (button) folded before Flop (didn't bet)
Seat 2: pazzo777777 (small blind) showed [5h 7c] and won ($0.95) with a pair of Sixes
Seat 3: Unipoker11 (big blind) showed [4s 7s] and won ($0.95) with a pair of Sixes
Seat 4: Dai5dop folded before Flop (didn't bet)
Seat 6: Pon4uk.ua folded before Flop (didn't bet)



PokerStars Hand #254413641900:  Hold'em No Limit ($0.50/$1.00 USD) - 2025/01/17 13:30:54 WET [2025/01/17 8:30:54 ET]
Table 'Zech II' 6-max Seat #2 is the button
Seat 5: nastja336 ($100 in chips) is sitting out
Seat 1: ImaPeppaPig ($113.58 in chips) 
Seat 2: pazzo777777 ($50.48 in chips) 
Seat 3: Unipoker11 ($116.86 in chips) 
Seat 4: Dai5dop ($100 in chips) 
Seat 6: Pon4uk.ua ($135.12 in chips) 
Unipoker11: posts small blind $0.50
Dai5dop: posts big blind $1
nastja336: sits out 
*** HOLE CARDS ***
Pon4uk.ua: folds 
ImaPeppaPig: folds 
pazzo777777: folds 
Unipoker11: folds 
Uncalled bet ($0.50) returned to Dai5dop
Dai5dop collected $1 from pot
Dai5dop: doesn't show hand 
*** SUMMARY ***
Total pot $1 | Rake $0 
Seat 5: nastja336
Seat 1: ImaPeppaPig folded before Flop (didn't bet)
Seat 2: pazzo777777 (button) folded before Flop (didn't bet)
Seat 3: Unipoker11 (small blind) folded before Flop
Seat 4: Dai5dop (big blind) collected ($1)
Seat 6: Pon4uk.ua folded before Flop (didn't bet)



PokerStars Hand #254413644411:  Hold'em No Limit ($0.50/$1.00 USD) - 2025/01/17 13:31:08 WET [2025/01/17 8:31:08 ET]
Table 'Zech II' 6-max Seat #3 is the button
Seat 1: ImaPeppaPig ($113.58 in chips) 
Seat 2: pazzo777777 ($50.48 in chips) 
Seat 3: Unipoker11 ($116.36 in chips) 
Seat 4: Dai5dop ($100.50 in chips) 
Seat 5: nastja336 ($100 in chips) 
Seat 6: Pon4uk.ua ($135.12 in chips) 
Dai5dop: posts small blind $0.50
nastja336: posts big blind $1
*** HOLE CARDS ***
Pon4uk.ua: folds 
ImaPeppaPig: raises $1.50 to $2.50
pazzo777777: folds 
Unipoker11: folds 
Dai5dop: folds 
nastja336: calls $1.50
*** FLOP *** [As Tc 6h]
nastja336: checks 
ImaPeppaPig: bets $1.62
nastja336: calls $1.62
*** TURN *** [As Tc 6h] [2c]
nastja336: checks 
ImaPeppaPig: checks 
*** RIVER *** [As Tc 6h 2c] [6s]
nastja336: checks 
ImaPeppaPig: checks 
*** SHOW DOWN ***
nastja336: shows [Qc Ks] (a pair of Sixes)
ImaPeppaPig: shows [3h 3c] (two pair, Sixes and Threes)
ImaPeppaPig collected $8.30 from pot
*** SUMMARY ***
Total pot $8.74 | Rake $0.44 
Board [As Tc 6h 2c 6s]
Seat 1: ImaPeppaPig showed [3h 3c] and won ($8.30) with two pair, Sixes and Threes
Seat 2: pazzo777777 folded before Flop (didn't bet)
Seat 3: Unipoker11 (button) folded before Flop (didn't bet)
Seat 4: Dai5dop (small blind) folded before Flop
Seat 5: nastja336 (big blind) showed [Qc Ks] and lost with a pair of Sixes
Seat 6: Pon4uk.ua folded before Flop (didn't bet)



PokerStars Hand #254413651718:  Hold'em No Limit ($0.50/$1.00 USD) - 2025/01/17 13:31:52 WET [2025/01/17 8:31:52 ET]
Table 'Zech II' 6-max Seat #4 is the button
Seat 1: ImaPeppaPig ($117.76 in chips) 
Seat 2: pazzo777777 ($50.48 in chips) 
Seat 3: Unipoker11 ($116.36 in chips) 
Seat 4: Dai5dop ($100 in chips) 
Seat 5: nastja336 ($100 in chips) 
Seat 6: Pon4uk.ua ($135.12 in chips) 
nastja336: posts small blind $0.50
Pon4uk.ua: posts big blind $1
*** HOLE CARDS ***
ImaPeppaPig: folds 
pazzo777777: folds 
Unipoker11: folds 
Dai5dop: raises $1.50 to $2.50
nastja336: folds 
Pon4uk.ua: folds 
Uncalled bet ($1.50) returned to Dai5dop
Dai5dop collected $2.50 from pot
Dai5dop: doesn't show hand 
*** SUMMARY ***
Total pot $2.50 | Rake $0 
Seat 1: ImaPeppaPig folded before Flop (didn't bet)
Seat 2: pazzo777777 folded before Flop (didn't bet)
Seat 3: Unipoker11 folded before Flop (didn't bet)
Seat 4: Dai5dop (button) collected ($2.50)
Seat 5: nastja336 (small blind) folded before Flop
Seat 6: Pon4uk.ua (big blind) folded before Flop



PokerStars Hand #254413655132:  Hold'em No Limit ($0.50/$1.00 USD) - 2025/01/17 13:32:13 WET [2025/01/17 8:32:13 ET]
Table 'Zech II' 6-max Seat #5 is the button
Seat 1: ImaPeppaPig ($117.76 in chips) 
Seat 2: pazzo777777 ($50.48 in chips) 
Seat 3: Unipoker11 ($116.36 in chips) 
Seat 4: Dai5dop ($101.50 in chips) 
Seat 5: nastja336 ($100 in chips) 
Seat 6: Pon4uk.ua ($134.12 in chips) 
Pon4uk.ua: posts small blind $0.50
ImaPeppaPig: posts big blind $1
*** HOLE CARDS ***
pazzo777777: folds 
Unipoker11: raises $1 to $2
Dai5dop: folds 
nastja336: folds 
Pon4uk.ua: folds 
ImaPeppaPig: calls $1
*** FLOP *** [8c 8s 9d]
ImaPeppaPig: checks 
Unipoker11: checks 
*** TURN *** [8c 8s 9d] [9s]
ImaPeppaPig: checks 
Unipoker11: checks 
*** RIVER *** [8c 8s 9d 9s] [Kh]
ImaPeppaPig: checks 
Unipoker11: bets $2.14
ImaPeppaPig: folds 
Uncalled bet ($2.14) returned to Unipoker11
Unipoker11 collected $4.28 from pot
Unipoker11: doesn't show hand 
*** SUMMARY ***
Total pot $4.50 | Rake $0.22 
Board [8c 8s 9d 9s Kh]
Seat 1: ImaPeppaPig (big blind) folded on the River
Seat 2: pazzo777777 folded before Flop (didn't bet)
Seat 3: Unipoker11 collected ($4.28)
Seat 4: Dai5dop folded before Flop (didn't bet)
Seat 5: nastja336 (button) folded before Flop (didn't bet)
Seat 6: Pon4uk.ua (small blind) folded before Flop



PokerStars Hand #254413663109:  Hold'em No Limit ($0.50/$1.00 USD) - 2025/01/17 13:33:00 WET [2025/01/17 8:33:00 ET]
Table 'Zech II' 6-max Seat #6 is the button
Seat 1: ImaPeppaPig ($115.76 in chips) 
Seat 2: pazzo777777 ($50.48 in chips) 
Seat 3: Unipoker11 ($118.64 in chips) 
Seat 4: Dai5dop ($101.50 in chips) 
Seat 5: nastja336 ($100 in chips) 
Seat 6: Pon4uk.ua ($133.62 in chips) 
ImaPeppaPig: posts small blind $0.50
pazzo777777: posts big blind $1
*** HOLE CARDS ***
Unipoker11: raises $1 to $2
Dai5dop: folds 
nastja336: folds 
Pon4uk.ua: folds 
ImaPeppaPig: folds 
pazzo777777: calls $1
*** FLOP *** [Th Ac 7h]
pazzo777777: checks 
Unipoker11: bets $1.07
pazzo777777: folds 
Uncalled bet ($1.07) returned to Unipoker11
Unipoker11 collected $4.28 from pot
Unipoker11: doesn't show hand 
*** SUMMARY ***
Total pot $4.50 | Rake $0.22 
Board [Th Ac 7h]
Seat 1: ImaPeppaPig (small blind) folded before Flop
Seat 2: pazzo777777 (big blind) folded on the Flop
Seat 3: Unipoker11 collected ($4.28)
Seat 4: Dai5dop folded before Flop (didn't bet)
Seat 5: nastja336 folded before Flop (didn't bet)
Seat 6: Pon4uk.ua (button) folded before Flop (didn't bet)



PokerStars Hand #254413668017:  Hold'em No Limit ($0.50/$1.00 USD) - 2025/01/17 13:33:29 WET [2025/01/17 8:33:29 ET]
Table 'Zech II' 6-max Seat #1 is the button
Seat 1: ImaPeppaPig ($115.26 in chips) 
Seat 2: pazzo777777 ($48.48 in chips) 
Seat 3: Unipoker11 ($120.92 in chips) 
Seat 4: Dai5dop ($101.50 in chips) 
Seat 5: nastja336 ($100 in chips) 
Seat 6: Pon4uk.ua ($133.62 in chips) 
pazzo777777: posts small blind $0.50
Unipoker11: posts big blind $1
*** HOLE CARDS ***
Dai5dop: folds 
nastja336: folds 
Pon4uk.ua: folds 
ImaPeppaPig: folds 
pazzo777777: folds 
Uncalled bet ($0.50) returned to Unipoker11
Unipoker11 collected $1 from pot
Unipoker11: doesn't show hand 
*** SUMMARY ***
Total pot $1 | Rake $0 
Seat 1: ImaPeppaPig (button) folded before Flop (didn't bet)
Seat 2: pazzo777777 (small blind) folded before Flop
Seat 3: Unipoker11 (big blind) collected ($1)
Seat 4: Dai5dop folded before Flop (didn't bet)
Seat 5: nastja336 folded before Flop (didn't bet)
Seat 6: Pon4uk.ua folded before Flop (didn't bet)



PokerStars Hand #254413670685:  Hold'em No Limit ($0.50/$1.00 USD) - 2025/01/17 13:33:45 WET [2025/01/17 8:33:45 ET]
Table 'Zech II' 6-max Seat #2 is the button
Seat 1: ImaPeppaPig ($115.26 in chips) 
Seat 2: pazzo777777 ($47.98 in chips) 
Seat 3: Unipoker11 ($121.42 in chips) 
Seat 4: Dai5dop ($101.50 in chips) 
Seat 5: nastja336 ($100 in chips) 
Seat 6: Pon4uk.ua ($133.62 in chips) 
Unipoker11: posts small blind $0.50
Dai5dop: posts big blind $1
*** HOLE CARDS ***
nastja336: folds 
Pon4uk.ua: raises $1 to $2
ImaPeppaPig: folds 
pazzo777777: folds 
Unipoker11: folds 
Dai5dop: folds 
Uncalled bet ($1) returned to Pon4uk.ua
Pon4uk.ua collected $2.50 from pot
Pon4uk.ua: doesn't show hand 
*** SUMMARY ***
Total pot $2.50 | Rake $0 
Seat 1: ImaPeppaPig folded before Flop (didn't bet)
Seat 2: pazzo777777 (button) folded before Flop (didn't bet)
Seat 3: Unipoker11 (small blind) folded before Flop
Seat 4: Dai5dop (big blind) folded before Flop
Seat 5: nastja336 folded before Flop (didn't bet)
Seat 6: Pon4uk.ua collected ($2.50)



PokerStars Hand #254413673360:  Hold'em No Limit ($0.50/$1.00 USD) - 2025/01/17 13:34:00 WET [2025/01/17 8:34:00 ET]
Table 'Zech II' 6-max Seat #3 is the button
Seat 5: nastja336 ($100 in chips) is sitting out
Seat 1: ImaPeppaPig ($115.26 in chips) 
Seat 2: pazzo777777 ($47.98 in chips) 
Seat 3: Unipoker11 ($120.92 in chips) 
Seat 4: Dai5dop ($100.50 in chips) 
Seat 6: Pon4uk.ua ($135.12 in chips) 
Dai5dop: posts small blind $0.50
nastja336: is sitting out 
Pon4uk.ua: posts big blind $1
*** HOLE CARDS ***
ImaPeppaPig: folds 
nastja336 leaves the table
pazzo777777: raises $1 to $2
Unipoker11: folds 
Dai5dop: folds 
ChuckNorrisQ joins the table at seat #5 
Pon4uk.ua: calls $1
*** FLOP *** [7c 2h Qs]
Pon4uk.ua: checks 
pazzo777777: bets $4.28
Pon4uk.ua: folds 
Uncalled bet ($4.28) returned to pazzo777777
pazzo777777 collected $4.28 from pot
pazzo777777: doesn't show hand 
*** SUMMARY ***
Total pot $4.50 | Rake $0.22 
Board [7c 2h Qs]
Seat 5: nastja336
Seat 1: ImaPeppaPig folded before Flop (didn't bet)
Seat 2: pazzo777777 collected ($4.28)
Seat 3: Unipoker11 (button) folded before Flop (didn't bet)
Seat 4: Dai5dop (small blind) folded before Flop
Seat 6: Pon4uk.ua (big blind) folded on the Flop



PokerStars Hand #254413679146:  Hold'em No Limit ($0.50/$1.00 USD) - 2025/01/17 13:34:34 WET [2025/01/17 8:34:34 ET]
Table 'Zech II' 6-max Seat #4 is the button
Seat 5: ChuckNorrisQ ($100 in chips) is sitting out
Seat 1: ImaPeppaPig ($115.26 in chips) 
Seat 2: pazzo777777 ($50.26 in chips) 
Seat 3: Unipoker11 ($120.92 in chips) 
Seat 4: Dai5dop ($100 in chips) 
Seat 6: Pon4uk.ua ($133.12 in chips) 
Pon4uk.ua: posts small blind $0.50
ImaPeppaPig: posts big blind $1
*** HOLE CARDS ***
pazzo777777: folds 
Unipoker11: folds 
Dai5dop: folds 
Pon4uk.ua: folds 
Uncalled bet ($0.50) returned to ImaPeppaPig
ImaPeppaPig collected $1 from pot
ImaPeppaPig: doesn't show hand 
*** SUMMARY ***
Total pot $1 | Rake $0 
Seat 5: ChuckNorrisQ
Seat 1: ImaPeppaPig (big blind) collected ($1)
Seat 2: pazzo777777 folded before Flop (didn't bet)
Seat 3: Unipoker11 folded before Flop (didn't bet)
Seat 4: Dai5dop (button) folded before Flop (didn't bet)
Seat 6: Pon4uk.ua (small blind) folded before Flop



PokerStars Hand #254413681623:  Hold'em No Limit ($0.50/$1.00 USD) - 2025/01/17 13:34:49 WET [2025/01/17 8:34:49 ET]
Table 'Zech II' 6-max Seat #6 is the button
Seat 5: ChuckNorrisQ ($100 in chips) is sitting out
Seat 1: ImaPeppaPig ($115.76 in chips) 
Seat 2: pazzo777777 ($50.26 in chips) 
Seat 3: Unipoker11 ($120.92 in chips) 
Seat 4: Dai5dop ($100 in chips) 
Seat 6: Pon4uk.ua ($132.62 in chips) 
ImaPeppaPig: posts small blind $0.50
pazzo777777: posts big blind $1
ChuckNorrisQ: sits out 
*** HOLE CARDS ***
Unipoker11: folds 
Dai5dop: folds 
Pon4uk.ua: folds 
ImaPeppaPig: folds 
Uncalled bet ($0.50) returned to pazzo777777
pazzo777777 collected $1 from pot
pazzo777777: doesn't show hand 
*** SUMMARY ***
Total pot $1 | Rake $0 
Seat 5: ChuckNorrisQ
Seat 1: ImaPeppaPig (small blind) folded before Flop
Seat 2: pazzo777777 (big blind) collected ($1)
Seat 3: Unipoker11 folded before Flop (didn't bet)
Seat 4: Dai5dop folded before Flop (didn't bet)
Seat 6: Pon4uk.ua (button) folded before Flop (didn't bet)



PokerStars Hand #254413683759:  Hold'em No Limit ($0.50/$1.00 USD) - 2025/01/17 13:35:01 WET [2025/01/17 8:35:01 ET]
Table 'Zech II' 6-max Seat #1 is the button
Seat 5: ChuckNorrisQ ($100 in chips) is sitting out
Seat 1: ImaPeppaPig ($115.26 in chips) 
Seat 2: pazzo777777 ($50.76 in chips) 
Seat 3: Unipoker11 ($120.92 in chips) 
Seat 4: Dai5dop ($100 in chips) 
Seat 6: Pon4uk.ua ($132.62 in chips) 
pazzo777777: posts small blind $0.50
Unipoker11: posts big blind $1
ChuckNorrisQ: sits out 
*** HOLE CARDS ***
Dai5dop: folds 
Pon4uk.ua: folds 
ImaPeppaPig: raises $1.50 to $2.50
pazzo777777: folds 
Unipoker11: raises $11 to $13.50
ImaPeppaPig: calls $11
*** FLOP *** [3h Ad As]
Unipoker11 has timed out
Unipoker11: checks 
ImaPeppaPig: checks 
*** TURN *** [3h Ad As] [8s]
Unipoker11: checks 
ImaPeppaPig: checks 
*** RIVER *** [3h Ad As 8s] [Ks]
Unipoker11: bets $8.62
ImaPeppaPig: folds 
Uncalled bet ($8.62) returned to Unipoker11
Unipoker11 collected $26.12 from pot
Unipoker11: doesn't show hand 
*** SUMMARY ***
Total pot $27.50 | Rake $1.38 
Board [3h Ad As 8s Ks]
Seat 5: ChuckNorrisQ
Seat 1: ImaPeppaPig (button) folded on the River
Seat 2: pazzo777777 (small blind) folded before Flop
Seat 3: Unipoker11 (big blind) collected ($26.12)
Seat 4: Dai5dop folded before Flop (didn't bet)
Seat 6: Pon4uk.ua folded before Flop (didn't bet)



PokerStars Hand #254413699121:  Hold'em No Limit ($0.50/$1.00 USD) - 2025/01/17 13:36:31 WET [2025/01/17 8:36:31 ET]
Table 'Zech II' 6-max Seat #2 is the button
Seat 5: ChuckNorrisQ ($100 in chips) is sitting out
Seat 1: ImaPeppaPig ($101.76 in chips) 
Seat 2: pazzo777777 ($50.26 in chips) 
Seat 3: Unipoker11 ($133.54 in chips) 
Seat 4: Dai5dop ($100 in chips) 
Seat 6: Pon4uk.ua ($132.62 in chips) 
Unipoker11: posts small blind $0.50
Dai5dop: posts big blind $1
ChuckNorrisQ: sits out 
*** HOLE CARDS ***
Pon4uk.ua: folds 
ImaPeppaPig: folds 
pazzo777777: raises $1 to $2
Unipoker11: folds 
Dai5dop: folds 
Uncalled bet ($1) returned to pazzo777777
pazzo777777 collected $2.50 from pot
pazzo777777: doesn't show hand 
*** SUMMARY ***
Total pot $2.50 | Rake $0 
Seat 5: ChuckNorrisQ
Seat 1: ImaPeppaPig folded before Flop (didn't bet)
Seat 2: pazzo777777 (button) collected ($2.50)
Seat 3: Unipoker11 (small blind) folded before Flop
Seat 4: Dai5dop (big blind) folded before Flop
Seat 6: Pon4uk.ua folded before Flop (didn't bet)



PokerStars Hand #254413702972:  Hold'em No Limit ($0.50/$1.00 USD) - 2025/01/17 13:36:53 WET [2025/01/17 8:36:53 ET]
Table 'Zech II' 6-max Seat #3 is the button
Seat 1: ImaPeppaPig ($101.76 in chips) 
Seat 2: pazzo777777 ($51.76 in chips) 
Seat 3: Unipoker11 ($133.04 in chips) 
Seat 4: Dai5dop ($100 in chips) 
Seat 5: ChuckNorrisQ ($100 in chips) 
Seat 6: Pon4uk.ua ($132.62 in chips) 
Dai5dop: posts small blind $0.50
ChuckNorrisQ: posts big blind $1
*** HOLE CARDS ***
Pon4uk.ua: folds 
ImaPeppaPig: folds 
pazzo777777: folds 
Unipoker11: folds 
Dai5dop: raises $2 to $3
ChuckNorrisQ: calls $2
*** FLOP *** [7s 6h Td]
Dai5dop: checks 
ChuckNorrisQ: bets $2.85
Dai5dop: folds 
Uncalled bet ($2.85) returned to ChuckNorrisQ
ChuckNorrisQ collected $5.70 from pot
ChuckNorrisQ: doesn't show hand 
*** SUMMARY ***
Total pot $6 | Rake $0.30 
Board [7s 6h Td]
Seat 1: ImaPeppaPig folded before Flop (didn't bet)
Seat 2: pazzo777777 folded before Flop (didn't bet)
Seat 3: Unipoker11 (button) folded before Flop (didn't bet)
Seat 4: Dai5dop (small blind) folded on the Flop
Seat 5: ChuckNorrisQ (big blind) collected ($5.70)
Seat 6: Pon4uk.ua folded before Flop (didn't bet)



PokerStars Hand #254413712021:  Hold'em No Limit ($0.50/$1.00 USD) - 2025/01/17 13:37:46 WET [2025/01/17 8:37:46 ET]
Table 'Zech II' 6-max Seat #4 is the button
Seat 1: ImaPeppaPig ($101.76 in chips) 
Seat 2: pazzo777777 ($51.76 in chips) 
Seat 3: Unipoker11 ($133.04 in chips) 
Seat 4: Dai5dop ($100 in chips) 
Seat 5: ChuckNorrisQ ($102.70 in chips) 
Seat 6: Pon4uk.ua ($132.62 in chips) 
ChuckNorrisQ: posts small blind $0.50
Pon4uk.ua: posts big blind $1
*** HOLE CARDS ***
ImaPeppaPig: raises $1.50 to $2.50
pazzo777777: calls $2.50
Unipoker11: folds 
Dai5dop: folds 
ChuckNorrisQ: raises $12.50 to $15
Pon4uk.ua: folds 
ImaPeppaPig: folds 
pazzo777777: folds 
Uncalled bet ($12.50) returned to ChuckNorrisQ
ChuckNorrisQ collected $8.50 from pot
ChuckNorrisQ: doesn't show hand 
*** SUMMARY ***
Total pot $8.50 | Rake $0 
Seat 1: ImaPeppaPig folded before Flop
Seat 2: pazzo777777 folded before Flop
Seat 3: Unipoker11 folded before Flop (didn't bet)
Seat 4: Dai5dop (button) folded before Flop (didn't bet)
Seat 5: ChuckNorrisQ (small blind) collected ($8.50)
Seat 6: Pon4uk.ua (big blind) folded before Flop



PokerStars Hand #254413716432:  Hold'em No Limit ($0.50/$1.00 USD) - 2025/01/17 13:38:12 WET [2025/01/17 8:38:12 ET]
Table 'Zech II' 6-max Seat #5 is the button
Seat 1: ImaPeppaPig ($100 in chips) 
Seat 2: pazzo777777 ($49.26 in chips) 
Seat 3: Unipoker11 ($133.04 in chips) 
Seat 4: Dai5dop ($100 in chips) 
Seat 5: ChuckNorrisQ ($108.70 in chips) 
Seat 6: Pon4uk.ua ($131.62 in chips) 
Pon4uk.ua: posts small blind $0.50
ImaPeppaPig: posts big blind $1
*** HOLE CARDS ***
pazzo777777: raises $2 to $3
Unipoker11: raises $5 to $8
Dai5dop: folds 
ChuckNorrisQ: folds 
Pon4uk.ua: folds 
ImaPeppaPig: folds 
pazzo777777: calls $5
*** FLOP *** [9c Td Jh]
pazzo777777: checks 
Unipoker11: bets $5.48
pazzo777777: calls $5.48
*** TURN *** [9c Td Jh] [Qs]
pazzo777777: checks 
Unipoker11: checks 
*** RIVER *** [9c Td Jh Qs] [9h]
pazzo777777: bets $27.04
Unipoker11: raises $92.52 to $119.56 and is all-in
pazzo777777: calls $8.74 and is all-in
Uncalled bet ($83.78) returned to Unipoker11
*** SHOW DOWN ***
Unipoker11: shows [9s 9d] (four of a kind, Nines)
pazzo777777: shows [Kh Qd] (a straight, Nine to King)
Unipoker11 collected $97.52 from pot
*** SUMMARY ***
Total pot $100.02 | Rake $2.50 
Board [9c Td Jh Qs 9h]
Seat 1: ImaPeppaPig (big blind) folded before Flop
Seat 2: pazzo777777 showed [Kh Qd] and lost with a straight, Nine to King
Seat 3: Unipoker11 showed [9s 9d] and won ($97.52) with four of a kind, Nines
Seat 4: Dai5dop folded before Flop (didn't bet)
Seat 5: ChuckNorrisQ (button) folded before Flop (didn't bet)
Seat 6: Pon4uk.ua (small blind) folded before Flop



PokerStars Hand #254413734457:  Hold'em No Limit ($0.50/$1.00 USD) - 2025/01/17 13:39:57 WET [2025/01/17 8:39:57 ET]
Table 'Zech II' 6-max Seat #6 is the button
Seat 2: pazzo777777 ($0 in chips) is sitting out
Seat 1: ImaPeppaPig ($100 in chips) 
Seat 3: Unipoker11 ($181.30 in chips) 
Seat 4: Dai5dop ($100 in chips) 
Seat 5: ChuckNorrisQ ($108.70 in chips) 
Seat 6: Pon4uk.ua ($131.12 in chips) 
ImaPeppaPig: posts small blind $0.50
Unipoker11: posts big blind $1
*** HOLE CARDS ***
Dai5dop: folds 
ChuckNorrisQ: folds 
Pon4uk.ua: folds 
pazzo777777 leaves the table
ImaPeppaPig: raises $2 to $3
Unipoker11: folds 
Uncalled bet ($2) returned to ImaPeppaPig
ImaPeppaPig collected $2 from pot
ImaPeppaPig: doesn't show hand 
*** SUMMARY ***
Total pot $2 | Rake $0 
Seat 2: pazzo777777
Seat 1: ImaPeppaPig (small blind) collected ($2)
Seat 3: Unipoker11 (big blind) folded before Flop
Seat 4: Dai5dop folded before Flop (didn't bet)
Seat 5: ChuckNorrisQ folded before Flop (didn't bet)
Seat 6: Pon4uk.ua (button) folded before Flop (didn't bet)



PokerStars Hand #254413737035:  Hold'em No Limit ($0.50/$1.00 USD) - 2025/01/17 13:40:12 WET [2025/01/17 8:40:12 ET]
Table 'Zech II' 6-max Seat #1 is the button
Seat 1: ImaPeppaPig ($101 in chips) 
Seat 3: Unipoker11 ($180.30 in chips) 
Seat 4: Dai5dop ($100 in chips) 
Seat 5: ChuckNorrisQ ($108.70 in chips) 
Seat 6: Pon4uk.ua ($131.12 in chips) 
Unipoker11: posts small blind $0.50
Dai5dop: posts big blind $1
*** HOLE CARDS ***
ChuckNorrisQ: folds 
Pon4uk.ua: raises $1 to $2
ImaPeppaPig: folds 
Unipoker11: raises $8 to $10
Dai5dop: folds 
Pon4uk.ua: calls $8
*** FLOP *** [5s Td 5d]
Unipoker11: bets $9.97
Pon4uk.ua: calls $9.97
*** TURN *** [5s Td 5d] [8c]
Unipoker11: checks 
Pon4uk.ua: bets $12.83
Unipoker11: folds 
Uncalled bet ($12.83) returned to Pon4uk.ua
Pon4uk.ua collected $38.89 from pot
Pon4uk.ua: doesn't show hand 
*** SUMMARY ***
Total pot $40.94 | Rake $2.05 
Board [5s Td 5d 8c]
Seat 1: ImaPeppaPig (button) folded before Flop (didn't bet)
Seat 3: Unipoker11 (small blind) folded on the Turn
Seat 4: Dai5dop (big blind) folded before Flop
Seat 5: ChuckNorrisQ folded before Flop (didn't bet)
Seat 6: Pon4uk.ua collected ($38.89)



PokerStars Hand #254413752829:  Hold'em No Limit ($0.50/$1.00 USD) - 2025/01/17 13:41:43 WET [2025/01/17 8:41:43 ET]
Table 'Zech II' 6-max Seat #3 is the button
Seat 5: ChuckNorrisQ ($108.70 in chips) is sitting out
Seat 6: Pon4uk.ua ($150.04 in chips) is sitting out
Seat 1: ImaPeppaPig ($101 in chips) 
Seat 3: Unipoker11 ($160.33 in chips) 
Seat 4: Dai5dop ($100 in chips) 
Dai5dop: posts small blind $0.50
ChuckNorrisQ: is sitting out 
Pon4uk.ua: is sitting out 
ImaPeppaPig: posts big blind $1
*** HOLE CARDS ***
ChuckNorrisQ leaves the table
Pon4uk.ua leaves the table
Unipoker11: folds 
Dai5dop: raises $2 to $3
ImaPeppaPig: folds 
Uncalled bet ($2) returned to Dai5dop
Dai5dop collected $2 from pot
Dai5dop: doesn't show hand 
*** SUMMARY ***
Total pot $2 | Rake $0 
Seat 5: ChuckNorrisQ
Seat 6: Pon4uk.ua
Seat 1: ImaPeppaPig (big blind) folded before Flop
Seat 3: Unipoker11 (button) folded before Flop (didn't bet)
Seat 4: Dai5dop (small blind) collected ($2)



PokerStars Hand #254413755188:  Hold'em No Limit ($0.50/$1.00 USD) - 2025/01/17 13:41:57 WET [2025/01/17 8:41:57 ET]
Table 'Zech II' 6-max Seat #4 is the button
Seat 1: ImaPeppaPig ($100 in chips) 
Seat 3: Unipoker11 ($160.33 in chips) 
Seat 4: Dai5dop ($101 in chips) 
ImaPeppaPig: posts small blind $0.50
Unipoker11: posts big blind $1
*** HOLE CARDS ***
Dai5dop: folds 
Dai5dop leaves the table
ImaPeppaPig: folds 
Uncalled bet ($0.50) returned to Unipoker11
Unipoker11 collected $1 from pot
Unipoker11: doesn't show hand 
*** SUMMARY ***
Total pot $1 | Rake $0 
Seat 1: ImaPeppaPig (small blind) folded before Flop
Seat 3: Unipoker11 (big blind) collected ($1)
Seat 4: Dai5dop (button) folded before Flop (didn't bet)



PokerStars Hand #254413756390:  Hold'em No Limit ($0.50/$1.00 USD) - 2025/01/17 13:42:04 WET [2025/01/17 8:42:04 ET]
Table 'Zech II' 6-max Seat #3 is the button
Seat 1: ImaPeppaPig ($100 in chips) 
Seat 3: Unipoker11 ($160.83 in chips) 
Unipoker11: posts small blind $0.50
ImaPeppaPig: posts big blind $1
*** HOLE CARDS ***
Unipoker11: folds 
Uncalled bet ($0.50) returned to ImaPeppaPig
ImaPeppaPig collected $1 from pot
ImaPeppaPig: doesn't show hand 
*** SUMMARY ***
Total pot $1 | Rake $0 
Seat 1: ImaPeppaPig (big blind) collected ($1)
Seat 3: Unipoker11 (button) (small blind) folded before Flop



PokerStars Hand #254413757750:  Hold'em No Limit ($0.50/$1.00 USD) - 2025/01/17 13:42:12 WET [2025/01/17 8:42:12 ET]
Table 'Zech II' 6-max Seat #1 is the button
Seat 1: ImaPeppaPig ($100.50 in chips) 
Seat 3: Unipoker11 ($160.33 in chips) 
ImaPeppaPig: posts small blind $0.50
Unipoker11: posts big blind $1
*** HOLE CARDS ***
ImaPeppaPig: raises $1.50 to $2.50
Unipoker11: folds 
Uncalled bet ($1.50) returned to ImaPeppaPig
ImaPeppaPig collected $2 from pot
ImaPeppaPig: doesn't show hand 
*** SUMMARY ***
Total pot $2 | Rake $0 
Seat 1: ImaPeppaPig (button) (small blind) collected ($2)
Seat 3: Unipoker11 (big blind) folded before Flop



PokerStars Hand #254413759945:  Hold'em No Limit ($0.50/$1.00 USD) - 2025/01/17 13:42:25 WET [2025/01/17 8:42:25 ET]
Table 'Zech II' 6-max Seat #3 is the button
Seat 1: ImaPeppaPig ($101.50 in chips) 
Seat 3: Unipoker11 ($159.33 in chips) 
Unipoker11: posts small blind $0.50
ImaPeppaPig: posts big blind $1
*** HOLE CARDS ***
Unipoker11: raises $1.50 to $2.50
ImaPeppaPig: folds 
Uncalled bet ($1.50) returned to Unipoker11
Unipoker11 collected $2 from pot
Unipoker11: doesn't show hand 
*** SUMMARY ***
Total pot $2 | Rake $0 
Seat 1: ImaPeppaPig (big blind) folded before Flop
Seat 3: Unipoker11 (button) (small blind) collected ($2)



