PokerStars Hand #254413648529:  Hold'em No Limit ($0.50/$1.00 USD) - 2025/01/17 13:31:33 WET [2025/01/17 8:31:33 ET]
Table 'Niels II' 6-max Seat #5 is the button
Seat 4: Gilfedder ($23.56 in chips) is sitting out
Seat 1: ImaPeppaPig ($101.50 in chips) 
Seat 2: Unipoker11 ($101.50 in chips) 
Seat 3: nastja336 ($100 in chips) 
Seat 5: Nicedaymybro ($106.11 in chips) 
Seat 6: v.sting ($100 in chips) 
v.sting: posts small blind $0.50
ImaPeppaPig: posts big blind $1
Gilfedder: sits out 
*** HOLE CARDS ***
Unipoker11: folds 
nastja336: folds 
Nicedaymybro: folds 
v.sting: folds 
Uncalled bet ($0.50) returned to ImaPeppaPig
ImaPeppaPig collected $1 from pot
ImaPeppaPig: doesn't show hand 
*** SUMMARY ***
Total pot $1 | Rake $0 
Seat 4: Gilfedder
Seat 1: ImaPeppaPig (big blind) collected ($1)
Seat 2: Unipoker11 folded before Flop (didn't bet)
Seat 3: nastja336 folded before Flop (didn't bet)
Seat 5: Nicedaymybro (button) folded before Flop (didn't bet)
Seat 6: v.sting (small blind) folded before Flop



PokerStars Hand #254413650628:  Hold'em No Limit ($0.50/$1.00 USD) - 2025/01/17 13:31:45 WET [2025/01/17 8:31:45 ET]
Table 'Niels II' 6-max Seat #6 is the button
Seat 4: Gilfedder ($23.56 in chips) is sitting out
Seat 1: ImaPeppaPig ($102 in chips) 
Seat 2: Unipoker11 ($101.50 in chips) 
Seat 3: nastja336 ($100 in chips) 
Seat 5: Nicedaymybro ($106.11 in chips) 
Seat 6: v.sting ($100 in chips) 
ImaPeppaPig: posts small blind $0.50
Unipoker11: posts big blind $1
Gilfedder: sits out 
*** HOLE CARDS ***
nastja336: folds 
Nicedaymybro: folds 
v.sting: raises $1.10 to $2.10
ImaPeppaPig: folds 
Unipoker11: folds 
Uncalled bet ($1.10) returned to v.sting
v.sting collected $2.50 from pot
v.sting: doesn't show hand 
*** SUMMARY ***
Total pot $2.50 | Rake $0 
Seat 4: Gilfedder
Seat 1: ImaPeppaPig (small blind) folded before Flop
Seat 2: Unipoker11 (big blind) folded before Flop
Seat 3: nastja336 folded before Flop (didn't bet)
Seat 5: Nicedaymybro folded before Flop (didn't bet)
Seat 6: v.sting (button) collected ($2.50)



PokerStars Hand #254413656053:  Hold'em No Limit ($0.50/$1.00 USD) - 2025/01/17 13:32:18 WET [2025/01/17 8:32:18 ET]
Table 'Niels II' 6-max Seat #1 is the button
Seat 1: ImaPeppaPig ($101.50 in chips) 
Seat 2: Unipoker11 ($100.50 in chips) 
Seat 3: nastja336 ($100 in chips) 
Seat 4: Gilfedder ($23.56 in chips) 
Seat 5: Nicedaymybro ($106.11 in chips) 
Seat 6: v.sting ($101.50 in chips) 
Unipoker11: posts small blind $0.50
nastja336: posts big blind $1
Gilfedder: posts big blind $1
*** HOLE CARDS ***
Gilfedder: checks 
Nicedaymybro: folds 
v.sting: folds 
ImaPeppaPig: folds 
Unipoker11: folds 
nastja336: checks 
*** FLOP *** [4d As 9c]
nastja336: checks 
Gilfedder: bets $1
nastja336: folds 
Uncalled bet ($1) returned to Gilfedder
Gilfedder collected $2.38 from pot
*** SUMMARY ***
Total pot $2.50 | Rake $0.12 
Board [4d As 9c]
Seat 1: ImaPeppaPig (button) folded before Flop (didn't bet)
Seat 2: Unipoker11 (small blind) folded before Flop
Seat 3: nastja336 (big blind) folded on the Flop
Seat 4: Gilfedder collected ($2.38)
Seat 5: Nicedaymybro folded before Flop (didn't bet)
Seat 6: v.sting folded before Flop (didn't bet)



PokerStars Hand #254413660844:  Hold'em No Limit ($0.50/$1.00 USD) - 2025/01/17 13:32:46 WET [2025/01/17 8:32:46 ET]
Table 'Niels II' 6-max Seat #2 is the button
Seat 1: ImaPeppaPig ($101.50 in chips) 
Seat 2: Unipoker11 ($100 in chips) 
Seat 3: nastja336 ($100 in chips) 
Seat 4: Gilfedder ($24.94 in chips) 
Seat 5: Nicedaymybro ($106.11 in chips) 
Seat 6: v.sting ($101.50 in chips) 
nastja336: posts small blind $0.50
Gilfedder: posts big blind $1
*** HOLE CARDS ***
Nicedaymybro: raises $1.50 to $2.50
v.sting: raises $5.50 to $8
ImaPeppaPig: folds 
Unipoker11: folds 
nastja336: folds 
Gilfedder: folds 
Nicedaymybro: folds 
Uncalled bet ($5.50) returned to v.sting
v.sting collected $6.50 from pot
v.sting: doesn't show hand 
*** SUMMARY ***
Total pot $6.50 | Rake $0 
Seat 1: ImaPeppaPig folded before Flop (didn't bet)
Seat 2: Unipoker11 (button) folded before Flop (didn't bet)
Seat 3: nastja336 (small blind) folded before Flop
Seat 4: Gilfedder (big blind) folded before Flop
Seat 5: Nicedaymybro folded before Flop
Seat 6: v.sting collected ($6.50)



PokerStars Hand #254413664393:  Hold'em No Limit ($0.50/$1.00 USD) - 2025/01/17 13:33:07 WET [2025/01/17 8:33:07 ET]
Table 'Niels II' 6-max Seat #3 is the button
Seat 1: ImaPeppaPig ($101.50 in chips) 
Seat 2: Unipoker11 ($100 in chips) 
Seat 3: nastja336 ($100 in chips) 
Seat 4: Gilfedder ($23.94 in chips) 
Seat 5: Nicedaymybro ($103.61 in chips) 
Seat 6: v.sting ($105.50 in chips) 
Gilfedder: posts small blind $0.50
Nicedaymybro: posts big blind $1
*** HOLE CARDS ***
v.sting: folds 
ImaPeppaPig: folds 
Unipoker11: folds 
nastja336: raises $1.50 to $2.50
Gilfedder: calls $2
Nicedaymybro: folds 
*** FLOP *** [Qd 4d 3h]
Gilfedder: checks 
nastja336: bets $1.88
Gilfedder: raises $19.56 to $21.44 and is all-in
nastja336: folds 
Uncalled bet ($19.56) returned to Gilfedder
Gilfedder collected $9.27 from pot
*** SUMMARY ***
Total pot $9.76 | Rake $0.49 
Board [Qd 4d 3h]
Seat 1: ImaPeppaPig folded before Flop (didn't bet)
Seat 2: Unipoker11 folded before Flop (didn't bet)
Seat 3: nastja336 (button) folded on the Flop
Seat 4: Gilfedder (small blind) collected ($9.27)
Seat 5: Nicedaymybro (big blind) folded before Flop
Seat 6: v.sting folded before Flop (didn't bet)



PokerStars Hand #254413671019:  Hold'em No Limit ($0.50/$1.00 USD) - 2025/01/17 13:33:46 WET [2025/01/17 8:33:46 ET]
Table 'Niels II' 6-max Seat #4 is the button
Seat 1: ImaPeppaPig ($101.50 in chips) 
Seat 2: Unipoker11 ($100 in chips) 
Seat 3: nastja336 ($100 in chips) 
Seat 4: Gilfedder ($28.83 in chips) 
Seat 5: Nicedaymybro ($102.61 in chips) 
Seat 6: v.sting ($105.50 in chips) 
Nicedaymybro: posts small blind $0.50
v.sting: posts big blind $1
*** HOLE CARDS ***
ImaPeppaPig: raises $1.50 to $2.50
Unipoker11: folds 
nastja336: folds 
Gilfedder: folds 
Nicedaymybro: folds 
v.sting: folds 
Uncalled bet ($1.50) returned to ImaPeppaPig
ImaPeppaPig collected $2.50 from pot
ImaPeppaPig: doesn't show hand 
*** SUMMARY ***
Total pot $2.50 | Rake $0 
Seat 1: ImaPeppaPig collected ($2.50)
Seat 2: Unipoker11 folded before Flop (didn't bet)
Seat 3: nastja336 folded before Flop (didn't bet)
Seat 4: Gilfedder (button) folded before Flop (didn't bet)
Seat 5: Nicedaymybro (small blind) folded before Flop
Seat 6: v.sting (big blind) folded before Flop



PokerStars Hand #254413673054:  Hold'em No Limit ($0.50/$1.00 USD) - 2025/01/17 13:33:58 WET [2025/01/17 8:33:58 ET]
Table 'Niels II' 6-max Seat #5 is the button
Seat 1: ImaPeppaPig ($103 in chips) 
Seat 2: Unipoker11 ($100 in chips) 
Seat 3: nastja336 ($100 in chips) 
Seat 4: Gilfedder ($28.83 in chips) 
Seat 5: Nicedaymybro ($102.11 in chips) 
Seat 6: v.sting ($104.50 in chips) 
v.sting: posts small blind $0.50
ImaPeppaPig: posts big blind $1
*** HOLE CARDS ***
Unipoker11: raises $1 to $2
nastja336: folds 
Gilfedder: calls $2
Nicedaymybro: folds 
v.sting: folds 
ImaPeppaPig: folds 
*** FLOP *** [2c 9s 5h]
Unipoker11: checks 
Gilfedder: checks 
*** TURN *** [2c 9s 5h] [4c]
Unipoker11: checks 
Gilfedder: bets $2.61
Unipoker11: raises $6.89 to $9.50
Gilfedder: calls $6.89
*** RIVER *** [2c 9s 5h 4c] [6h]
Unipoker11: checks 
Gilfedder: checks 
*** SHOW DOWN ***
Unipoker11: shows [Qs Qd] (a pair of Queens)
Gilfedder: mucks hand 
Unipoker11 collected $23.28 from pot
*** SUMMARY ***
Total pot $24.50 | Rake $1.22 
Board [2c 9s 5h 4c 6h]
Seat 1: ImaPeppaPig (big blind) folded before Flop
Seat 2: Unipoker11 showed [Qs Qd] and won ($23.28) with a pair of Queens
Seat 3: nastja336 folded before Flop (didn't bet)
Seat 4: Gilfedder mucked
Seat 5: Nicedaymybro (button) folded before Flop (didn't bet)
Seat 6: v.sting (small blind) folded before Flop



PokerStars Hand #254413684941:  Hold'em No Limit ($0.50/$1.00 USD) - 2025/01/17 13:35:08 WET [2025/01/17 8:35:08 ET]
Table 'Niels II' 6-max Seat #6 is the button
Seat 1: ImaPeppaPig ($102 in chips) 
Seat 2: Unipoker11 ($111.78 in chips) 
Seat 3: nastja336 ($100 in chips) 
Seat 4: Gilfedder ($17.33 in chips) 
Seat 5: Nicedaymybro ($102.11 in chips) 
Seat 6: v.sting ($104 in chips) 
ImaPeppaPig: posts small blind $0.50
Unipoker11: posts big blind $1
*** HOLE CARDS ***
nastja336: folds 
Gilfedder: folds 
Nicedaymybro: folds 
v.sting: folds 
ImaPeppaPig: folds 
Uncalled bet ($0.50) returned to Unipoker11
Unipoker11 collected $1 from pot
Unipoker11: doesn't show hand 
*** SUMMARY ***
Total pot $1 | Rake $0 
Seat 1: ImaPeppaPig (small blind) folded before Flop
Seat 2: Unipoker11 (big blind) collected ($1)
Seat 3: nastja336 folded before Flop (didn't bet)
Seat 4: Gilfedder folded before Flop (didn't bet)
Seat 5: Nicedaymybro folded before Flop (didn't bet)
Seat 6: v.sting (button) folded before Flop (didn't bet)



PokerStars Hand #254413687254:  Hold'em No Limit ($0.50/$1.00 USD) - 2025/01/17 13:35:22 WET [2025/01/17 8:35:22 ET]
Table 'Niels II' 6-max Seat #1 is the button
Seat 1: ImaPeppaPig ($101.50 in chips) 
Seat 2: Unipoker11 ($112.28 in chips) 
Seat 3: nastja336 ($100 in chips) 
Seat 4: Gilfedder ($17.33 in chips) 
Seat 5: Nicedaymybro ($102.11 in chips) 
Seat 6: v.sting ($104 in chips) 
Unipoker11: posts small blind $0.50
nastja336: posts big blind $1
*** HOLE CARDS ***
Gilfedder: calls $1
Nicedaymybro: folds 
v.sting: folds 
ImaPeppaPig: folds 
Unipoker11: calls $0.50
nastja336: raises $5 to $6
Gilfedder: raises $11.33 to $17.33 and is all-in
Unipoker11: folds 
nastja336: calls $11.33
Gilfedder has timed out
*** FLOP *** [Kh 9h 9c]
*** TURN *** [Kh 9h 9c] [2d]
*** RIVER *** [Kh 9h 9c 2d] [4s]
*** SHOW DOWN ***
nastja336: shows [Kd As] (two pair, Kings and Nines)
Gilfedder: shows [Ah Ts] (a pair of Nines)
nastja336 collected $33.88 from pot
*** SUMMARY ***
Total pot $35.66 | Rake $1.78 
Board [Kh 9h 9c 2d 4s]
Seat 1: ImaPeppaPig (button) folded before Flop (didn't bet)
Seat 2: Unipoker11 (small blind) folded before Flop
Seat 3: nastja336 (big blind) showed [Kd As] and won ($33.88) with two pair, Kings and Nines
Seat 4: Gilfedder showed [Ah Ts] and lost with a pair of Nines
Seat 5: Nicedaymybro folded before Flop (didn't bet)
Seat 6: v.sting folded before Flop (didn't bet)



PokerStars Hand #254413696105:  Hold'em No Limit ($0.50/$1.00 USD) - 2025/01/17 13:36:14 WET [2025/01/17 8:36:14 ET]
Table 'Niels II' 6-max Seat #2 is the button
Seat 4: Gilfedder ($0 in chips) is sitting out
Seat 1: ImaPeppaPig ($101.50 in chips) 
Seat 2: Unipoker11 ($111.28 in chips) 
Seat 3: nastja336 ($116.55 in chips) 
Seat 5: Nicedaymybro ($102.11 in chips) 
Seat 6: v.sting ($104 in chips) 
nastja336: posts small blind $0.50
Nicedaymybro: posts big blind $1
*** HOLE CARDS ***
v.sting: raises $1.50 to $2.50
ImaPeppaPig: folds 
Gilfedder leaves the table
Unipoker11: folds 
nastja336: folds 
Nicedaymybro: folds 
Uncalled bet ($1.50) returned to v.sting
v.sting collected $2.50 from pot
v.sting: doesn't show hand 
*** SUMMARY ***
Total pot $2.50 | Rake $0 
Seat 4: Gilfedder
Seat 1: ImaPeppaPig folded before Flop (didn't bet)
Seat 2: Unipoker11 (button) folded before Flop (didn't bet)
Seat 3: nastja336 (small blind) folded before Flop
Seat 5: Nicedaymybro (big blind) folded before Flop
Seat 6: v.sting collected ($2.50)



PokerStars Hand #254413699575:  Hold'em No Limit ($0.50/$1.00 USD) - 2025/01/17 13:36:34 WET [2025/01/17 8:36:34 ET]
Table 'Niels II' 6-max Seat #3 is the button
Seat 6: v.sting ($105.50 in chips) is sitting out
Seat 1: ImaPeppaPig ($101.50 in chips) 
Seat 2: Unipoker11 ($111.28 in chips) 
Seat 3: nastja336 ($116.05 in chips) 
Seat 5: Nicedaymybro ($101.11 in chips) 
Nicedaymybro: posts small blind $0.50
v.sting: is sitting out 
ImaPeppaPig: posts big blind $1
*** HOLE CARDS ***
Unipoker11: folds 
nastja336: folds 
v.sting leaves the table
Nicedaymybro: raises $2 to $3
ImaPeppaPig: folds 
Uncalled bet ($2) returned to Nicedaymybro
nastja336 leaves the table
Nicedaymybro collected $2 from pot
Nicedaymybro: doesn't show hand 
*** SUMMARY ***
Total pot $2 | Rake $0 
Seat 6: v.sting
Seat 1: ImaPeppaPig (big blind) folded before Flop
Seat 2: Unipoker11 folded before Flop (didn't bet)
Seat 3: nastja336 (button) folded before Flop (didn't bet)
Seat 5: Nicedaymybro (small blind) collected ($2)



PokerStars Hand #254413701369:  Hold'em No Limit ($0.50/$1.00 USD) - 2025/01/17 13:36:44 WET [2025/01/17 8:36:44 ET]
Table 'Niels II' 6-max Seat #5 is the button
Seat 1: ImaPeppaPig ($100.50 in chips) 
Seat 2: Unipoker11 ($111.28 in chips) 
Seat 5: Nicedaymybro ($102.11 in chips) 
ImaPeppaPig: posts small blind $0.50
Unipoker11: posts big blind $1
*** HOLE CARDS ***
Nicedaymybro: folds 
Nicedaymybro leaves the table
ImaPeppaPig: raises $2 to $3
Unipoker11: calls $2
*** FLOP *** [8s Th 5c]
ImaPeppaPig: checks 
Unipoker11: bets $2.85
ImaPeppaPig: folds 
Uncalled bet ($2.85) returned to Unipoker11
Unipoker11 collected $5.70 from pot
Unipoker11: doesn't show hand 
*** SUMMARY ***
Total pot $6 | Rake $0.30 
Board [8s Th 5c]
Seat 1: ImaPeppaPig (small blind) folded on the Flop
Seat 2: Unipoker11 (big blind) collected ($5.70)
Seat 5: Nicedaymybro (button) folded before Flop (didn't bet)



PokerStars Hand #254413706972:  Hold'em No Limit ($0.50/$1.00 USD) - 2025/01/17 13:37:16 WET [2025/01/17 8:37:16 ET]
Table 'Niels II' 6-max Seat #2 is the button
Seat 1: ImaPeppaPig ($100 in chips) 
Seat 2: Unipoker11 ($113.98 in chips) 
Unipoker11: posts small blind $0.50
ImaPeppaPig: posts big blind $1
*** HOLE CARDS ***
Unipoker11: folds 
Uncalled bet ($0.50) returned to ImaPeppaPig
ImaPeppaPig collected $1 from pot
ImaPeppaPig: doesn't show hand 
*** SUMMARY ***
Total pot $1 | Rake $0 
Seat 1: ImaPeppaPig (big blind) collected ($1)
Seat 2: Unipoker11 (button) (small blind) folded before Flop



PokerStars Hand #254413708665:  Hold'em No Limit ($0.50/$1.00 USD) - 2025/01/17 13:37:26 WET [2025/01/17 8:37:26 ET]
Table 'Niels II' 6-max Seat #1 is the button
Seat 1: ImaPeppaPig ($100.50 in chips) 
Seat 2: Unipoker11 ($113.48 in chips) 
ImaPeppaPig: posts small blind $0.50
Unipoker11: posts big blind $1
*** HOLE CARDS ***
ImaPeppaPig: raises $1.50 to $2.50
Unipoker11: calls $1.50
*** FLOP *** [2h Tc Qc]
Unipoker11: checks 
ImaPeppaPig: bets $2
Unipoker11: raises $6.56 to $8.56
ImaPeppaPig: folds 
Uncalled bet ($6.56) returned to Unipoker11
Unipoker11 collected $8.55 from pot
Unipoker11: doesn't show hand 
*** SUMMARY ***
Total pot $9 | Rake $0.45 
Board [2h Tc Qc]
Seat 1: ImaPeppaPig (button) (small blind) folded on the Flop
Seat 2: Unipoker11 (big blind) collected ($8.55)



PokerStars Hand #254413718043:  Hold'em No Limit ($0.50/$1.00 USD) - 2025/01/17 13:38:21 WET [2025/01/17 8:38:21 ET]
Table 'Niels II' 6-max Seat #2 is the button
Seat 1: ImaPeppaPig ($100 in chips) 
Seat 2: Unipoker11 ($117.53 in chips) 
Unipoker11: posts small blind $0.50
ImaPeppaPig: posts big blind $1
*** HOLE CARDS ***
Unipoker11: folds 
Uncalled bet ($0.50) returned to ImaPeppaPig
ImaPeppaPig collected $1 from pot
ImaPeppaPig: doesn't show hand 
*** SUMMARY ***
Total pot $1 | Rake $0 
Seat 1: ImaPeppaPig (big blind) collected ($1)
Seat 2: Unipoker11 (button) (small blind) folded before Flop



