PokerStars Hand #254414440681:  Hold'em No Limit ($0.50/$1.00 USD) - 2025/01/17 14:47:19 WET [2025/01/17 9:47:19 ET]
Table 'Algorab IV' 6-max Seat #1 is the button
Seat 4: whlzor ($100 in chips) is sitting out
Seat 1: YeeesMan ($100 in chips) 
Seat 2: Supermegopro ($100 in chips) 
Seat 3: Rysiff ($102.72 in chips) 
Seat 5: jonyboy1477 ($50 in chips) 
Seat 6: andutu34 ($100 in chips) 
Supermegopro: posts small blind $0.50
Rysiff: posts big blind $1
whlzor: sits out 
*** HOLE CARDS ***
jonyboy1477: folds 
andutu34: folds 
YeeesMan: folds 
Supermegopro: raises $2 to $3
Rysiff: calls $2
*** FLOP *** [7s 5c Qd]
Supermegopro: checks 
Rysiff: checks 
*** TURN *** [7s 5c Qd] [Kd]
Supermegopro: bets $3.80
Rysiff: folds 
Uncalled bet ($3.80) returned to Supermegopro
Supermegopro collected $5.70 from pot
Supermegopro: doesn't show hand 
*** SUMMARY ***
Total pot $6 | Rake $0.30 
Board [7s 5c Qd Kd]
Seat 4: whlzor
Seat 1: YeeesMan (button) folded before Flop (didn't bet)
Seat 2: Supermegopro (small blind) collected ($5.70)
Seat 3: Rysiff (big blind) folded on the Turn
Seat 5: jonyboy1477 folded before Flop (didn't bet)
Seat 6: andutu34 folded before Flop (didn't bet)



PokerStars Hand #254414447741:  Hold'em No Limit ($0.50/$1.00 USD) - 2025/01/17 14:47:56 WET [2025/01/17 9:47:56 ET]
Table 'Algorab IV' 6-max Seat #2 is the button
Seat 1: YeeesMan ($100 in chips) 
Seat 2: Supermegopro ($102.70 in chips) 
Seat 3: Rysiff ($100 in chips) 
Seat 4: whlzor ($100 in chips) 
Seat 5: jonyboy1477 ($50 in chips) 
Seat 6: andutu34 ($100 in chips) 
Rysiff: posts small blind $0.50
whlzor: posts big blind $1
*** HOLE CARDS ***
jonyboy1477: folds 
andutu34: folds 
YeeesMan: raises $1.50 to $2.50
Supermegopro: folds 
Rysiff: folds 
whlzor: folds 
Uncalled bet ($1.50) returned to YeeesMan
YeeesMan collected $2.50 from pot
YeeesMan: doesn't show hand 
*** SUMMARY ***
Total pot $2.50 | Rake $0 
Seat 1: YeeesMan collected ($2.50)
Seat 2: Supermegopro (button) folded before Flop (didn't bet)
Seat 3: Rysiff (small blind) folded before Flop
Seat 4: whlzor (big blind) folded before Flop
Seat 5: jonyboy1477 folded before Flop (didn't bet)
Seat 6: andutu34 folded before Flop (didn't bet)



PokerStars Hand #254414450805:  Hold'em No Limit ($0.50/$1.00 USD) - 2025/01/17 14:48:11 WET [2025/01/17 9:48:11 ET]
Table 'Algorab IV' 6-max Seat #3 is the button
Seat 1: YeeesMan ($101.50 in chips) 
Seat 2: Supermegopro ($102.70 in chips) 
Seat 3: Rysiff ($100 in chips) 
Seat 4: whlzor ($100 in chips) 
Seat 5: jonyboy1477 ($50 in chips) 
Seat 6: andutu34 ($100 in chips) 
whlzor: posts small blind $0.50
jonyboy1477: posts big blind $1
*** HOLE CARDS ***
andutu34: folds 
YeeesMan: folds 
Supermegopro: folds 
Rysiff: folds 
whlzor: raises $2 to $3
jonyboy1477: folds 
Uncalled bet ($2) returned to whlzor
whlzor collected $2 from pot
whlzor: doesn't show hand 
*** SUMMARY ***
Total pot $2 | Rake $0 
Seat 1: YeeesMan folded before Flop (didn't bet)
Seat 2: Supermegopro folded before Flop (didn't bet)
Seat 3: Rysiff (button) folded before Flop (didn't bet)
Seat 4: whlzor (small blind) collected ($2)
Seat 5: jonyboy1477 (big blind) folded before Flop
Seat 6: andutu34 folded before Flop (didn't bet)



PokerStars Hand #254414454051:  Hold'em No Limit ($0.50/$1.00 USD) - 2025/01/17 14:48:28 WET [2025/01/17 9:48:28 ET]
Table 'Algorab IV' 6-max Seat #4 is the button
Seat 1: YeeesMan ($101.50 in chips) 
Seat 2: Supermegopro ($102.70 in chips) 
Seat 3: Rysiff ($100 in chips) 
Seat 4: whlzor ($101 in chips) 
Seat 5: jonyboy1477 ($49 in chips) 
Seat 6: andutu34 ($100 in chips) 
jonyboy1477: posts small blind $0.50
andutu34: posts big blind $1
*** HOLE CARDS ***
YeeesMan: folds 
Supermegopro: folds 
Rysiff: folds 
whlzor: folds 
jonyboy1477: calls $0.50
andutu34: checks 
*** FLOP *** [7s Jc Tc]
jonyboy1477: checks 
andutu34: bets $1.43
jonyboy1477: calls $1.43
*** TURN *** [7s Jc Tc] [9s]
jonyboy1477: checks 
andutu34: checks 
*** RIVER *** [7s Jc Tc 9s] [2h]
jonyboy1477: bets $3
andutu34: folds 
Uncalled bet ($3) returned to jonyboy1477
jonyboy1477 collected $4.62 from pot
jonyboy1477: doesn't show hand 
*** SUMMARY ***
Total pot $4.86 | Rake $0.24 
Board [7s Jc Tc 9s 2h]
Seat 1: YeeesMan folded before Flop (didn't bet)
Seat 2: Supermegopro folded before Flop (didn't bet)
Seat 3: Rysiff folded before Flop (didn't bet)
Seat 4: whlzor (button) folded before Flop (didn't bet)
Seat 5: jonyboy1477 (small blind) collected ($4.62)
Seat 6: andutu34 (big blind) folded on the River



PokerStars Hand #254414463630:  Hold'em No Limit ($0.50/$1.00 USD) - 2025/01/17 14:49:18 WET [2025/01/17 9:49:18 ET]
Table 'Algorab IV' 6-max Seat #5 is the button
Seat 1: YeeesMan ($101.50 in chips) 
Seat 2: Supermegopro ($102.70 in chips) 
Seat 3: Rysiff ($100 in chips) 
Seat 4: whlzor ($101 in chips) 
Seat 5: jonyboy1477 ($51.19 in chips) 
Seat 6: andutu34 ($100 in chips) 
andutu34: posts small blind $0.50
YeeesMan: posts big blind $1
*** HOLE CARDS ***
Supermegopro: folds 
Rysiff: raises $1.50 to $2.50
whlzor: folds 
jonyboy1477: raises $4.50 to $7
andutu34: folds 
YeeesMan: folds 
Rysiff: raises $93 to $100 and is all-in
jonyboy1477: folds 
Uncalled bet ($93) returned to Rysiff
Rysiff collected $15.50 from pot
Rysiff: doesn't show hand 
*** SUMMARY ***
Total pot $15.50 | Rake $0 
Seat 1: YeeesMan (big blind) folded before Flop
Seat 2: Supermegopro folded before Flop (didn't bet)
Seat 3: Rysiff collected ($15.50)
Seat 4: whlzor folded before Flop (didn't bet)
Seat 5: jonyboy1477 (button) folded before Flop
Seat 6: andutu34 (small blind) folded before Flop



PokerStars Hand #254414472292:  Hold'em No Limit ($0.50/$1.00 USD) - 2025/01/17 14:50:02 WET [2025/01/17 9:50:02 ET]
Table 'Algorab IV' 6-max Seat #6 is the button
Seat 1: YeeesMan ($100.50 in chips) 
Seat 2: Supermegopro ($102.70 in chips) 
Seat 3: Rysiff ($108.50 in chips) 
Seat 4: whlzor ($101 in chips) 
Seat 5: jonyboy1477 ($44.19 in chips) 
Seat 6: andutu34 ($100 in chips) 
YeeesMan: posts small blind $0.50
Supermegopro: posts big blind $1
*** HOLE CARDS ***
Rysiff: folds 
whlzor: raises $1.50 to $2.50
jonyboy1477: folds 
andutu34: folds 
YeeesMan: folds 
Supermegopro: calls $1.50
*** FLOP *** [3h Jc 2s]
Supermegopro: bets $3.48
whlzor: calls $3.48
*** TURN *** [3h Jc 2s] [2h]
Supermegopro: bets $10.06
whlzor: folds 
Uncalled bet ($10.06) returned to Supermegopro
Supermegopro collected $11.84 from pot
Supermegopro: doesn't show hand 
*** SUMMARY ***
Total pot $12.46 | Rake $0.62 
Board [3h Jc 2s 2h]
Seat 1: YeeesMan (small blind) folded before Flop
Seat 2: Supermegopro (big blind) collected ($11.84)
Seat 3: Rysiff folded before Flop (didn't bet)
Seat 4: whlzor folded on the Turn
Seat 5: jonyboy1477 folded before Flop (didn't bet)
Seat 6: andutu34 (button) folded before Flop (didn't bet)



PokerStars Hand #254414481932:  Hold'em No Limit ($0.50/$1.00 USD) - 2025/01/17 14:50:51 WET [2025/01/17 9:50:51 ET]
Table 'Algorab IV' 6-max Seat #1 is the button
Seat 1: YeeesMan ($100 in chips) 
Seat 2: Supermegopro ($108.56 in chips) 
Seat 3: Rysiff ($108.50 in chips) 
Seat 4: whlzor ($100 in chips) 
Seat 5: jonyboy1477 ($44.19 in chips) 
Seat 6: andutu34 ($100 in chips) 
Supermegopro: posts small blind $0.50
Rysiff: posts big blind $1
*** HOLE CARDS ***
whlzor: folds 
jonyboy1477: folds 
andutu34: raises $1.30 to $2.30
YeeesMan: folds 
Supermegopro: folds 
Rysiff: folds 
Uncalled bet ($1.30) returned to andutu34
andutu34 collected $2.50 from pot
andutu34: doesn't show hand 
*** SUMMARY ***
Total pot $2.50 | Rake $0 
Seat 1: YeeesMan (button) folded before Flop (didn't bet)
Seat 2: Supermegopro (small blind) folded before Flop
Seat 3: Rysiff (big blind) folded before Flop
Seat 4: whlzor folded before Flop (didn't bet)
Seat 5: jonyboy1477 folded before Flop (didn't bet)
Seat 6: andutu34 collected ($2.50)



PokerStars Hand #254414486560:  Hold'em No Limit ($0.50/$1.00 USD) - 2025/01/17 14:51:15 WET [2025/01/17 9:51:15 ET]
Table 'Algorab IV' 6-max Seat #2 is the button
Seat 1: YeeesMan ($100 in chips) 
Seat 2: Supermegopro ($108.06 in chips) 
Seat 3: Rysiff ($107.50 in chips) 
Seat 4: whlzor ($100 in chips) 
Seat 5: jonyboy1477 ($44.19 in chips) 
Seat 6: andutu34 ($101.50 in chips) 
Rysiff: posts small blind $0.50
whlzor: posts big blind $1
*** HOLE CARDS ***
jonyboy1477: calls $1
andutu34: folds 
YeeesMan: folds 
Supermegopro: folds 
Rysiff: raises $3 to $4
whlzor: folds 
jonyboy1477: calls $3
*** FLOP *** [9c 6h Ah]
Rysiff: bets $4.28
jonyboy1477: calls $4.28
*** TURN *** [9c 6h Ah] [Qd]
Rysiff: bets $13.34
jonyboy1477: calls $13.34
*** RIVER *** [9c 6h Ah Qd] [3s]
Rysiff: checks 
jonyboy1477: bets $22.57 and is all-in
Rysiff: folds 
Uncalled bet ($22.57) returned to jonyboy1477
jonyboy1477 collected $42.03 from pot
*** SUMMARY ***
Total pot $44.24 | Rake $2.21 
Board [9c 6h Ah Qd 3s]
Seat 1: YeeesMan folded before Flop (didn't bet)
Seat 2: Supermegopro (button) folded before Flop (didn't bet)
Seat 3: Rysiff (small blind) folded on the River
Seat 4: whlzor (big blind) folded before Flop
Seat 5: jonyboy1477 collected ($42.03)
Seat 6: andutu34 folded before Flop (didn't bet)



PokerStars Hand #254414499487:  Hold'em No Limit ($0.50/$1.00 USD) - 2025/01/17 14:52:21 WET [2025/01/17 9:52:21 ET]
Table 'Algorab IV' 6-max Seat #3 is the button
Seat 1: YeeesMan ($100 in chips) 
Seat 2: Supermegopro ($108.06 in chips) 
Seat 3: Rysiff ($100 in chips) 
Seat 4: whlzor ($100 in chips) 
Seat 5: jonyboy1477 ($64.60 in chips) 
Seat 6: andutu34 ($101.50 in chips) 
whlzor: posts small blind $0.50
jonyboy1477: posts big blind $1
*** HOLE CARDS ***
andutu34: folds 
YeeesMan: folds 
Supermegopro: raises $1.50 to $2.50
Rysiff: raises $4.50 to $7
whlzor: folds 
jonyboy1477: folds 
andutu34 leaves the table
Supermegopro: raises $13 to $20
Rysiff: calls $13
*** FLOP *** [4d 9h Kc]
Burlica2013 joins the table at seat #6 
Supermegopro: bets $13.01
Rysiff: folds 
Uncalled bet ($13.01) returned to Supermegopro
Supermegopro collected $39.42 from pot
Supermegopro: doesn't show hand 
*** SUMMARY ***
Total pot $41.50 | Rake $2.08 
Board [4d 9h Kc]
Seat 1: YeeesMan folded before Flop (didn't bet)
Seat 2: Supermegopro collected ($39.42)
Seat 3: Rysiff (button) folded on the Flop
Seat 4: whlzor (small blind) folded before Flop
Seat 5: jonyboy1477 (big blind) folded before Flop
Seat 6: andutu34 folded before Flop (didn't bet)



PokerStars Hand #254414508634:  Hold'em No Limit ($0.50/$1.00 USD) - 2025/01/17 14:53:07 WET [2025/01/17 9:53:07 ET]
Table 'Algorab IV' 6-max Seat #4 is the button
Seat 1: YeeesMan ($100 in chips) 
Seat 2: Supermegopro ($127.48 in chips) 
Seat 3: Rysiff ($100 in chips) 
Seat 4: whlzor ($100 in chips) 
Seat 5: jonyboy1477 ($63.60 in chips) 
Seat 6: Burlica2013 ($100 in chips) 
jonyboy1477: posts small blind $0.50
Burlica2013: posts big blind $1
*** HOLE CARDS ***
YeeesMan: folds 
Supermegopro: raises $1.50 to $2.50
Rysiff: folds 
whlzor: folds 
jonyboy1477: calls $2
Burlica2013: folds 
*** FLOP *** [Td 4s Qh]
jonyboy1477: checks 
Supermegopro: bets $1.88
jonyboy1477: folds 
Uncalled bet ($1.88) returned to Supermegopro
Supermegopro collected $5.70 from pot
Supermegopro: doesn't show hand 
*** SUMMARY ***
Total pot $6 | Rake $0.30 
Board [Td 4s Qh]
Seat 1: YeeesMan folded before Flop (didn't bet)
Seat 2: Supermegopro collected ($5.70)
Seat 3: Rysiff folded before Flop (didn't bet)
Seat 4: whlzor (button) folded before Flop (didn't bet)
Seat 5: jonyboy1477 (small blind) folded on the Flop
Seat 6: Burlica2013 (big blind) folded before Flop



PokerStars Hand #254414515419:  Hold'em No Limit ($0.50/$1.00 USD) - 2025/01/17 14:53:42 WET [2025/01/17 9:53:42 ET]
Table 'Algorab IV' 6-max Seat #5 is the button
Seat 1: YeeesMan ($100 in chips) is sitting out
Seat 2: Supermegopro ($130.68 in chips) 
Seat 3: Rysiff ($100 in chips) 
Seat 4: whlzor ($100 in chips) 
Seat 5: jonyboy1477 ($61.10 in chips) 
Seat 6: Burlica2013 ($100 in chips) 
Burlica2013: posts small blind $0.50
YeeesMan: is sitting out 
Supermegopro: posts big blind $1
*** HOLE CARDS ***
Rysiff: folds 
whlzor: folds 
jonyboy1477: raises $1 to $2
Burlica2013: folds 
Supermegopro: raises $1 to $3
jonyboy1477: raises $10 to $13
Supermegopro: folds 
Uncalled bet ($10) returned to jonyboy1477
jonyboy1477 collected $6.50 from pot
jonyboy1477: doesn't show hand 
*** SUMMARY ***
Total pot $6.50 | Rake $0 
Seat 1: YeeesMan
Seat 2: Supermegopro (big blind) folded before Flop
Seat 3: Rysiff folded before Flop (didn't bet)
Seat 4: whlzor folded before Flop (didn't bet)
Seat 5: jonyboy1477 (button) collected ($6.50)
Seat 6: Burlica2013 (small blind) folded before Flop



PokerStars Hand #254414521209:  Hold'em No Limit ($0.50/$1.00 USD) - 2025/01/17 14:54:12 WET [2025/01/17 9:54:12 ET]
Table 'Algorab IV' 6-max Seat #6 is the button
Seat 1: YeeesMan ($100 in chips) is sitting out
Seat 2: Supermegopro ($127.68 in chips) 
Seat 3: Rysiff ($100 in chips) 
Seat 4: whlzor ($100 in chips) 
Seat 5: jonyboy1477 ($64.60 in chips) 
Seat 6: Burlica2013 ($100 in chips) 
Supermegopro: posts small blind $0.50
Rysiff: posts big blind $1
*** HOLE CARDS ***
YeeesMan leaves the table
whlzor: folds 
jonyboy1477: calls $1
Burlica2013: folds 
Supermegopro: folds 
Rysiff: checks 
*** FLOP *** [5d Js Ad]
Rysiff: checks 
jonyboy1477: checks 
*** TURN *** [5d Js Ad] [Jh]
Rysiff: checks 
jonyboy1477: bets $1
Rysiff: folds 
Uncalled bet ($1) returned to jonyboy1477
jonyboy1477 collected $2.38 from pot
jonyboy1477: doesn't show hand 
*** SUMMARY ***
Total pot $2.50 | Rake $0.12 
Board [5d Js Ad Jh]
Seat 1: YeeesMan
Seat 2: Supermegopro (small blind) folded before Flop
Seat 3: Rysiff (big blind) folded on the Turn
Seat 4: whlzor folded before Flop (didn't bet)
Seat 5: jonyboy1477 collected ($2.38)
Seat 6: Burlica2013 (button) folded before Flop (didn't bet)



PokerStars Hand #254414528730:  Hold'em No Limit ($0.50/$1.00 USD) - 2025/01/17 14:54:50 WET [2025/01/17 9:54:50 ET]
Table 'Algorab IV' 6-max Seat #2 is the button
Seat 2: Supermegopro ($127.18 in chips) 
Seat 3: Rysiff ($100 in chips) 
Seat 4: whlzor ($100 in chips) 
Seat 5: jonyboy1477 ($65.98 in chips) 
Seat 6: Burlica2013 ($100 in chips) 
Rysiff: posts small blind $0.50
whlzor: posts big blind $1
*** HOLE CARDS ***
jonyboy1477: folds 
jeffy27dt1 joins the table at seat #1 
Burlica2013: folds 
Supermegopro: raises $1.50 to $2.50
Rysiff: raises $8.50 to $11
whlzor: raises $12 to $23
Supermegopro: folds 
Rysiff: folds 
Uncalled bet ($12) returned to whlzor
whlzor collected $24.50 from pot
whlzor: doesn't show hand 
*** SUMMARY ***
Total pot $24.50 | Rake $0 
Seat 2: Supermegopro (button) folded before Flop
Seat 3: Rysiff (small blind) folded before Flop
Seat 4: whlzor (big blind) collected ($24.50)
Seat 5: jonyboy1477 folded before Flop (didn't bet)
Seat 6: Burlica2013 folded before Flop (didn't bet)



PokerStars Hand #254414533595:  Hold'em No Limit ($0.50/$1.00 USD) - 2025/01/17 14:55:17 WET [2025/01/17 9:55:17 ET]
Table 'Algorab IV' 6-max Seat #3 is the button
Seat 1: jeffy27dt1 ($100 in chips) is sitting out
Seat 2: Supermegopro ($124.68 in chips) 
Seat 3: Rysiff ($100 in chips) 
Seat 4: whlzor ($113.50 in chips) 
Seat 5: jonyboy1477 ($65.98 in chips) 
Seat 6: Burlica2013 ($100 in chips) 
whlzor: posts small blind $0.50
jonyboy1477: posts big blind $1
jeffy27dt1: sits out 
*** HOLE CARDS ***
Burlica2013: folds 
Supermegopro: folds 
Rysiff: folds 
whlzor: raises $2 to $3
jonyboy1477: calls $2
*** FLOP *** [8d 5h 5c]
whlzor: checks 
jonyboy1477: checks 
*** TURN *** [8d 5h 5c] [Ts]
whlzor: checks 
jonyboy1477: bets $3
whlzor: calls $3
*** RIVER *** [8d 5h 5c Ts] [As]
whlzor: checks 
jonyboy1477: bets $19
whlzor: folds 
Uncalled bet ($19) returned to jonyboy1477
jonyboy1477 collected $11.40 from pot
jonyboy1477: doesn't show hand 
*** SUMMARY ***
Total pot $12 | Rake $0.60 
Board [8d 5h 5c Ts As]
Seat 1: jeffy27dt1
Seat 2: Supermegopro folded before Flop (didn't bet)
Seat 3: Rysiff (button) folded before Flop (didn't bet)
Seat 4: whlzor (small blind) folded on the River
Seat 5: jonyboy1477 (big blind) collected ($11.40)
Seat 6: Burlica2013 folded before Flop (didn't bet)



PokerStars Hand #254414540975:  Hold'em No Limit ($0.50/$1.00 USD) - 2025/01/17 14:56:04 WET [2025/01/17 9:56:04 ET]
Table 'Algorab IV' 6-max Seat #4 is the button
Seat 1: jeffy27dt1 ($100 in chips) is sitting out
Seat 2: Supermegopro ($124.68 in chips) 
Seat 3: Rysiff ($100 in chips) 
Seat 4: whlzor ($107.50 in chips) 
Seat 5: jonyboy1477 ($71.38 in chips) 
Seat 6: Burlica2013 ($100 in chips) 
jonyboy1477: posts small blind $0.50
Burlica2013: posts big blind $1
jeffy27dt1: sits out 
*** HOLE CARDS ***
Supermegopro: folds 
Rysiff: folds 
whlzor: folds 
jonyboy1477: folds 
Uncalled bet ($0.50) returned to Burlica2013
Burlica2013 collected $1 from pot
Burlica2013: doesn't show hand 
*** SUMMARY ***
Total pot $1 | Rake $0 
Seat 1: jeffy27dt1
Seat 2: Supermegopro folded before Flop (didn't bet)
Seat 3: Rysiff folded before Flop (didn't bet)
Seat 4: whlzor (button) folded before Flop (didn't bet)
Seat 5: jonyboy1477 (small blind) folded before Flop
Seat 6: Burlica2013 (big blind) collected ($1)



PokerStars Hand #254414542318:  Hold'em No Limit ($0.50/$1.00 USD) - 2025/01/17 14:56:13 WET [2025/01/17 9:56:13 ET]
Table 'Algorab IV' 6-max Seat #5 is the button
Seat 1: jeffy27dt1 ($100 in chips) 
Seat 2: Supermegopro ($124.68 in chips) 
Seat 3: Rysiff ($100 in chips) 
Seat 4: whlzor ($107.50 in chips) 
Seat 5: jonyboy1477 ($70.88 in chips) 
Seat 6: Burlica2013 ($100.50 in chips) 
Burlica2013: posts small blind $0.50
jeffy27dt1: posts big blind $1
*** HOLE CARDS ***
Supermegopro: folds 
Rysiff: folds 
whlzor: raises $2 to $3
jonyboy1477: folds 
Burlica2013: folds 
jeffy27dt1: folds 
Uncalled bet ($2) returned to whlzor
whlzor collected $2.50 from pot
whlzor: doesn't show hand 
*** SUMMARY ***
Total pot $2.50 | Rake $0 
Seat 1: jeffy27dt1 (big blind) folded before Flop
Seat 2: Supermegopro folded before Flop (didn't bet)
Seat 3: Rysiff folded before Flop (didn't bet)
Seat 4: whlzor collected ($2.50)
Seat 5: jonyboy1477 (button) folded before Flop (didn't bet)
Seat 6: Burlica2013 (small blind) folded before Flop



PokerStars Hand #254414545745:  Hold'em No Limit ($0.50/$1.00 USD) - 2025/01/17 14:56:35 WET [2025/01/17 9:56:35 ET]
Table 'Algorab IV' 6-max Seat #6 is the button
Seat 1: jeffy27dt1 ($100 in chips) 
Seat 2: Supermegopro ($124.68 in chips) 
Seat 3: Rysiff ($100 in chips) 
Seat 4: whlzor ($109 in chips) 
Seat 5: jonyboy1477 ($70.88 in chips) 
Seat 6: Burlica2013 ($100 in chips) 
jeffy27dt1: posts small blind $0.50
Supermegopro: posts big blind $1
*** HOLE CARDS ***
Rysiff: folds 
whlzor: folds 
jonyboy1477: folds 
Burlica2013: folds 
jeffy27dt1: raises $2 to $3
Supermegopro: folds 
Uncalled bet ($2) returned to jeffy27dt1
jeffy27dt1 collected $2 from pot
jeffy27dt1: doesn't show hand 
*** SUMMARY ***
Total pot $2 | Rake $0 
Seat 1: jeffy27dt1 (small blind) collected ($2)
Seat 2: Supermegopro (big blind) folded before Flop
Seat 3: Rysiff folded before Flop (didn't bet)
Seat 4: whlzor folded before Flop (didn't bet)
Seat 5: jonyboy1477 folded before Flop (didn't bet)
Seat 6: Burlica2013 (button) folded before Flop (didn't bet)



PokerStars Hand #254414548525:  Hold'em No Limit ($0.50/$1.00 USD) - 2025/01/17 14:56:53 WET [2025/01/17 9:56:53 ET]
Table 'Algorab IV' 6-max Seat #1 is the button
Seat 1: jeffy27dt1 ($101 in chips) 
Seat 2: Supermegopro ($123.68 in chips) 
Seat 3: Rysiff ($100 in chips) 
Seat 4: whlzor ($109 in chips) 
Seat 5: jonyboy1477 ($70.88 in chips) 
Seat 6: Burlica2013 ($100 in chips) 
Supermegopro: posts small blind $0.50
Rysiff: posts big blind $1
*** HOLE CARDS ***
whlzor: folds 
jonyboy1477: calls $1
Burlica2013: raises $3 to $4
jeffy27dt1: folds 
Supermegopro: folds 
Rysiff: folds 
jonyboy1477: folds 
Uncalled bet ($3) returned to Burlica2013
Burlica2013 collected $3.50 from pot
Burlica2013: doesn't show hand 
*** SUMMARY ***
Total pot $3.50 | Rake $0 
Seat 1: jeffy27dt1 (button) folded before Flop (didn't bet)
Seat 2: Supermegopro (small blind) folded before Flop
Seat 3: Rysiff (big blind) folded before Flop
Seat 4: whlzor folded before Flop (didn't bet)
Seat 5: jonyboy1477 folded before Flop
Seat 6: Burlica2013 collected ($3.50)



PokerStars Hand #254414551774:  Hold'em No Limit ($0.50/$1.00 USD) - 2025/01/17 14:57:14 WET [2025/01/17 9:57:14 ET]
Table 'Algorab IV' 6-max Seat #2 is the button
Seat 1: jeffy27dt1 ($101 in chips) 
Seat 2: Supermegopro ($123.18 in chips) 
Seat 3: Rysiff ($100 in chips) 
Seat 4: whlzor ($109 in chips) 
Seat 5: jonyboy1477 ($69.88 in chips) 
Seat 6: Burlica2013 ($102.50 in chips) 
Rysiff: posts small blind $0.50
whlzor: posts big blind $1
*** HOLE CARDS ***
jonyboy1477: folds 
Burlica2013: folds 
jeffy27dt1: folds 
Supermegopro: folds 
Rysiff: folds 
Uncalled bet ($0.50) returned to whlzor
whlzor collected $1 from pot
whlzor: doesn't show hand 
*** SUMMARY ***
Total pot $1 | Rake $0 
Seat 1: jeffy27dt1 folded before Flop (didn't bet)
Seat 2: Supermegopro (button) folded before Flop (didn't bet)
Seat 3: Rysiff (small blind) folded before Flop
Seat 4: whlzor (big blind) collected ($1)
Seat 5: jonyboy1477 folded before Flop (didn't bet)
Seat 6: Burlica2013 folded before Flop (didn't bet)



PokerStars Hand #254414555194:  Hold'em No Limit ($0.50/$1.00 USD) - 2025/01/17 14:57:36 WET [2025/01/17 9:57:36 ET]
Table 'Algorab IV' 6-max Seat #3 is the button
Seat 6: Burlica2013 ($102.50 in chips) is sitting out
Seat 1: jeffy27dt1 ($101 in chips) 
Seat 2: Supermegopro ($123.18 in chips) 
Seat 3: Rysiff ($100 in chips) 
Seat 4: whlzor ($109.50 in chips) 
Seat 5: jonyboy1477 ($69.88 in chips) 
whlzor: posts small blind $0.50
jonyboy1477: posts big blind $1
*** HOLE CARDS ***
jeffy27dt1: folds 
Supermegopro: raises $1.50 to $2.50
Rysiff: folds 
whlzor: calls $2
jonyboy1477: calls $1.50
*** FLOP *** [6c Kc Jd]
whlzor: checks 
jonyboy1477: bets $3
Supermegopro: raises $9 to $12
whlzor: folds 
jonyboy1477: raises $15.56 to $27.56
Supermegopro: raises $93.12 to $120.68 and is all-in
jonyboy1477: calls $39.82 and is all-in
Uncalled bet ($53.30) returned to Supermegopro
*** TURN *** [6c Kc Jd] [5c]
*** RIVER *** [6c Kc Jd 5c] [8c]
*** SHOW DOWN ***
jonyboy1477: shows [6d 6s] (three of a kind, Sixes)
Supermegopro: shows [Ks As] (a pair of Kings)
jonyboy1477 cashed out the hand for $132.12 | Cash Out Fee $2.70
*** SUMMARY ***
Total pot $142.26 | Rake $2.50 
Board [6c Kc Jd 5c 8c]
Seat 6: Burlica2013
Seat 1: jeffy27dt1 folded before Flop (didn't bet)
Seat 2: Supermegopro showed [Ks As] and lost with a pair of Kings
Seat 3: Rysiff (button) folded before Flop (didn't bet)
Seat 4: whlzor (small blind) folded on the Flop
Seat 5: jonyboy1477 (big blind) showed [6d 6s] and won ($139.76) with three of a kind, Sixes (pot not awarded as player cashed out)



PokerStars Hand #254414564473:  Hold'em No Limit ($0.50/$1.00 USD) - 2025/01/17 14:58:36 WET [2025/01/17 9:58:36 ET]
Table 'Algorab IV' 6-max Seat #4 is the button
Seat 6: Burlica2013 ($102.50 in chips) is sitting out
Seat 1: jeffy27dt1 ($101 in chips) 
Seat 2: Supermegopro ($100 in chips) 
Seat 3: Rysiff ($100 in chips) 
Seat 4: whlzor ($107 in chips) 
Seat 5: jonyboy1477 ($132.12 in chips) 
jonyboy1477: posts small blind $0.50
jeffy27dt1: posts big blind $1
*** HOLE CARDS ***
Supermegopro: folds 
Rysiff: raises $1.50 to $2.50
whlzor: folds 
jonyboy1477: folds 
jeffy27dt1: folds 
Uncalled bet ($1.50) returned to Rysiff
Rysiff collected $2.50 from pot
Rysiff: doesn't show hand 
*** SUMMARY ***
Total pot $2.50 | Rake $0 
Seat 6: Burlica2013
Seat 1: jeffy27dt1 (big blind) folded before Flop
Seat 2: Supermegopro folded before Flop (didn't bet)
Seat 3: Rysiff collected ($2.50)
Seat 4: whlzor (button) folded before Flop (didn't bet)
Seat 5: jonyboy1477 (small blind) folded before Flop



PokerStars Hand #254414566237:  Hold'em No Limit ($0.50/$1.00 USD) - 2025/01/17 14:58:47 WET [2025/01/17 9:58:47 ET]
Table 'Algorab IV' 6-max Seat #5 is the button
Seat 6: Burlica2013 ($102.50 in chips) is sitting out
Seat 1: jeffy27dt1 ($100 in chips) 
Seat 2: Supermegopro ($100 in chips) 
Seat 3: Rysiff ($101.50 in chips) 
Seat 4: whlzor ($107 in chips) 
Seat 5: jonyboy1477 ($131.62 in chips) 
jeffy27dt1: posts small blind $0.50
Supermegopro: posts big blind $1
*** HOLE CARDS ***
Rysiff: folds 
whlzor: folds 
jonyboy1477: calls $1
jeffy27dt1: folds 
Supermegopro: raises $4 to $5
jonyboy1477: folds 
Uncalled bet ($4) returned to Supermegopro
Supermegopro collected $2.50 from pot
Supermegopro: doesn't show hand 
*** SUMMARY ***
Total pot $2.50 | Rake $0 
Seat 6: Burlica2013
Seat 1: jeffy27dt1 (small blind) folded before Flop
Seat 2: Supermegopro (big blind) collected ($2.50)
Seat 3: Rysiff folded before Flop (didn't bet)
Seat 4: whlzor folded before Flop (didn't bet)
Seat 5: jonyboy1477 (button) folded before Flop



PokerStars Hand #254414569430:  Hold'em No Limit ($0.50/$1.00 USD) - 2025/01/17 14:59:08 WET [2025/01/17 9:59:08 ET]
Table 'Algorab IV' 6-max Seat #1 is the button
Seat 6: Burlica2013 ($102.50 in chips) is sitting out
Seat 1: jeffy27dt1 ($100 in chips) 
Seat 2: Supermegopro ($101.50 in chips) 
Seat 3: Rysiff ($101.50 in chips) 
Seat 4: whlzor ($107 in chips) 
Seat 5: jonyboy1477 ($130.62 in chips) 
Supermegopro: posts small blind $0.50
Rysiff: posts big blind $1
*** HOLE CARDS ***
whlzor: folds 
jonyboy1477: calls $1
jeffy27dt1: folds 
Supermegopro: raises $4 to $5
Rysiff: folds 
jonyboy1477: calls $4
*** FLOP *** [3d 8s Tc]
Supermegopro: checks 
jonyboy1477: checks 
*** TURN *** [3d 8s Tc] [Kh]
Supermegopro: checks 
jonyboy1477: bets $3
Supermegopro: calls $3
*** RIVER *** [3d 8s Tc Kh] [Td]
Supermegopro: checks 
jonyboy1477: checks 
*** SHOW DOWN ***
Supermegopro: shows [8d Ad] (two pair, Tens and Eights)
jonyboy1477: mucks hand 
Supermegopro collected $16.15 from pot
*** SUMMARY ***
Total pot $17 | Rake $0.85 
Board [3d 8s Tc Kh Td]
Seat 6: Burlica2013
Seat 1: jeffy27dt1 (button) folded before Flop (didn't bet)
Seat 2: Supermegopro (small blind) showed [8d Ad] and won ($16.15) with two pair, Tens and Eights
Seat 3: Rysiff (big blind) folded before Flop
Seat 4: whlzor folded before Flop (didn't bet)
Seat 5: jonyboy1477 mucked



PokerStars Hand #254414576053:  Hold'em No Limit ($0.50/$1.00 USD) - 2025/01/17 14:59:49 WET [2025/01/17 9:59:49 ET]
Table 'Algorab IV' 6-max Seat #2 is the button
Seat 6: Burlica2013 ($102.50 in chips) is sitting out
Seat 1: jeffy27dt1 ($100 in chips) 
Seat 2: Supermegopro ($109.65 in chips) 
Seat 3: Rysiff ($100.50 in chips) 
Seat 4: whlzor ($107 in chips) 
Seat 5: jonyboy1477 ($122.62 in chips) 
Rysiff: posts small blind $0.50
whlzor: posts big blind $1
*** HOLE CARDS ***
jonyboy1477: folds 
jonyboy1477 leaves the table
jeffy27dt1: raises $1.50 to $2.50
Supermegopro: folds 
Burlica2013 leaves the table
Rysiff: folds 
whlzor: calls $1.50
*** FLOP *** [Ac 3s Td]
whlzor: checks 
jeffy27dt1: bets $1.72
whlzor: folds 
Uncalled bet ($1.72) returned to jeffy27dt1
jeffy27dt1 collected $5.22 from pot
jeffy27dt1: doesn't show hand 
*** SUMMARY ***
Total pot $5.50 | Rake $0.28 
Board [Ac 3s Td]
Seat 6: Burlica2013
Seat 1: jeffy27dt1 collected ($5.22)
Seat 2: Supermegopro (button) folded before Flop (didn't bet)
Seat 3: Rysiff (small blind) folded before Flop
Seat 4: whlzor (big blind) folded on the Flop
Seat 5: jonyboy1477 folded before Flop (didn't bet)



PokerStars Hand #254414582647:  Hold'em No Limit ($0.50/$1.00 USD) - 2025/01/17 15:00:31 WET [2025/01/17 10:00:31 ET]
Table 'Algorab IV' 6-max Seat #3 is the button
Seat 1: jeffy27dt1 ($102.72 in chips) 
Seat 2: Supermegopro ($109.65 in chips) 
Seat 3: Rysiff ($100 in chips) 
Seat 4: whlzor ($104.50 in chips) 
whlzor: posts small blind $0.50
jeffy27dt1: posts big blind $1
*** HOLE CARDS ***
Supermegopro: raises $1.50 to $2.50
Rysiff: folds 
whlzor: folds 
jeffy27dt1: folds 
Uncalled bet ($1.50) returned to Supermegopro
Supermegopro collected $2.50 from pot
Supermegopro: doesn't show hand 
*** SUMMARY ***
Total pot $2.50 | Rake $0 
Seat 1: jeffy27dt1 (big blind) folded before Flop
Seat 2: Supermegopro collected ($2.50)
Seat 3: Rysiff (button) folded before Flop (didn't bet)
Seat 4: whlzor (small blind) folded before Flop



PokerStars Hand #254414612698:  Hold'em No Limit ($0.50/$1.00 USD) - 2025/01/17 15:03:12 WET [2025/01/17 10:03:12 ET]
Table 'Algorab IV' 6-max Seat #4 is the button
Seat 1: ViktoriyaCat ($10 in chips) 
Seat 2: Poker9803 ($100 in chips) 
Seat 4: gudrozd ($100 in chips) 
ViktoriyaCat: posts small blind $0.50
Poker9803: posts big blind $1
*** HOLE CARDS ***
gudrozd: folds 
ViktoriyaCat: calls $0.50
Supermegopro joins the table at seat #3 
Poker9803: checks 
*** FLOP *** [6d 2d 6h]
ViktoriyaCat: checks 
Poker9803: checks 
*** TURN *** [6d 2d 6h] [Ts]
ViktoriyaCat: bets $1.90
Poker9803: folds 
Uncalled bet ($1.90) returned to ViktoriyaCat
ViktoriyaCat collected $1.90 from pot
*** SUMMARY ***
Total pot $2 | Rake $0.10 
Board [6d 2d 6h Ts]
Seat 1: ViktoriyaCat (small blind) collected ($1.90)
Seat 2: Poker9803 (big blind) folded on the Turn
Seat 4: gudrozd (button) folded before Flop (didn't bet)



PokerStars Hand #254414621881:  Hold'em No Limit ($0.50/$1.00 USD) - 2025/01/17 15:04:00 WET [2025/01/17 10:04:00 ET]
Table 'Algorab IV' 6-max Seat #1 is the button
Seat 1: ViktoriyaCat ($10.90 in chips) 
Seat 2: Poker9803 ($100 in chips) 
Seat 3: Supermegopro ($111.15 in chips) 
Seat 4: gudrozd ($100 in chips) 
Poker9803: posts small blind $0.50
Supermegopro: posts big blind $1
*** HOLE CARDS ***
gudrozd: raises $1.50 to $2.50
gig.gyty joins the table at seat #5 
ViktoriyaCat: raises $6.50 to $9
Poker9803: folds 
Supermegopro: folds 
gudrozd: raises $6.50 to $15.50
ViktoriyaCat: calls $1.90 and is all-in
Uncalled bet ($4.60) returned to gudrozd
*** FLOP *** [Ts 4d 5c]
*** TURN *** [Ts 4d 5c] [2h]
MCFC4INAROW joins the table at seat #6 
MCFC4INAROW is disconnected 
*** RIVER *** [Ts 4d 5c 2h] [2c]
*** SHOW DOWN ***
gudrozd: shows [Ad Jc] (a pair of Deuces)
ViktoriyaCat: shows [8c Ah] (a pair of Deuces - lower kicker)
gudrozd collected $22.30 from pot
ViktoriyaCat cashed out the hand for $5.89 | Cash Out Fee $0.12
*** SUMMARY ***
Total pot $23.30 | Rake $1 
Board [Ts 4d 5c 2h 2c]
Seat 1: ViktoriyaCat (button) showed [8c Ah] and lost with a pair of Deuces (cashed out).
Seat 2: Poker9803 (small blind) folded before Flop
Seat 3: Supermegopro (big blind) folded before Flop
Seat 4: gudrozd showed [Ad Jc] and won ($22.30) with a pair of Deuces



PokerStars Hand #254414630905:  Hold'em No Limit ($0.50/$1.00 USD) - 2025/01/17 15:04:46 WET [2025/01/17 10:04:46 ET]
Table 'Algorab IV' 6-max Seat #2 is the button
Seat 5: gig.gyty ($100 in chips) is sitting out
Seat 6: MCFC4INAROW ($11.82 in chips) is sitting out
Seat 1: ViktoriyaCat ($5.89 in chips) 
Seat 2: Poker9803 ($100 in chips) 
Seat 3: Supermegopro ($110.15 in chips) 
Seat 4: gudrozd ($111.40 in chips) 
Supermegopro: posts small blind $0.50
gudrozd: posts big blind $1
gig.gyty: sits out 
MCFC4INAROW: sits out 
*** HOLE CARDS ***
ViktoriyaCat: raises $4.89 to $5.89 and is all-in
Poker9803: folds 
Supermegopro: folds 
gudrozd: folds 
Uncalled bet ($4.89) returned to ViktoriyaCat
ViktoriyaCat collected $2.50 from pot
*** SUMMARY ***
Total pot $2.50 | Rake $0 
Seat 5: gig.gyty
Seat 6: MCFC4INAROW
Seat 1: ViktoriyaCat collected ($2.50)
Seat 2: Poker9803 (button) folded before Flop (didn't bet)
Seat 3: Supermegopro (small blind) folded before Flop
Seat 4: gudrozd (big blind) folded before Flop



PokerStars Hand #254414633497:  Hold'em No Limit ($0.50/$1.00 USD) - 2025/01/17 15:04:59 WET [2025/01/17 10:04:59 ET]
Table 'Algorab IV' 6-max Seat #3 is the button
Seat 6: MCFC4INAROW ($11.82 in chips) is sitting out
Seat 1: ViktoriyaCat ($7.39 in chips) 
Seat 2: Poker9803 ($100 in chips) 
Seat 3: Supermegopro ($109.65 in chips) 
Seat 4: gudrozd ($110.40 in chips) 
Seat 5: gig.gyty ($100 in chips) 
gudrozd: posts small blind $0.50
gig.gyty: posts big blind $1
MCFC4INAROW: sits out 
*** HOLE CARDS ***
ViktoriyaCat: raises $6.39 to $7.39 and is all-in
Poker9803: folds 
Supermegopro: folds 
gudrozd: folds 
gig.gyty: calls $6.39
*** FLOP *** [Js Ad 5s]
*** TURN *** [Js Ad 5s] [2s]
*** RIVER *** [Js Ad 5s 2s] [9d]
*** SHOW DOWN ***
gig.gyty: shows [Ah Kd] (a pair of Aces)
ViktoriyaCat: shows [4h 6h] (high card Ace)
gig.gyty collected $14.52 from pot
*** SUMMARY ***
Total pot $15.28 | Rake $0.76 
Board [Js Ad 5s 2s 9d]
Seat 6: MCFC4INAROW
Seat 1: ViktoriyaCat showed [4h 6h] and lost with high card Ace
Seat 2: Poker9803 folded before Flop (didn't bet)
Seat 3: Supermegopro (button) folded before Flop (didn't bet)
Seat 4: gudrozd (small blind) folded before Flop
Seat 5: gig.gyty (big blind) showed [Ah Kd] and won ($14.52) with a pair of Aces



PokerStars Hand #254414639015:  Hold'em No Limit ($0.50/$1.00 USD) - 2025/01/17 15:05:28 WET [2025/01/17 10:05:28 ET]
Table 'Algorab IV' 6-max Seat #4 is the button
Seat 2: Poker9803 ($100 in chips) 
Seat 3: Supermegopro ($109.65 in chips) 
Seat 4: gudrozd ($109.90 in chips) 
Seat 5: gig.gyty ($107.13 in chips) 
Seat 6: MCFC4INAROW ($11.82 in chips) 
ViktoriyaCat leaves the table
gig.gyty: posts small blind $0.50
MCFC4INAROW: posts big blind $1
*** HOLE CARDS ***
Poker9803: folds 
Supermegopro: folds 
gudrozd: folds 
gig.gyty: calls $0.50
MCFC4INAROW: checks 
*** FLOP *** [Ah Ac 7s]
gig.gyty: bets $1
MCFC4INAROW: calls $1
*** TURN *** [Ah Ac 7s] [9d]
BGS013 joins the table at seat #1 
gig.gyty: bets $2
MCFC4INAROW: raises $7.82 to $9.82 and is all-in
gig.gyty: folds 
Uncalled bet ($7.82) returned to MCFC4INAROW
MCFC4INAROW collected $7.60 from pot
MCFC4INAROW: doesn't show hand 
*** SUMMARY ***
Total pot $8 | Rake $0.40 
Board [Ah Ac 7s 9d]
Seat 2: Poker9803 folded before Flop (didn't bet)
Seat 3: Supermegopro folded before Flop (didn't bet)
Seat 4: gudrozd (button) folded before Flop (didn't bet)
Seat 5: gig.gyty (small blind) folded on the Turn
Seat 6: MCFC4INAROW (big blind) collected ($7.60)



PokerStars Hand #254414645006:  Hold'em No Limit ($0.50/$1.00 USD) - 2025/01/17 15:05:58 WET [2025/01/17 10:05:58 ET]
Table 'Algorab IV' 6-max Seat #5 is the button
Seat 1: BGS013 ($100 in chips) 
Seat 2: Poker9803 ($100 in chips) 
Seat 3: Supermegopro ($109.65 in chips) 
Seat 4: gudrozd ($109.90 in chips) 
Seat 5: gig.gyty ($103.13 in chips) 
Seat 6: MCFC4INAROW ($15.42 in chips) 
MCFC4INAROW: posts small blind $0.50
BGS013: posts big blind $1
*** HOLE CARDS ***
Poker9803: folds 
Supermegopro: folds 
gudrozd: raises $1.50 to $2.50
gig.gyty: folds 
MCFC4INAROW: folds 
BGS013: calls $1.50
*** FLOP *** [Ks 4s Kh]
BGS013: checks 
gudrozd: bets $1.72
BGS013: calls $1.72
*** TURN *** [Ks 4s Kh] [6s]
BGS013: checks 
gudrozd: checks 
*** RIVER *** [Ks 4s Kh 6s] [8h]
BGS013: checks 
gudrozd: bets $6.37
BGS013: folds 
Uncalled bet ($6.37) returned to gudrozd
gudrozd collected $8.49 from pot
gudrozd: doesn't show hand 
*** SUMMARY ***
Total pot $8.94 | Rake $0.45 
Board [Ks 4s Kh 6s 8h]
Seat 1: BGS013 (big blind) folded on the River
Seat 2: Poker9803 folded before Flop (didn't bet)
Seat 3: Supermegopro folded before Flop (didn't bet)
Seat 4: gudrozd collected ($8.49)
Seat 5: gig.gyty (button) folded before Flop (didn't bet)
Seat 6: MCFC4INAROW (small blind) folded before Flop



PokerStars Hand #254414656871:  Hold'em No Limit ($0.50/$1.00 USD) - 2025/01/17 15:06:59 WET [2025/01/17 10:06:59 ET]
Table 'Algorab IV' 6-max Seat #6 is the button
Seat 1: BGS013 ($100 in chips) 
Seat 2: Poker9803 ($100 in chips) 
Seat 3: Supermegopro ($109.65 in chips) 
Seat 4: gudrozd ($114.17 in chips) 
Seat 5: gig.gyty ($103.13 in chips) 
Seat 6: MCFC4INAROW ($14.92 in chips) 
BGS013: posts small blind $0.50
Poker9803: posts big blind $1
*** HOLE CARDS ***
Supermegopro: raises $1.50 to $2.50
gudrozd: folds 
gig.gyty: raises $5.50 to $8
MCFC4INAROW: raises $6.92 to $14.92 and is all-in
BGS013: folds 
Poker9803: folds 
Supermegopro: folds 
gig.gyty: calls $6.92
*** FIRST FLOP *** [8c Qs 3h]
*** FIRST TURN *** [8c Qs 3h] [3d]
*** FIRST RIVER *** [8c Qs 3h 3d] [4s]
*** SECOND FLOP *** [Kc Ts 4d]
*** SECOND TURN *** [Kc Ts 4d] [9d]
*** SECOND RIVER *** [Kc Ts 4d 9d] [4c]
*** FIRST SHOW DOWN ***
gig.gyty: shows [Kh Qh] (two pair, Queens and Threes)
MCFC4INAROW: shows [Td Ah] (a pair of Threes)
gig.gyty collected $16.08 from pot
*** SECOND SHOW DOWN ***
gig.gyty: shows [Kh Qh] (two pair, Kings and Fours)
MCFC4INAROW: shows [Td Ah] (two pair, Tens and Fours)
gig.gyty collected $16.07 from pot
*** SUMMARY ***
Total pot $33.84 | Rake $1.69 
Hand was run twice
FIRST Board [8c Qs 3h 3d 4s]
SECOND Board [Kc Ts 4d 9d 4c]
Seat 1: BGS013 (small blind) folded before Flop
Seat 2: Poker9803 (big blind) folded before Flop
Seat 3: Supermegopro folded before Flop
Seat 4: gudrozd folded before Flop (didn't bet)
Seat 5: gig.gyty showed [Kh Qh] and won ($16.08) with two pair, Queens and Threes, and won ($16.07) with two pair, Kings and Fours
Seat 6: MCFC4INAROW (button) showed [Td Ah] and lost with a pair of Threes, and lost with two pair, Tens and Fours



PokerStars Hand #254414664895:  Hold'em No Limit ($0.50/$1.00 USD) - 2025/01/17 15:07:40 WET [2025/01/17 10:07:40 ET]
Table 'Algorab IV' 6-max Seat #1 is the button
Seat 6: MCFC4INAROW ($0 in chips) is sitting out
Seat 1: BGS013 ($100 in chips) 
Seat 2: Poker9803 ($100 in chips) 
Seat 3: Supermegopro ($107.15 in chips) 
Seat 4: gudrozd ($114.17 in chips) 
Seat 5: gig.gyty ($120.36 in chips) 
Poker9803: posts small blind $0.50
Supermegopro: posts big blind $1
*** HOLE CARDS ***
gudrozd: raises $1.50 to $2.50
MCFC4INAROW is disconnected 
gig.gyty: folds 
BGS013: folds 
Poker9803: folds 
Supermegopro: raises $9.50 to $12
gudrozd: calls $9.50
*** FLOP *** [Ad 5s 5d]
Supermegopro: bets $15.52
gudrozd: folds 
Uncalled bet ($15.52) returned to Supermegopro
Supermegopro collected $23.28 from pot
Supermegopro: doesn't show hand 
*** SUMMARY ***
Total pot $24.50 | Rake $1.22 
Board [Ad 5s 5d]
Seat 6: MCFC4INAROW
Seat 1: BGS013 (button) folded before Flop (didn't bet)
Seat 2: Poker9803 (small blind) folded before Flop
Seat 3: Supermegopro (big blind) collected ($23.28)
Seat 4: gudrozd folded on the Flop
Seat 5: gig.gyty folded before Flop (didn't bet)



PokerStars Hand #254414671107:  Hold'em No Limit ($0.50/$1.00 USD) - 2025/01/17 15:08:12 WET [2025/01/17 10:08:12 ET]
Table 'Algorab IV' 6-max Seat #2 is the button
Seat 6: MCFC4INAROW ($0 in chips) is sitting out
Seat 1: BGS013 ($100 in chips) 
Seat 2: Poker9803 ($100 in chips) 
Seat 3: Supermegopro ($118.43 in chips) 
Seat 4: gudrozd ($102.17 in chips) 
Seat 5: gig.gyty ($120.36 in chips) 
Supermegopro: posts small blind $0.50
gudrozd: posts big blind $1
*** HOLE CARDS ***
gig.gyty: folds 
BGS013: folds 
Poker9803: raises $1.50 to $2.50
Supermegopro: raises $9.50 to $12
gudrozd: folds 
Poker9803: folds 
Uncalled bet ($9.50) returned to Supermegopro
Supermegopro collected $6 from pot
Supermegopro: doesn't show hand 
*** SUMMARY ***
Total pot $6 | Rake $0 
Seat 6: MCFC4INAROW
Seat 1: BGS013 folded before Flop (didn't bet)
Seat 2: Poker9803 (button) folded before Flop
Seat 3: Supermegopro (small blind) collected ($6)
Seat 4: gudrozd (big blind) folded before Flop
Seat 5: gig.gyty folded before Flop (didn't bet)



PokerStars Hand #254414675210:  Hold'em No Limit ($0.50/$1.00 USD) - 2025/01/17 15:08:33 WET [2025/01/17 10:08:33 ET]
Table 'Algorab IV' 6-max Seat #3 is the button
Seat 6: MCFC4INAROW ($0 in chips) is sitting out
Seat 1: BGS013 ($100 in chips) 
Seat 2: Poker9803 ($100 in chips) 
Seat 3: Supermegopro ($121.93 in chips) 
Seat 4: gudrozd ($101.17 in chips) 
Seat 5: gig.gyty ($120.36 in chips) 
gudrozd: posts small blind $0.50
gig.gyty: posts big blind $1
*** HOLE CARDS ***
BGS013: folds 
Poker9803: folds 
Supermegopro: raises $1.50 to $2.50
gudrozd: folds 
gig.gyty: folds 
Uncalled bet ($1.50) returned to Supermegopro
Supermegopro collected $2.50 from pot
Supermegopro: doesn't show hand 
*** SUMMARY ***
Total pot $2.50 | Rake $0 
Seat 6: MCFC4INAROW
Seat 1: BGS013 folded before Flop (didn't bet)
Seat 2: Poker9803 folded before Flop (didn't bet)
Seat 3: Supermegopro (button) collected ($2.50)
Seat 4: gudrozd (small blind) folded before Flop
Seat 5: gig.gyty (big blind) folded before Flop



PokerStars Hand #254414677677:  Hold'em No Limit ($0.50/$1.00 USD) - 2025/01/17 15:08:46 WET [2025/01/17 10:08:46 ET]
Table 'Algorab IV' 6-max Seat #4 is the button
Seat 6: MCFC4INAROW ($0 in chips) is sitting out
Seat 1: BGS013 ($100 in chips) 
Seat 2: Poker9803 ($100 in chips) 
Seat 3: Supermegopro ($123.43 in chips) 
Seat 4: gudrozd ($100.67 in chips) 
Seat 5: gig.gyty ($119.36 in chips) 
gig.gyty: posts small blind $0.50
BGS013: posts big blind $1
*** HOLE CARDS ***
Poker9803: folds 
Supermegopro: folds 
gudrozd: folds 
gig.gyty: raises $2 to $3
BGS013: calls $2
*** FLOP *** [3c 8s Ah]
gig.gyty: checks 
BGS013: checks 
*** TURN *** [3c 8s Ah] [4d]
gig.gyty: bets $1.88
BGS013: calls $1.88
*** RIVER *** [3c 8s Ah 4d] [3s]
gig.gyty: bets $3.06
BGS013: calls $3.06
*** SHOW DOWN ***
gig.gyty: shows [Tc Ts] (two pair, Tens and Threes)
BGS013: mucks hand 
gig.gyty collected $15.09 from pot
*** SUMMARY ***
Total pot $15.88 | Rake $0.79 
Board [3c 8s Ah 4d 3s]
Seat 6: MCFC4INAROW
Seat 1: BGS013 (big blind) mucked
Seat 2: Poker9803 folded before Flop (didn't bet)
Seat 3: Supermegopro folded before Flop (didn't bet)
Seat 4: gudrozd (button) folded before Flop (didn't bet)
Seat 5: gig.gyty (small blind) showed [Tc Ts] and won ($15.09) with two pair, Tens and Threes



PokerStars Hand #254414689648:  Hold'em No Limit ($0.50/$1.00 USD) - 2025/01/17 15:09:48 WET [2025/01/17 10:09:48 ET]
Table 'Algorab IV' 6-max Seat #5 is the button
Seat 2: Poker9803 ($100 in chips) is sitting out
Seat 6: MCFC4INAROW ($0 in chips) is sitting out
Seat 1: BGS013 ($100 in chips) 
Seat 3: Supermegopro ($123.43 in chips) 
Seat 4: gudrozd ($100.67 in chips) 
Seat 5: gig.gyty ($126.51 in chips) 
BGS013: posts small blind $0.50
Poker9803: is sitting out 
Supermegopro: posts big blind $1
*** HOLE CARDS ***
gudrozd: folds 
gig.gyty: folds 
Poker9803 leaves the table
BGS013: raises $2 to $3
Supermegopro: folds 
Uncalled bet ($2) returned to BGS013
BGS013 collected $2 from pot
BGS013: doesn't show hand 
*** SUMMARY ***
Total pot $2 | Rake $0 
Seat 2: Poker9803
Seat 6: MCFC4INAROW
Seat 1: BGS013 (small blind) collected ($2)
Seat 3: Supermegopro (big blind) folded before Flop
Seat 4: gudrozd folded before Flop (didn't bet)
Seat 5: gig.gyty (button) folded before Flop (didn't bet)



PokerStars Hand #254414691986:  Hold'em No Limit ($0.50/$1.00 USD) - 2025/01/17 15:10:00 WET [2025/01/17 10:10:00 ET]
Table 'Algorab IV' 6-max Seat #1 is the button
Seat 4: gudrozd ($100.67 in chips) is sitting out
Seat 6: MCFC4INAROW ($0 in chips) is sitting out
Seat 1: BGS013 ($101 in chips) 
Seat 3: Supermegopro ($122.43 in chips) 
Seat 5: gig.gyty ($126.51 in chips) 
Supermegopro: posts small blind $0.50
gudrozd: is sitting out 
gig.gyty: posts big blind $1
*** HOLE CARDS ***
BGS013: folds 
gudrozd leaves the table
Supermegopro: raises $2 to $3
gig.gyty: calls $2
*** FLOP *** [As Jh 5c]
Supermegopro: bets $2.85
gig.gyty: folds 
Uncalled bet ($2.85) returned to Supermegopro
Supermegopro collected $5.70 from pot
Supermegopro: doesn't show hand 
*** SUMMARY ***
Total pot $6 | Rake $0.30 
Board [As Jh 5c]
Seat 4: gudrozd
Seat 6: MCFC4INAROW
Seat 1: BGS013 (button) folded before Flop (didn't bet)
Seat 3: Supermegopro (small blind) collected ($5.70)
Seat 5: gig.gyty (big blind) folded on the Flop



PokerStars Hand #254414696158:  Hold'em No Limit ($0.50/$1.00 USD) - 2025/01/17 15:10:22 WET [2025/01/17 10:10:22 ET]
Table 'Algorab IV' 6-max Seat #3 is the button
Seat 6: MCFC4INAROW ($0 in chips) is sitting out
Seat 1: BGS013 ($101 in chips) 
Seat 3: Supermegopro ($125.13 in chips) 
Seat 5: gig.gyty ($123.51 in chips) 
gig.gyty: posts small blind $0.50
BGS013: posts big blind $1
*** HOLE CARDS ***
Supermegopro: folds 
gig.gyty: folds 
Uncalled bet ($0.50) returned to BGS013
BGS013 collected $1 from pot
BGS013: doesn't show hand 
*** SUMMARY ***
Total pot $1 | Rake $0 
Seat 6: MCFC4INAROW
Seat 1: BGS013 (big blind) collected ($1)
Seat 3: Supermegopro (button) folded before Flop (didn't bet)
Seat 5: gig.gyty (small blind) folded before Flop



PokerStars Hand #254414697463:  Hold'em No Limit ($0.50/$1.00 USD) - 2025/01/17 15:10:28 WET [2025/01/17 10:10:28 ET]
Table 'Algorab IV' 6-max Seat #5 is the button
Seat 6: MCFC4INAROW ($0 in chips) is sitting out
Seat 1: BGS013 ($101.50 in chips) 
Seat 3: Supermegopro ($125.13 in chips) 
Seat 5: gig.gyty ($123.01 in chips) 
BGS013: posts small blind $0.50
Supermegopro: posts big blind $1
*** HOLE CARDS ***
gig.gyty: raises $1.50 to $2.50
BGS013: folds 
Supermegopro: folds 
Uncalled bet ($1.50) returned to gig.gyty
gig.gyty collected $2.50 from pot
gig.gyty: doesn't show hand 
*** SUMMARY ***
Total pot $2.50 | Rake $0 
Seat 6: MCFC4INAROW
Seat 1: BGS013 (small blind) folded before Flop
Seat 3: Supermegopro (big blind) folded before Flop
Seat 5: gig.gyty (button) collected ($2.50)



PokerStars Hand #254414701149:  Hold'em No Limit ($0.50/$1.00 USD) - 2025/01/17 15:10:47 WET [2025/01/17 10:10:47 ET]
Table 'Algorab IV' 6-max Seat #3 is the button
Seat 5: gig.gyty ($124.51 in chips) is sitting out
Seat 6: MCFC4INAROW ($0 in chips) is sitting out
Seat 1: BGS013 ($101 in chips) 
Seat 3: Supermegopro ($124.13 in chips) 
Supermegopro: posts small blind $0.50
gig.gyty: is sitting out 
BGS013: posts big blind $1
*** HOLE CARDS ***
Supermegopro: raises $2 to $3
gig.gyty leaves the table
BGS013: folds 
Uncalled bet ($2) returned to Supermegopro
Supermegopro collected $2 from pot
Supermegopro: doesn't show hand 
*** SUMMARY ***
Total pot $2 | Rake $0 
Seat 5: gig.gyty
Seat 6: MCFC4INAROW
Seat 1: BGS013 (big blind) folded before Flop
Seat 3: Supermegopro (button) (small blind) collected ($2)



PokerStars Hand #254414703646:  Hold'em No Limit ($0.50/$1.00 USD) - 2025/01/17 15:11:00 WET [2025/01/17 10:11:00 ET]
Table 'Algorab IV' 6-max Seat #1 is the button
Seat 6: MCFC4INAROW ($0 in chips) is sitting out
Seat 1: BGS013 ($100 in chips) 
Seat 3: Supermegopro ($125.13 in chips) 
BGS013: posts small blind $0.50
Supermegopro: posts big blind $1
*** HOLE CARDS ***
BGS013: folds 
Uncalled bet ($0.50) returned to Supermegopro
Supermegopro collected $1 from pot
Supermegopro: doesn't show hand 
*** SUMMARY ***
Total pot $1 | Rake $0 
Seat 6: MCFC4INAROW
Seat 1: BGS013 (button) (small blind) folded before Flop
Seat 3: Supermegopro (big blind) collected ($1)



PokerStars Hand #254414704905:  Hold'em No Limit ($0.50/$1.00 USD) - 2025/01/17 15:11:07 WET [2025/01/17 10:11:07 ET]
Table 'Algorab IV' 6-max Seat #3 is the button
Seat 6: MCFC4INAROW ($0 in chips) is sitting out
Seat 1: BGS013 ($100 in chips) 
Seat 3: Supermegopro ($125.63 in chips) 
Supermegopro: posts small blind $0.50
BGS013: posts big blind $1
*** HOLE CARDS ***
Supermegopro: raises $1.50 to $2.50
BGS013: calls $1.50
*** FLOP *** [9s Ks Jc]
BGS013: checks 
Supermegopro: checks 
*** TURN *** [9s Ks Jc] [5s]
BGS013: bets $1.24
Supermegopro: raises $10.85 to $12.09
BGS013: folds 
Uncalled bet ($10.85) returned to Supermegopro
Supermegopro collected $7.11 from pot
Supermegopro: doesn't show hand 
*** SUMMARY ***
Total pot $7.48 | Rake $0.37 
Board [9s Ks Jc 5s]
Seat 6: MCFC4INAROW
Seat 1: BGS013 (big blind) folded on the Turn
Seat 3: Supermegopro (button) (small blind) collected ($7.11)



PokerStars Hand #254414710427:  Hold'em No Limit ($0.50/$1.00 USD) - 2025/01/17 15:11:36 WET [2025/01/17 10:11:36 ET]
Table 'Algorab IV' 6-max Seat #1 is the button
Seat 6: MCFC4INAROW ($0 in chips) is sitting out
Seat 1: BGS013 ($100 in chips) 
Seat 3: Supermegopro ($129 in chips) 
BGS013: posts small blind $0.50
Supermegopro: posts big blind $1
*** HOLE CARDS ***
dreimis190 joins the table at seat #5 
ViktoriyaCat joins the table at seat #4 
ViktoriyaCat is disconnected 
Rysiff joins the table at seat #2 
BGS013: raises $1.50 to $2.50
Supermegopro: calls $1.50
*** FLOP *** [8s Ts Ah]
Supermegopro: checks 
BGS013: checks 
*** TURN *** [8s Ts Ah] [Jd]
Supermegopro: bets $1.57
BGS013: calls $1.57
*** RIVER *** [8s Ts Ah Jd] [5h]
Supermegopro: bets $2.55
BGS013: calls $2.55
*** SHOW DOWN ***
Supermegopro: shows [2c Jc] (a pair of Jacks)
BGS013: shows [4h Ac] (a pair of Aces)
BGS013 collected $12.58 from pot
*** SUMMARY ***
Total pot $13.24 | Rake $0.66 
Board [8s Ts Ah Jd 5h]
Seat 6: MCFC4INAROW
Seat 1: BGS013 (button) (small blind) showed [4h Ac] and won ($12.58) with a pair of Aces
Seat 3: Supermegopro (big blind) showed [2c Jc] and lost with a pair of Jacks



PokerStars Hand #254414719116:  Hold'em No Limit ($0.50/$1.00 USD) - 2025/01/17 15:12:19 WET [2025/01/17 10:12:19 ET]
Table 'Algorab IV' 6-max Seat #3 is the button
Seat 4: ViktoriyaCat ($26.90 in chips) is sitting out
Seat 5: dreimis190 ($100 in chips) is sitting out
Seat 6: MCFC4INAROW ($0 in chips) is sitting out
Seat 1: BGS013 ($105.96 in chips) 
Seat 2: Rysiff ($100 in chips) 
Seat 3: Supermegopro ($122.38 in chips) 
BGS013: posts small blind $0.50
Rysiff: posts big blind $1
*** HOLE CARDS ***
Supermegopro: folds 
BGS013: raises $2 to $3
Rysiff: folds 
Uncalled bet ($2) returned to BGS013
BGS013 collected $2 from pot
BGS013: doesn't show hand 
*** SUMMARY ***
Total pot $2 | Rake $0 
Seat 4: ViktoriyaCat
Seat 5: dreimis190
Seat 6: MCFC4INAROW
Seat 1: BGS013 (small blind) collected ($2)
Seat 2: Rysiff (big blind) folded before Flop
Seat 3: Supermegopro (button) folded before Flop (didn't bet)



PokerStars Hand #254414721198:  Hold'em No Limit ($0.50/$1.00 USD) - 2025/01/17 15:12:30 WET [2025/01/17 10:12:30 ET]
Table 'Algorab IV' 6-max Seat #1 is the button
Seat 5: dreimis190 ($100 in chips) is sitting out
Seat 6: MCFC4INAROW ($0 in chips) is sitting out
Seat 1: BGS013 ($106.96 in chips) 
Seat 2: Rysiff ($100 in chips) 
Seat 3: Supermegopro ($122.38 in chips) 
Seat 4: ViktoriyaCat ($26.90 in chips) 
Rysiff: posts small blind $0.50
Supermegopro: posts big blind $1
ViktoriyaCat: posts big blind $1
dreimis190: sits out 
*** HOLE CARDS ***
ViktoriyaCat: raises $2.50 to $3.50
BGS013: folds 
Rysiff: folds 
Supermegopro: folds 
Uncalled bet ($2.50) returned to ViktoriyaCat
ViktoriyaCat collected $2.50 from pot
*** SUMMARY ***
Total pot $2.50 | Rake $0 
Seat 5: dreimis190
Seat 6: MCFC4INAROW
Seat 1: BGS013 (button) folded before Flop (didn't bet)
Seat 2: Rysiff (small blind) folded before Flop
Seat 3: Supermegopro (big blind) folded before Flop
Seat 4: ViktoriyaCat collected ($2.50)



PokerStars Hand #254414723180:  Hold'em No Limit ($0.50/$1.00 USD) - 2025/01/17 15:12:41 WET [2025/01/17 10:12:41 ET]
Table 'Algorab IV' 6-max Seat #2 is the button
Seat 5: dreimis190 ($100 in chips) is sitting out
Seat 6: MCFC4INAROW ($0 in chips) is sitting out
Seat 1: BGS013 ($106.96 in chips) 
Seat 2: Rysiff ($100 in chips) 
Seat 3: Supermegopro ($121.38 in chips) 
Seat 4: ViktoriyaCat ($28.40 in chips) 
Supermegopro: posts small blind $0.50
ViktoriyaCat: posts big blind $1
dreimis190: sits out 
*** HOLE CARDS ***
BGS013: folds 
Rysiff: folds 
Supermegopro: folds 
Uncalled bet ($0.50) returned to ViktoriyaCat
ViktoriyaCat collected $1 from pot
*** SUMMARY ***
Total pot $1 | Rake $0 
Seat 5: dreimis190
Seat 6: MCFC4INAROW
Seat 1: BGS013 folded before Flop (didn't bet)
Seat 2: Rysiff (button) folded before Flop (didn't bet)
Seat 3: Supermegopro (small blind) folded before Flop
Seat 4: ViktoriyaCat (big blind) collected ($1)



PokerStars Hand #254414725222:  Hold'em No Limit ($0.50/$1.00 USD) - 2025/01/17 15:12:51 WET [2025/01/17 10:12:51 ET]
Table 'Algorab IV' 6-max Seat #3 is the button
Seat 6: MCFC4INAROW ($0 in chips) is sitting out
Seat 1: BGS013 ($106.96 in chips) 
Seat 2: Rysiff ($100 in chips) 
Seat 3: Supermegopro ($120.88 in chips) 
Seat 4: ViktoriyaCat ($28.90 in chips) 
Seat 5: dreimis190 ($100 in chips) 
ViktoriyaCat: posts small blind $0.50
dreimis190: posts big blind $1
*** HOLE CARDS ***
BGS013: folds 
Rysiff: folds 
Supermegopro: raises $1.50 to $2.50
ViktoriyaCat: folds 
dreimis190: raises $10.50 to $13
Supermegopro: folds 
Uncalled bet ($10.50) returned to dreimis190
dreimis190 collected $5.50 from pot
dreimis190: doesn't show hand 
*** SUMMARY ***
Total pot $5.50 | Rake $0 
Seat 6: MCFC4INAROW
Seat 1: BGS013 folded before Flop (didn't bet)
Seat 2: Rysiff folded before Flop (didn't bet)
Seat 3: Supermegopro (button) folded before Flop
Seat 4: ViktoriyaCat (small blind) folded before Flop
Seat 5: dreimis190 (big blind) collected ($5.50)



PokerStars Hand #254414729913:  Hold'em No Limit ($0.50/$1.00 USD) - 2025/01/17 15:13:15 WET [2025/01/17 10:13:15 ET]
Table 'Algorab IV' 6-max Seat #4 is the button
Seat 6: MCFC4INAROW ($0 in chips) is sitting out
Seat 1: BGS013 ($106.96 in chips) 
Seat 2: Rysiff ($100 in chips) 
Seat 3: Supermegopro ($118.38 in chips) 
Seat 4: ViktoriyaCat ($28.40 in chips) 
Seat 5: dreimis190 ($103 in chips) 
dreimis190: posts small blind $0.50
BGS013: posts big blind $1
*** HOLE CARDS ***
Rysiff: raises $1.50 to $2.50
Supermegopro: folds 
ViktoriyaCat: folds 
dreimis190: folds 
BGS013: folds 
Uncalled bet ($1.50) returned to Rysiff
Rysiff collected $2.50 from pot
MCFC4INAROW leaves the table
Rysiff: doesn't show hand 
*** SUMMARY ***
Total pot $2.50 | Rake $0 
Seat 6: MCFC4INAROW
Seat 1: BGS013 (big blind) folded before Flop
Seat 2: Rysiff collected ($2.50)
Seat 3: Supermegopro folded before Flop (didn't bet)
Seat 4: ViktoriyaCat (button) folded before Flop (didn't bet)
Seat 5: dreimis190 (small blind) folded before Flop



PokerStars Hand #254414732681:  Hold'em No Limit ($0.50/$1.00 USD) - 2025/01/17 15:13:29 WET [2025/01/17 10:13:29 ET]
Table 'Algorab IV' 6-max Seat #5 is the button
Seat 1: BGS013 ($105.96 in chips) 
Seat 2: Rysiff ($101.50 in chips) 
Seat 3: Supermegopro ($118.38 in chips) 
Seat 4: ViktoriyaCat ($28.40 in chips) 
Seat 5: dreimis190 ($102.50 in chips) 
BGS013: posts small blind $0.50
Rysiff: posts big blind $1
*** HOLE CARDS ***
Supermegopro: raises $1.50 to $2.50
ViktoriyaCat: folds 
dreimis190: folds 
BGS013: folds 
Rysiff: folds 
Uncalled bet ($1.50) returned to Supermegopro
socito joins the table at seat #6 
Supermegopro collected $2.50 from pot
Supermegopro: doesn't show hand 
*** SUMMARY ***
Total pot $2.50 | Rake $0 
Seat 1: BGS013 (small blind) folded before Flop
Seat 2: Rysiff (big blind) folded before Flop
Seat 3: Supermegopro collected ($2.50)
Seat 4: ViktoriyaCat folded before Flop (didn't bet)
Seat 5: dreimis190 (button) folded before Flop (didn't bet)



PokerStars Hand #254414735504:  Hold'em No Limit ($0.50/$1.00 USD) - 2025/01/17 15:13:44 WET [2025/01/17 10:13:44 ET]
Table 'Algorab IV' 6-max Seat #1 is the button
Seat 6: socito ($100 in chips) is sitting out
Seat 1: BGS013 ($105.46 in chips) 
Seat 2: Rysiff ($100.50 in chips) 
Seat 3: Supermegopro ($119.88 in chips) 
Seat 4: ViktoriyaCat ($28.40 in chips) 
Seat 5: dreimis190 ($102.50 in chips) 
Rysiff: posts small blind $0.50
Supermegopro: posts big blind $1
socito: sits out 
*** HOLE CARDS ***
ViktoriyaCat: raises $2.50 to $3.50
dreimis190: folds 
BGS013: folds 
Rysiff: folds 
Supermegopro: folds 
Uncalled bet ($2.50) returned to ViktoriyaCat
ViktoriyaCat collected $2.50 from pot
*** SUMMARY ***
Total pot $2.50 | Rake $0 
Seat 6: socito
Seat 1: BGS013 (button) folded before Flop (didn't bet)
Seat 2: Rysiff (small blind) folded before Flop
Seat 3: Supermegopro (big blind) folded before Flop
Seat 4: ViktoriyaCat collected ($2.50)
Seat 5: dreimis190 folded before Flop (didn't bet)



PokerStars Hand #254414738377:  Hold'em No Limit ($0.50/$1.00 USD) - 2025/01/17 15:13:59 WET [2025/01/17 10:13:59 ET]
Table 'Algorab IV' 6-max Seat #2 is the button
Seat 6: socito ($100 in chips) is sitting out
Seat 1: BGS013 ($105.46 in chips) 
Seat 2: Rysiff ($100 in chips) 
Seat 3: Supermegopro ($118.88 in chips) 
Seat 4: ViktoriyaCat ($29.90 in chips) 
Seat 5: dreimis190 ($102.50 in chips) 
Supermegopro: posts small blind $0.50
ViktoriyaCat: posts big blind $1
socito: sits out 
*** HOLE CARDS ***
dreimis190: folds 
BGS013: folds 
Rysiff: raises $1.50 to $2.50
Supermegopro: folds 
ViktoriyaCat: folds 
Uncalled bet ($1.50) returned to Rysiff
Rysiff collected $2.50 from pot
Rysiff: doesn't show hand 
*** SUMMARY ***
Total pot $2.50 | Rake $0 
Seat 6: socito
Seat 1: BGS013 folded before Flop (didn't bet)
Seat 2: Rysiff (button) collected ($2.50)
Seat 3: Supermegopro (small blind) folded before Flop
Seat 4: ViktoriyaCat (big blind) folded before Flop
Seat 5: dreimis190 folded before Flop (didn't bet)



PokerStars Hand #254414740426:  Hold'em No Limit ($0.50/$1.00 USD) - 2025/01/17 15:14:09 WET [2025/01/17 10:14:09 ET]
Table 'Algorab IV' 6-max Seat #3 is the button
Seat 6: socito ($100 in chips) is sitting out
Seat 1: BGS013 ($105.46 in chips) 
Seat 2: Rysiff ($101.50 in chips) 
Seat 3: Supermegopro ($118.38 in chips) 
Seat 4: ViktoriyaCat ($28.90 in chips) 
Seat 5: dreimis190 ($102.50 in chips) 
ViktoriyaCat: posts small blind $0.50
dreimis190: posts big blind $1
socito: sits out 
*** HOLE CARDS ***
BGS013: raises $1 to $2
Rysiff: folds 
socito leaves the table
Supermegopro: folds 
ViktoriyaCat: folds 
dreimis190: calls $1
*** FLOP *** [5d Kc 7c]
gig.gyty joins the table at seat #6 
dreimis190: checks 
BGS013: bets $1.11
dreimis190: calls $1.11
*** TURN *** [5d Kc 7c] [2s]
dreimis190: checks 
BGS013: bets $6.50
dreimis190: calls $6.50
*** RIVER *** [5d Kc 7c 2s] [6c]
dreimis190: checks 
BGS013: bets $17.50
dreimis190: folds 
Uncalled bet ($17.50) returned to BGS013
BGS013 collected $18.73 from pot
BGS013: doesn't show hand 
*** SUMMARY ***
Total pot $19.72 | Rake $0.99 
Board [5d Kc 7c 2s 6c]
Seat 6: socito
Seat 1: BGS013 collected ($18.73)
Seat 2: Rysiff folded before Flop (didn't bet)
Seat 3: Supermegopro (button) folded before Flop (didn't bet)
Seat 4: ViktoriyaCat (small blind) folded before Flop
Seat 5: dreimis190 (big blind) folded on the River



PokerStars Hand #254414760367:  Hold'em No Limit ($0.50/$1.00 USD) - 2025/01/17 15:15:49 WET [2025/01/17 10:15:49 ET]
Table 'Algorab IV' 6-max Seat #4 is the button
Seat 1: BGS013 ($114.58 in chips) 
Seat 2: Rysiff ($101.50 in chips) 
Seat 3: Supermegopro ($118.38 in chips) 
Seat 4: ViktoriyaCat ($28.40 in chips) 
Seat 5: dreimis190 ($100 in chips) 
Seat 6: gig.gyty ($124.51 in chips) 
dreimis190: posts small blind $0.50
gig.gyty: posts big blind $1
*** HOLE CARDS ***
BGS013: folds 
Rysiff: folds 
Supermegopro: folds 
ViktoriyaCat: raises $2.50 to $3.50
dreimis190: folds 
gig.gyty: raises $23.50 to $27
ViktoriyaCat: folds 
Uncalled bet ($23.50) returned to gig.gyty
gig.gyty collected $7.50 from pot
gig.gyty: doesn't show hand 
*** SUMMARY ***
Total pot $7.50 | Rake $0 
Seat 1: BGS013 folded before Flop (didn't bet)
Seat 2: Rysiff folded before Flop (didn't bet)
Seat 3: Supermegopro folded before Flop (didn't bet)
Seat 4: ViktoriyaCat (button) folded before Flop
Seat 5: dreimis190 (small blind) folded before Flop
Seat 6: gig.gyty (big blind) collected ($7.50)



PokerStars Hand #254414767184:  Hold'em No Limit ($0.50/$1.00 USD) - 2025/01/17 15:16:23 WET [2025/01/17 10:16:23 ET]
Table 'Algorab IV' 6-max Seat #5 is the button
Seat 1: BGS013 ($114.58 in chips) 
Seat 2: Rysiff ($101.50 in chips) 
Seat 3: Supermegopro ($118.38 in chips) 
Seat 4: ViktoriyaCat ($24.90 in chips) 
Seat 5: dreimis190 ($100 in chips) 
Seat 6: gig.gyty ($128.51 in chips) 
gig.gyty: posts small blind $0.50
BGS013: posts big blind $1
*** HOLE CARDS ***
Rysiff: folds 
Supermegopro: folds 
ViktoriyaCat: calls $1
dreimis190: raises $2 to $3
gig.gyty: folds 
BGS013: folds 
ViktoriyaCat: calls $2
*** FLOP *** [4h Qc 7h]
ViktoriyaCat: bets $21.90 and is all-in
dreimis190: folds 
Uncalled bet ($21.90) returned to ViktoriyaCat
ViktoriyaCat collected $7.12 from pot
*** SUMMARY ***
Total pot $7.50 | Rake $0.38 
Board [4h Qc 7h]
Seat 1: BGS013 (big blind) folded before Flop
Seat 2: Rysiff folded before Flop (didn't bet)
Seat 3: Supermegopro folded before Flop (didn't bet)
Seat 4: ViktoriyaCat collected ($7.12)
Seat 5: dreimis190 (button) folded on the Flop
Seat 6: gig.gyty (small blind) folded before Flop



PokerStars Hand #254414772078:  Hold'em No Limit ($0.50/$1.00 USD) - 2025/01/17 15:16:47 WET [2025/01/17 10:16:47 ET]
Table 'Algorab IV' 6-max Seat #6 is the button
Seat 1: BGS013 ($113.58 in chips) 
Seat 2: Rysiff ($101.50 in chips) 
Seat 3: Supermegopro ($118.38 in chips) 
Seat 4: ViktoriyaCat ($29.02 in chips) 
Seat 5: dreimis190 ($100 in chips) 
Seat 6: gig.gyty ($128.01 in chips) 
BGS013: posts small blind $0.50
Rysiff: posts big blind $1
*** HOLE CARDS ***
Supermegopro: raises $1.50 to $2.50
ViktoriyaCat: folds 
dreimis190: folds 
gig.gyty: folds 
BGS013: folds 
Rysiff: raises $9.50 to $12
Supermegopro: calls $9.50
*** FLOP *** [Qd 2s 2h]
BGS013 leaves the table
Rysiff: bets $7.68
Supermegopro: folds 
Uncalled bet ($7.68) returned to Rysiff
Rysiff collected $23.28 from pot
Rysiff: doesn't show hand 
yzuk joins the table at seat #1 
*** SUMMARY ***
Total pot $24.50 | Rake $1.22 
Board [Qd 2s 2h]
Seat 1: BGS013 (small blind) folded before Flop
Seat 2: Rysiff (big blind) collected ($23.28)
Seat 3: Supermegopro folded on the Flop
Seat 4: ViktoriyaCat folded before Flop (didn't bet)
Seat 5: dreimis190 folded before Flop (didn't bet)
Seat 6: gig.gyty (button) folded before Flop (didn't bet)



PokerStars Hand #254414781046:  Hold'em No Limit ($0.50/$1.00 USD) - 2025/01/17 15:17:30 WET [2025/01/17 10:17:30 ET]
Table 'Algorab IV' 6-max Seat #2 is the button
Seat 1: yzuk ($100 in chips) is sitting out
Seat 2: Rysiff ($112.78 in chips) 
Seat 3: Supermegopro ($106.38 in chips) 
Seat 4: ViktoriyaCat ($29.02 in chips) 
Seat 5: dreimis190 ($100 in chips) 
Seat 6: gig.gyty ($128.01 in chips) 
Supermegopro: posts small blind $0.50
ViktoriyaCat: posts big blind $1
yzuk: sits out 
*** HOLE CARDS ***
dreimis190: folds 
gig.gyty: folds 
Rysiff: raises $1.50 to $2.50
Supermegopro: folds 
ViktoriyaCat: calls $1.50
*** FLOP *** [8c 3d 9s]
ViktoriyaCat: checks 
Rysiff: bets $2.61
ViktoriyaCat: calls $2.61
*** TURN *** [8c 3d 9s] [Ks]
ViktoriyaCat: checks 
Rysiff: bets $7
ViktoriyaCat: raises $16.91 to $23.91 and is all-in
Rysiff: calls $16.91
*** RIVER *** [8c 3d 9s Ks] [7d]
*** SHOW DOWN ***
ViktoriyaCat: shows [8s 9c] (two pair, Nines and Eights)
Rysiff: shows [Kd Ad] (a pair of Kings)
ViktoriyaCat cashed out the hand for $44.94 | Cash Out Fee $0.92
*** SUMMARY ***
Total pot $58.54 | Rake $2.50 
Board [8c 3d 9s Ks 7d]
Seat 1: yzuk
Seat 2: Rysiff (button) showed [Kd Ad] and lost with a pair of Kings
Seat 3: Supermegopro (small blind) folded before Flop
Seat 4: ViktoriyaCat (big blind) showed [8s 9c] and won ($56.04) with two pair, Nines and Eights (pot not awarded as player cashed out)
Seat 5: dreimis190 folded before Flop (didn't bet)
Seat 6: gig.gyty folded before Flop (didn't bet)



PokerStars Hand #254414792005:  Hold'em No Limit ($0.50/$1.00 USD) - 2025/01/17 15:18:24 WET [2025/01/17 10:18:24 ET]
Table 'Algorab IV' 6-max Seat #3 is the button
Seat 1: yzuk ($100 in chips) is sitting out
Seat 2: Rysiff ($100 in chips) 
Seat 3: Supermegopro ($105.88 in chips) 
Seat 4: ViktoriyaCat ($44.94 in chips) 
Seat 5: dreimis190 ($100 in chips) 
Seat 6: gig.gyty ($128.01 in chips) 
ViktoriyaCat: posts small blind $0.50
dreimis190: posts big blind $1
yzuk: sits out 
*** HOLE CARDS ***
gig.gyty: folds 
Rysiff: folds 
Supermegopro: folds 
ViktoriyaCat: calls $0.50
dreimis190: checks 
*** FLOP *** [6d 4c Td]
ViktoriyaCat: checks 
dreimis190: checks 
*** TURN *** [6d 4c Td] [7c]
ViktoriyaCat: bets $1
dreimis190: folds 
Uncalled bet ($1) returned to ViktoriyaCat
ViktoriyaCat collected $1.90 from pot
*** SUMMARY ***
Total pot $2 | Rake $0.10 
Board [6d 4c Td 7c]
Seat 1: yzuk
Seat 2: Rysiff folded before Flop (didn't bet)
Seat 3: Supermegopro (button) folded before Flop (didn't bet)
Seat 4: ViktoriyaCat (small blind) collected ($1.90)
Seat 5: dreimis190 (big blind) folded on the Turn
Seat 6: gig.gyty folded before Flop (didn't bet)



PokerStars Hand #254414800844:  Hold'em No Limit ($0.50/$1.00 USD) - 2025/01/17 15:19:06 WET [2025/01/17 10:19:06 ET]
Table 'Algorab IV' 6-max Seat #4 is the button
Seat 1: yzuk ($100 in chips) is sitting out
Seat 2: Rysiff ($100 in chips) 
Seat 3: Supermegopro ($105.88 in chips) 
Seat 4: ViktoriyaCat ($45.84 in chips) 
Seat 5: dreimis190 ($100 in chips) 
Seat 6: gig.gyty ($128.01 in chips) 
dreimis190: posts small blind $0.50
gig.gyty: posts big blind $1
yzuk: sits out 
*** HOLE CARDS ***
Rysiff: folds 
Supermegopro: raises $1.50 to $2.50
ViktoriyaCat: folds 
dreimis190: folds 
gig.gyty: folds 
Uncalled bet ($1.50) returned to Supermegopro
Supermegopro collected $2.50 from pot
Supermegopro: doesn't show hand 
*** SUMMARY ***
Total pot $2.50 | Rake $0 
Seat 1: yzuk
Seat 2: Rysiff folded before Flop (didn't bet)
Seat 3: Supermegopro collected ($2.50)
Seat 4: ViktoriyaCat (button) folded before Flop (didn't bet)
Seat 5: dreimis190 (small blind) folded before Flop
Seat 6: gig.gyty (big blind) folded before Flop



PokerStars Hand #254414803021:  Hold'em No Limit ($0.50/$1.00 USD) - 2025/01/17 15:19:17 WET [2025/01/17 10:19:17 ET]
Table 'Algorab IV' 6-max Seat #5 is the button
Seat 1: yzuk ($100 in chips) 
Seat 2: Rysiff ($100 in chips) 
Seat 3: Supermegopro ($107.38 in chips) 
Seat 4: ViktoriyaCat ($45.84 in chips) 
Seat 5: dreimis190 ($100 in chips) 
Seat 6: gig.gyty ($127.01 in chips) 
gig.gyty: posts small blind $0.50
yzuk: posts big blind $1
*** HOLE CARDS ***
Rysiff: folds 
Supermegopro: folds 
ViktoriyaCat: calls $1
dreimis190: raises $2.50 to $3.50
gig.gyty: folds 
yzuk: folds 
ViktoriyaCat: calls $2.50
*** FLOP *** [9d Ad 6h]
ViktoriyaCat: checks 
dreimis190: bets $2.17
ViktoriyaCat: raises $2.17 to $4.34
dreimis190: calls $2.17
*** TURN *** [9d Ad 6h] [6c]
ViktoriyaCat: bets $8.16
dreimis190: folds 
Uncalled bet ($8.16) returned to ViktoriyaCat
ViktoriyaCat collected $16.32 from pot
*** SUMMARY ***
Total pot $17.18 | Rake $0.86 
Board [9d Ad 6h 6c]
Seat 1: yzuk (big blind) folded before Flop
Seat 2: Rysiff folded before Flop (didn't bet)
Seat 3: Supermegopro folded before Flop (didn't bet)
Seat 4: ViktoriyaCat collected ($16.32)
Seat 5: dreimis190 (button) folded on the Turn
Seat 6: gig.gyty (small blind) folded before Flop



PokerStars Hand #254414814043:  Hold'em No Limit ($0.50/$1.00 USD) - 2025/01/17 15:20:10 WET [2025/01/17 10:20:10 ET]
Table 'Algorab IV' 6-max Seat #6 is the button
Seat 1: yzuk ($100 in chips) 
Seat 2: Rysiff ($100 in chips) 
Seat 3: Supermegopro ($107.38 in chips) 
Seat 4: ViktoriyaCat ($54.32 in chips) 
Seat 5: dreimis190 ($100 in chips) 
Seat 6: gig.gyty ($126.51 in chips) 
yzuk: posts small blind $0.50
Rysiff: posts big blind $1
*** HOLE CARDS ***
Supermegopro: raises $1.50 to $2.50
ViktoriyaCat: calls $2.50
dreimis190: folds 
gig.gyty: calls $2.50
yzuk: raises $13.50 to $16
Rysiff: folds 
Supermegopro: folds 
ViktoriyaCat: folds 
gig.gyty: folds 
Uncalled bet ($13.50) returned to yzuk
yzuk collected $11 from pot
yzuk: doesn't show hand 
*** SUMMARY ***
Total pot $11 | Rake $0 
Seat 1: yzuk (small blind) collected ($11)
Seat 2: Rysiff (big blind) folded before Flop
Seat 3: Supermegopro folded before Flop
Seat 4: ViktoriyaCat folded before Flop
Seat 5: dreimis190 folded before Flop (didn't bet)
Seat 6: gig.gyty (button) folded before Flop



PokerStars Hand #254414822358:  Hold'em No Limit ($0.50/$1.00 USD) - 2025/01/17 15:20:50 WET [2025/01/17 10:20:50 ET]
Table 'Algorab IV' 6-max Seat #1 is the button
Seat 1: yzuk ($108.50 in chips) 
Seat 2: Rysiff ($100 in chips) 
Seat 3: Supermegopro ($104.88 in chips) 
Seat 4: ViktoriyaCat ($51.82 in chips) 
Seat 5: dreimis190 ($100 in chips) 
Seat 6: gig.gyty ($124.01 in chips) 
Rysiff: posts small blind $0.50
Supermegopro: posts big blind $1
*** HOLE CARDS ***
ViktoriyaCat: calls $1
dreimis190: folds 
gig.gyty: folds 
yzuk: raises $2.50 to $3.50
Rysiff: folds 
Supermegopro: folds 
ViktoriyaCat: calls $2.50
*** FLOP *** [7s Js 6h]
ViktoriyaCat: checks 
yzuk: checks 
*** TURN *** [7s Js 6h] [9d]
ViktoriyaCat: checks 
yzuk: bets $4.12
ViktoriyaCat: calls $4.12
*** RIVER *** [7s Js 6h 9d] [7d]
ViktoriyaCat: checks 
yzuk: checks 
*** SHOW DOWN ***
ViktoriyaCat: shows [Kc Qc] (a pair of Sevens)
yzuk: shows [Qd 9h] (two pair, Nines and Sevens)
yzuk collected $15.90 from pot
*** SUMMARY ***
Total pot $16.74 | Rake $0.84 
Board [7s Js 6h 9d 7d]
Seat 1: yzuk (button) showed [Qd 9h] and won ($15.90) with two pair, Nines and Sevens
Seat 2: Rysiff (small blind) folded before Flop
Seat 3: Supermegopro (big blind) folded before Flop
Seat 4: ViktoriyaCat showed [Kc Qc] and lost with a pair of Sevens
Seat 5: dreimis190 folded before Flop (didn't bet)
Seat 6: gig.gyty folded before Flop (didn't bet)



PokerStars Hand #254414832607:  Hold'em No Limit ($0.50/$1.00 USD) - 2025/01/17 15:21:40 WET [2025/01/17 10:21:40 ET]
Table 'Algorab IV' 6-max Seat #2 is the button
Seat 1: yzuk ($116.78 in chips) 
Seat 2: Rysiff ($100 in chips) 
Seat 3: Supermegopro ($103.88 in chips) 
Seat 4: ViktoriyaCat ($44.20 in chips) 
Seat 5: dreimis190 ($100 in chips) 
Seat 6: gig.gyty ($124.01 in chips) 
Supermegopro: posts small blind $0.50
ViktoriyaCat: posts big blind $1
*** HOLE CARDS ***
dreimis190: folds 
gig.gyty: raises $1.25 to $2.25
yzuk: folds 
Rysiff: folds 
Supermegopro: folds 
ViktoriyaCat: calls $1.25
*** FLOP *** [3s 5s Kh]
ViktoriyaCat: checks 
gig.gyty: bets $3.66
ViktoriyaCat: folds 
Uncalled bet ($3.66) returned to gig.gyty
gig.gyty collected $4.75 from pot
gig.gyty: doesn't show hand 
*** SUMMARY ***
Total pot $5 | Rake $0.25 
Board [3s 5s Kh]
Seat 1: yzuk folded before Flop (didn't bet)
Seat 2: Rysiff (button) folded before Flop (didn't bet)
Seat 3: Supermegopro (small blind) folded before Flop
Seat 4: ViktoriyaCat (big blind) folded on the Flop
Seat 5: dreimis190 folded before Flop (didn't bet)
Seat 6: gig.gyty collected ($4.75)



PokerStars Hand #254414839993:  Hold'em No Limit ($0.50/$1.00 USD) - 2025/01/17 15:22:15 WET [2025/01/17 10:22:15 ET]
Table 'Algorab IV' 6-max Seat #3 is the button
Seat 1: yzuk ($116.78 in chips) 
Seat 2: Rysiff ($100 in chips) 
Seat 3: Supermegopro ($103.38 in chips) 
Seat 4: ViktoriyaCat ($41.95 in chips) 
Seat 5: dreimis190 ($100 in chips) 
Seat 6: gig.gyty ($126.51 in chips) 
ViktoriyaCat: posts small blind $0.50
dreimis190: posts big blind $1
*** HOLE CARDS ***
gig.gyty: folds 
yzuk: folds 
Rysiff: folds 
Supermegopro: raises $2 to $3
ViktoriyaCat: folds 
dreimis190: folds 
Uncalled bet ($2) returned to Supermegopro
Supermegopro collected $2.50 from pot
Supermegopro: doesn't show hand 
*** SUMMARY ***
Total pot $2.50 | Rake $0 
Seat 1: yzuk folded before Flop (didn't bet)
Seat 2: Rysiff folded before Flop (didn't bet)
Seat 3: Supermegopro (button) collected ($2.50)
Seat 4: ViktoriyaCat (small blind) folded before Flop
Seat 5: dreimis190 (big blind) folded before Flop
Seat 6: gig.gyty folded before Flop (didn't bet)



PokerStars Hand #254414843360:  Hold'em No Limit ($0.50/$1.00 USD) - 2025/01/17 15:22:31 WET [2025/01/17 10:22:31 ET]
Table 'Algorab IV' 6-max Seat #4 is the button
Seat 1: yzuk ($116.78 in chips) 
Seat 2: Rysiff ($100 in chips) 
Seat 3: Supermegopro ($104.88 in chips) 
Seat 4: ViktoriyaCat ($41.45 in chips) 
Seat 5: dreimis190 ($100 in chips) 
Seat 6: gig.gyty ($126.51 in chips) 
dreimis190: posts small blind $0.50
gig.gyty: posts big blind $1
*** HOLE CARDS ***
yzuk: folds 
Rysiff: folds 
Supermegopro: raises $1.50 to $2.50
ViktoriyaCat: calls $2.50
dreimis190: folds 
gig.gyty: folds 
*** FLOP *** [4s 5h 5c]
Supermegopro: bets $4.12
ViktoriyaCat: folds 
Uncalled bet ($4.12) returned to Supermegopro
Supermegopro collected $6.18 from pot
Supermegopro: doesn't show hand 
*** SUMMARY ***
Total pot $6.50 | Rake $0.32 
Board [4s 5h 5c]
Seat 1: yzuk folded before Flop (didn't bet)
Seat 2: Rysiff folded before Flop (didn't bet)
Seat 3: Supermegopro collected ($6.18)
Seat 4: ViktoriyaCat (button) folded on the Flop
Seat 5: dreimis190 (small blind) folded before Flop
Seat 6: gig.gyty (big blind) folded before Flop



PokerStars Hand #254414848802:  Hold'em No Limit ($0.50/$1.00 USD) - 2025/01/17 15:22:58 WET [2025/01/17 10:22:58 ET]
Table 'Algorab IV' 6-max Seat #5 is the button
Seat 1: yzuk ($116.78 in chips) 
Seat 2: Rysiff ($100 in chips) 
Seat 3: Supermegopro ($108.56 in chips) 
Seat 4: ViktoriyaCat ($38.95 in chips) 
Seat 5: dreimis190 ($100 in chips) 
Seat 6: gig.gyty ($125.51 in chips) 
gig.gyty: posts small blind $0.50
yzuk: posts big blind $1
*** HOLE CARDS ***
Rysiff: raises $1.50 to $2.50
Supermegopro: folds 
ViktoriyaCat: calls $2.50
dreimis190: folds 
gig.gyty: folds 
yzuk: folds 
*** FLOP *** [5c 3s Tc]
Rysiff: checks 
ViktoriyaCat: checks 
*** TURN *** [5c 3s Tc] [Ts]
Rysiff: bets $4.94
ViktoriyaCat: folds 
Uncalled bet ($4.94) returned to Rysiff
Rysiff collected $6.18 from pot
Rysiff: doesn't show hand 
*** SUMMARY ***
Total pot $6.50 | Rake $0.32 
Board [5c 3s Tc Ts]
Seat 1: yzuk (big blind) folded before Flop
Seat 2: Rysiff collected ($6.18)
Seat 3: Supermegopro folded before Flop (didn't bet)
Seat 4: ViktoriyaCat folded on the Turn
Seat 5: dreimis190 (button) folded before Flop (didn't bet)
Seat 6: gig.gyty (small blind) folded before Flop



PokerStars Hand #254414856002:  Hold'em No Limit ($0.50/$1.00 USD) - 2025/01/17 15:23:32 WET [2025/01/17 10:23:32 ET]
Table 'Algorab IV' 6-max Seat #6 is the button
Seat 1: yzuk ($115.78 in chips) 
Seat 2: Rysiff ($103.68 in chips) 
Seat 3: Supermegopro ($108.56 in chips) 
Seat 4: ViktoriyaCat ($36.45 in chips) 
Seat 5: dreimis190 ($100 in chips) 
Seat 6: gig.gyty ($125.01 in chips) 
yzuk: posts small blind $0.50
Rysiff: posts big blind $1
*** HOLE CARDS ***
Supermegopro: folds 
ViktoriyaCat: calls $1
dreimis190: folds 
gig.gyty: raises $2.50 to $3.50
yzuk: folds 
Rysiff: folds 
ViktoriyaCat: calls $2.50
*** FLOP *** [9s 7s Kc]
ViktoriyaCat: checks 
gig.gyty: bets $6.22
ViktoriyaCat: calls $6.22
*** TURN *** [9s 7s Kc] [3c]
ViktoriyaCat: checks 
gig.gyty: bets $115.29 and is all-in
ViktoriyaCat: folds 
Uncalled bet ($115.29) returned to gig.gyty
gig.gyty collected $19.89 from pot
gig.gyty: doesn't show hand 
*** SUMMARY ***
Total pot $20.94 | Rake $1.05 
Board [9s 7s Kc 3c]
Seat 1: yzuk (small blind) folded before Flop
Seat 2: Rysiff (big blind) folded before Flop
Seat 3: Supermegopro folded before Flop (didn't bet)
Seat 4: ViktoriyaCat folded on the Turn
Seat 5: dreimis190 folded before Flop (didn't bet)
Seat 6: gig.gyty (button) collected ($19.89)



PokerStars Hand #254414864221:  Hold'em No Limit ($0.50/$1.00 USD) - 2025/01/17 15:24:11 WET [2025/01/17 10:24:11 ET]
Table 'Algorab IV' 6-max Seat #1 is the button
Seat 1: yzuk ($115.28 in chips) 
Seat 2: Rysiff ($102.68 in chips) 
Seat 3: Supermegopro ($108.56 in chips) 
Seat 4: ViktoriyaCat ($26.73 in chips) 
Seat 5: dreimis190 ($100 in chips) 
Seat 6: gig.gyty ($135.18 in chips) 
Rysiff: posts small blind $0.50
Supermegopro: posts big blind $1
*** HOLE CARDS ***
ViktoriyaCat: folds 
dreimis190: folds 
gig.gyty: raises $1.25 to $2.25
yzuk: folds 
Rysiff: folds 
Supermegopro: folds 
Uncalled bet ($1.25) returned to gig.gyty
gig.gyty collected $2.50 from pot
gig.gyty: doesn't show hand 
*** SUMMARY ***
Total pot $2.50 | Rake $0 
Seat 1: yzuk (button) folded before Flop (didn't bet)
Seat 2: Rysiff (small blind) folded before Flop
Seat 3: Supermegopro (big blind) folded before Flop
Seat 4: ViktoriyaCat folded before Flop (didn't bet)
Seat 5: dreimis190 folded before Flop (didn't bet)
Seat 6: gig.gyty collected ($2.50)



PokerStars Hand #254414869557:  Hold'em No Limit ($0.50/$1.00 USD) - 2025/01/17 15:24:36 WET [2025/01/17 10:24:36 ET]
Table 'Algorab IV' 6-max Seat #2 is the button
Seat 1: yzuk ($115.28 in chips) 
Seat 2: Rysiff ($102.18 in chips) 
Seat 3: Supermegopro ($107.56 in chips) 
Seat 4: ViktoriyaCat ($26.73 in chips) 
Seat 5: dreimis190 ($100 in chips) 
Seat 6: gig.gyty ($136.68 in chips) 
Supermegopro: posts small blind $0.50
ViktoriyaCat: posts big blind $1
*** HOLE CARDS ***
dreimis190: folds 
gig.gyty: folds 
yzuk: folds 
Rysiff: raises $1.50 to $2.50
Supermegopro: folds 
ViktoriyaCat: calls $1.50
*** FLOP *** [7s 3s 6s]
ViktoriyaCat: checks 
Rysiff: checks 
*** TURN *** [7s 3s 6s] [As]
ViktoriyaCat: checks 
Rysiff: bets $2.61
ViktoriyaCat: raises $2.61 to $5.22
Rysiff: calls $2.61
*** RIVER *** [7s 3s 6s As] [8s]
ViktoriyaCat: bets $15.14
Rysiff: folds 
Uncalled bet ($15.14) returned to ViktoriyaCat
ViktoriyaCat collected $15.14 from pot
*** SUMMARY ***
Total pot $15.94 | Rake $0.80 
Board [7s 3s 6s As 8s]
Seat 1: yzuk folded before Flop (didn't bet)
Seat 2: Rysiff (button) folded on the River
Seat 3: Supermegopro (small blind) folded before Flop
Seat 4: ViktoriyaCat (big blind) collected ($15.14)
Seat 5: dreimis190 folded before Flop (didn't bet)
Seat 6: gig.gyty folded before Flop (didn't bet)



PokerStars Hand #254414879137:  Hold'em No Limit ($0.50/$1.00 USD) - 2025/01/17 15:25:22 WET [2025/01/17 10:25:22 ET]
Table 'Algorab IV' 6-max Seat #3 is the button
Seat 1: yzuk ($115.28 in chips) 
Seat 2: Rysiff ($100 in chips) 
Seat 3: Supermegopro ($107.06 in chips) 
Seat 4: ViktoriyaCat ($34.15 in chips) 
Seat 5: dreimis190 ($100 in chips) 
Seat 6: gig.gyty ($136.68 in chips) 
ViktoriyaCat: posts small blind $0.50
dreimis190: posts big blind $1
*** HOLE CARDS ***
gig.gyty: folds 
yzuk: folds 
Rysiff: raises $1.50 to $2.50
Supermegopro: folds 
ViktoriyaCat: calls $2
dreimis190: calls $1.50
*** FLOP *** [Th Kd Kc]
ViktoriyaCat: checks 
dreimis190: checks 
Rysiff: bets $2.35
ViktoriyaCat: calls $2.35
dreimis190: folds 
*** TURN *** [Th Kd Kc] [7d]
ViktoriyaCat: checks 
Rysiff: checks 
*** RIVER *** [Th Kd Kc 7d] [Ac]
ViktoriyaCat: checks 
Rysiff: bets $9.27
ViktoriyaCat: folds 
Uncalled bet ($9.27) returned to Rysiff
Rysiff collected $11.59 from pot
Rysiff: doesn't show hand 
*** SUMMARY ***
Total pot $12.20 | Rake $0.61 
Board [Th Kd Kc 7d Ac]
Seat 1: yzuk folded before Flop (didn't bet)
Seat 2: Rysiff collected ($11.59)
Seat 3: Supermegopro (button) folded before Flop (didn't bet)
Seat 4: ViktoriyaCat (small blind) folded on the River
Seat 5: dreimis190 (big blind) folded on the Flop
Seat 6: gig.gyty folded before Flop (didn't bet)



PokerStars Hand #254414894537:  Hold'em No Limit ($0.50/$1.00 USD) - 2025/01/17 15:26:35 WET [2025/01/17 10:26:35 ET]
Table 'Algorab IV' 6-max Seat #4 is the button
Seat 1: yzuk ($115.28 in chips) 
Seat 2: Rysiff ($106.74 in chips) 
Seat 3: Supermegopro ($107.06 in chips) 
Seat 4: ViktoriyaCat ($29.30 in chips) 
Seat 5: dreimis190 ($100 in chips) 
Seat 6: gig.gyty ($136.68 in chips) 
dreimis190: posts small blind $0.50
gig.gyty: posts big blind $1
*** HOLE CARDS ***
yzuk: folds 
Rysiff: raises $1.50 to $2.50
Supermegopro: folds 
ViktoriyaCat: folds 
dreimis190: folds 
gig.gyty: folds 
Uncalled bet ($1.50) returned to Rysiff
Rysiff collected $2.50 from pot
Rysiff: doesn't show hand 
*** SUMMARY ***
Total pot $2.50 | Rake $0 
Seat 1: yzuk folded before Flop (didn't bet)
Seat 2: Rysiff collected ($2.50)
Seat 3: Supermegopro folded before Flop (didn't bet)
Seat 4: ViktoriyaCat (button) folded before Flop (didn't bet)
Seat 5: dreimis190 (small blind) folded before Flop
Seat 6: gig.gyty (big blind) folded before Flop



PokerStars Hand #254414898221:  Hold'em No Limit ($0.50/$1.00 USD) - 2025/01/17 15:26:52 WET [2025/01/17 10:26:52 ET]
Table 'Algorab IV' 6-max Seat #5 is the button
Seat 1: yzuk ($115.28 in chips) 
Seat 2: Rysiff ($108.24 in chips) 
Seat 3: Supermegopro ($107.06 in chips) 
Seat 4: ViktoriyaCat ($29.30 in chips) 
Seat 5: dreimis190 ($100 in chips) 
Seat 6: gig.gyty ($135.68 in chips) 
gig.gyty: posts small blind $0.50
yzuk: posts big blind $1
*** HOLE CARDS ***
Rysiff: folds 
Supermegopro: folds 
ViktoriyaCat: calls $1
dreimis190: folds 
gig.gyty: calls $0.50
Rysiff is disconnected 
yzuk: checks 
*** FLOP *** [5s 4h Ad]
gig.gyty: checks 
yzuk: checks 
ViktoriyaCat: checks 
*** TURN *** [5s 4h Ad] [Jc]
gig.gyty: checks 
yzuk: checks 
ViktoriyaCat: checks 
*** RIVER *** [5s 4h Ad Jc] [6s]
gig.gyty: checks 
yzuk: checks 
ViktoriyaCat: checks 
*** SHOW DOWN ***
gig.gyty: shows [4s 3s] (a pair of Fours)
yzuk: mucks hand 
ViktoriyaCat: mucks hand 
gig.gyty collected $2.85 from pot
*** SUMMARY ***
Total pot $3 | Rake $0.15 
Board [5s 4h Ad Jc 6s]
Seat 1: yzuk (big blind) mucked
Seat 2: Rysiff folded before Flop (didn't bet)
Seat 3: Supermegopro folded before Flop (didn't bet)
Seat 4: ViktoriyaCat mucked
Seat 5: dreimis190 (button) folded before Flop (didn't bet)
Seat 6: gig.gyty (small blind) showed [4s 3s] and won ($2.85) with a pair of Fours



PokerStars Hand #254414905819:  Hold'em No Limit ($0.50/$1.00 USD) - 2025/01/17 15:27:28 WET [2025/01/17 10:27:28 ET]
Table 'Algorab IV' 6-max Seat #6 is the button
Seat 2: Rysiff ($108.24 in chips) is sitting out
Seat 1: yzuk ($114.28 in chips) 
Seat 3: Supermegopro ($107.06 in chips) 
Seat 4: ViktoriyaCat ($28.30 in chips) 
Seat 5: dreimis190 ($100 in chips) 
Seat 6: gig.gyty ($137.53 in chips) 
yzuk: posts small blind $0.50
Rysiff has timed out while disconnected
Rysiff: is sitting out 
Supermegopro: posts big blind $1
*** HOLE CARDS ***
ViktoriyaCat: calls $1
dreimis190: raises $2.50 to $3.50
gig.gyty: folds 
yzuk: folds 
Supermegopro: folds 
ViktoriyaCat: calls $2.50
*** FLOP *** [7d 9s 2s]
ViktoriyaCat: bets $24.80 and is all-in
dreimis190: folds 
Uncalled bet ($24.80) returned to ViktoriyaCat
ViktoriyaCat collected $8.08 from pot
*** SUMMARY ***
Total pot $8.50 | Rake $0.42 
Board [7d 9s 2s]
Seat 2: Rysiff
Seat 1: yzuk (small blind) folded before Flop
Seat 3: Supermegopro (big blind) folded before Flop
Seat 4: ViktoriyaCat collected ($8.08)
Seat 5: dreimis190 folded on the Flop
Seat 6: gig.gyty (button) folded before Flop (didn't bet)



PokerStars Hand #254414913635:  Hold'em No Limit ($0.50/$1.00 USD) - 2025/01/17 15:28:04 WET [2025/01/17 10:28:04 ET]
Table 'Algorab IV' 6-max Seat #1 is the button
Seat 2: Rysiff ($108.24 in chips) is sitting out
Seat 1: yzuk ($113.78 in chips) 
Seat 3: Supermegopro ($106.06 in chips) 
Seat 4: ViktoriyaCat ($32.88 in chips) 
Seat 5: dreimis190 ($100 in chips) 
Seat 6: gig.gyty ($137.53 in chips) 
Supermegopro: posts small blind $0.50
ViktoriyaCat: posts big blind $1
*** HOLE CARDS ***
dreimis190: folds 
gig.gyty: folds 
yzuk: folds 
Supermegopro: raises $2 to $3
ViktoriyaCat: folds 
Uncalled bet ($2) returned to Supermegopro
Supermegopro collected $2 from pot
Supermegopro: doesn't show hand 
*** SUMMARY ***
Total pot $2 | Rake $0 
Seat 2: Rysiff
Seat 1: yzuk (button) folded before Flop (didn't bet)
Seat 3: Supermegopro (small blind) collected ($2)
Seat 4: ViktoriyaCat (big blind) folded before Flop
Seat 5: dreimis190 folded before Flop (didn't bet)
Seat 6: gig.gyty folded before Flop (didn't bet)



PokerStars Hand #254414919425:  Hold'em No Limit ($0.50/$1.00 USD) - 2025/01/17 15:28:31 WET [2025/01/17 10:28:31 ET]
Table 'Algorab IV' 6-max Seat #3 is the button
Seat 2: Rysiff ($108.24 in chips) is sitting out
Seat 1: yzuk ($113.78 in chips) 
Seat 3: Supermegopro ($107.06 in chips) 
Seat 4: ViktoriyaCat ($31.88 in chips) 
Seat 5: dreimis190 ($100 in chips) 
Seat 6: gig.gyty ($137.53 in chips) 
ViktoriyaCat: posts small blind $0.50
dreimis190: posts big blind $1
*** HOLE CARDS ***
gig.gyty: raises $1.25 to $2.25
yzuk: raises $5.25 to $7.50
Supermegopro: folds 
ViktoriyaCat: folds 
dreimis190: folds 
gig.gyty: folds 
Uncalled bet ($5.25) returned to yzuk
yzuk collected $6 from pot
yzuk: doesn't show hand 
*** SUMMARY ***
Total pot $6 | Rake $0 
Seat 2: Rysiff
Seat 1: yzuk collected ($6)
Seat 3: Supermegopro (button) folded before Flop (didn't bet)
Seat 4: ViktoriyaCat (small blind) folded before Flop
Seat 5: dreimis190 (big blind) folded before Flop
Seat 6: gig.gyty folded before Flop



PokerStars Hand #254414961412:  Hold'em No Limit ($0.50/$1.00 USD) - 2025/01/17 15:31:47 WET [2025/01/17 10:31:47 ET]
Table 'Algorab IV' 6-max Seat #6 is the button
Seat 2: Rysiff ($108.24 in chips) is sitting out
Seat 1: Rdalonso ($110 in chips) 
Seat 3: Supermegopro ($114.87 in chips) 
Seat 4: ViktoriyaCat ($16.23 in chips) 
Seat 5: dreimis190 ($100 in chips) 
Seat 6: gig.gyty ($131.78 in chips) 
Rdalonso: posts small blind $0.50
Supermegopro: posts big blind $1
*** HOLE CARDS ***
ViktoriyaCat: folds 
dreimis190: folds 
gig.gyty: folds 
Rdalonso: folds 
Uncalled bet ($0.50) returned to Supermegopro
Supermegopro collected $1 from pot
Supermegopro: doesn't show hand 
*** SUMMARY ***
Total pot $1 | Rake $0 
Seat 2: Rysiff
Seat 1: Rdalonso (small blind) folded before Flop
Seat 3: Supermegopro (big blind) collected ($1)
Seat 4: ViktoriyaCat folded before Flop (didn't bet)
Seat 5: dreimis190 folded before Flop (didn't bet)
Seat 6: gig.gyty (button) folded before Flop (didn't bet)



PokerStars Hand #254414964015:  Hold'em No Limit ($0.50/$1.00 USD) - 2025/01/17 15:31:59 WET [2025/01/17 10:31:59 ET]
Table 'Algorab IV' 6-max Seat #1 is the button
Seat 2: Rysiff ($108.24 in chips) is sitting out
Seat 1: Rdalonso ($109.50 in chips) 
Seat 3: Supermegopro ($115.37 in chips) 
Seat 4: ViktoriyaCat ($16.23 in chips) 
Seat 5: dreimis190 ($100 in chips) 
Seat 6: gig.gyty ($131.78 in chips) 
Supermegopro: posts small blind $0.50
ViktoriyaCat: posts big blind $1
*** HOLE CARDS ***
dreimis190: folds 
gig.gyty: folds 
Rdalonso: raises $1.50 to $2.50
Supermegopro: calls $2
ViktoriyaCat: folds 
*** FLOP *** [Tc Js 3d]
Supermegopro: checks 
Rdalonso: bets $1.88
Supermegopro: calls $1.88
*** TURN *** [Tc Js 3d] [5h]
Supermegopro: checks 
Rdalonso: bets $11.77
Supermegopro: calls $11.77
*** RIVER *** [Tc Js 3d 5h] [Jh]
Supermegopro: bets $21.09
Rdalonso: folds 
Uncalled bet ($21.09) returned to Supermegopro
Supermegopro collected $31.64 from pot
Supermegopro: doesn't show hand 
*** SUMMARY ***
Total pot $33.30 | Rake $1.66 
Board [Tc Js 3d 5h Jh]
Seat 2: Rysiff
Seat 1: Rdalonso (button) folded on the River
Seat 3: Supermegopro (small blind) collected ($31.64)
Seat 4: ViktoriyaCat (big blind) folded before Flop
Seat 5: dreimis190 folded before Flop (didn't bet)
Seat 6: gig.gyty folded before Flop (didn't bet)



PokerStars Hand #254414975074:  Hold'em No Limit ($0.50/$1.00 USD) - 2025/01/17 15:32:51 WET [2025/01/17 10:32:51 ET]
Table 'Algorab IV' 6-max Seat #3 is the button
Seat 2: Rysiff ($108.24 in chips) is sitting out
Seat 1: Rdalonso ($100 in chips) 
Seat 3: Supermegopro ($130.86 in chips) 
Seat 4: ViktoriyaCat ($15.23 in chips) 
Seat 5: dreimis190 ($100 in chips) 
Seat 6: gig.gyty ($131.78 in chips) 
ViktoriyaCat: posts small blind $0.50
dreimis190: posts big blind $1
*** HOLE CARDS ***
gig.gyty: raises $1.25 to $2.25
Rdalonso: folds 
Supermegopro: folds 
ViktoriyaCat: folds 
dreimis190: folds 
Uncalled bet ($1.25) returned to gig.gyty
gig.gyty collected $2.50 from pot
gig.gyty: doesn't show hand 
*** SUMMARY ***
Total pot $2.50 | Rake $0 
Seat 2: Rysiff
Seat 1: Rdalonso folded before Flop (didn't bet)
Seat 3: Supermegopro (button) folded before Flop (didn't bet)
Seat 4: ViktoriyaCat (small blind) folded before Flop
Seat 5: dreimis190 (big blind) folded before Flop
Seat 6: gig.gyty collected ($2.50)



PokerStars Hand #254414978081:  Hold'em No Limit ($0.50/$1.00 USD) - 2025/01/17 15:33:05 WET [2025/01/17 10:33:05 ET]
Table 'Algorab IV' 6-max Seat #4 is the button
Seat 2: Rysiff ($108.24 in chips) is sitting out
Seat 1: Rdalonso ($100 in chips) 
Seat 3: Supermegopro ($130.86 in chips) 
Seat 4: ViktoriyaCat ($14.73 in chips) 
Seat 5: dreimis190 ($100 in chips) 
Seat 6: gig.gyty ($133.28 in chips) 
dreimis190: posts small blind $0.50
gig.gyty: posts big blind $1
Rysiff: sits out 
*** HOLE CARDS ***
Rdalonso: folds 
Supermegopro: raises $1.50 to $2.50
ViktoriyaCat: folds 
dreimis190: folds 
gig.gyty: folds 
Uncalled bet ($1.50) returned to Supermegopro
Supermegopro collected $2.50 from pot
Supermegopro: doesn't show hand 
*** SUMMARY ***
Total pot $2.50 | Rake $0 
Seat 2: Rysiff
Seat 1: Rdalonso folded before Flop (didn't bet)
Seat 3: Supermegopro collected ($2.50)
Seat 4: ViktoriyaCat (button) folded before Flop (didn't bet)
Seat 5: dreimis190 (small blind) folded before Flop
Seat 6: gig.gyty (big blind) folded before Flop



PokerStars Hand #254414982291:  Hold'em No Limit ($0.50/$1.00 USD) - 2025/01/17 15:33:25 WET [2025/01/17 10:33:25 ET]
Table 'Algorab IV' 6-max Seat #5 is the button
Seat 2: Rysiff ($108.24 in chips) is sitting out
Seat 1: Rdalonso ($100 in chips) 
Seat 3: Supermegopro ($132.36 in chips) 
Seat 4: ViktoriyaCat ($14.73 in chips) 
Seat 5: dreimis190 ($100 in chips) 
Seat 6: gig.gyty ($132.28 in chips) 
gig.gyty: posts small blind $0.50
Rdalonso: posts big blind $1
Rysiff: sits out 
*** HOLE CARDS ***
Supermegopro: folds 
ViktoriyaCat: folds 
dreimis190: raises $1.50 to $2.50
gig.gyty: folds 
Rdalonso: folds 
Uncalled bet ($1.50) returned to dreimis190
dreimis190 collected $2.50 from pot
dreimis190: doesn't show hand 
*** SUMMARY ***
Total pot $2.50 | Rake $0 
Seat 2: Rysiff
Seat 1: Rdalonso (big blind) folded before Flop
Seat 3: Supermegopro folded before Flop (didn't bet)
Seat 4: ViktoriyaCat folded before Flop (didn't bet)
Seat 5: dreimis190 (button) collected ($2.50)
Seat 6: gig.gyty (small blind) folded before Flop



PokerStars Hand #254414984556:  Hold'em No Limit ($0.50/$1.00 USD) - 2025/01/17 15:33:35 WET [2025/01/17 10:33:35 ET]
Table 'Algorab IV' 6-max Seat #6 is the button
Seat 1: Rdalonso ($100 in chips) 
Seat 2: Rysiff ($108.24 in chips) 
Seat 3: Supermegopro ($132.36 in chips) 
Seat 4: ViktoriyaCat ($14.73 in chips) 
Seat 5: dreimis190 ($101.50 in chips) 
Seat 6: gig.gyty ($131.78 in chips) 
Rdalonso: posts small blind $0.50
Rysiff: posts big blind $1
*** HOLE CARDS ***
Supermegopro: folds 
ViktoriyaCat: calls $1
dreimis190: folds 
gig.gyty: raises $2.50 to $3.50
Rdalonso: folds 
Rysiff: raises $11.50 to $15
ViktoriyaCat: folds 
gig.gyty: folds 
Uncalled bet ($11.50) returned to Rysiff
Rysiff collected $8.50 from pot
Rysiff: doesn't show hand 
*** SUMMARY ***
Total pot $8.50 | Rake $0 
Seat 1: Rdalonso (small blind) folded before Flop
Seat 2: Rysiff (big blind) collected ($8.50)
Seat 3: Supermegopro folded before Flop (didn't bet)
Seat 4: ViktoriyaCat folded before Flop
Seat 5: dreimis190 folded before Flop (didn't bet)
Seat 6: gig.gyty (button) folded before Flop



PokerStars Hand #254414990837:  Hold'em No Limit ($0.50/$1.00 USD) - 2025/01/17 15:34:05 WET [2025/01/17 10:34:05 ET]
Table 'Algorab IV' 6-max Seat #1 is the button
Seat 1: Rdalonso ($100 in chips) 
Seat 2: Rysiff ($113.24 in chips) 
Seat 3: Supermegopro ($132.36 in chips) 
Seat 4: ViktoriyaCat ($13.73 in chips) 
Seat 5: dreimis190 ($101.50 in chips) 
Seat 6: gig.gyty ($128.28 in chips) 
Rysiff: posts small blind $0.50
Supermegopro: posts big blind $1
*** HOLE CARDS ***
ViktoriyaCat: folds 
dreimis190: folds 
gig.gyty: folds 
Rdalonso: raises $1.50 to $2.50
Rysiff: folds 
Supermegopro: folds 
Uncalled bet ($1.50) returned to Rdalonso
Rdalonso collected $2.50 from pot
Rdalonso: doesn't show hand 
*** SUMMARY ***
Total pot $2.50 | Rake $0 
Seat 1: Rdalonso (button) collected ($2.50)
Seat 2: Rysiff (small blind) folded before Flop
Seat 3: Supermegopro (big blind) folded before Flop
Seat 4: ViktoriyaCat folded before Flop (didn't bet)
Seat 5: dreimis190 folded before Flop (didn't bet)
Seat 6: gig.gyty folded before Flop (didn't bet)



PokerStars Hand #254414994507:  Hold'em No Limit ($0.50/$1.00 USD) - 2025/01/17 15:34:22 WET [2025/01/17 10:34:22 ET]
Table 'Algorab IV' 6-max Seat #2 is the button
Seat 1: Rdalonso ($101.50 in chips) 
Seat 2: Rysiff ($112.74 in chips) 
Seat 3: Supermegopro ($131.36 in chips) 
Seat 4: ViktoriyaCat ($13.73 in chips) 
Seat 5: dreimis190 ($101.50 in chips) 
Seat 6: gig.gyty ($128.28 in chips) 
Supermegopro: posts small blind $0.50
ViktoriyaCat: posts big blind $1
*** HOLE CARDS ***
dreimis190: raises $1 to $2
gig.gyty: folds 
Rdalonso: folds 
Rysiff: folds 
Supermegopro: folds 
ViktoriyaCat: raises $11.73 to $13.73 and is all-in
dreimis190: calls $11.73
*** FLOP *** [6s 3s Td]
*** TURN *** [6s 3s Td] [4c]
*** RIVER *** [6s 3s Td 4c] [8h]
*** SHOW DOWN ***
ViktoriyaCat: shows [Kd 2d] (high card King)
dreimis190: shows [Ad 9d] (high card Ace)
dreimis190 collected $26.56 from pot
*** SUMMARY ***
Total pot $27.96 | Rake $1.40 
Board [6s 3s Td 4c 8h]
Seat 1: Rdalonso folded before Flop (didn't bet)
Seat 2: Rysiff (button) folded before Flop (didn't bet)
Seat 3: Supermegopro (small blind) folded before Flop
Seat 4: ViktoriyaCat (big blind) showed [Kd 2d] and lost with high card King
Seat 5: dreimis190 showed [Ad 9d] and won ($26.56) with high card Ace
Seat 6: gig.gyty folded before Flop (didn't bet)



PokerStars Hand #254415000386:  Hold'em No Limit ($0.50/$1.00 USD) - 2025/01/17 15:34:49 WET [2025/01/17 10:34:49 ET]
Table 'Algorab IV' 6-max Seat #3 is the button
Seat 1: Rdalonso ($101.50 in chips) 
Seat 2: Rysiff ($112.74 in chips) 
Seat 3: Supermegopro ($130.86 in chips) 
Seat 5: dreimis190 ($114.33 in chips) 
Seat 6: gig.gyty ($128.28 in chips) 
ViktoriyaCat leaves the table
dreimis190: posts small blind $0.50
gig.gyty: posts big blind $1
*** HOLE CARDS ***
Rdalonso: raises $1.50 to $2.50
Rysiff: folds 
Supermegopro: folds 
dreimis190: folds 
gig.gyty: folds 
Uncalled bet ($1.50) returned to Rdalonso
Rysiff leaves the table
Rdalonso collected $2.50 from pot
Rdalonso: doesn't show hand 
*** SUMMARY ***
Total pot $2.50 | Rake $0 
Seat 1: Rdalonso collected ($2.50)
Seat 2: Rysiff folded before Flop (didn't bet)
Seat 3: Supermegopro (button) folded before Flop (didn't bet)
Seat 5: dreimis190 (small blind) folded before Flop
Seat 6: gig.gyty (big blind) folded before Flop



PokerStars Hand #254415074219:  Hold'em No Limit ($0.50/$1.00 USD) - 2025/01/17 15:40:33 WET [2025/01/17 10:40:33 ET]
Table 'Algorab IV' 6-max Seat #4 is the button
Seat 1: YeeesMan ($100 in chips) 
Seat 2: alkingst ($11.91 in chips) 
Seat 4: gudrozd ($100.67 in chips) 
YeeesMan: posts small blind $0.50
alkingst: posts big blind $1
*** HOLE CARDS ***
gudrozd: raises $1.50 to $2.50
YeeesMan: folds 
alkingst: folds 
Uncalled bet ($1.50) returned to gudrozd
gudrozd collected $2.50 from pot
gudrozd: doesn't show hand 
*** SUMMARY ***
Total pot $2.50 | Rake $0 
Seat 1: YeeesMan (small blind) folded before Flop
Seat 2: alkingst (big blind) folded before Flop
Seat 4: gudrozd (button) collected ($2.50)



PokerStars Hand #254415079017:  Hold'em No Limit ($0.50/$1.00 USD) - 2025/01/17 15:40:55 WET [2025/01/17 10:40:55 ET]
Table 'Algorab IV' 6-max Seat #1 is the button
Seat 1: YeeesMan ($100 in chips) 
Seat 2: alkingst ($10.91 in chips) 
Seat 4: gudrozd ($102.17 in chips) 
alkingst: posts small blind $0.50
gudrozd: posts big blind $1
*** HOLE CARDS ***
YeeesMan: raises $1.50 to $2.50
alkingst: calls $2
gudrozd: folds 
*** FLOP *** [Jd 5s Qs]
alkingst: checks 
YeeesMan: checks 
*** TURN *** [Jd 5s Qs] [2c]
alkingst: checks 
YeeesMan: checks 
*** RIVER *** [Jd 5s Qs 2c] [8h]
alkingst: checks 
YeeesMan: checks 
*** SHOW DOWN ***
alkingst: shows [Tc Kc] (high card King)
YeeesMan: shows [8d Ac] (a pair of Eights)
YeeesMan collected $5.70 from pot
*** SUMMARY ***
Total pot $6 | Rake $0.30 
Board [Jd 5s Qs 2c 8h]
Seat 1: YeeesMan (button) showed [8d Ac] and won ($5.70) with a pair of Eights
Seat 2: alkingst (small blind) showed [Tc Kc] and lost with high card King
Seat 4: gudrozd (big blind) folded before Flop



PokerStars Hand #254415089959:  Hold'em No Limit ($0.50/$1.00 USD) - 2025/01/17 15:41:46 WET [2025/01/17 10:41:46 ET]
Table 'Algorab IV' 6-max Seat #4 is the button
Seat 1: YeeesMan ($103.20 in chips) is sitting out
Seat 2: alkingst ($8.41 in chips) 
Seat 4: gudrozd ($101.17 in chips) 
gudrozd: posts small blind $0.50
YeeesMan: is sitting out 
alkingst: posts big blind $1
*** HOLE CARDS ***
YeeesMan leaves the table
gudrozd: folds 
Uncalled bet ($0.50) returned to alkingst
alkingst collected $1 from pot
*** SUMMARY ***
Total pot $1 | Rake $0 
Seat 1: YeeesMan
Seat 2: alkingst (big blind) collected ($1)
Seat 4: gudrozd (button) (small blind) folded before Flop



PokerStars Hand #254415178323:  Hold'em No Limit ($0.50/$1.00 USD) - 2025/01/17 15:48:32 WET [2025/01/17 10:48:32 ET]
Table 'Algorab IV' 6-max Seat #5 is the button
Seat 1: Xenicide ($100 in chips) 
Seat 2: daniloveee ($82.28 in chips) 
Seat 3: nastja336 ($100 in chips) 
Seat 5: mr.Jckpot ($100 in chips) 
Seat 6: gudrozd ($100.67 in chips) 
gudrozd: posts small blind $0.50
Xenicide: posts big blind $1
*** HOLE CARDS ***
daniloveee: raises $1 to $2
nastja336: folds 
mr.Jckpot: folds 
gig.gyty joins the table at seat #4 
gudrozd: raises $9 to $11
Xenicide: folds 
daniloveee: calls $9
*** FLOP *** [Td 7s 2d]
gudrozd: checks 
daniloveee: checks 
*** TURN *** [Td 7s 2d] [4c]
gudrozd: checks 
daniloveee: bets $10.93
gudrozd: calls $10.93
*** RIVER *** [Td 7s 2d 4c] [6s]
gudrozd: bets $4
daniloveee: folds 
Uncalled bet ($4) returned to gudrozd
gudrozd collected $42.62 from pot
gudrozd: doesn't show hand 
*** SUMMARY ***
Total pot $44.86 | Rake $2.24 
Board [Td 7s 2d 4c 6s]
Seat 1: Xenicide (big blind) folded before Flop
Seat 2: daniloveee folded on the River
Seat 3: nastja336 folded before Flop (didn't bet)
Seat 5: mr.Jckpot (button) folded before Flop (didn't bet)
Seat 6: gudrozd (small blind) collected ($42.62)



PokerStars Hand #254415195380:  Hold'em No Limit ($0.50/$1.00 USD) - 2025/01/17 15:49:50 WET [2025/01/17 10:49:50 ET]
Table 'Algorab IV' 6-max Seat #6 is the button
Seat 4: gig.gyty ($127.28 in chips) is sitting out
Seat 1: Xenicide ($100 in chips) 
Seat 2: daniloveee ($60.35 in chips) 
Seat 3: nastja336 ($100 in chips) 
Seat 5: mr.Jckpot ($100 in chips) 
Seat 6: gudrozd ($121.36 in chips) 
Xenicide: posts small blind $0.50
daniloveee: posts big blind $1
gig.gyty: sits out 
*** HOLE CARDS ***
nastja336: folds 
mr.Jckpot: folds 
gudrozd: folds 
Xenicide: raises $2.50 to $3.50
daniloveee: calls $2.50
*** FLOP *** [6c Ad Qh]
Xenicide: checks 
daniloveee: bets $5.33
Xenicide: folds 
Uncalled bet ($5.33) returned to daniloveee
daniloveee collected $6.65 from pot
*** SUMMARY ***
Total pot $7 | Rake $0.35 
Board [6c Ad Qh]
Seat 4: gig.gyty
Seat 1: Xenicide (small blind) folded on the Flop
Seat 2: daniloveee (big blind) collected ($6.65)
Seat 3: nastja336 folded before Flop (didn't bet)
Seat 5: mr.Jckpot folded before Flop (didn't bet)
Seat 6: gudrozd (button) folded before Flop (didn't bet)



PokerStars Hand #254415205676:  Hold'em No Limit ($0.50/$1.00 USD) - 2025/01/17 15:50:37 WET [2025/01/17 10:50:37 ET]
Table 'Algorab IV' 6-max Seat #1 is the button
Seat 4: gig.gyty ($127.28 in chips) is sitting out
Seat 1: Xenicide ($100 in chips) 
Seat 2: daniloveee ($63.50 in chips) 
Seat 3: nastja336 ($100 in chips) 
Seat 5: mr.Jckpot ($100 in chips) 
Seat 6: gudrozd ($121.36 in chips) 
daniloveee: posts small blind $0.50
nastja336: posts big blind $1
gig.gyty: sits out 
*** HOLE CARDS ***
mr.Jckpot: folds 
gudrozd: folds 
Xenicide: folds 
daniloveee: raises $1 to $2
nastja336: folds 
Uncalled bet ($1) returned to daniloveee
daniloveee collected $2 from pot
*** SUMMARY ***
Total pot $2 | Rake $0 
Seat 4: gig.gyty
Seat 1: Xenicide (button) folded before Flop (didn't bet)
Seat 2: daniloveee (small blind) collected ($2)
Seat 3: nastja336 (big blind) folded before Flop
Seat 5: mr.Jckpot folded before Flop (didn't bet)
Seat 6: gudrozd folded before Flop (didn't bet)



PokerStars Hand #254415208274:  Hold'em No Limit ($0.50/$1.00 USD) - 2025/01/17 15:50:48 WET [2025/01/17 10:50:48 ET]
Table 'Algorab IV' 6-max Seat #2 is the button
Seat 1: Xenicide ($100 in chips) 
Seat 2: daniloveee ($64.50 in chips) 
Seat 3: nastja336 ($100 in chips) 
Seat 4: gig.gyty ($127.28 in chips) 
Seat 5: mr.Jckpot ($100 in chips) 
Seat 6: gudrozd ($121.36 in chips) 
nastja336: posts small blind $0.50
gig.gyty: posts big blind $1
*** HOLE CARDS ***
mr.Jckpot: folds 
gudrozd: folds 
Xenicide: folds 
daniloveee: raises $1 to $2
nastja336: folds 
gig.gyty: calls $1
*** FLOP *** [7d 6c 4s]
gig.gyty: checks 
daniloveee: checks 
*** TURN *** [7d 6c 4s] [8d]
gig.gyty: bets $1.41
daniloveee: calls $1.41
*** RIVER *** [7d 6c 4s 8d] [Jc]
gig.gyty: bets $5
daniloveee: folds 
Uncalled bet ($5) returned to gig.gyty
gig.gyty collected $6.95 from pot
gig.gyty: doesn't show hand 
*** SUMMARY ***
Total pot $7.32 | Rake $0.37 
Board [7d 6c 4s 8d Jc]
Seat 1: Xenicide folded before Flop (didn't bet)
Seat 2: daniloveee (button) folded on the River
Seat 3: nastja336 (small blind) folded before Flop
Seat 4: gig.gyty (big blind) collected ($6.95)
Seat 5: mr.Jckpot folded before Flop (didn't bet)
Seat 6: gudrozd folded before Flop (didn't bet)



PokerStars Hand #254415216318:  Hold'em No Limit ($0.50/$1.00 USD) - 2025/01/17 15:51:26 WET [2025/01/17 10:51:26 ET]
Table 'Algorab IV' 6-max Seat #3 is the button
Seat 1: Xenicide ($100 in chips) 
Seat 2: daniloveee ($61.09 in chips) 
Seat 3: nastja336 ($100 in chips) 
Seat 4: gig.gyty ($130.82 in chips) 
Seat 5: mr.Jckpot ($100 in chips) 
Seat 6: gudrozd ($121.36 in chips) 
gig.gyty: posts small blind $0.50
mr.Jckpot: posts big blind $1
*** HOLE CARDS ***
gudrozd: folds 
Xenicide: raises $1 to $2
daniloveee: folds 
nastja336: folds 
gig.gyty: folds 
mr.Jckpot: calls $1
*** FLOP *** [Jd 9h 5s]
mr.Jckpot: checks 
Xenicide: bets $1.07
mr.Jckpot: folds 
Uncalled bet ($1.07) returned to Xenicide
Xenicide collected $4.28 from pot
*** SUMMARY ***
Total pot $4.50 | Rake $0.22 
Board [Jd 9h 5s]
Seat 1: Xenicide collected ($4.28)
Seat 2: daniloveee folded before Flop (didn't bet)
Seat 3: nastja336 (button) folded before Flop (didn't bet)
Seat 4: gig.gyty (small blind) folded before Flop
Seat 5: mr.Jckpot (big blind) folded on the Flop
Seat 6: gudrozd folded before Flop (didn't bet)



PokerStars Hand #254415225442:  Hold'em No Limit ($0.50/$1.00 USD) - 2025/01/17 15:52:08 WET [2025/01/17 10:52:08 ET]
Table 'Algorab IV' 6-max Seat #4 is the button
Seat 1: Xenicide ($102.28 in chips) 
Seat 2: daniloveee ($61.09 in chips) 
Seat 3: nastja336 ($100 in chips) 
Seat 4: gig.gyty ($130.32 in chips) 
Seat 5: mr.Jckpot ($100 in chips) 
Seat 6: gudrozd ($121.36 in chips) 
mr.Jckpot: posts small blind $0.50
gudrozd: posts big blind $1
*** HOLE CARDS ***
Xenicide: folds 
daniloveee: folds 
nastja336: folds 
gig.gyty: folds 
mr.Jckpot: folds 
Uncalled bet ($0.50) returned to gudrozd
gudrozd collected $1 from pot
gudrozd: doesn't show hand 
*** SUMMARY ***
Total pot $1 | Rake $0 
Seat 1: Xenicide folded before Flop (didn't bet)
Seat 2: daniloveee folded before Flop (didn't bet)
Seat 3: nastja336 folded before Flop (didn't bet)
Seat 4: gig.gyty (button) folded before Flop (didn't bet)
Seat 5: mr.Jckpot (small blind) folded before Flop
Seat 6: gudrozd (big blind) collected ($1)



PokerStars Hand #254415229902:  Hold'em No Limit ($0.50/$1.00 USD) - 2025/01/17 15:52:28 WET [2025/01/17 10:52:28 ET]
Table 'Algorab IV' 6-max Seat #5 is the button
Seat 1: Xenicide ($102.28 in chips) 
Seat 2: daniloveee ($61.09 in chips) 
Seat 3: nastja336 ($100 in chips) 
Seat 4: gig.gyty ($130.32 in chips) 
Seat 5: mr.Jckpot ($100 in chips) 
Seat 6: gudrozd ($121.86 in chips) 
gudrozd: posts small blind $0.50
Xenicide: posts big blind $1
*** HOLE CARDS ***
daniloveee: folds 
nastja336: folds 
gig.gyty: raises $1.25 to $2.25
mr.Jckpot: folds 
gudrozd: folds 
Xenicide: calls $1.25
*** FLOP *** [9h 7h 9s]
Xenicide: checks 
gig.gyty: bets $1.57
Xenicide: folds 
Uncalled bet ($1.57) returned to gig.gyty
gig.gyty collected $4.75 from pot
gig.gyty: doesn't show hand 
*** SUMMARY ***
Total pot $5 | Rake $0.25 
Board [9h 7h 9s]
Seat 1: Xenicide (big blind) folded on the Flop
Seat 2: daniloveee folded before Flop (didn't bet)
Seat 3: nastja336 folded before Flop (didn't bet)
Seat 4: gig.gyty collected ($4.75)
Seat 5: mr.Jckpot (button) folded before Flop (didn't bet)
Seat 6: gudrozd (small blind) folded before Flop



PokerStars Hand #254415240338:  Hold'em No Limit ($0.50/$1.00 USD) - 2025/01/17 15:53:16 WET [2025/01/17 10:53:16 ET]
Table 'Algorab IV' 6-max Seat #6 is the button
Seat 1: Xenicide ($100.03 in chips) 
Seat 2: daniloveee ($61.09 in chips) 
Seat 3: nastja336 ($100 in chips) 
Seat 4: gig.gyty ($132.82 in chips) 
Seat 5: mr.Jckpot ($100 in chips) 
Seat 6: gudrozd ($121.36 in chips) 
Xenicide: posts small blind $0.50
daniloveee: posts big blind $1
*** HOLE CARDS ***
nastja336: folds 
gig.gyty: folds 
mr.Jckpot: raises $1.50 to $2.50
gudrozd: folds 
Xenicide: folds 
daniloveee: calls $1.50
*** FLOP *** [5h 5c Qc]
daniloveee: checks 
mr.Jckpot: bets $1.72
daniloveee: calls $1.72
*** TURN *** [5h 5c Qc] [7h]
daniloveee: checks 
mr.Jckpot: checks 
*** RIVER *** [5h 5c Qc 7h] [9h]
daniloveee: bets $3
mr.Jckpot: folds 
Uncalled bet ($3) returned to daniloveee
daniloveee collected $8.49 from pot
*** SUMMARY ***
Total pot $8.94 | Rake $0.45 
Board [5h 5c Qc 7h 9h]
Seat 1: Xenicide (small blind) folded before Flop
Seat 2: daniloveee (big blind) collected ($8.49)
Seat 3: nastja336 folded before Flop (didn't bet)
Seat 4: gig.gyty folded before Flop (didn't bet)
Seat 5: mr.Jckpot folded on the River
Seat 6: gudrozd (button) folded before Flop (didn't bet)



PokerStars Hand #254415248119:  Hold'em No Limit ($0.50/$1.00 USD) - 2025/01/17 15:53:52 WET [2025/01/17 10:53:52 ET]
Table 'Algorab IV' 6-max Seat #1 is the button
Seat 3: nastja336 ($100 in chips) is sitting out
Seat 4: gig.gyty ($132.82 in chips) is sitting out
Seat 5: mr.Jckpot ($100 in chips) is sitting out
Seat 1: Xenicide ($100 in chips) 
Seat 2: daniloveee ($65.36 in chips) 
Seat 6: gudrozd ($121.36 in chips) 
daniloveee: posts small blind $0.50
nastja336: is sitting out 
gig.gyty: is sitting out 
mr.Jckpot: is sitting out 
gudrozd: posts big blind $1
*** HOLE CARDS ***
nastja336 leaves the table
mr.Jckpot leaves the table
Xenicide: raises $1.25 to $2.25
daniloveee: folds 
Rdalonso joins the table at seat #3 
gudrozd: calls $1.25
*** FLOP *** [5h 8h 6h]
gudrozd: checks 
gig.gyty leaves the table
Xenicide: bets $1.19
gudrozd: raises $2.81 to $4
Xenicide: calls $2.81
*** TURN *** [5h 8h 6h] [Jc]
nastja336 joins the table at seat #4 
gudrozd: bets $9.26
Xenicide: calls $9.26
*** RIVER *** [5h 8h 6h Jc] [7s]
Pippa83 joins the table at seat #5 
gudrozd: checks 
Xenicide: bets $22.89
gudrozd: folds 
Uncalled bet ($22.89) returned to Xenicide
Xenicide collected $30.52 from pot
*** SUMMARY ***
Total pot $31.52 | Rake $1 
Board [5h 8h 6h Jc 7s]
Seat 3: nastja336
Seat 4: gig.gyty
Seat 5: mr.Jckpot
Seat 1: Xenicide (button) collected ($30.52)
Seat 2: daniloveee (small blind) folded before Flop
Seat 6: gudrozd (big blind) folded on the River



PokerStars Hand #254415267334:  Hold'em No Limit ($0.50/$1.00 USD) - 2025/01/17 15:55:24 WET [2025/01/17 10:55:24 ET]
Table 'Algorab IV' 6-max Seat #2 is the button
Seat 3: Rdalonso ($103 in chips) is sitting out
Seat 4: nastja336 ($100 in chips) is sitting out
Seat 5: Pippa83 ($100 in chips) is sitting out
Seat 1: Xenicide ($115.01 in chips) 
Seat 2: daniloveee ($64.86 in chips) 
Seat 6: gudrozd ($105.85 in chips) 
gudrozd: posts small blind $0.50
Xenicide: posts big blind $1
*** HOLE CARDS ***
daniloveee: folds 
gudrozd: folds 
Uncalled bet ($0.50) returned to Xenicide
Xenicide collected $1 from pot
Xenicide: doesn't show hand 
*** SUMMARY ***
Total pot $1 | Rake $0 
Seat 3: Rdalonso
Seat 4: nastja336
Seat 5: Pippa83
Seat 1: Xenicide (big blind) collected ($1)
Seat 2: daniloveee (button) folded before Flop (didn't bet)
Seat 6: gudrozd (small blind) folded before Flop



PokerStars Hand #254415268756:  Hold'em No Limit ($0.50/$1.00 USD) - 2025/01/17 15:55:33 WET [2025/01/17 10:55:33 ET]
Table 'Algorab IV' 6-max Seat #6 is the button
Seat 3: Rdalonso ($103 in chips) is sitting out
Seat 4: nastja336 ($100 in chips) is sitting out
Seat 5: Pippa83 ($100 in chips) is sitting out
Seat 1: Xenicide ($115.51 in chips) 
Seat 2: daniloveee ($64.86 in chips) 
Seat 6: gudrozd ($105.35 in chips) 
Xenicide: posts small blind $0.50
daniloveee: posts big blind $1
Rdalonso: sits out 
nastja336: sits out 
Pippa83: sits out 
*** HOLE CARDS ***
gudrozd: folds 
Xenicide: folds 
Uncalled bet ($0.50) returned to daniloveee
daniloveee collected $1 from pot
*** SUMMARY ***
Total pot $1 | Rake $0 
Seat 3: Rdalonso
Seat 4: nastja336
Seat 5: Pippa83
Seat 1: Xenicide (small blind) folded before Flop
Seat 2: daniloveee (big blind) collected ($1)
Seat 6: gudrozd (button) folded before Flop (didn't bet)



PokerStars Hand #254415270169:  Hold'em No Limit ($0.50/$1.00 USD) - 2025/01/17 15:55:41 WET [2025/01/17 10:55:41 ET]
Table 'Algorab IV' 6-max Seat #1 is the button
Seat 4: nastja336 ($100 in chips) is sitting out
Seat 5: Pippa83 ($100 in chips) is sitting out
Seat 1: Xenicide ($115.01 in chips) 
Seat 2: daniloveee ($65.36 in chips) 
Seat 3: Rdalonso ($103 in chips) 
Seat 6: gudrozd ($105.35 in chips) 
daniloveee: posts small blind $0.50
Rdalonso: posts big blind $1
nastja336: sits out 
Pippa83: sits out 
*** HOLE CARDS ***
gudrozd: folds 
Xenicide: raises $1.25 to $2.25
daniloveee: folds 
Rdalonso: folds 
Uncalled bet ($1.25) returned to Xenicide
Xenicide collected $2.50 from pot
*** SUMMARY ***
Total pot $2.50 | Rake $0 
Seat 4: nastja336
Seat 5: Pippa83
Seat 1: Xenicide (button) collected ($2.50)
Seat 2: daniloveee (small blind) folded before Flop
Seat 3: Rdalonso (big blind) folded before Flop
Seat 6: gudrozd folded before Flop (didn't bet)



PokerStars Hand #254415272624:  Hold'em No Limit ($0.50/$1.00 USD) - 2025/01/17 15:55:56 WET [2025/01/17 10:55:56 ET]
Table 'Algorab IV' 6-max Seat #2 is the button
Seat 5: Pippa83 ($100 in chips) is sitting out
Seat 1: Xenicide ($116.51 in chips) 
Seat 2: daniloveee ($64.86 in chips) 
Seat 3: Rdalonso ($102 in chips) 
Seat 4: nastja336 ($100 in chips) 
Seat 6: gudrozd ($105.35 in chips) 
Rdalonso: posts small blind $0.50
nastja336: posts big blind $1
Pippa83: sits out 
*** HOLE CARDS ***
gudrozd: folds 
Xenicide: folds 
daniloveee: folds 
Rdalonso: raises $2 to $3
nastja336: folds 
Uncalled bet ($2) returned to Rdalonso
Rdalonso collected $2 from pot
Rdalonso: doesn't show hand 
*** SUMMARY ***
Total pot $2 | Rake $0 
Seat 5: Pippa83
Seat 1: Xenicide folded before Flop (didn't bet)
Seat 2: daniloveee (button) folded before Flop (didn't bet)
Seat 3: Rdalonso (small blind) collected ($2)
Seat 4: nastja336 (big blind) folded before Flop
Seat 6: gudrozd folded before Flop (didn't bet)



PokerStars Hand #254415274723:  Hold'em No Limit ($0.50/$1.00 USD) - 2025/01/17 15:56:10 WET [2025/01/17 10:56:10 ET]
Table 'Algorab IV' 6-max Seat #3 is the button
Seat 1: Xenicide ($116.51 in chips) 
Seat 2: daniloveee ($64.86 in chips) 
Seat 3: Rdalonso ($103 in chips) 
Seat 4: nastja336 ($100 in chips) 
Seat 5: Pippa83 ($100 in chips) 
Seat 6: gudrozd ($105.35 in chips) 
nastja336: posts small blind $0.50
Pippa83: posts big blind $1
*** HOLE CARDS ***
gudrozd: folds 
Xenicide: raises $1 to $2
daniloveee: calls $2
Rdalonso: folds 
nastja336: folds 
Pippa83: folds 
*** FLOP *** [2d 3d 9s]
Xenicide: checks 
daniloveee: bets $2.61
Xenicide: raises $8.87 to $11.48
daniloveee: folds 
Uncalled bet ($8.87) returned to Xenicide
Xenicide collected $10.18 from pot
Xenicide: doesn't show hand 
*** SUMMARY ***
Total pot $10.72 | Rake $0.54 
Board [2d 3d 9s]
Seat 1: Xenicide collected ($10.18)
Seat 2: daniloveee folded on the Flop
Seat 3: Rdalonso (button) folded before Flop (didn't bet)
Seat 4: nastja336 (small blind) folded before Flop
Seat 5: Pippa83 (big blind) folded before Flop
Seat 6: gudrozd folded before Flop (didn't bet)



PokerStars Hand #254415283209:  Hold'em No Limit ($0.50/$1.00 USD) - 2025/01/17 15:57:01 WET [2025/01/17 10:57:01 ET]
Table 'Algorab IV' 6-max Seat #4 is the button
Seat 5: Pippa83 ($100 in chips) is sitting out
Seat 1: Xenicide ($122.08 in chips) 
Seat 2: daniloveee ($60.25 in chips) 
Seat 3: Rdalonso ($103 in chips) 
Seat 4: nastja336 ($100 in chips) 
Seat 6: gudrozd ($105.35 in chips) 
gudrozd: posts small blind $0.50
Xenicide: posts big blind $1
*** HOLE CARDS ***
daniloveee: folds 
Rdalonso: folds 
nastja336: raises $1.50 to $2.50
gudrozd: folds 
Xenicide: calls $1.50
*** FLOP *** [Js 5h Ah]
Xenicide: checks 
nastja336: bets $4.20
Xenicide: folds 
Uncalled bet ($4.20) returned to nastja336
nastja336 collected $5.22 from pot
nastja336: doesn't show hand 
*** SUMMARY ***
Total pot $5.50 | Rake $0.28 
Board [Js 5h Ah]
Seat 5: Pippa83
Seat 1: Xenicide (big blind) folded on the Flop
Seat 2: daniloveee folded before Flop (didn't bet)
Seat 3: Rdalonso folded before Flop (didn't bet)
Seat 4: nastja336 (button) collected ($5.22)
Seat 6: gudrozd (small blind) folded before Flop



PokerStars Hand #254415290584:  Hold'em No Limit ($0.50/$1.00 USD) - 2025/01/17 15:57:45 WET [2025/01/17 10:57:45 ET]
Table 'Algorab IV' 6-max Seat #6 is the button
Seat 5: Pippa83 ($100 in chips) is sitting out
Seat 1: Xenicide ($119.58 in chips) 
Seat 2: daniloveee ($60.25 in chips) 
Seat 3: Rdalonso ($103 in chips) 
Seat 4: nastja336 ($102.72 in chips) 
Seat 6: gudrozd ($104.85 in chips) 
Xenicide: posts small blind $0.50
daniloveee: posts big blind $1
*** HOLE CARDS ***
Rdalonso: folds 
nastja336: folds 
gudrozd: raises $1.50 to $2.50
Xenicide: folds 
daniloveee: calls $1.50
*** FLOP *** [7s Kh Td]
daniloveee: checks 
gudrozd: checks 
*** TURN *** [7s Kh Td] [5c]
daniloveee: bets $3.61
gudrozd: folds 
Uncalled bet ($3.61) returned to daniloveee
daniloveee collected $5.22 from pot
*** SUMMARY ***
Total pot $5.50 | Rake $0.28 
Board [7s Kh Td 5c]
Seat 5: Pippa83
Seat 1: Xenicide (small blind) folded before Flop
Seat 2: daniloveee (big blind) collected ($5.22)
Seat 3: Rdalonso folded before Flop (didn't bet)
Seat 4: nastja336 folded before Flop (didn't bet)
Seat 6: gudrozd (button) folded on the Turn



PokerStars Hand #254415295581:  Hold'em No Limit ($0.50/$1.00 USD) - 2025/01/17 15:58:14 WET [2025/01/17 10:58:14 ET]
Table 'Algorab IV' 6-max Seat #1 is the button
Seat 5: Pippa83 ($100 in chips) is sitting out
Seat 1: Xenicide ($119.08 in chips) 
Seat 2: daniloveee ($62.97 in chips) 
Seat 3: Rdalonso ($103 in chips) 
Seat 4: nastja336 ($102.72 in chips) 
Seat 6: gudrozd ($102.35 in chips) 
daniloveee: posts small blind $0.50
Rdalonso: posts big blind $1
*** HOLE CARDS ***
nastja336: folds 
gudrozd: folds 
Xenicide: folds 
daniloveee: raises $1 to $2
Rdalonso: calls $1
*** FLOP *** [Tc Jc As]
daniloveee: bets $4
Rdalonso: folds 
Uncalled bet ($4) returned to daniloveee
daniloveee collected $3.80 from pot
*** SUMMARY ***
Total pot $4 | Rake $0.20 
Board [Tc Jc As]
Seat 5: Pippa83
Seat 1: Xenicide (button) folded before Flop (didn't bet)
Seat 2: daniloveee (small blind) collected ($3.80)
Seat 3: Rdalonso (big blind) folded on the Flop
Seat 4: nastja336 folded before Flop (didn't bet)
Seat 6: gudrozd folded before Flop (didn't bet)



PokerStars Hand #254415300788:  Hold'em No Limit ($0.50/$1.00 USD) - 2025/01/17 15:58:45 WET [2025/01/17 10:58:45 ET]
Table 'Algorab IV' 6-max Seat #2 is the button
Seat 4: nastja336 ($102.72 in chips) is sitting out
Seat 5: Pippa83 ($100 in chips) is sitting out
Seat 1: Xenicide ($119.08 in chips) 
Seat 2: daniloveee ($64.77 in chips) 
Seat 3: Rdalonso ($101 in chips) 
Seat 6: gudrozd ($102.35 in chips) 
Rdalonso: posts small blind $0.50
nastja336: is sitting out 
gudrozd: posts big blind $1
*** HOLE CARDS ***
nastja336 leaves the table
Xenicide: folds 
daniloveee: raises $1 to $2
Rdalonso: folds 
gudrozd: folds 
Uncalled bet ($1) returned to daniloveee
daniloveee collected $2.50 from pot
whlzor joins the table at seat #4 
*** SUMMARY ***
Total pot $2.50 | Rake $0 
Seat 4: nastja336
Seat 5: Pippa83
Seat 1: Xenicide folded before Flop (didn't bet)
Seat 2: daniloveee (button) collected ($2.50)
Seat 3: Rdalonso (small blind) folded before Flop
Seat 6: gudrozd (big blind) folded before Flop



PokerStars Hand #254415302481:  Hold'em No Limit ($0.50/$1.00 USD) - 2025/01/17 15:58:55 WET [2025/01/17 10:58:55 ET]
Table 'Algorab IV' 6-max Seat #3 is the button
Seat 4: whlzor ($104 in chips) is sitting out
Seat 5: Pippa83 ($100 in chips) is sitting out
Seat 1: Xenicide ($119.08 in chips) 
Seat 2: daniloveee ($66.27 in chips) 
Seat 3: Rdalonso ($100.50 in chips) 
Seat 6: gudrozd ($101.35 in chips) 
gudrozd: posts small blind $0.50
Xenicide: posts big blind $1
*** HOLE CARDS ***
daniloveee: raises $1 to $2
whlzor leaves the table
Rdalonso: folds 
gudrozd: folds 
Xenicide: folds 
Uncalled bet ($1) returned to daniloveee
daniloveee collected $2.50 from pot
*** SUMMARY ***
Total pot $2.50 | Rake $0 
Seat 4: whlzor
Seat 5: Pippa83
Seat 1: Xenicide (big blind) folded before Flop
Seat 2: daniloveee collected ($2.50)
Seat 3: Rdalonso (button) folded before Flop (didn't bet)
Seat 6: gudrozd (small blind) folded before Flop



PokerStars Hand #254415305348:  Hold'em No Limit ($0.50/$1.00 USD) - 2025/01/17 15:59:11 WET [2025/01/17 10:59:11 ET]
Table 'Algorab IV' 6-max Seat #6 is the button
Seat 5: Pippa83 ($100 in chips) is sitting out
Seat 1: Xenicide ($118.08 in chips) 
Seat 2: daniloveee ($67.77 in chips) 
Seat 3: Rdalonso ($100.50 in chips) 
Seat 6: gudrozd ($100.85 in chips) 
Xenicide: posts small blind $0.50
daniloveee: posts big blind $1
Pippa83: sits out 
*** HOLE CARDS ***
Rdalonso: folds 
gudrozd: folds 
ptolejmus joins the table at seat #4 
Xenicide: raises $2.50 to $3.50
daniloveee: folds 
Uncalled bet ($2.50) returned to Xenicide
Xenicide collected $2 from pot
*** SUMMARY ***
Total pot $2 | Rake $0 
Seat 5: Pippa83
Seat 1: Xenicide (small blind) collected ($2)
Seat 2: daniloveee (big blind) folded before Flop
Seat 3: Rdalonso folded before Flop (didn't bet)
Seat 6: gudrozd (button) folded before Flop (didn't bet)



PokerStars Hand #254415308536:  Hold'em No Limit ($0.50/$1.00 USD) - 2025/01/17 15:59:30 WET [2025/01/17 10:59:30 ET]
Table 'Algorab IV' 6-max Seat #1 is the button
Seat 4: ptolejmus ($10 in chips) is sitting out
Seat 5: Pippa83 ($100 in chips) is sitting out
Seat 1: Xenicide ($119.08 in chips) 
Seat 2: daniloveee ($66.77 in chips) 
Seat 3: Rdalonso ($100.50 in chips) 
Seat 6: gudrozd ($100.85 in chips) 
daniloveee: posts small blind $0.50
Rdalonso: posts big blind $1
ptolejmus: sits out 
Pippa83: sits out 
*** HOLE CARDS ***
gudrozd: folds 
Xenicide: folds 
daniloveee: raises $2 to $3
Rdalonso: folds 
Uncalled bet ($2) returned to daniloveee
daniloveee collected $2 from pot
*** SUMMARY ***
Total pot $2 | Rake $0 
Seat 4: ptolejmus
Seat 5: Pippa83
Seat 1: Xenicide (button) folded before Flop (didn't bet)
Seat 2: daniloveee (small blind) collected ($2)
Seat 3: Rdalonso (big blind) folded before Flop
Seat 6: gudrozd folded before Flop (didn't bet)



PokerStars Hand #254415311430:  Hold'em No Limit ($0.50/$1.00 USD) - 2025/01/17 15:59:47 WET [2025/01/17 10:59:47 ET]
Table 'Algorab IV' 6-max Seat #2 is the button
Seat 5: Pippa83 ($100 in chips) is sitting out
Seat 1: Xenicide ($119.08 in chips) 
Seat 2: daniloveee ($67.77 in chips) 
Seat 3: Rdalonso ($100 in chips) 
Seat 4: ptolejmus ($10 in chips) 
Seat 6: gudrozd ($100.85 in chips) 
Rdalonso: posts small blind $0.50
ptolejmus: posts big blind $1
Pippa83: sits out 
*** HOLE CARDS ***
gudrozd: raises $1.50 to $2.50
Xenicide: folds 
daniloveee: folds 
Rdalonso: folds 
ptolejmus: folds 
Uncalled bet ($1.50) returned to gudrozd
gudrozd collected $2.50 from pot
gudrozd: doesn't show hand 
*** SUMMARY ***
Total pot $2.50 | Rake $0 
Seat 5: Pippa83
Seat 1: Xenicide folded before Flop (didn't bet)
Seat 2: daniloveee (button) folded before Flop (didn't bet)
Seat 3: Rdalonso (small blind) folded before Flop
Seat 4: ptolejmus (big blind) folded before Flop
Seat 6: gudrozd collected ($2.50)



PokerStars Hand #254415313918:  Hold'em No Limit ($0.50/$1.00 USD) - 2025/01/17 16:00:01 WET [2025/01/17 11:00:01 ET]
Table 'Algorab IV' 6-max Seat #3 is the button
Seat 1: Xenicide ($119.08 in chips) 
Seat 2: daniloveee ($67.77 in chips) 
Seat 3: Rdalonso ($100 in chips) 
Seat 4: ptolejmus ($10 in chips) 
Seat 5: Pippa83 ($100 in chips) 
Seat 6: gudrozd ($102.35 in chips) 
ptolejmus: posts small blind $0.50
Pippa83: posts big blind $1
*** HOLE CARDS ***
gudrozd: folds 
Xenicide: folds 
daniloveee: folds 
Rdalonso: raises $1.50 to $2.50
ptolejmus: folds 
Pippa83: folds 
Uncalled bet ($1.50) returned to Rdalonso
Rdalonso collected $2.50 from pot
Rdalonso: doesn't show hand 
*** SUMMARY ***
Total pot $2.50 | Rake $0 
Seat 1: Xenicide folded before Flop (didn't bet)
Seat 2: daniloveee folded before Flop (didn't bet)
Seat 3: Rdalonso (button) collected ($2.50)
Seat 4: ptolejmus (small blind) folded before Flop
Seat 5: Pippa83 (big blind) folded before Flop
Seat 6: gudrozd folded before Flop (didn't bet)



PokerStars Hand #254415317493:  Hold'em No Limit ($0.50/$1.00 USD) - 2025/01/17 16:00:21 WET [2025/01/17 11:00:21 ET]
Table 'Algorab IV' 6-max Seat #4 is the button
Seat 1: Xenicide ($119.08 in chips) 
Seat 2: daniloveee ($67.77 in chips) 
Seat 3: Rdalonso ($101.50 in chips) 
Seat 4: ptolejmus ($10 in chips) 
Seat 5: Pippa83 ($100 in chips) 
Seat 6: gudrozd ($102.35 in chips) 
Pippa83: posts small blind $0.50
gudrozd: posts big blind $1
*** HOLE CARDS ***
Xenicide: folds 
daniloveee: folds 
Rdalonso: folds 
ptolejmus: raises $9 to $10 and is all-in
Pippa83: folds 
gudrozd: calls $9
*** FLOP *** [Qd 9c 5d]
*** TURN *** [Qd 9c 5d] [4c]
*** RIVER *** [Qd 9c 5d 4c] [Qh]
*** SHOW DOWN ***
gudrozd: shows [Kh As] (a pair of Queens)
ptolejmus: shows [Jh 8h] (a pair of Queens - lower kicker)
gudrozd collected $19.48 from pot
ptolejmus cashed out the hand for $7.19 | Cash Out Fee $0.15
*** SUMMARY ***
Total pot $20.50 | Rake $1.02 
Board [Qd 9c 5d 4c Qh]
Seat 1: Xenicide folded before Flop (didn't bet)
Seat 2: daniloveee folded before Flop (didn't bet)
Seat 3: Rdalonso folded before Flop (didn't bet)
Seat 4: ptolejmus (button) showed [Jh 8h] and lost with a pair of Queens (cashed out).
Seat 5: Pippa83 (small blind) folded before Flop
Seat 6: gudrozd (big blind) showed [Kh As] and won ($19.48) with a pair of Queens



PokerStars Hand #254415323635:  Hold'em No Limit ($0.50/$1.00 USD) - 2025/01/17 16:00:54 WET [2025/01/17 11:00:54 ET]
Table 'Algorab IV' 6-max Seat #5 is the button
Seat 1: Xenicide ($119.08 in chips) 
Seat 2: daniloveee ($67.77 in chips) 
Seat 3: Rdalonso ($101.50 in chips) 
Seat 4: ptolejmus ($10 in chips) 
Seat 5: Pippa83 ($100 in chips) 
Seat 6: gudrozd ($111.83 in chips) 
gudrozd: posts small blind $0.50
Xenicide: posts big blind $1
*** HOLE CARDS ***
daniloveee: raises $1 to $2
Rdalonso: folds 
ptolejmus: folds 
Pippa83: folds 
gudrozd: folds 
Xenicide: folds 
Uncalled bet ($1) returned to daniloveee
daniloveee collected $2.50 from pot
*** SUMMARY ***
Total pot $2.50 | Rake $0 
Seat 1: Xenicide (big blind) folded before Flop
Seat 2: daniloveee collected ($2.50)
Seat 3: Rdalonso folded before Flop (didn't bet)
Seat 4: ptolejmus folded before Flop (didn't bet)
Seat 5: Pippa83 (button) folded before Flop (didn't bet)
Seat 6: gudrozd (small blind) folded before Flop



PokerStars Hand #254415326644:  Hold'em No Limit ($0.50/$1.00 USD) - 2025/01/17 16:01:09 WET [2025/01/17 11:01:09 ET]
Table 'Algorab IV' 6-max Seat #6 is the button
Seat 1: Xenicide ($118.08 in chips) 
Seat 2: daniloveee ($69.27 in chips) 
Seat 3: Rdalonso ($101.50 in chips) 
Seat 4: ptolejmus ($10 in chips) 
Seat 5: Pippa83 ($100 in chips) 
Seat 6: gudrozd ($111.33 in chips) 
Xenicide: posts small blind $0.50
daniloveee: posts big blind $1
*** HOLE CARDS ***
Rdalonso: raises $1.50 to $2.50
ptolejmus: folds 
Pippa83: folds 
gudrozd: folds 
Xenicide: folds 
daniloveee: folds 
Uncalled bet ($1.50) returned to Rdalonso
Rdalonso collected $2.50 from pot
Rdalonso: doesn't show hand 
*** SUMMARY ***
Total pot $2.50 | Rake $0 
Seat 1: Xenicide (small blind) folded before Flop
Seat 2: daniloveee (big blind) folded before Flop
Seat 3: Rdalonso collected ($2.50)
Seat 4: ptolejmus folded before Flop (didn't bet)
Seat 5: Pippa83 folded before Flop (didn't bet)
Seat 6: gudrozd (button) folded before Flop (didn't bet)



PokerStars Hand #254415329649:  Hold'em No Limit ($0.50/$1.00 USD) - 2025/01/17 16:01:22 WET [2025/01/17 11:01:22 ET]
Table 'Algorab IV' 6-max Seat #1 is the button
Seat 1: Xenicide ($117.58 in chips) 
Seat 2: daniloveee ($68.27 in chips) 
Seat 3: Rdalonso ($103 in chips) 
Seat 4: ptolejmus ($10 in chips) 
Seat 5: Pippa83 ($100 in chips) 
Seat 6: gudrozd ($111.33 in chips) 
daniloveee: posts small blind $0.50
Rdalonso: posts big blind $1
*** HOLE CARDS ***
ptolejmus: folds 
Pippa83: folds 
gudrozd: folds 
Xenicide: folds 
daniloveee: folds 
Uncalled bet ($0.50) returned to Rdalonso
Rdalonso collected $1 from pot
Rdalonso: doesn't show hand 
*** SUMMARY ***
Total pot $1 | Rake $0 
Seat 1: Xenicide (button) folded before Flop (didn't bet)
Seat 2: daniloveee (small blind) folded before Flop
Seat 3: Rdalonso (big blind) collected ($1)
Seat 4: ptolejmus folded before Flop (didn't bet)
Seat 5: Pippa83 folded before Flop (didn't bet)
Seat 6: gudrozd folded before Flop (didn't bet)



PokerStars Hand #254415332548:  Hold'em No Limit ($0.50/$1.00 USD) - 2025/01/17 16:01:36 WET [2025/01/17 11:01:36 ET]
Table 'Algorab IV' 6-max Seat #2 is the button
Seat 1: Xenicide ($117.58 in chips) 
Seat 2: daniloveee ($67.77 in chips) 
Seat 3: Rdalonso ($103.50 in chips) 
Seat 4: ptolejmus ($10 in chips) 
Seat 5: Pippa83 ($100 in chips) 
Seat 6: gudrozd ($111.33 in chips) 
Rdalonso: posts small blind $0.50
ptolejmus: posts big blind $1
*** HOLE CARDS ***
Pippa83: folds 
gudrozd: folds 
Xenicide: folds 
daniloveee: folds 
Rdalonso: raises $2 to $3
ptolejmus: folds 
Uncalled bet ($2) returned to Rdalonso
Rdalonso collected $2 from pot
Rdalonso: doesn't show hand 
*** SUMMARY ***
Total pot $2 | Rake $0 
Seat 1: Xenicide folded before Flop (didn't bet)
Seat 2: daniloveee (button) folded before Flop (didn't bet)
Seat 3: Rdalonso (small blind) collected ($2)
Seat 4: ptolejmus (big blind) folded before Flop
Seat 5: Pippa83 folded before Flop (didn't bet)
Seat 6: gudrozd folded before Flop (didn't bet)



PokerStars Hand #254415337133:  Hold'em No Limit ($0.50/$1.00 USD) - 2025/01/17 16:01:57 WET [2025/01/17 11:01:57 ET]
Table 'Algorab IV' 6-max Seat #3 is the button
Seat 1: Xenicide ($117.58 in chips) 
Seat 2: daniloveee ($67.77 in chips) 
Seat 3: Rdalonso ($104.50 in chips) 
Seat 4: ptolejmus ($10 in chips) 
Seat 5: Pippa83 ($100 in chips) 
Seat 6: gudrozd ($111.33 in chips) 
ptolejmus: posts small blind $0.50
Pippa83: posts big blind $1
*** HOLE CARDS ***
gudrozd: folds 
Xenicide: raises $1 to $2
daniloveee: folds 
Rdalonso: raises $5.50 to $7.50
ptolejmus: folds 
Pippa83: folds 
Xenicide: folds 
Uncalled bet ($5.50) returned to Rdalonso
Rdalonso collected $5.50 from pot
Rdalonso: doesn't show hand 
*** SUMMARY ***
Total pot $5.50 | Rake $0 
Seat 1: Xenicide folded before Flop
Seat 2: daniloveee folded before Flop (didn't bet)
Seat 3: Rdalonso (button) collected ($5.50)
Seat 4: ptolejmus (small blind) folded before Flop
Seat 5: Pippa83 (big blind) folded before Flop
Seat 6: gudrozd folded before Flop (didn't bet)



PokerStars Hand #254415342921:  Hold'em No Limit ($0.50/$1.00 USD) - 2025/01/17 16:02:24 WET [2025/01/17 11:02:24 ET]
Table 'Algorab IV' 6-max Seat #4 is the button
Seat 1: Xenicide ($115.58 in chips) 
Seat 2: daniloveee ($67.77 in chips) 
Seat 3: Rdalonso ($108 in chips) 
Seat 4: ptolejmus ($10 in chips) 
Seat 5: Pippa83 ($100 in chips) 
Seat 6: gudrozd ($111.33 in chips) 
Pippa83: posts small blind $0.50
gudrozd: posts big blind $1
*** HOLE CARDS ***
Xenicide: folds 
daniloveee: raises $1 to $2
Rdalonso: raises $5.50 to $7.50
ptolejmus: folds 
Pippa83: folds 
gudrozd: folds 
daniloveee: calls $5.50
*** FLOP *** [4c 6d 4d]
daniloveee: checks 
Rdalonso: bets $5.17
daniloveee: calls $5.17
*** TURN *** [4c 6d 4d] [Qs]
daniloveee: checks 
Rdalonso: bets $16.83
daniloveee: folds 
Uncalled bet ($16.83) returned to Rdalonso
Rdalonso collected $25.50 from pot
Rdalonso: doesn't show hand 
*** SUMMARY ***
Total pot $26.84 | Rake $1.34 
Board [4c 6d 4d Qs]
Seat 1: Xenicide folded before Flop (didn't bet)
Seat 2: daniloveee folded on the Turn
Seat 3: Rdalonso collected ($25.50)
Seat 4: ptolejmus (button) folded before Flop (didn't bet)
Seat 5: Pippa83 (small blind) folded before Flop
Seat 6: gudrozd (big blind) folded before Flop



PokerStars Hand #254415354278:  Hold'em No Limit ($0.50/$1.00 USD) - 2025/01/17 16:03:15 WET [2025/01/17 11:03:15 ET]
Table 'Algorab IV' 6-max Seat #5 is the button
Seat 1: Xenicide ($115.58 in chips) 
Seat 2: daniloveee ($55.10 in chips) 
Seat 3: Rdalonso ($120.83 in chips) 
Seat 4: ptolejmus ($10 in chips) 
Seat 5: Pippa83 ($100 in chips) 
Seat 6: gudrozd ($110.33 in chips) 
gudrozd: posts small blind $0.50
Xenicide: posts big blind $1
*** HOLE CARDS ***
daniloveee: folds 
Rdalonso: folds 
ptolejmus: folds 
Pippa83: folds 
gudrozd: raises $2 to $3
Xenicide: raises $6 to $9
gudrozd: calls $6
*** FLOP *** [Tc Ad 8c]
gudrozd: checks 
Xenicide: bets $4.28
gudrozd: calls $4.28
*** TURN *** [Tc Ad 8c] [2d]
gudrozd: checks 
Xenicide: checks 
*** RIVER *** [Tc Ad 8c 2d] [5c]
gudrozd: bets $8.33
Xenicide: folds 
Uncalled bet ($8.33) returned to gudrozd
gudrozd collected $25.23 from pot
gudrozd: doesn't show hand 
*** SUMMARY ***
Total pot $26.56 | Rake $1.33 
Board [Tc Ad 8c 2d 5c]
Seat 1: Xenicide (big blind) folded on the River
Seat 2: daniloveee folded before Flop (didn't bet)
Seat 3: Rdalonso folded before Flop (didn't bet)
Seat 4: ptolejmus folded before Flop (didn't bet)
Seat 5: Pippa83 (button) folded before Flop (didn't bet)
Seat 6: gudrozd (small blind) collected ($25.23)



PokerStars Hand #254415377726:  Hold'em No Limit ($0.50/$1.00 USD) - 2025/01/17 16:05:00 WET [2025/01/17 11:05:00 ET]
Table 'Algorab IV' 6-max Seat #6 is the button
Seat 1: Xenicide ($102.30 in chips) 
Seat 2: daniloveee ($55.10 in chips) 
Seat 3: Rdalonso ($120.83 in chips) 
Seat 4: ptolejmus ($10 in chips) 
Seat 5: Pippa83 ($100 in chips) 
Seat 6: gudrozd ($122.28 in chips) 
Xenicide: posts small blind $0.50
daniloveee: posts big blind $1
*** HOLE CARDS ***
Rdalonso: folds 
ptolejmus: folds 
Pippa83: folds 
gudrozd: raises $1.50 to $2.50
Xenicide: folds 
daniloveee: calls $1.50
*** FLOP *** [Qc 8d Ah]
daniloveee: checks 
gudrozd: bets $1.30
daniloveee: raises $3.91 to $5.21
gudrozd: calls $3.91
*** TURN *** [Qc 8d Ah] [Td]
daniloveee: bets $7.56
gudrozd: calls $7.56
*** RIVER *** [Qc 8d Ah Td] [Ad]
daniloveee: bets $39.83 and is all-in
gudrozd: calls $39.83
*** SHOW DOWN ***
daniloveee: shows [Ts Jh] (two pair, Aces and Tens)
gudrozd: shows [Jc 9c] (a straight, Eight to Queen)
gudrozd collected $108.20 from pot
*** SUMMARY ***
Total pot $110.70 | Rake $2.50 
Board [Qc 8d Ah Td Ad]
Seat 1: Xenicide (small blind) folded before Flop
Seat 2: daniloveee (big blind) showed [Ts Jh] and lost with two pair, Aces and Tens
Seat 3: Rdalonso folded before Flop (didn't bet)
Seat 4: ptolejmus folded before Flop (didn't bet)
Seat 5: Pippa83 folded before Flop (didn't bet)
Seat 6: gudrozd (button) showed [Jc 9c] and won ($108.20) with a straight, Eight to Queen



PokerStars Hand #254415391260:  Hold'em No Limit ($0.50/$1.00 USD) - 2025/01/17 16:06:00 WET [2025/01/17 11:06:00 ET]
Table 'Algorab IV' 6-max Seat #1 is the button
Seat 2: daniloveee ($0 in chips) is sitting out
Seat 1: Xenicide ($101.80 in chips) 
Seat 3: Rdalonso ($120.83 in chips) 
Seat 4: ptolejmus ($10 in chips) 
Seat 5: Pippa83 ($100 in chips) 
Seat 6: gudrozd ($175.38 in chips) 
Rdalonso: posts small blind $0.50
ptolejmus: posts big blind $1
*** HOLE CARDS ***
Pippa83: folds 
gudrozd: folds 
Xenicide: raises $1.25 to $2.25
Rdalonso: folds 
ptolejmus: folds 
Uncalled bet ($1.25) returned to Xenicide
Xenicide collected $2.50 from pot
*** SUMMARY ***
Total pot $2.50 | Rake $0 
Seat 2: daniloveee
Seat 1: Xenicide (button) collected ($2.50)
Seat 3: Rdalonso (small blind) folded before Flop
Seat 4: ptolejmus (big blind) folded before Flop
Seat 5: Pippa83 folded before Flop (didn't bet)
Seat 6: gudrozd folded before Flop (didn't bet)



PokerStars Hand #254415394781:  Hold'em No Limit ($0.50/$1.00 USD) - 2025/01/17 16:06:16 WET [2025/01/17 11:06:16 ET]
Table 'Algorab IV' 6-max Seat #3 is the button
Seat 2: daniloveee ($0 in chips) is sitting out
Seat 5: Pippa83 ($100 in chips) is sitting out
Seat 1: Xenicide ($103.30 in chips) 
Seat 3: Rdalonso ($120.33 in chips) 
Seat 4: ptolejmus ($10 in chips) 
Seat 6: gudrozd ($175.38 in chips) 
ptolejmus: posts small blind $0.50
Pippa83: is sitting out 
gudrozd: posts big blind $1
*** HOLE CARDS ***
Xenicide: folds 
Rdalonso: raises $1.50 to $2.50
Pippa83 leaves the table
ptolejmus: raises $7.50 to $10 and is all-in
gudrozd: folds 
Rdalonso: folds 
Uncalled bet ($7.50) returned to ptolejmus
ptolejmus collected $6 from pot
*** SUMMARY ***
Total pot $6 | Rake $0 
Seat 2: daniloveee
Seat 5: Pippa83
Seat 1: Xenicide folded before Flop (didn't bet)
Seat 3: Rdalonso (button) folded before Flop
Seat 4: ptolejmus (small blind) collected ($6)
Seat 6: gudrozd (big blind) folded before Flop



PokerStars Hand #254415398947:  Hold'em No Limit ($0.50/$1.00 USD) - 2025/01/17 16:06:34 WET [2025/01/17 11:06:34 ET]
Table 'Algorab IV' 6-max Seat #4 is the button
Seat 2: daniloveee ($0 in chips) is sitting out
Seat 6: gudrozd ($174.38 in chips) is sitting out
Seat 1: Xenicide ($103.30 in chips) 
Seat 3: Rdalonso ($117.83 in chips) 
Seat 4: ptolejmus ($13.50 in chips) 
Xenicide: posts small blind $0.50
Rdalonso: posts big blind $1
*** HOLE CARDS ***
gudrozd leaves the table
daniloveee is disconnected 
ptolejmus: folds 
Xenicide: folds 
Uncalled bet ($0.50) returned to Rdalonso
Rdalonso collected $1 from pot
Rdalonso: doesn't show hand 
*** SUMMARY ***
Total pot $1 | Rake $0 
Seat 2: daniloveee
Seat 6: gudrozd
Seat 1: Xenicide (small blind) folded before Flop
Seat 3: Rdalonso (big blind) collected ($1)
Seat 4: ptolejmus (button) folded before Flop (didn't bet)



PokerStars Hand #254415402325:  Hold'em No Limit ($0.50/$1.00 USD) - 2025/01/17 16:06:50 WET [2025/01/17 11:06:50 ET]
Table 'Algorab IV' 6-max Seat #3 is the button
Seat 2: daniloveee ($0 in chips) is sitting out
Seat 4: ptolejmus ($13.50 in chips) is sitting out
Seat 1: Xenicide ($102.80 in chips) 
Seat 3: Rdalonso ($118.33 in chips) 
Rdalonso: posts small blind $0.50
ptolejmus: is sitting out 
Xenicide: posts big blind $1
*** HOLE CARDS ***
ptolejmus leaves the table
Rdalonso: raises $1.50 to $2.50
Xenicide: calls $1.50
*** FLOP *** [7s 5d 5s]
nastja336 joins the table at seat #5 
Diamondplaces joins the table at seat #4 
Xenicide: checks 
Diamondplaces is disconnected 
Rdalonso: checks 
*** TURN *** [7s 5d 5s] [7h]
Xenicide: checks 
Rdalonso: checks 
*** RIVER *** [7s 5d 5s 7h] [4s]
Xenicide: checks 
Rdalonso: checks 
*** SHOW DOWN ***
Xenicide: shows [Ah 8s] (two pair, Sevens and Fives)
Rdalonso: shows [Kh Ad] (two pair, Sevens and Fives)
Xenicide collected $2.38 from pot
Rdalonso collected $2.37 from pot
*** SUMMARY ***
Total pot $5 | Rake $0.25 
Board [7s 5d 5s 7h 4s]
Seat 2: daniloveee
Seat 4: ptolejmus
Seat 1: Xenicide (big blind) showed [Ah 8s] and won ($2.38) with two pair, Sevens and Fives
Seat 3: Rdalonso (button) (small blind) showed [Kh Ad] and won ($2.37) with two pair, Sevens and Fives



PokerStars Hand #254415418453:  Hold'em No Limit ($0.50/$1.00 USD) - 2025/01/17 16:08:01 WET [2025/01/17 11:08:01 ET]
Table 'Algorab IV' 6-max Seat #5 is the button
Seat 2: daniloveee ($0 in chips) is sitting out
Seat 3: Rdalonso ($118.20 in chips) is sitting out
Seat 4: Diamondplaces ($25.38 in chips) 
Seat 5: nastja336 ($102.72 in chips) 
nastja336: posts small blind $0.50
Rdalonso: is sitting out 
Diamondplaces: posts big blind $1
*** HOLE CARDS ***
nastja336: raises $2 to $3
Diamondplaces: folds 
Uncalled bet ($2) returned to nastja336
Rdalonso leaves the table
nastja336 collected $2 from pot
nastja336: doesn't show hand 
*** SUMMARY ***
Total pot $2 | Rake $0 
Seat 2: daniloveee
Seat 3: Rdalonso
Seat 4: Diamondplaces (big blind) folded before Flop
Seat 5: nastja336 (button) (small blind) collected ($2)



PokerStars Hand #254415420647:  Hold'em No Limit ($0.50/$1.00 USD) - 2025/01/17 16:08:11 WET [2025/01/17 11:08:11 ET]
Table 'Algorab IV' 6-max Seat #4 is the button
Seat 2: daniloveee ($0 in chips) is sitting out
Seat 4: Diamondplaces ($24.38 in chips) 
Seat 5: nastja336 ($103.72 in chips) 
Diamondplaces: posts small blind $0.50
nastja336: posts big blind $1
*** HOLE CARDS ***
Diamondplaces: raises $1 to $2
nastja336: folds 
Uncalled bet ($1) returned to Diamondplaces
Diamondplaces collected $2 from pot
*** SUMMARY ***
Total pot $2 | Rake $0 
Seat 2: daniloveee
Seat 4: Diamondplaces (button) (small blind) collected ($2)
Seat 5: nastja336 (big blind) folded before Flop



PokerStars Hand #254415426602:  Hold'em No Limit ($0.50/$1.00 USD) - 2025/01/17 16:08:37 WET [2025/01/17 11:08:37 ET]
Table 'Algorab IV' 6-max Seat #5 is the button
Seat 2: daniloveee ($0 in chips) is sitting out
Seat 1: vikonda85 ($100 in chips) 
Seat 4: Diamondplaces ($25.38 in chips) 
Seat 5: 06Hookd ($100 in chips) 
vikonda85: posts small blind $0.50
Diamondplaces: posts big blind $1
*** HOLE CARDS ***
06Hookd: raises $1.50 to $2.50
vikonda85: folds 
Diamondplaces: folds 
Uncalled bet ($1.50) returned to 06Hookd
06Hookd collected $2.50 from pot
06Hookd: doesn't show hand 
*** SUMMARY ***
Total pot $2.50 | Rake $0 
Seat 2: daniloveee
Seat 1: vikonda85 (small blind) folded before Flop
Seat 4: Diamondplaces (big blind) folded before Flop
Seat 5: 06Hookd (button) collected ($2.50)



PokerStars Hand #254415429503:  Hold'em No Limit ($0.50/$1.00 USD) - 2025/01/17 16:08:50 WET [2025/01/17 11:08:50 ET]
Table 'Algorab IV' 6-max Seat #1 is the button
Seat 2: daniloveee ($0 in chips) is sitting out
Seat 1: vikonda85 ($100 in chips) 
Seat 4: Diamondplaces ($24.38 in chips) 
Seat 5: 06Hookd ($101.50 in chips) 
Diamondplaces: posts small blind $0.50
06Hookd: posts big blind $1
*** HOLE CARDS ***
vikonda85: raises $1.50 to $2.50
Diamondplaces: raises $21.88 to $24.38 and is all-in
06Hookd: folds 
vikonda85: folds 
Uncalled bet ($21.88) returned to Diamondplaces
Diamondplaces collected $6 from pot
*** SUMMARY ***
Total pot $6 | Rake $0 
Seat 2: daniloveee
Seat 1: vikonda85 (button) folded before Flop
Seat 4: Diamondplaces (small blind) collected ($6)
Seat 5: 06Hookd (big blind) folded before Flop



PokerStars Hand #254415434365:  Hold'em No Limit ($0.50/$1.00 USD) - 2025/01/17 16:09:12 WET [2025/01/17 11:09:12 ET]
Table 'Algorab IV' 6-max Seat #4 is the button
Seat 2: daniloveee ($0 in chips) is sitting out
Seat 1: vikonda85 ($100 in chips) 
Seat 4: Diamondplaces ($27.88 in chips) 
Seat 5: 06Hookd ($100.50 in chips) 
06Hookd: posts small blind $0.50
vikonda85: posts big blind $1
*** HOLE CARDS ***
Diamondplaces: folds 
06Hookd: raises $2 to $3
vikonda85: folds 
Uncalled bet ($2) returned to 06Hookd
06Hookd collected $2 from pot
06Hookd: doesn't show hand 
*** SUMMARY ***
Total pot $2 | Rake $0 
Seat 2: daniloveee
Seat 1: vikonda85 (big blind) folded before Flop
Seat 4: Diamondplaces (button) folded before Flop (didn't bet)
Seat 5: 06Hookd (small blind) collected ($2)



PokerStars Hand #254415437354:  Hold'em No Limit ($0.50/$1.00 USD) - 2025/01/17 16:09:26 WET [2025/01/17 11:09:26 ET]
Table 'Algorab IV' 6-max Seat #5 is the button
Seat 2: daniloveee ($0 in chips) is sitting out
Seat 1: vikonda85 ($100 in chips) 
Seat 4: Diamondplaces ($27.88 in chips) 
Seat 5: 06Hookd ($101.50 in chips) 
vikonda85: posts small blind $0.50
Diamondplaces: posts big blind $1
*** HOLE CARDS ***
06Hookd: folds 
vikonda85: folds 
Uncalled bet ($0.50) returned to Diamondplaces
Diamondplaces collected $1 from pot
*** SUMMARY ***
Total pot $1 | Rake $0 
Seat 2: daniloveee
Seat 1: vikonda85 (small blind) folded before Flop
Seat 4: Diamondplaces (big blind) collected ($1)
Seat 5: 06Hookd (button) folded before Flop (didn't bet)



PokerStars Hand #254415439002:  Hold'em No Limit ($0.50/$1.00 USD) - 2025/01/17 16:09:33 WET [2025/01/17 11:09:33 ET]
Table 'Algorab IV' 6-max Seat #1 is the button
Seat 2: daniloveee ($0 in chips) is sitting out
Seat 1: vikonda85 ($100 in chips) 
Seat 4: Diamondplaces ($28.38 in chips) 
Seat 5: 06Hookd ($101.50 in chips) 
Diamondplaces: posts small blind $0.50
06Hookd: posts big blind $1
*** HOLE CARDS ***
Zvst joins the table at seat #3 
vikonda85: folds 
Diamondplaces: folds 
Uncalled bet ($0.50) returned to 06Hookd
06Hookd collected $1 from pot
06Hookd: doesn't show hand 
*** SUMMARY ***
Total pot $1 | Rake $0 
Seat 2: daniloveee
Seat 1: vikonda85 (button) folded before Flop (didn't bet)
Seat 4: Diamondplaces (small blind) folded before Flop
Seat 5: 06Hookd (big blind) collected ($1)



PokerStars Hand #254415441498:  Hold'em No Limit ($0.50/$1.00 USD) - 2025/01/17 16:09:44 WET [2025/01/17 11:09:44 ET]
Table 'Algorab IV' 6-max Seat #4 is the button
Seat 2: daniloveee ($0 in chips) is sitting out
Seat 3: Zvst ($10 in chips) is sitting out
Seat 1: vikonda85 ($100 in chips) 
Seat 4: Diamondplaces ($27.88 in chips) 
Seat 5: 06Hookd ($102 in chips) 
06Hookd: posts small blind $0.50
vikonda85: posts big blind $1
Zvst: sits out 
*** HOLE CARDS ***
Diamondplaces: raises $1 to $2
06Hookd: folds 
vikonda85: folds 
Uncalled bet ($1) returned to Diamondplaces
Diamondplaces collected $2.50 from pot
*** SUMMARY ***
Total pot $2.50 | Rake $0 
Seat 2: daniloveee
Seat 3: Zvst
Seat 1: vikonda85 (big blind) folded before Flop
Seat 4: Diamondplaces (button) collected ($2.50)
Seat 5: 06Hookd (small blind) folded before Flop



PokerStars Hand #254415447017:  Hold'em No Limit ($0.50/$1.00 USD) - 2025/01/17 16:10:09 WET [2025/01/17 11:10:09 ET]
Table 'Algorab IV' 6-max Seat #5 is the button
Seat 2: daniloveee ($0 in chips) is sitting out
Seat 1: vikonda85 ($100 in chips) 
Seat 3: Zvst ($10 in chips) 
Seat 4: Diamondplaces ($29.38 in chips) 
Seat 5: 06Hookd ($101.50 in chips) 
vikonda85: posts small blind $0.50
Zvst: posts big blind $1
*** HOLE CARDS ***
Diamondplaces: calls $1
06Hookd: raises $2 to $3
vikonda85: folds 
Zvst: folds 
Diamondplaces: calls $2
*** FLOP *** [As 6h 8s]
Diamondplaces: bets $1
06Hookd: folds 
Uncalled bet ($1) returned to Diamondplaces
Diamondplaces collected $7.12 from pot
*** SUMMARY ***
Total pot $7.50 | Rake $0.38 
Board [As 6h 8s]
Seat 2: daniloveee
Seat 1: vikonda85 (small blind) folded before Flop
Seat 3: Zvst (big blind) folded before Flop
Seat 4: Diamondplaces collected ($7.12)
Seat 5: 06Hookd (button) folded on the Flop



PokerStars Hand #254415455969:  Hold'em No Limit ($0.50/$1.00 USD) - 2025/01/17 16:10:49 WET [2025/01/17 11:10:49 ET]
Table 'Algorab IV' 6-max Seat #1 is the button
Seat 2: daniloveee ($0 in chips) is sitting out
Seat 1: vikonda85 ($100 in chips) 
Seat 3: Zvst ($10 in chips) 
Seat 4: Diamondplaces ($33.50 in chips) 
Seat 5: 06Hookd ($98.50 in chips) 
Zvst: posts small blind $0.50
Diamondplaces: posts big blind $1
*** HOLE CARDS ***
06Hookd: raises $1.30 to $2.30
vikonda85: folds 
Zvst: folds 
Diamondplaces: folds 
Uncalled bet ($1.30) returned to 06Hookd
06Hookd collected $2.50 from pot
06Hookd: doesn't show hand 
*** SUMMARY ***
Total pot $2.50 | Rake $0 
Seat 2: daniloveee
Seat 1: vikonda85 (button) folded before Flop (didn't bet)
Seat 3: Zvst (small blind) folded before Flop
Seat 4: Diamondplaces (big blind) folded before Flop
Seat 5: 06Hookd collected ($2.50)



PokerStars Hand #254415458653:  Hold'em No Limit ($0.50/$1.00 USD) - 2025/01/17 16:11:01 WET [2025/01/17 11:11:01 ET]
Table 'Algorab IV' 6-max Seat #3 is the button
Seat 2: daniloveee ($0 in chips) is sitting out
Seat 1: vikonda85 ($100 in chips) 
Seat 3: Zvst ($10 in chips) 
Seat 4: Diamondplaces ($32.50 in chips) 
Seat 5: 06Hookd ($100 in chips) 
Diamondplaces: posts small blind $0.50
06Hookd: posts big blind $1
*** HOLE CARDS ***
NathanDye19 joins the table at seat #6 
NathanDye19 is disconnected 
vikonda85: folds 
Zvst: folds 
Diamondplaces: folds 
Uncalled bet ($0.50) returned to 06Hookd
Diamondplaces leaves the table
06Hookd collected $1 from pot
06Hookd: doesn't show hand 
*** SUMMARY ***
Total pot $1 | Rake $0 
Seat 2: daniloveee
Seat 1: vikonda85 folded before Flop (didn't bet)
Seat 3: Zvst (button) folded before Flop (didn't bet)
Seat 4: Diamondplaces (small blind) folded before Flop
Seat 5: 06Hookd (big blind) collected ($1)



PokerStars Hand #254415461738:  Hold'em No Limit ($0.50/$1.00 USD) - 2025/01/17 16:11:15 WET [2025/01/17 11:11:15 ET]
Table 'Algorab IV' 6-max Seat #5 is the button
Seat 2: daniloveee ($0 in chips) is sitting out
Seat 6: NathanDye19 ($88.37 in chips) is sitting out
Seat 1: vikonda85 ($100 in chips) 
Seat 3: Zvst ($10 in chips) 
Seat 5: 06Hookd ($100.50 in chips) 
raketkasix joins the table at seat #4 
vikonda85: posts small blind $0.50
Zvst: posts big blind $1
*** HOLE CARDS ***
06Hookd: raises $1.50 to $2.50
vikonda85: folds 
Zvst: folds 
Uncalled bet ($1.50) returned to 06Hookd
06Hookd collected $2.50 from pot
daniloveee leaves the table
06Hookd: doesn't show hand 
*** SUMMARY ***
Total pot $2.50 | Rake $0 
Seat 2: daniloveee
Seat 6: NathanDye19
Seat 1: vikonda85 (small blind) folded before Flop
Seat 3: Zvst (big blind) folded before Flop
Seat 5: 06Hookd (button) collected ($2.50)



PokerStars Hand #254415465021:  Hold'em No Limit ($0.50/$1.00 USD) - 2025/01/17 16:11:29 WET [2025/01/17 11:11:29 ET]
Table 'Algorab IV' 6-max Seat #1 is the button
Seat 1: vikonda85 ($100 in chips) 
Seat 3: Zvst ($10 in chips) 
Seat 4: raketkasix ($100 in chips) 
Seat 5: 06Hookd ($102 in chips) 
Seat 6: NathanDye19 ($88.37 in chips) 
Zvst: posts small blind $0.50
raketkasix: posts big blind $1
NathanDye19: posts big blind $1
*** HOLE CARDS ***
Rdalonso joins the table at seat #2 
06Hookd: folds 
NathanDye19: raises $1 to $2
vikonda85: folds 
Zvst: folds 
raketkasix: raises $6 to $8
NathanDye19: calls $6
*** FLOP *** [Qs Ac Kh]
raketkasix: bets $4
NathanDye19: folds 
Uncalled bet ($4) returned to raketkasix
raketkasix collected $15.68 from pot
raketkasix: doesn't show hand 
*** SUMMARY ***
Total pot $16.50 | Rake $0.82 
Board [Qs Ac Kh]
Seat 1: vikonda85 (button) folded before Flop (didn't bet)
Seat 3: Zvst (small blind) folded before Flop
Seat 4: raketkasix (big blind) collected ($15.68)
Seat 5: 06Hookd folded before Flop (didn't bet)
Seat 6: NathanDye19 folded on the Flop



PokerStars Hand #254415479142:  Hold'em No Limit ($0.50/$1.00 USD) - 2025/01/17 16:12:33 WET [2025/01/17 11:12:33 ET]
Table 'Algorab IV' 6-max Seat #3 is the button
Seat 2: Rdalonso ($118.20 in chips) is sitting out
Seat 1: vikonda85 ($100 in chips) 
Seat 3: Zvst ($100 in chips) 
Seat 4: raketkasix ($107.68 in chips) 
Seat 5: 06Hookd ($102 in chips) 
Seat 6: NathanDye19 ($80.37 in chips) 
raketkasix: posts small blind $0.50
06Hookd: posts big blind $1
Rdalonso: sits out 
*** HOLE CARDS ***
NathanDye19: folds 
vikonda85: folds 
Zvst: raises $1.50 to $2.50
raketkasix: raises $8.50 to $11
06Hookd: folds 
Zvst: folds 
Uncalled bet ($8.50) returned to raketkasix
raketkasix collected $6 from pot
raketkasix: doesn't show hand 
*** SUMMARY ***
Total pot $6 | Rake $0 
Seat 2: Rdalonso
Seat 1: vikonda85 folded before Flop (didn't bet)
Seat 3: Zvst (button) folded before Flop
Seat 4: raketkasix (small blind) collected ($6)
Seat 5: 06Hookd (big blind) folded before Flop
Seat 6: NathanDye19 folded before Flop (didn't bet)



PokerStars Hand #254415483451:  Hold'em No Limit ($0.50/$1.00 USD) - 2025/01/17 16:12:52 WET [2025/01/17 11:12:52 ET]
Table 'Algorab IV' 6-max Seat #4 is the button
Seat 2: Rdalonso ($118.20 in chips) is sitting out
Seat 1: vikonda85 ($100 in chips) 
Seat 3: Zvst ($97.50 in chips) 
Seat 4: raketkasix ($111.18 in chips) 
Seat 5: 06Hookd ($101 in chips) 
Seat 6: NathanDye19 ($80.37 in chips) 
06Hookd: posts small blind $0.50
NathanDye19: posts big blind $1
Rdalonso: sits out 
*** HOLE CARDS ***
vikonda85 has timed out
vikonda85: folds 
Zvst: folds 
raketkasix: folds 
06Hookd: folds 
Uncalled bet ($0.50) returned to NathanDye19
NathanDye19 collected $1 from pot
*** SUMMARY ***
Total pot $1 | Rake $0 
Seat 2: Rdalonso
Seat 1: vikonda85 folded before Flop (didn't bet)
Seat 3: Zvst folded before Flop (didn't bet)
Seat 4: raketkasix (button) folded before Flop (didn't bet)
Seat 5: 06Hookd (small blind) folded before Flop
Seat 6: NathanDye19 (big blind) collected ($1)



PokerStars Hand #254415488246:  Hold'em No Limit ($0.50/$1.00 USD) - 2025/01/17 16:13:13 WET [2025/01/17 11:13:13 ET]
Table 'Algorab IV' 6-max Seat #5 is the button
Seat 2: Rdalonso ($118.20 in chips) is sitting out
Seat 1: vikonda85 ($100 in chips) 
Seat 3: Zvst ($97.50 in chips) 
Seat 4: raketkasix ($111.18 in chips) 
Seat 5: 06Hookd ($100.50 in chips) 
Seat 6: NathanDye19 ($80.87 in chips) 
NathanDye19: posts small blind $0.50
vikonda85: posts big blind $1
Rdalonso: sits out 
*** HOLE CARDS ***
Zvst: folds 
raketkasix: folds 
06Hookd: folds 
NathanDye19: raises $2 to $3
vikonda85: folds 
Uncalled bet ($2) returned to NathanDye19
NathanDye19 collected $2 from pot
*** SUMMARY ***
Total pot $2 | Rake $0 
Seat 2: Rdalonso
Seat 1: vikonda85 (big blind) folded before Flop
Seat 3: Zvst folded before Flop (didn't bet)
Seat 4: raketkasix folded before Flop (didn't bet)
Seat 5: 06Hookd (button) folded before Flop (didn't bet)
Seat 6: NathanDye19 (small blind) collected ($2)



PokerStars Hand #254415491959:  Hold'em No Limit ($0.50/$1.00 USD) - 2025/01/17 16:13:29 WET [2025/01/17 11:13:29 ET]
Table 'Algorab IV' 6-max Seat #6 is the button
Seat 1: vikonda85 ($100 in chips) 
Seat 2: Rdalonso ($118.20 in chips) 
Seat 3: Zvst ($97.50 in chips) 
Seat 4: raketkasix ($111.18 in chips) 
Seat 5: 06Hookd ($100.50 in chips) 
Seat 6: NathanDye19 ($81.87 in chips) 
vikonda85: posts small blind $0.50
Rdalonso: posts big blind $1
*** HOLE CARDS ***
Zvst: folds 
raketkasix: folds 
06Hookd: folds 
NathanDye19: raises $2 to $3
vikonda85: folds 
Rdalonso: folds 
Uncalled bet ($2) returned to NathanDye19
NathanDye19 collected $2.50 from pot
*** SUMMARY ***
Total pot $2.50 | Rake $0 
Seat 1: vikonda85 (small blind) folded before Flop
Seat 2: Rdalonso (big blind) folded before Flop
Seat 3: Zvst folded before Flop (didn't bet)
Seat 4: raketkasix folded before Flop (didn't bet)
Seat 5: 06Hookd folded before Flop (didn't bet)
Seat 6: NathanDye19 (button) collected ($2.50)



PokerStars Hand #254415496394:  Hold'em No Limit ($0.50/$1.00 USD) - 2025/01/17 16:13:49 WET [2025/01/17 11:13:49 ET]
Table 'Algorab IV' 6-max Seat #1 is the button
Seat 1: vikonda85 ($100 in chips) 
Seat 2: Rdalonso ($117.20 in chips) 
Seat 3: Zvst ($97.50 in chips) 
Seat 4: raketkasix ($111.18 in chips) 
Seat 5: 06Hookd ($100.50 in chips) 
Seat 6: NathanDye19 ($83.37 in chips) 
Rdalonso: posts small blind $0.50
Zvst: posts big blind $1
*** HOLE CARDS ***
raketkasix: folds 
06Hookd: raises $1 to $2
NathanDye19: folds 
vikonda85: folds 
Rdalonso: folds 
Zvst: calls $1
*** FLOP *** [6c 9h 8d]
Zvst: checks 
06Hookd: checks 
*** TURN *** [6c 9h 8d] [Th]
Zvst: checks 
06Hookd: bets $2.82
Zvst: calls $2.82
*** RIVER *** [6c 9h 8d Th] [Js]
Zvst: checks 
06Hookd: checks 
*** SHOW DOWN ***
Zvst: shows [9d Qc] (a straight, Eight to Queen)
06Hookd: mucks hand 
Zvst collected $9.63 from pot
*** SUMMARY ***
Total pot $10.14 | Rake $0.51 
Board [6c 9h 8d Th Js]
Seat 1: vikonda85 (button) folded before Flop (didn't bet)
Seat 2: Rdalonso (small blind) folded before Flop
Seat 3: Zvst (big blind) showed [9d Qc] and won ($9.63) with a straight, Eight to Queen
Seat 4: raketkasix folded before Flop (didn't bet)
Seat 5: 06Hookd mucked
Seat 6: NathanDye19 folded before Flop (didn't bet)



PokerStars Hand #254415508389:  Hold'em No Limit ($0.50/$1.00 USD) - 2025/01/17 16:14:41 WET [2025/01/17 11:14:41 ET]
Table 'Algorab IV' 6-max Seat #2 is the button
Seat 1: vikonda85 ($100 in chips) 
Seat 2: Rdalonso ($116.70 in chips) 
Seat 3: Zvst ($102.31 in chips) 
Seat 4: raketkasix ($111.18 in chips) 
Seat 5: 06Hookd ($95.68 in chips) 
Seat 6: NathanDye19 ($83.37 in chips) 
Zvst: posts small blind $0.50
raketkasix: posts big blind $1
*** HOLE CARDS ***
06Hookd: folds 
NathanDye19: folds 
vikonda85: folds 
NathanDye19 leaves the table
Rdalonso: raises $1.50 to $2.50
Zvst: folds 
raketkasix: raises $8.50 to $11
Rdalonso: folds 
Uncalled bet ($8.50) returned to raketkasix
raketkasix collected $5.50 from pot
raketkasix: doesn't show hand 
*** SUMMARY ***
Total pot $5.50 | Rake $0 
Seat 1: vikonda85 folded before Flop (didn't bet)
Seat 2: Rdalonso (button) folded before Flop
Seat 3: Zvst (small blind) folded before Flop
Seat 4: raketkasix (big blind) collected ($5.50)
Seat 5: 06Hookd folded before Flop (didn't bet)
Seat 6: NathanDye19 folded before Flop (didn't bet)



PokerStars Hand #254415515047:  Hold'em No Limit ($0.50/$1.00 USD) - 2025/01/17 16:15:10 WET [2025/01/17 11:15:10 ET]
Table 'Algorab IV' 6-max Seat #3 is the button
Seat 1: vikonda85 ($100 in chips) 
Seat 2: Rdalonso ($114.20 in chips) 
Seat 3: Zvst ($101.81 in chips) 
Seat 4: raketkasix ($114.18 in chips) 
Seat 5: 06Hookd ($95.68 in chips) 
raketkasix: posts small blind $0.50
06Hookd: posts big blind $1
*** HOLE CARDS ***
vikonda85: raises $1.50 to $2.50
Rdalonso: folds 
Zvst: folds 
raketkasix: folds 
06Hookd: folds 
Uncalled bet ($1.50) returned to vikonda85
vikonda85 collected $2.50 from pot
vikonda85: doesn't show hand 
*** SUMMARY ***
Total pot $2.50 | Rake $0 
Seat 1: vikonda85 collected ($2.50)
Seat 2: Rdalonso folded before Flop (didn't bet)
Seat 3: Zvst (button) folded before Flop (didn't bet)
Seat 4: raketkasix (small blind) folded before Flop
Seat 5: 06Hookd (big blind) folded before Flop



PokerStars Hand #254415518522:  Hold'em No Limit ($0.50/$1.00 USD) - 2025/01/17 16:15:25 WET [2025/01/17 11:15:25 ET]
Table 'Algorab IV' 6-max Seat #4 is the button
Seat 1: vikonda85 ($101.50 in chips) 
Seat 2: Rdalonso ($114.20 in chips) 
Seat 3: Zvst ($101.81 in chips) 
Seat 4: raketkasix ($113.68 in chips) 
Seat 5: 06Hookd ($94.68 in chips) 
06Hookd: posts small blind $0.50
vikonda85: posts big blind $1
*** HOLE CARDS ***
Rdalonso: folds 
Zvst: raises $1.50 to $2.50
raketkasix: folds 
06Hookd: raises $8.50 to $11
vikonda85: folds 
Zvst: folds 
Uncalled bet ($8.50) returned to 06Hookd
06Hookd collected $6 from pot
06Hookd: doesn't show hand 
*** SUMMARY ***
Total pot $6 | Rake $0 
Seat 1: vikonda85 (big blind) folded before Flop
Seat 2: Rdalonso folded before Flop (didn't bet)
Seat 3: Zvst folded before Flop
Seat 4: raketkasix (button) folded before Flop (didn't bet)
Seat 5: 06Hookd (small blind) collected ($6)



PokerStars Hand #254415523934:  Hold'em No Limit ($0.50/$1.00 USD) - 2025/01/17 16:15:49 WET [2025/01/17 11:15:49 ET]
Table 'Algorab IV' 6-max Seat #1 is the button
Seat 2: Rdalonso ($114.20 in chips) is sitting out
Seat 3: Zvst ($99.31 in chips) is sitting out
Seat 4: raketkasix ($113.68 in chips) is sitting out
Seat 1: vikonda85 ($100.50 in chips) 
Seat 5: 06Hookd ($98.18 in chips) 
vikonda85: posts small blind $0.50
Rdalonso: is sitting out 
Zvst: is sitting out 
raketkasix: is sitting out 
06Hookd: posts big blind $1
*** HOLE CARDS ***
guirib8ir0 joins the table at seat #6 
raketkasix leaves the table
Rdalonso leaves the table
Zvst leaves the table
vikonda85: folds 
Uncalled bet ($0.50) returned to 06Hookd
06Hookd collected $1 from pot
06Hookd: doesn't show hand 
*** SUMMARY ***
Total pot $1 | Rake $0 
Seat 2: Rdalonso
Seat 3: Zvst
Seat 4: raketkasix
Seat 1: vikonda85 (button) (small blind) folded before Flop
Seat 5: 06Hookd (big blind) collected ($1)



PokerStars Hand #254415526709:  Hold'em No Limit ($0.50/$1.00 USD) - 2025/01/17 16:16:01 WET [2025/01/17 11:16:01 ET]
Table 'Algorab IV' 6-max Seat #1 is the button
Seat 1: vikonda85 ($100 in chips) 
Seat 5: 06Hookd ($98.68 in chips) 
Seat 6: guirib8ir0 ($100 in chips) 
06Hookd: posts small blind $0.50
guirib8ir0: posts big blind $1
*** HOLE CARDS ***
vikonda85: raises $1.50 to $2.50
06Hookd: folds 
guirib8ir0: folds 
Uncalled bet ($1.50) returned to vikonda85
vikonda85 collected $2.50 from pot
vikonda85: doesn't show hand 
*** SUMMARY ***
Total pot $2.50 | Rake $0 
Seat 1: vikonda85 (button) collected ($2.50)
Seat 5: 06Hookd (small blind) folded before Flop
Seat 6: guirib8ir0 (big blind) folded before Flop



PokerStars Hand #254415530857:  Hold'em No Limit ($0.50/$1.00 USD) - 2025/01/17 16:16:19 WET [2025/01/17 11:16:19 ET]
Table 'Algorab IV' 6-max Seat #6 is the button
Seat 1: vikonda85 ($101.50 in chips) is sitting out
Seat 5: 06Hookd ($98.18 in chips) 
Seat 6: guirib8ir0 ($100 in chips) 
guirib8ir0: posts small blind $0.50
vikonda85: is sitting out 
06Hookd: posts big blind $1
*** HOLE CARDS ***
guirib8ir0: raises $1.50 to $2.50
vikonda85 leaves the table
06Hookd: folds 
Uncalled bet ($1.50) returned to guirib8ir0
guirib8ir0 collected $2 from pot
*** SUMMARY ***
Total pot $2 | Rake $0 
Seat 1: vikonda85
Seat 5: 06Hookd (big blind) folded before Flop
Seat 6: guirib8ir0 (button) (small blind) collected ($2)



PokerStars Hand #254415533079:  Hold'em No Limit ($0.50/$1.00 USD) - 2025/01/17 16:16:29 WET [2025/01/17 11:16:29 ET]
Table 'Algorab IV' 6-max Seat #5 is the button
Seat 5: 06Hookd ($97.18 in chips) 
Seat 6: guirib8ir0 ($101 in chips) 
06Hookd: posts small blind $0.50
guirib8ir0: posts big blind $1
*** HOLE CARDS ***
06Hookd: raises $1.30 to $2.30
guirib8ir0: folds 
Uncalled bet ($1.30) returned to 06Hookd
06Hookd collected $2 from pot
06Hookd: doesn't show hand 
*** SUMMARY ***
Total pot $2 | Rake $0 
Seat 5: 06Hookd (button) (small blind) collected ($2)
Seat 6: guirib8ir0 (big blind) folded before Flop



