PokerStars Hand #254412010240:  Hold'em No Limit ($0.50/$1.00 USD) - 2025/01/17 10:05:31 WET [2025/01/17 5:05:31 ET]
Table 'Otero III' 6-max Seat #3 is the button
Seat 6: steelNike ($41 in chips) is sitting out
Seat 1: steepfell ($104.22 in chips) 
Seat 2: ImaPeppaPig ($138.70 in chips) 
Seat 3: SeEevg ($100 in chips) 
Seat 4: Fold Your Cats ($100 in chips) 
Fold Your Cats: posts small blind $0.50
steelNike: is sitting out 
steepfell: posts big blind $1
*** HOLE CARDS ***
ImaPeppaPig: raises $1.50 to $2.50
steelNike leaves the table
SeEevg: folds 
Fold Your Cats: folds 
steepfell: calls $1.50
*** FLOP *** [6d 7c Ts]
steepfell: checks 
ImaPeppaPig: checks 
*** TURN *** [6d 7c Ts] [9c]
steepfell: checks 
ImaPeppaPig: checks 
*** RIVER *** [6d 7c Ts 9c] [Ks]
steepfell: checks 
ImaPeppaPig: checks 
*** SHOW DOWN ***
steepfell: shows [Ad Th] (a pair of Tens)
ImaPeppaPig: mucks hand 
steepfell collected $5.22 from pot
*** SUMMARY ***
Total pot $5.50 | Rake $0.28 
Board [6d 7c Ts 9c Ks]
Seat 6: steelNike
Seat 1: steepfell (big blind) showed [Ad Th] and won ($5.22) with a pair of Tens
Seat 2: ImaPeppaPig mucked
Seat 3: SeEevg (button) folded before Flop (didn't bet)
Seat 4: Fold Your Cats (small blind) folded before Flop



PokerStars Hand #254412015988:  Hold'em No Limit ($0.50/$1.00 USD) - 2025/01/17 10:06:24 WET [2025/01/17 5:06:24 ET]
Table 'Otero III' 6-max Seat #4 is the button
Seat 1: steepfell ($106.94 in chips) 
Seat 2: ImaPeppaPig ($136.20 in chips) 
Seat 3: SeEevg ($100 in chips) 
Seat 4: Fold Your Cats ($100 in chips) 
steepfell: posts small blind $0.50
ImaPeppaPig: posts big blind $1
*** HOLE CARDS ***
SeEevg: folds 
Fold Your Cats: folds 
steepfell: raises $2 to $3
ImaPeppaPig: calls $2
*** FLOP *** [2d 8s Ts]
steepfell: bets $2.85
ImaPeppaPig: folds 
Uncalled bet ($2.85) returned to steepfell
steepfell collected $5.70 from pot
steepfell: doesn't show hand 
*** SUMMARY ***
Total pot $6 | Rake $0.30 
Board [2d 8s Ts]
Seat 1: steepfell (small blind) collected ($5.70)
Seat 2: ImaPeppaPig (big blind) folded on the Flop
Seat 3: SeEevg folded before Flop (didn't bet)
Seat 4: Fold Your Cats (button) folded before Flop (didn't bet)



