PokerStars Hand #254423677445:  Hold'em No Limit ($0.50/$1.00 USD) - 2025/01/17 0:31:08 WET [2025/01/17 19:31:08 ET]
Table 'Armisticia III' 6-max Seat #3 is the button
Seat 1: ptolejmus ($10 in chips) 
Seat 2: z00mba ($100 in chips) 
Seat 3: BGS013 ($100 in chips) 
Seat 4: YanMaster10 ($28.45 in chips) 
Seat 5: stevoooo34 ($41.25 in chips) 
Seat 6: Richard2494 ($100 in chips) 
YanMaster10: posts small blind $0.50
stevoooo34: posts big blind $1
*** HOLE CARDS ***
Richard2494: calls $1
ptolejmus: folds 
z00mba: folds 
BGS013: folds 
YanMaster10: raises $1 to $2
stevoooo34: folds 
Richard2494: calls $1
*** FLOP *** [3c Ks Jh]
YanMaster10: bets $4.75
Richard2494: folds 
Uncalled bet ($4.75) returned to YanMaster10
YanMaster10 collected $4.75 from pot
*** SUMMARY ***
Total pot $5 | Rake $0.25 
Board [3c Ks Jh]
Seat 1: ptolejmus folded before Flop (didn't bet)
Seat 2: z00mba folded before Flop (didn't bet)
Seat 3: BGS013 (button) folded before Flop (didn't bet)
Seat 4: YanMaster10 (small blind) collected ($4.75)
Seat 5: stevoooo34 (big blind) folded before Flop
Seat 6: Richard2494 folded on the Flop



PokerStars Hand #254423684327:  Hold'em No Limit ($0.50/$1.00 USD) - 2025/01/17 0:31:38 WET [2025/01/17 19:31:38 ET]
Table 'Armisticia III' 6-max Seat #4 is the button
Seat 1: ptolejmus ($10 in chips) 
Seat 2: z00mba ($100 in chips) 
Seat 3: BGS013 ($100 in chips) 
Seat 4: YanMaster10 ($31.20 in chips) 
Seat 5: stevoooo34 ($40.25 in chips) 
Seat 6: Richard2494 ($100 in chips) 
stevoooo34: posts small blind $0.50
Richard2494: posts big blind $1
*** HOLE CARDS ***
ptolejmus: folds 
z00mba: folds 
BGS013: folds 
YanMaster10: calls $1
stevoooo34: folds 
Richard2494: raises $3 to $4
YanMaster10: calls $3
*** FLOP *** [3h 9h 3d]
Richard2494: checks 
YanMaster10: checks 
*** TURN *** [3h 9h 3d] [3s]
Richard2494: bets $1
YanMaster10: calls $1
*** RIVER *** [3h 9h 3d 3s] [7d]
Richard2494: checks 
YanMaster10: checks 
*** SHOW DOWN ***
Richard2494: shows [Ah Ad] (a full house, Threes full of Aces)
YanMaster10: mucks hand 
Richard2494 collected $9.98 from pot
*** SUMMARY ***
Total pot $10.50 | Rake $0.52 
Board [3h 9h 3d 3s 7d]
Seat 1: ptolejmus folded before Flop (didn't bet)
Seat 2: z00mba folded before Flop (didn't bet)
Seat 3: BGS013 folded before Flop (didn't bet)
Seat 4: YanMaster10 (button) mucked
Seat 5: stevoooo34 (small blind) folded before Flop
Seat 6: Richard2494 (big blind) showed [Ah Ad] and won ($9.98) with a full house, Threes full of Aces



PokerStars Hand #254423696404:  Hold'em No Limit ($0.50/$1.00 USD) - 2025/01/17 0:32:31 WET [2025/01/17 19:32:31 ET]
Table 'Armisticia III' 6-max Seat #5 is the button
Seat 1: ptolejmus ($10 in chips) 
Seat 2: z00mba ($100 in chips) 
Seat 3: BGS013 ($100 in chips) 
Seat 4: YanMaster10 ($26.20 in chips) 
Seat 5: stevoooo34 ($39.75 in chips) 
Seat 6: Richard2494 ($104.98 in chips) 
Richard2494: posts small blind $0.50
ptolejmus: posts big blind $1
*** HOLE CARDS ***
z00mba: folds 
BGS013: folds 
YanMaster10: folds 
stevoooo34: calls $1
Richard2494: calls $0.50
ptolejmus: raises $9 to $10 and is all-in
stevoooo34: calls $9
Richard2494: folds 
*** FLOP *** [Ts 3d 3s]
*** TURN *** [Ts 3d 3s] [Qs]
*** RIVER *** [Ts 3d 3s Qs] [Kh]
*** SHOW DOWN ***
ptolejmus: shows [4d Ad] (a pair of Threes)
stevoooo34: shows [Jh 9h] (a straight, Nine to King)
stevoooo34 collected $19.95 from pot
*** SUMMARY ***
Total pot $21 | Rake $1.05 
Board [Ts 3d 3s Qs Kh]
Seat 1: ptolejmus (big blind) showed [4d Ad] and lost with a pair of Threes
Seat 2: z00mba folded before Flop (didn't bet)
Seat 3: BGS013 folded before Flop (didn't bet)
Seat 4: YanMaster10 folded before Flop (didn't bet)
Seat 5: stevoooo34 (button) showed [Jh 9h] and won ($19.95) with a straight, Nine to King
Seat 6: Richard2494 (small blind) folded before Flop



PokerStars Hand #254423704068:  Hold'em No Limit ($0.50/$1.00 USD) - 2025/01/17 0:33:06 WET [2025/01/17 19:33:06 ET]
Table 'Armisticia III' 6-max Seat #6 is the button
Seat 1: ptolejmus ($10 in chips) 
Seat 2: z00mba ($100 in chips) 
Seat 3: BGS013 ($100 in chips) 
Seat 4: YanMaster10 ($26.20 in chips) 
Seat 5: stevoooo34 ($49.70 in chips) 
Seat 6: Richard2494 ($103.98 in chips) 
ptolejmus: posts small blind $0.50
z00mba: posts big blind $1
*** HOLE CARDS ***
BGS013: folds 
YanMaster10: calls $1
stevoooo34: folds 
Richard2494: calls $1
ptolejmus: raises $9 to $10 and is all-in
z00mba: folds 
YanMaster10: calls $9
Richard2494: raises $9 to $19
YanMaster10: calls $9
*** FLOP *** [Ad Jh 9h]
YanMaster10: bets $7.20 and is all-in
Richard2494: calls $7.20
*** TURN *** [Ad Jh 9h] [Tc]
*** RIVER *** [Ad Jh 9h Tc] [As]
*** SHOW DOWN ***
YanMaster10: shows [Jc 7s] (two pair, Aces and Jacks)
Richard2494: shows [Qs Ah] (three of a kind, Aces)
Richard2494 collected $31.45 from side pot
ptolejmus: shows [Kd Js] (two pair, Aces and Jacks)
Richard2494 collected $29.45 from main pot
*** SUMMARY ***
Total pot $63.40 Main pot $29.45. Side pot $31.45. | Rake $2.50 
Board [Ad Jh 9h Tc As]
Seat 1: ptolejmus (small blind) showed [Kd Js] and lost with two pair, Aces and Jacks
Seat 2: z00mba (big blind) folded before Flop
Seat 3: BGS013 folded before Flop (didn't bet)
Seat 4: YanMaster10 showed [Jc 7s] and lost with two pair, Aces and Jacks
Seat 5: stevoooo34 folded before Flop (didn't bet)
Seat 6: Richard2494 (button) showed [Qs Ah] and won ($60.90) with three of a kind, Aces



PokerStars Hand #254423718879:  Hold'em No Limit ($0.50/$1.00 USD) - 2025/01/17 0:34:10 WET [2025/01/17 19:34:10 ET]
Table 'Armisticia III' 6-max Seat #1 is the button
Seat 4: YanMaster10 ($0 in chips) is sitting out
Seat 1: ptolejmus ($10 in chips) 
Seat 2: z00mba ($100 in chips) 
Seat 3: BGS013 ($100 in chips) 
Seat 5: stevoooo34 ($49.70 in chips) 
Seat 6: Richard2494 ($138.68 in chips) 
z00mba: posts small blind $0.50
BGS013: posts big blind $1
*** HOLE CARDS ***
stevoooo34: calls $1
Richard2494: folds 
ptolejmus: folds 
z00mba: folds 
BGS013: checks 
*** FLOP *** [9c 6d 5d]
BGS013: bets $1.86
stevoooo34: folds 
Uncalled bet ($1.86) returned to BGS013
BGS013 collected $2.38 from pot
BGS013: doesn't show hand 
*** SUMMARY ***
Total pot $2.50 | Rake $0.12 
Board [9c 6d 5d]
Seat 4: YanMaster10
Seat 1: ptolejmus (button) folded before Flop (didn't bet)
Seat 2: z00mba (small blind) folded before Flop
Seat 3: BGS013 (big blind) collected ($2.38)
Seat 5: stevoooo34 folded on the Flop
Seat 6: Richard2494 folded before Flop (didn't bet)



PokerStars Hand #254423726330:  Hold'em No Limit ($0.50/$1.00 USD) - 2025/01/17 0:34:43 WET [2025/01/17 19:34:43 ET]
Table 'Armisticia III' 6-max Seat #2 is the button
Seat 1: ptolejmus ($10 in chips) 
Seat 2: z00mba ($100 in chips) 
Seat 3: BGS013 ($101.38 in chips) 
Seat 4: YanMaster10 ($30.57 in chips) 
Seat 5: stevoooo34 ($48.70 in chips) 
Seat 6: Richard2494 ($138.68 in chips) 
BGS013: posts small blind $0.50
YanMaster10: posts big blind $1
*** HOLE CARDS ***
stevoooo34: calls $1
Richard2494: folds 
ptolejmus: folds 
z00mba: raises $2.50 to $3.50
BGS013: folds 
YanMaster10: folds 
stevoooo34: calls $2.50
*** FLOP *** [6c Kd Jd]
stevoooo34: checks 
z00mba: checks 
*** TURN *** [6c Kd Jd] [3d]
stevoooo34: bets $4.04
z00mba: calls $4.04
*** RIVER *** [6c Kd Jd 3d] [4s]
stevoooo34: checks 
z00mba: checks 
*** SHOW DOWN ***
stevoooo34: shows [Ts Kh] (a pair of Kings)
z00mba: mucks hand 
stevoooo34 collected $15.75 from pot
*** SUMMARY ***
Total pot $16.58 | Rake $0.83 
Board [6c Kd Jd 3d 4s]
Seat 1: ptolejmus folded before Flop (didn't bet)
Seat 2: z00mba (button) mucked
Seat 3: BGS013 (small blind) folded before Flop
Seat 4: YanMaster10 (big blind) folded before Flop
Seat 5: stevoooo34 showed [Ts Kh] and won ($15.75) with a pair of Kings
Seat 6: Richard2494 folded before Flop (didn't bet)



PokerStars Hand #254423735741:  Hold'em No Limit ($0.50/$1.00 USD) - 2025/01/17 0:35:25 WET [2025/01/17 19:35:25 ET]
Table 'Armisticia III' 6-max Seat #3 is the button
Seat 1: ptolejmus ($10 in chips) 
Seat 2: z00mba ($100 in chips) 
Seat 3: BGS013 ($100.88 in chips) 
Seat 4: YanMaster10 ($29.57 in chips) 
Seat 5: stevoooo34 ($56.91 in chips) 
Seat 6: Richard2494 ($138.68 in chips) 
YanMaster10: posts small blind $0.50
stevoooo34: posts big blind $1
*** HOLE CARDS ***
Richard2494: folds 
ptolejmus: raises $1 to $2
z00mba: folds 
BGS013: folds 
YanMaster10: calls $1.50
stevoooo34: calls $1
*** FLOP *** [8d Jd 8s]
YanMaster10: checks 
stevoooo34: checks 
ptolejmus: bets $1.54
YanMaster10: calls $1.54
stevoooo34: folds 
*** TURN *** [8d Jd 8s] [2d]
YanMaster10: checks 
ptolejmus: checks 
*** RIVER *** [8d Jd 8s 2d] [9s]
YanMaster10: bets $8.63
ptolejmus: folds 
Uncalled bet ($8.63) returned to YanMaster10
YanMaster10 collected $8.63 from pot
*** SUMMARY ***
Total pot $9.08 | Rake $0.45 
Board [8d Jd 8s 2d 9s]
Seat 1: ptolejmus folded on the River
Seat 2: z00mba folded before Flop (didn't bet)
Seat 3: BGS013 (button) folded before Flop (didn't bet)
Seat 4: YanMaster10 (small blind) collected ($8.63)
Seat 5: stevoooo34 (big blind) folded on the Flop
Seat 6: Richard2494 folded before Flop (didn't bet)



PokerStars Hand #254423745748:  Hold'em No Limit ($0.50/$1.00 USD) - 2025/01/17 0:36:09 WET [2025/01/17 19:36:09 ET]
Table 'Armisticia III' 6-max Seat #4 is the button
Seat 1: ptolejmus ($10 in chips) 
Seat 2: z00mba ($100 in chips) 
Seat 3: BGS013 ($100.88 in chips) 
Seat 4: YanMaster10 ($34.66 in chips) 
Seat 5: stevoooo34 ($54.91 in chips) 
Seat 6: Richard2494 ($138.68 in chips) 
stevoooo34: posts small blind $0.50
Richard2494: posts big blind $1
*** HOLE CARDS ***
ptolejmus: folds 
z00mba: folds 
BGS013: folds 
YanMaster10: calls $1
stevoooo34: folds 
Richard2494: checks 
*** FLOP *** [Tc 2c 2d]
Richard2494: checks 
YanMaster10: checks 
*** TURN *** [Tc 2c 2d] [Kc]
Richard2494: checks 
YanMaster10: checks 
*** RIVER *** [Tc 2c 2d Kc] [2s]
Richard2494: bets $1
YanMaster10: raises $4.38 to $5.38
Richard2494: folds 
Uncalled bet ($4.38) returned to YanMaster10
YanMaster10 collected $4.28 from pot
*** SUMMARY ***
Total pot $4.50 | Rake $0.22 
Board [Tc 2c 2d Kc 2s]
Seat 1: ptolejmus folded before Flop (didn't bet)
Seat 2: z00mba folded before Flop (didn't bet)
Seat 3: BGS013 folded before Flop (didn't bet)
Seat 4: YanMaster10 (button) collected ($4.28)
Seat 5: stevoooo34 (small blind) folded before Flop
Seat 6: Richard2494 (big blind) folded on the River



PokerStars Hand #254423759028:  Hold'em No Limit ($0.50/$1.00 USD) - 2025/01/17 0:37:07 WET [2025/01/17 19:37:07 ET]
Table 'Armisticia III' 6-max Seat #5 is the button
Seat 1: ptolejmus ($10 in chips) 
Seat 2: z00mba ($100 in chips) 
Seat 3: BGS013 ($100.88 in chips) 
Seat 4: YanMaster10 ($36.94 in chips) 
Seat 5: stevoooo34 ($54.41 in chips) 
Seat 6: Richard2494 ($136.68 in chips) 
Richard2494: posts small blind $0.50
ptolejmus: posts big blind $1
*** HOLE CARDS ***
z00mba: folds 
BGS013: raises $1 to $2
YanMaster10: calls $2
stevoooo34: folds 
Richard2494: folds 
ptolejmus: calls $1
*** FLOP *** [3d 8d 4d]
ptolejmus: checks 
BGS013: checks 
YanMaster10: checks 
*** TURN *** [3d 8d 4d] [5d]
ptolejmus: checks 
BGS013: checks 
YanMaster10: bets $3.09
ptolejmus: calls $3.09
BGS013: folds 
*** RIVER *** [3d 8d 4d 5d] [4s]
ptolejmus: bets $4.91 and is all-in
YanMaster10: calls $4.91
*** SHOW DOWN ***
ptolejmus: shows [3h 3s] (a full house, Threes full of Fours)
YanMaster10: shows [9d Qs] (a flush, Nine high)
ptolejmus collected $21.38 from pot
*** SUMMARY ***
Total pot $22.50 | Rake $1.12 
Board [3d 8d 4d 5d 4s]
Seat 1: ptolejmus (big blind) showed [3h 3s] and won ($21.38) with a full house, Threes full of Fours
Seat 2: z00mba folded before Flop (didn't bet)
Seat 3: BGS013 folded on the Turn
Seat 4: YanMaster10 showed [9d Qs] and lost with a flush, Nine high
Seat 5: stevoooo34 (button) folded before Flop (didn't bet)
Seat 6: Richard2494 (small blind) folded before Flop



PokerStars Hand #254423770911:  Hold'em No Limit ($0.50/$1.00 USD) - 2025/01/17 0:37:59 WET [2025/01/17 19:37:59 ET]
Table 'Armisticia III' 6-max Seat #6 is the button
Seat 1: ptolejmus ($21.38 in chips) 
Seat 2: z00mba ($100 in chips) 
Seat 3: BGS013 ($100 in chips) 
Seat 4: YanMaster10 ($26.94 in chips) 
Seat 5: stevoooo34 ($54.41 in chips) 
Seat 6: Richard2494 ($136.18 in chips) 
ptolejmus: posts small blind $0.50
z00mba: posts big blind $1
*** HOLE CARDS ***
BGS013: folds 
YanMaster10: calls $1
stevoooo34: folds 
Richard2494: folds 
ptolejmus: calls $0.50
z00mba: checks 
*** FLOP *** [Ts Qd Jd]
ptolejmus: bets $2.50
z00mba: folds 
YanMaster10: calls $2.50
*** TURN *** [Ts Qd Jd] [Kd]
ptolejmus: checks 
YanMaster10: checks 
*** RIVER *** [Ts Qd Jd Kd] [6c]
ptolejmus: checks 
YanMaster10: bets $7.60
ptolejmus: folds 
Uncalled bet ($7.60) returned to YanMaster10
YanMaster10 collected $7.60 from pot
*** SUMMARY ***
Total pot $8 | Rake $0.40 
Board [Ts Qd Jd Kd 6c]
Seat 1: ptolejmus (small blind) folded on the River
Seat 2: z00mba (big blind) folded on the Flop
Seat 3: BGS013 folded before Flop (didn't bet)
Seat 4: YanMaster10 collected ($7.60)
Seat 5: stevoooo34 folded before Flop (didn't bet)
Seat 6: Richard2494 (button) folded before Flop (didn't bet)



PokerStars Hand #254423782458:  Hold'em No Limit ($0.50/$1.00 USD) - 2025/01/17 0:38:50 WET [2025/01/17 19:38:50 ET]
Table 'Armisticia III' 6-max Seat #1 is the button
Seat 1: ptolejmus ($17.88 in chips) 
Seat 2: z00mba ($100 in chips) 
Seat 3: BGS013 ($100 in chips) 
Seat 4: YanMaster10 ($31.04 in chips) 
Seat 5: stevoooo34 ($54.41 in chips) 
Seat 6: Richard2494 ($136.18 in chips) 
z00mba: posts small blind $0.50
BGS013: posts big blind $1
*** HOLE CARDS ***
YanMaster10: calls $1
stevoooo34: folds 
Richard2494: folds 
ptolejmus: folds 
z00mba: calls $0.50
BGS013: checks 
*** FLOP *** [Th Qc 3h]
z00mba: checks 
BGS013: bets $2.22
YanMaster10: calls $2.22
z00mba: folds 
*** TURN *** [Th Qc 3h] [Jd]
BGS013: bets $6.50
YanMaster10: folds 
Uncalled bet ($6.50) returned to BGS013
BGS013 collected $7.07 from pot
BGS013: doesn't show hand 
*** SUMMARY ***
Total pot $7.44 | Rake $0.37 
Board [Th Qc 3h Jd]
Seat 1: ptolejmus (button) folded before Flop (didn't bet)
Seat 2: z00mba (small blind) folded on the Flop
Seat 3: BGS013 (big blind) collected ($7.07)
Seat 4: YanMaster10 folded on the Turn
Seat 5: stevoooo34 folded before Flop (didn't bet)
Seat 6: Richard2494 folded before Flop (didn't bet)



PokerStars Hand #254423792108:  Hold'em No Limit ($0.50/$1.00 USD) - 2025/01/17 0:39:32 WET [2025/01/17 19:39:32 ET]
Table 'Armisticia III' 6-max Seat #2 is the button
Seat 1: ptolejmus ($17.88 in chips) 
Seat 2: z00mba ($100 in chips) 
Seat 3: BGS013 ($103.85 in chips) 
Seat 4: YanMaster10 ($27.82 in chips) 
Seat 5: stevoooo34 ($54.41 in chips) 
Seat 6: Richard2494 ($136.18 in chips) 
BGS013: posts small blind $0.50
YanMaster10: posts big blind $1
*** HOLE CARDS ***
stevoooo34: calls $1
Richard2494: folds 
ptolejmus: folds 
z00mba: raises $1.50 to $2.50
BGS013: folds 
YanMaster10: calls $1.50
stevoooo34: calls $1.50
*** FLOP *** [7h Th 7d]
YanMaster10: checks 
stevoooo34: checks 
z00mba: checks 
*** TURN *** [7h Th 7d] [4c]
YanMaster10: checks 
stevoooo34: checks 
z00mba: checks 
*** RIVER *** [7h Th 7d 4c] [Qd]
YanMaster10: checks 
stevoooo34: checks 
z00mba: checks 
*** SHOW DOWN ***
YanMaster10: shows [5h 6h] (a pair of Sevens)
stevoooo34: shows [5s As] (a pair of Sevens - Ace kicker)
z00mba: shows [Kh Ad] (a pair of Sevens - Ace+King kicker)
z00mba collected $7.60 from pot
*** SUMMARY ***
Total pot $8 | Rake $0.40 
Board [7h Th 7d 4c Qd]
Seat 1: ptolejmus folded before Flop (didn't bet)
Seat 2: z00mba (button) showed [Kh Ad] and won ($7.60) with a pair of Sevens
Seat 3: BGS013 (small blind) folded before Flop
Seat 4: YanMaster10 (big blind) showed [5h 6h] and lost with a pair of Sevens
Seat 5: stevoooo34 showed [5s As] and lost with a pair of Sevens
Seat 6: Richard2494 folded before Flop (didn't bet)



PokerStars Hand #254423803732:  Hold'em No Limit ($0.50/$1.00 USD) - 2025/01/17 0:40:25 WET [2025/01/17 19:40:25 ET]
Table 'Armisticia III' 6-max Seat #3 is the button
Seat 1: ptolejmus ($17.88 in chips) 
Seat 2: z00mba ($105.10 in chips) 
Seat 3: BGS013 ($103.35 in chips) 
Seat 4: YanMaster10 ($25.32 in chips) 
Seat 5: stevoooo34 ($51.91 in chips) 
Seat 6: Richard2494 ($136.18 in chips) 
YanMaster10: posts small blind $0.50
stevoooo34: posts big blind $1
*** HOLE CARDS ***
Richard2494: raises $1 to $2
ptolejmus: folds 
z00mba: folds 
BGS013: folds 
YanMaster10: folds 
stevoooo34: calls $1
*** FLOP *** [5s 4c 9h]
stevoooo34: checks 
Richard2494: bets $3
stevoooo34: calls $3
*** TURN *** [5s 4c 9h] [6s]
stevoooo34: checks 
Richard2494: checks 
*** RIVER *** [5s 4c 9h 6s] [Kh]
stevoooo34: bets $9.98
Richard2494: folds 
Uncalled bet ($9.98) returned to stevoooo34
stevoooo34 collected $9.98 from pot
*** SUMMARY ***
Total pot $10.50 | Rake $0.52 
Board [5s 4c 9h 6s Kh]
Seat 1: ptolejmus folded before Flop (didn't bet)
Seat 2: z00mba folded before Flop (didn't bet)
Seat 3: BGS013 (button) folded before Flop (didn't bet)
Seat 4: YanMaster10 (small blind) folded before Flop
Seat 5: stevoooo34 (big blind) collected ($9.98)
Seat 6: Richard2494 folded on the River



PokerStars Hand #254423817311:  Hold'em No Limit ($0.50/$1.00 USD) - 2025/01/17 0:41:26 WET [2025/01/17 19:41:26 ET]
Table 'Armisticia III' 6-max Seat #4 is the button
Seat 1: ptolejmus ($17.88 in chips) 
Seat 2: z00mba ($105.10 in chips) 
Seat 3: BGS013 ($103.35 in chips) 
Seat 4: YanMaster10 ($24.82 in chips) 
Seat 5: stevoooo34 ($56.89 in chips) 
Seat 6: Richard2494 ($131.18 in chips) 
stevoooo34: posts small blind $0.50
Richard2494: posts big blind $1
*** HOLE CARDS ***
ptolejmus: raises $1 to $2
z00mba: folds 
BGS013: folds 
YanMaster10: folds 
stevoooo34: folds 
Richard2494: calls $1
*** FLOP *** [Ad Js Kd]
Richard2494: checks 
ptolejmus: bets $2.18
Richard2494: calls $2.18
*** TURN *** [Ad Js Kd] [6h]
Richard2494: checks 
ptolejmus: bets $4.29
Richard2494: folds 
Uncalled bet ($4.29) returned to ptolejmus
ptolejmus collected $8.42 from pot
*** SUMMARY ***
Total pot $8.86 | Rake $0.44 
Board [Ad Js Kd 6h]
Seat 1: ptolejmus collected ($8.42)
Seat 2: z00mba folded before Flop (didn't bet)
Seat 3: BGS013 folded before Flop (didn't bet)
Seat 4: YanMaster10 (button) folded before Flop (didn't bet)
Seat 5: stevoooo34 (small blind) folded before Flop
Seat 6: Richard2494 (big blind) folded on the Turn



PokerStars Hand #254423830348:  Hold'em No Limit ($0.50/$1.00 USD) - 2025/01/17 0:42:25 WET [2025/01/17 19:42:25 ET]
Table 'Armisticia III' 6-max Seat #5 is the button
Seat 1: ptolejmus ($22.12 in chips) 
Seat 2: z00mba ($105.10 in chips) 
Seat 3: BGS013 ($103.35 in chips) 
Seat 4: YanMaster10 ($24.82 in chips) 
Seat 5: stevoooo34 ($56.39 in chips) 
Seat 6: Richard2494 ($127 in chips) 
Richard2494: posts small blind $0.50
ptolejmus: posts big blind $1
*** HOLE CARDS ***
z00mba: folds 
BGS013: folds 
YanMaster10: folds 
stevoooo34: raises $3 to $4
Richard2494: folds 
ptolejmus: folds 
Uncalled bet ($3) returned to stevoooo34
stevoooo34 collected $2.50 from pot
*** SUMMARY ***
Total pot $2.50 | Rake $0 
Seat 1: ptolejmus (big blind) folded before Flop
Seat 2: z00mba folded before Flop (didn't bet)
Seat 3: BGS013 folded before Flop (didn't bet)
Seat 4: YanMaster10 folded before Flop (didn't bet)
Seat 5: stevoooo34 (button) collected ($2.50)
Seat 6: Richard2494 (small blind) folded before Flop



PokerStars Hand #254423836239:  Hold'em No Limit ($0.50/$1.00 USD) - 2025/01/17 0:42:52 WET [2025/01/17 19:42:52 ET]
Table 'Armisticia III' 6-max Seat #6 is the button
Seat 1: ptolejmus ($21.12 in chips) is sitting out
Seat 2: z00mba ($105.10 in chips) 
Seat 3: BGS013 ($103.35 in chips) 
Seat 4: YanMaster10 ($24.82 in chips) 
Seat 5: stevoooo34 ($57.89 in chips) 
Seat 6: Richard2494 ($126.50 in chips) 
z00mba: posts small blind $0.50
BGS013: posts big blind $1
*** HOLE CARDS ***
YanMaster10: folds 
ptolejmus leaves the table
stevoooo34: folds 
Richard2494: raises $1.20 to $2.20
z00mba: folds 
BGS013: folds 
Uncalled bet ($1.20) returned to Richard2494
Richard2494 collected $2.50 from pot
Richard2494: doesn't show hand 
*** SUMMARY ***
Total pot $2.50 | Rake $0 
Seat 1: ptolejmus
Seat 2: z00mba (small blind) folded before Flop
Seat 3: BGS013 (big blind) folded before Flop
Seat 4: YanMaster10 folded before Flop (didn't bet)
Seat 5: stevoooo34 folded before Flop (didn't bet)
Seat 6: Richard2494 (button) collected ($2.50)



PokerStars Hand #254423839528:  Hold'em No Limit ($0.50/$1.00 USD) - 2025/01/17 0:43:07 WET [2025/01/17 19:43:07 ET]
Table 'Armisticia III' 6-max Seat #2 is the button
Seat 2: z00mba ($104.60 in chips) 
Seat 3: BGS013 ($102.35 in chips) 
Seat 4: YanMaster10 ($24.82 in chips) 
Seat 5: stevoooo34 ($57.89 in chips) 
Seat 6: Richard2494 ($128 in chips) 
BGS013: posts small blind $0.50
YanMaster10: posts big blind $1
*** HOLE CARDS ***
stevoooo34: folds 
Richard2494: raises $1.20 to $2.20
z00mba: folds 
BGS013: folds 
YanMaster10: folds 
Uncalled bet ($1.20) returned to Richard2494
Richard2494 collected $2.50 from pot
Richard2494: doesn't show hand 
*** SUMMARY ***
Total pot $2.50 | Rake $0 
Seat 2: z00mba (button) folded before Flop (didn't bet)
Seat 3: BGS013 (small blind) folded before Flop
Seat 4: YanMaster10 (big blind) folded before Flop
Seat 5: stevoooo34 folded before Flop (didn't bet)
Seat 6: Richard2494 collected ($2.50)



PokerStars Hand #254423843853:  Hold'em No Limit ($0.50/$1.00 USD) - 2025/01/17 0:43:26 WET [2025/01/17 19:43:26 ET]
Table 'Armisticia III' 6-max Seat #3 is the button
Seat 2: z00mba ($104.60 in chips) 
Seat 3: BGS013 ($101.85 in chips) 
Seat 4: YanMaster10 ($23.82 in chips) 
Seat 5: stevoooo34 ($57.89 in chips) 
Seat 6: Richard2494 ($129.50 in chips) 
YanMaster10: posts small blind $0.50
stevoooo34: posts big blind $1
*** HOLE CARDS ***
Richard2494: raises $1 to $2
z00mba: raises $5 to $7
BGS013: folds 
YanMaster10: folds 
stevoooo34: calls $6
Richard2494: calls $5
*** FLOP *** [5c 2c Ac]
stevoooo34: checks 
m0nTTu joins the table at seat #1 
Richard2494: checks 
z00mba: bets $10
stevoooo34: folds 
Richard2494: folds 
Uncalled bet ($10) returned to z00mba
z00mba collected $20.42 from pot
z00mba: doesn't show hand 
*** SUMMARY ***
Total pot $21.50 | Rake $1.08 
Board [5c 2c Ac]
Seat 2: z00mba collected ($20.42)
Seat 3: BGS013 (button) folded before Flop (didn't bet)
Seat 4: YanMaster10 (small blind) folded before Flop
Seat 5: stevoooo34 (big blind) folded on the Flop
Seat 6: Richard2494 folded on the Flop



PokerStars Hand #254423856919:  Hold'em No Limit ($0.50/$1.00 USD) - 2025/01/17 0:44:27 WET [2025/01/17 19:44:27 ET]
Table 'Armisticia III' 6-max Seat #4 is the button
Seat 1: m0nTTu ($10 in chips) is sitting out
Seat 2: z00mba ($118.02 in chips) 
Seat 3: BGS013 ($101.85 in chips) 
Seat 4: YanMaster10 ($23.32 in chips) 
Seat 5: stevoooo34 ($50.89 in chips) 
Seat 6: Richard2494 ($122.50 in chips) 
stevoooo34: posts small blind $0.50
Richard2494: posts big blind $1
m0nTTu: sits out 
*** HOLE CARDS ***
z00mba: folds 
BGS013: folds 
YanMaster10: folds 
stevoooo34: folds 
Uncalled bet ($0.50) returned to Richard2494
Richard2494 collected $1 from pot
Richard2494: doesn't show hand 
*** SUMMARY ***
Total pot $1 | Rake $0 
Seat 1: m0nTTu
Seat 2: z00mba folded before Flop (didn't bet)
Seat 3: BGS013 folded before Flop (didn't bet)
Seat 4: YanMaster10 (button) folded before Flop (didn't bet)
Seat 5: stevoooo34 (small blind) folded before Flop
Seat 6: Richard2494 (big blind) collected ($1)



PokerStars Hand #254423859355:  Hold'em No Limit ($0.50/$1.00 USD) - 2025/01/17 0:44:38 WET [2025/01/17 19:44:38 ET]
Table 'Armisticia III' 6-max Seat #5 is the button
Seat 1: m0nTTu ($10 in chips) 
Seat 2: z00mba ($118.02 in chips) 
Seat 3: BGS013 ($101.85 in chips) 
Seat 4: YanMaster10 ($23.32 in chips) 
Seat 5: stevoooo34 ($50.39 in chips) 
Seat 6: Richard2494 ($123 in chips) 
Richard2494: posts small blind $0.50
m0nTTu: posts big blind $1
*** HOLE CARDS ***
z00mba: folds 
BGS013: raises $1 to $2
YanMaster10: folds 
stevoooo34: calls $2
Richard2494: folds 
m0nTTu: folds 
*** FLOP *** [7c 4h Jd]
BGS013: bets $1.36
stevoooo34: calls $1.36
*** TURN *** [7c 4h Jd] [8c]
BGS013: bets $6.09
stevoooo34: calls $6.09
*** RIVER *** [7c 4h Jd 8c] [9s]
BGS013: checks 
stevoooo34: checks 
*** SHOW DOWN ***
BGS013: shows [Kh Js] (a pair of Jacks)
stevoooo34: shows [Kc Jh] (a pair of Jacks)
BGS013 collected $9.69 from pot
stevoooo34 collected $9.69 from pot
*** SUMMARY ***
Total pot $20.40 | Rake $1.02 
Board [7c 4h Jd 8c 9s]
Seat 1: m0nTTu (big blind) folded before Flop
Seat 2: z00mba folded before Flop (didn't bet)
Seat 3: BGS013 showed [Kh Js] and won ($9.69) with a pair of Jacks
Seat 4: YanMaster10 folded before Flop (didn't bet)
Seat 5: stevoooo34 (button) showed [Kc Jh] and won ($9.69) with a pair of Jacks
Seat 6: Richard2494 (small blind) folded before Flop



PokerStars Hand #254423871490:  Hold'em No Limit ($0.50/$1.00 USD) - 2025/01/17 0:45:34 WET [2025/01/17 19:45:34 ET]
Table 'Armisticia III' 6-max Seat #6 is the button
Seat 1: m0nTTu ($10 in chips) 
Seat 2: z00mba ($118.02 in chips) 
Seat 3: BGS013 ($102.09 in chips) 
Seat 4: YanMaster10 ($23.32 in chips) 
Seat 5: stevoooo34 ($50.63 in chips) 
Seat 6: Richard2494 ($122.50 in chips) 
m0nTTu: posts small blind $0.50
z00mba: posts big blind $1
*** HOLE CARDS ***
BGS013: folds 
YanMaster10: folds 
stevoooo34: folds 
Richard2494: folds 
m0nTTu: raises $9 to $10 and is all-in
z00mba: calls $9
*** FLOP *** [6c 3h 2c]
*** TURN *** [6c 3h 2c] [Kh]
*** RIVER *** [6c 3h 2c Kh] [Ks]
*** SHOW DOWN ***
m0nTTu: shows [Jd Qh] (a pair of Kings)
z00mba: shows [2d Kd] (a full house, Kings full of Deuces)
z00mba collected $19 from pot
*** SUMMARY ***
Total pot $20 | Rake $1 
Board [6c 3h 2c Kh Ks]
Seat 1: m0nTTu (small blind) showed [Jd Qh] and lost with a pair of Kings
Seat 2: z00mba (big blind) showed [2d Kd] and won ($19) with a full house, Kings full of Deuces
Seat 3: BGS013 folded before Flop (didn't bet)
Seat 4: YanMaster10 folded before Flop (didn't bet)
Seat 5: stevoooo34 folded before Flop (didn't bet)
Seat 6: Richard2494 (button) folded before Flop (didn't bet)



PokerStars Hand #254423881744:  Hold'em No Limit ($0.50/$1.00 USD) - 2025/01/17 0:46:22 WET [2025/01/17 19:46:22 ET]
Table 'Armisticia III' 6-max Seat #1 is the button
Seat 1: m0nTTu ($90.50 in chips) 
Seat 2: z00mba ($127.02 in chips) 
Seat 3: BGS013 ($102.09 in chips) 
Seat 4: YanMaster10 ($23.32 in chips) 
Seat 5: stevoooo34 ($50.63 in chips) 
Seat 6: Richard2494 ($122.50 in chips) 
z00mba: posts small blind $0.50
BGS013: posts big blind $1
*** HOLE CARDS ***
YanMaster10: folds 
stevoooo34: raises $3 to $4
Richard2494: folds 
m0nTTu: folds 
z00mba: folds 
BGS013: calls $3
*** FLOP *** [Ts Ah 8h]
BGS013: checks 
stevoooo34: bets $4.04
BGS013: folds 
Uncalled bet ($4.04) returned to stevoooo34
stevoooo34 collected $8.08 from pot
*** SUMMARY ***
Total pot $8.50 | Rake $0.42 
Board [Ts Ah 8h]
Seat 1: m0nTTu (button) folded before Flop (didn't bet)
Seat 2: z00mba (small blind) folded before Flop
Seat 3: BGS013 (big blind) folded on the Flop
Seat 4: YanMaster10 folded before Flop (didn't bet)
Seat 5: stevoooo34 collected ($8.08)
Seat 6: Richard2494 folded before Flop (didn't bet)



PokerStars Hand #254423889053:  Hold'em No Limit ($0.50/$1.00 USD) - 2025/01/17 0:46:56 WET [2025/01/17 19:46:56 ET]
Table 'Armisticia III' 6-max Seat #2 is the button
Seat 1: m0nTTu ($90.50 in chips) 
Seat 2: z00mba ($126.52 in chips) 
Seat 3: BGS013 ($100 in chips) 
Seat 4: YanMaster10 ($23.32 in chips) 
Seat 5: stevoooo34 ($54.71 in chips) 
Seat 6: Richard2494 ($122.50 in chips) 
BGS013: posts small blind $0.50
YanMaster10: posts big blind $1
*** HOLE CARDS ***
stevoooo34: raises $1 to $2
Richard2494: folds 
m0nTTu: folds 
z00mba: folds 
BGS013: raises $6 to $8
YanMaster10: calls $7
stevoooo34: folds 
*** FLOP *** [Ah 4s Qd]
BGS013: checks 
YanMaster10: checks 
*** TURN *** [Ah 4s Qd] [Jd]
BGS013: checks 
YanMaster10: checks 
*** RIVER *** [Ah 4s Qd Jd] [3d]
BGS013: checks 
YanMaster10: bets $15.32 and is all-in
BGS013: folds 
Uncalled bet ($15.32) returned to YanMaster10
YanMaster10 collected $17.10 from pot
*** SUMMARY ***
Total pot $18 | Rake $0.90 
Board [Ah 4s Qd Jd 3d]
Seat 1: m0nTTu folded before Flop (didn't bet)
Seat 2: z00mba (button) folded before Flop (didn't bet)
Seat 3: BGS013 (small blind) folded on the River
Seat 4: YanMaster10 (big blind) collected ($17.10)
Seat 5: stevoooo34 folded before Flop
Seat 6: Richard2494 folded before Flop (didn't bet)



PokerStars Hand #254423903245:  Hold'em No Limit ($0.50/$1.00 USD) - 2025/01/17 0:48:02 WET [2025/01/17 19:48:02 ET]
Table 'Armisticia III' 6-max Seat #3 is the button
Seat 1: m0nTTu ($90.50 in chips) 
Seat 2: z00mba ($126.52 in chips) 
Seat 3: BGS013 ($100 in chips) 
Seat 4: YanMaster10 ($32.42 in chips) 
Seat 5: stevoooo34 ($52.71 in chips) 
Seat 6: Richard2494 ($122.50 in chips) 
YanMaster10: posts small blind $0.50
stevoooo34: posts big blind $1
*** HOLE CARDS ***
Richard2494: folds 
m0nTTu: folds 
z00mba: folds 
BGS013: raises $1.50 to $2.50
YanMaster10: calls $2
stevoooo34: folds 
*** FLOP *** [Td Kd 2c]
YanMaster10: checks 
BGS013: bets $1.48
YanMaster10: folds 
Uncalled bet ($1.48) returned to BGS013
BGS013 collected $5.70 from pot
BGS013: doesn't show hand 
*** SUMMARY ***
Total pot $6 | Rake $0.30 
Board [Td Kd 2c]
Seat 1: m0nTTu folded before Flop (didn't bet)
Seat 2: z00mba folded before Flop (didn't bet)
Seat 3: BGS013 (button) collected ($5.70)
Seat 4: YanMaster10 (small blind) folded on the Flop
Seat 5: stevoooo34 (big blind) folded before Flop
Seat 6: Richard2494 folded before Flop (didn't bet)



PokerStars Hand #254423915688:  Hold'em No Limit ($0.50/$1.00 USD) - 2025/01/17 0:49:00 WET [2025/01/17 19:49:00 ET]
Table 'Armisticia III' 6-max Seat #4 is the button
Seat 1: m0nTTu ($90.50 in chips) 
Seat 2: z00mba ($126.52 in chips) 
Seat 3: BGS013 ($103.20 in chips) 
Seat 4: YanMaster10 ($29.92 in chips) 
Seat 5: stevoooo34 ($51.71 in chips) 
Seat 6: Richard2494 ($122.50 in chips) 
stevoooo34: posts small blind $0.50
Richard2494: posts big blind $1
*** HOLE CARDS ***
m0nTTu: folds 
z00mba: folds 
BGS013: raises $1.50 to $2.50
YanMaster10: folds 
stevoooo34: folds 
Richard2494: calls $1.50
*** FLOP *** [7s 3h 8d]
Richard2494: checks 
BGS013: checks 
*** TURN *** [7s 3h 8d] [Ad]
Richard2494: checks 
BGS013: checks 
*** RIVER *** [7s 3h 8d Ad] [Qc]
Richard2494: bets $5.48
BGS013: folds 
Uncalled bet ($5.48) returned to Richard2494
Richard2494 collected $5.22 from pot
Richard2494: doesn't show hand 
*** SUMMARY ***
Total pot $5.50 | Rake $0.28 
Board [7s 3h 8d Ad Qc]
Seat 1: m0nTTu folded before Flop (didn't bet)
Seat 2: z00mba folded before Flop (didn't bet)
Seat 3: BGS013 folded on the River
Seat 4: YanMaster10 (button) folded before Flop (didn't bet)
Seat 5: stevoooo34 (small blind) folded before Flop
Seat 6: Richard2494 (big blind) collected ($5.22)



PokerStars Hand #254423931416:  Hold'em No Limit ($0.50/$1.00 USD) - 2025/01/17 0:50:13 WET [2025/01/17 19:50:13 ET]
Table 'Armisticia III' 6-max Seat #5 is the button
Seat 1: m0nTTu ($90.50 in chips) 
Seat 2: z00mba ($126.52 in chips) 
Seat 3: BGS013 ($100.70 in chips) 
Seat 4: YanMaster10 ($29.92 in chips) 
Seat 5: stevoooo34 ($51.21 in chips) 
Seat 6: Richard2494 ($125.22 in chips) 
Richard2494: posts small blind $0.50
m0nTTu: posts big blind $1
*** HOLE CARDS ***
z00mba: folds 
BGS013: raises $1 to $2
YanMaster10: folds 
stevoooo34: folds 
Richard2494: folds 
m0nTTu: folds 
Uncalled bet ($1) returned to BGS013
BGS013 collected $2.50 from pot
BGS013: doesn't show hand 
*** SUMMARY ***
Total pot $2.50 | Rake $0 
Seat 1: m0nTTu (big blind) folded before Flop
Seat 2: z00mba folded before Flop (didn't bet)
Seat 3: BGS013 collected ($2.50)
Seat 4: YanMaster10 folded before Flop (didn't bet)
Seat 5: stevoooo34 (button) folded before Flop (didn't bet)
Seat 6: Richard2494 (small blind) folded before Flop



PokerStars Hand #254423936788:  Hold'em No Limit ($0.50/$1.00 USD) - 2025/01/17 0:50:38 WET [2025/01/17 19:50:38 ET]
Table 'Armisticia III' 6-max Seat #6 is the button
Seat 1: m0nTTu ($89.50 in chips) 
Seat 2: z00mba ($126.52 in chips) 
Seat 3: BGS013 ($102.20 in chips) 
Seat 4: YanMaster10 ($29.92 in chips) 
Seat 5: stevoooo34 ($51.21 in chips) 
Seat 6: Richard2494 ($124.72 in chips) 
m0nTTu: posts small blind $0.50
z00mba: posts big blind $1
*** HOLE CARDS ***
BGS013: folds 
YanMaster10: calls $1
stevoooo34: calls $1
Richard2494: folds 
m0nTTu: folds 
z00mba: checks 
*** FLOP *** [5d 4c Jd]
z00mba: checks 
YanMaster10: checks 
stevoooo34: checks 
*** TURN *** [5d 4c Jd] [Qh]
z00mba: checks 
YanMaster10: checks 
stevoooo34: bets $3.32
z00mba: folds 
YanMaster10: calls $3.32
*** RIVER *** [5d 4c Jd Qh] [4d]
YanMaster10: checks 
stevoooo34: bets $9.63
YanMaster10: calls $9.63
*** SHOW DOWN ***
stevoooo34: shows [Td Qd] (a flush, Queen high)
YanMaster10: mucks hand 
stevoooo34 collected $27.93 from pot
*** SUMMARY ***
Total pot $29.40 | Rake $1.47 
Board [5d 4c Jd Qh 4d]
Seat 1: m0nTTu (small blind) folded before Flop
Seat 2: z00mba (big blind) folded on the Turn
Seat 3: BGS013 folded before Flop (didn't bet)
Seat 4: YanMaster10 mucked
Seat 5: stevoooo34 showed [Td Qd] and won ($27.93) with a flush, Queen high
Seat 6: Richard2494 (button) folded before Flop (didn't bet)



PokerStars Hand #254423959409:  Hold'em No Limit ($0.50/$1.00 USD) - 2025/01/17 0:52:24 WET [2025/01/17 19:52:24 ET]
Table 'Armisticia III' 6-max Seat #1 is the button
Seat 1: m0nTTu ($89 in chips) 
Seat 2: z00mba ($125.52 in chips) 
Seat 3: BGS013 ($102.20 in chips) 
Seat 4: YanMaster10 ($15.97 in chips) 
Seat 5: stevoooo34 ($65.19 in chips) 
Seat 6: Richard2494 ($124.72 in chips) 
z00mba: posts small blind $0.50
BGS013: posts big blind $1
*** HOLE CARDS ***
YanMaster10: folds 
stevoooo34: raises $5.50 to $6.50
Richard2494: folds 
m0nTTu: folds 
z00mba: folds 
BGS013: folds 
Uncalled bet ($5.50) returned to stevoooo34
stevoooo34 collected $2.50 from pot
*** SUMMARY ***
Total pot $2.50 | Rake $0 
Seat 1: m0nTTu (button) folded before Flop (didn't bet)
Seat 2: z00mba (small blind) folded before Flop
Seat 3: BGS013 (big blind) folded before Flop
Seat 4: YanMaster10 folded before Flop (didn't bet)
Seat 5: stevoooo34 collected ($2.50)
Seat 6: Richard2494 folded before Flop (didn't bet)



PokerStars Hand #254423969038:  Hold'em No Limit ($0.50/$1.00 USD) - 2025/01/17 0:53:10 WET [2025/01/17 19:53:10 ET]
Table 'Armisticia III' 6-max Seat #2 is the button
Seat 1: m0nTTu ($89 in chips) 
Seat 2: z00mba ($125.02 in chips) 
Seat 3: BGS013 ($101.20 in chips) 
Seat 4: YanMaster10 ($15.97 in chips) 
Seat 5: stevoooo34 ($66.69 in chips) 
Seat 6: Richard2494 ($124.72 in chips) 
BGS013: posts small blind $0.50
YanMaster10: posts big blind $1
*** HOLE CARDS ***
stevoooo34: folds 
Richard2494: folds 
m0nTTu: folds 
z00mba: raises $1.50 to $2.50
BGS013: folds 
YanMaster10: calls $1.50
*** FLOP *** [8s 2h Th]
YanMaster10: checks 
z00mba: checks 
*** TURN *** [8s 2h Th] [Jd]
YanMaster10: checks 
z00mba: checks 
*** RIVER *** [8s 2h Th Jd] [3d]
YanMaster10: checks 
z00mba: checks 
*** SHOW DOWN ***
YanMaster10: shows [6c Qh] (high card Queen)
z00mba: shows [As 4s] (high card Ace)
z00mba collected $5.22 from pot
*** SUMMARY ***
Total pot $5.50 | Rake $0.28 
Board [8s 2h Th Jd 3d]
Seat 1: m0nTTu folded before Flop (didn't bet)
Seat 2: z00mba (button) showed [As 4s] and won ($5.22) with high card Ace
Seat 3: BGS013 (small blind) folded before Flop
Seat 4: YanMaster10 (big blind) showed [6c Qh] and lost with high card Queen
Seat 5: stevoooo34 folded before Flop (didn't bet)
Seat 6: Richard2494 folded before Flop (didn't bet)



PokerStars Hand #254423983671:  Hold'em No Limit ($0.50/$1.00 USD) - 2025/01/17 0:54:21 WET [2025/01/17 19:54:21 ET]
Table 'Armisticia III' 6-max Seat #3 is the button
Seat 1: m0nTTu ($89 in chips) 
Seat 2: z00mba ($127.74 in chips) 
Seat 3: BGS013 ($100.70 in chips) 
Seat 4: YanMaster10 ($13.47 in chips) 
Seat 5: stevoooo34 ($66.69 in chips) 
Seat 6: Richard2494 ($124.72 in chips) 
YanMaster10: posts small blind $0.50
stevoooo34: posts big blind $1
*** HOLE CARDS ***
Richard2494: folds 
m0nTTu: folds 
z00mba: raises $1.50 to $2.50
BGS013: folds 
YanMaster10: calls $2
stevoooo34: folds 
*** FLOP *** [6h 7h Ad]
YanMaster10: checks 
z00mba: checks 
*** TURN *** [6h 7h Ad] [9h]
YanMaster10: checks 
z00mba: bets $3.50
YanMaster10: calls $3.50
*** RIVER *** [6h 7h Ad 9h] [7d]
YanMaster10: checks 
z00mba: bets $9.02
YanMaster10: folds 
Uncalled bet ($9.02) returned to z00mba
z00mba collected $12.35 from pot
z00mba: doesn't show hand 
*** SUMMARY ***
Total pot $13 | Rake $0.65 
Board [6h 7h Ad 9h 7d]
Seat 1: m0nTTu folded before Flop (didn't bet)
Seat 2: z00mba collected ($12.35)
Seat 3: BGS013 (button) folded before Flop (didn't bet)
Seat 4: YanMaster10 (small blind) folded on the River
Seat 5: stevoooo34 (big blind) folded before Flop
Seat 6: Richard2494 folded before Flop (didn't bet)



PokerStars Hand #254423994772:  Hold'em No Limit ($0.50/$1.00 USD) - 2025/01/17 0:55:15 WET [2025/01/17 19:55:15 ET]
Table 'Armisticia III' 6-max Seat #4 is the button
Seat 1: m0nTTu ($89 in chips) 
Seat 2: z00mba ($134.09 in chips) 
Seat 3: BGS013 ($100.70 in chips) 
Seat 4: YanMaster10 ($7.47 in chips) 
Seat 5: stevoooo34 ($65.69 in chips) 
Seat 6: Richard2494 ($124.72 in chips) 
stevoooo34: posts small blind $0.50
Richard2494: posts big blind $1
*** HOLE CARDS ***
m0nTTu: folds 
z00mba: folds 
BGS013: folds 
YanMaster10: folds 
stevoooo34: calls $0.50
Richard2494: checks 
*** FLOP *** [3h 4d 3s]
stevoooo34: bets $1
Richard2494: calls $1
*** TURN *** [3h 4d 3s] [6d]
stevoooo34: checks 
Richard2494: checks 
*** RIVER *** [3h 4d 3s 6d] [7h]
stevoooo34: bets $3.80
Richard2494: folds 
Uncalled bet ($3.80) returned to stevoooo34
stevoooo34 collected $3.80 from pot
*** SUMMARY ***
Total pot $4 | Rake $0.20 
Board [3h 4d 3s 6d 7h]
Seat 1: m0nTTu folded before Flop (didn't bet)
Seat 2: z00mba folded before Flop (didn't bet)
Seat 3: BGS013 folded before Flop (didn't bet)
Seat 4: YanMaster10 (button) folded before Flop (didn't bet)
Seat 5: stevoooo34 (small blind) collected ($3.80)
Seat 6: Richard2494 (big blind) folded on the River



PokerStars Hand #254424006014:  Hold'em No Limit ($0.50/$1.00 USD) - 2025/01/17 0:56:23 WET [2025/01/17 19:56:23 ET]
Table 'Armisticia III' 6-max Seat #5 is the button
Seat 1: m0nTTu ($89 in chips) 
Seat 2: z00mba ($134.09 in chips) 
Seat 3: BGS013 ($100.70 in chips) 
Seat 4: YanMaster10 ($7.47 in chips) 
Seat 5: stevoooo34 ($67.49 in chips) 
Seat 6: Richard2494 ($122.72 in chips) 
Richard2494: posts small blind $0.50
m0nTTu: posts big blind $1
*** HOLE CARDS ***
z00mba: folds 
BGS013: folds 
YanMaster10: folds 
stevoooo34: calls $1
Richard2494: raises $5 to $6
m0nTTu: folds 
stevoooo34: folds 
Uncalled bet ($5) returned to Richard2494
Richard2494 collected $3 from pot
Richard2494: doesn't show hand 
*** SUMMARY ***
Total pot $3 | Rake $0 
Seat 1: m0nTTu (big blind) folded before Flop
Seat 2: z00mba folded before Flop (didn't bet)
Seat 3: BGS013 folded before Flop (didn't bet)
Seat 4: YanMaster10 folded before Flop (didn't bet)
Seat 5: stevoooo34 (button) folded before Flop
Seat 6: Richard2494 (small blind) collected ($3)



PokerStars Hand #254424013887:  Hold'em No Limit ($0.50/$1.00 USD) - 2025/01/17 0:57:11 WET [2025/01/17 19:57:11 ET]
Table 'Armisticia III' 6-max Seat #6 is the button
Seat 1: m0nTTu ($88 in chips) 
Seat 2: z00mba ($134.09 in chips) 
Seat 3: BGS013 ($100.70 in chips) 
Seat 4: YanMaster10 ($7.47 in chips) 
Seat 5: stevoooo34 ($66.49 in chips) 
Seat 6: Richard2494 ($124.72 in chips) 
m0nTTu: posts small blind $0.50
z00mba: posts big blind $1
*** HOLE CARDS ***
BGS013: raises $1 to $2
YanMaster10: folds 
stevoooo34: folds 
Richard2494: calls $2
m0nTTu: folds 
z00mba: calls $1
*** FLOP *** [9h 7c 6h]
z00mba: checks 
BGS013: checks 
Richard2494: bets $3.33
z00mba: folds 
BGS013: folds 
Uncalled bet ($3.33) returned to Richard2494
Richard2494 collected $6.18 from pot
Richard2494: doesn't show hand 
*** SUMMARY ***
Total pot $6.50 | Rake $0.32 
Board [9h 7c 6h]
Seat 1: m0nTTu (small blind) folded before Flop
Seat 2: z00mba (big blind) folded on the Flop
Seat 3: BGS013 folded on the Flop
Seat 4: YanMaster10 folded before Flop (didn't bet)
Seat 5: stevoooo34 folded before Flop (didn't bet)
Seat 6: Richard2494 (button) collected ($6.18)



PokerStars Hand #254424020398:  Hold'em No Limit ($0.50/$1.00 USD) - 2025/01/17 0:57:50 WET [2025/01/17 19:57:50 ET]
Table 'Armisticia III' 6-max Seat #1 is the button
Seat 1: m0nTTu ($87.50 in chips) 
Seat 2: z00mba ($132.09 in chips) 
Seat 3: BGS013 ($100 in chips) 
Seat 4: YanMaster10 ($7.47 in chips) 
Seat 5: stevoooo34 ($66.49 in chips) 
Seat 6: Richard2494 ($128.90 in chips) 
z00mba: posts small blind $0.50
BGS013: posts big blind $1
*** HOLE CARDS ***
YanMaster10: raises $1 to $2
stevoooo34: calls $2
Richard2494: folds 
m0nTTu: folds 
z00mba: folds 
BGS013: raises $11 to $13
YanMaster10: calls $5.47 and is all-in
stevoooo34: folds 
Uncalled bet ($5.53) returned to BGS013
*** FLOP *** [2s Ts Ac]
*** TURN *** [2s Ts Ac] [5h]
*** RIVER *** [2s Ts Ac 5h] [7s]
*** SHOW DOWN ***
BGS013: shows [Ad Th] (two pair, Aces and Tens)
YanMaster10: shows [Qs Qh] (a pair of Queens)
BGS013 collected $16.57 from pot
*** SUMMARY ***
Total pot $17.44 | Rake $0.87 
Board [2s Ts Ac 5h 7s]
Seat 1: m0nTTu (button) folded before Flop (didn't bet)
Seat 2: z00mba (small blind) folded before Flop
Seat 3: BGS013 (big blind) showed [Ad Th] and won ($16.57) with two pair, Aces and Tens
Seat 4: YanMaster10 showed [Qs Qh] and lost with a pair of Queens
Seat 5: stevoooo34 folded before Flop
Seat 6: Richard2494 folded before Flop (didn't bet)



PokerStars Hand #254424030164:  Hold'em No Limit ($0.50/$1.00 USD) - 2025/01/17 0:58:49 WET [2025/01/17 19:58:49 ET]
Table 'Armisticia III' 6-max Seat #2 is the button
Seat 4: YanMaster10 ($0 in chips) is sitting out
Seat 1: m0nTTu ($87.50 in chips) 
Seat 2: z00mba ($131.59 in chips) 
Seat 3: BGS013 ($109.10 in chips) 
Seat 5: stevoooo34 ($64.49 in chips) 
Seat 6: Richard2494 ($128.90 in chips) 
BGS013: posts small blind $0.50
stevoooo34: posts big blind $1
*** HOLE CARDS ***
Richard2494: folds 
m0nTTu: folds 
z00mba: raises $1.50 to $2.50
BGS013: folds 
stevoooo34: folds 
Uncalled bet ($1.50) returned to z00mba
z00mba collected $2.50 from pot
z00mba: doesn't show hand 
*** SUMMARY ***
Total pot $2.50 | Rake $0 
Seat 4: YanMaster10
Seat 1: m0nTTu folded before Flop (didn't bet)
Seat 2: z00mba (button) collected ($2.50)
Seat 3: BGS013 (small blind) folded before Flop
Seat 5: stevoooo34 (big blind) folded before Flop
Seat 6: Richard2494 folded before Flop (didn't bet)



PokerStars Hand #254424032565:  Hold'em No Limit ($0.50/$1.00 USD) - 2025/01/17 0:59:03 WET [2025/01/17 19:59:03 ET]
Table 'Armisticia III' 6-max Seat #3 is the button
Seat 4: YanMaster10 ($0 in chips) is sitting out
Seat 1: m0nTTu ($87.50 in chips) 
Seat 2: z00mba ($133.09 in chips) 
Seat 3: BGS013 ($108.60 in chips) 
Seat 5: stevoooo34 ($63.49 in chips) 
Seat 6: Richard2494 ($128.90 in chips) 
stevoooo34: posts small blind $0.50
Richard2494: posts big blind $1
*** HOLE CARDS ***
m0nTTu: folds 
z00mba: folds 
BGS013: folds 
stevoooo34: calls $0.50
YanMaster10 leaves the table
Richard2494: checks 
*** FLOP *** [Ts 6d 8d]
stevoooo34: checks 
Richard2494: bets $1
stevoooo34: calls $1
*** TURN *** [Ts 6d 8d] [9d]
stevoooo34: checks 
Richard2494: bets $1.66
stevoooo34: calls $1.66
*** RIVER *** [Ts 6d 8d 9d] [7s]
stevoooo34: checks 
Richard2494: bets $10.43
stevoooo34: calls $10.43
*** SHOW DOWN ***
Richard2494: shows [4s Th] (a straight, Six to Ten)
stevoooo34: shows [7c Kc] (a straight, Six to Ten)
stevoooo34 collected $13.39 from pot
Richard2494 collected $13.38 from pot
*** SUMMARY ***
Total pot $28.18 | Rake $1.41 
Board [Ts 6d 8d 9d 7s]
Seat 4: YanMaster10
Seat 1: m0nTTu folded before Flop (didn't bet)
Seat 2: z00mba folded before Flop (didn't bet)
Seat 3: BGS013 (button) folded before Flop (didn't bet)
Seat 5: stevoooo34 (small blind) showed [7c Kc] and won ($13.39) with a straight, Six to Ten
Seat 6: Richard2494 (big blind) showed [4s Th] and won ($13.38) with a straight, Six to Ten



PokerStars Hand #254424042422:  Hold'em No Limit ($0.50/$1.00 USD) - 2025/01/17 1:00:02 WET [2025/01/17 20:00:02 ET]
Table 'Armisticia III' 6-max Seat #5 is the button
Seat 1: m0nTTu ($87.50 in chips) 
Seat 2: z00mba ($133.09 in chips) 
Seat 3: BGS013 ($108.60 in chips) 
Seat 5: stevoooo34 ($62.79 in chips) 
Seat 6: Richard2494 ($128.19 in chips) 
Richard2494: posts small blind $0.50
m0nTTu: posts big blind $1
*** HOLE CARDS ***
z00mba: raises $1.50 to $2.50
BGS013: folds 
stevoooo34: folds 
Richard2494: calls $2
m0nTTu: folds 
*** FLOP *** [5s Ts 5c]
Richard2494: checks 
z00mba: bets $3
Richard2494: calls $3
*** TURN *** [5s Ts 5c] [4d]
mittiboy1 joins the table at seat #4 
mittiboy1 is disconnected 
Richard2494: checks 
z00mba: checks 
*** RIVER *** [5s Ts 5c 4d] [8h]
Richard2494: bets $8
z00mba: folds 
Uncalled bet ($8) returned to Richard2494
Richard2494 collected $11.40 from pot
Richard2494: doesn't show hand 
*** SUMMARY ***
Total pot $12 | Rake $0.60 
Board [5s Ts 5c 4d 8h]
Seat 1: m0nTTu (big blind) folded before Flop
Seat 2: z00mba folded on the River
Seat 3: BGS013 folded before Flop (didn't bet)
Seat 5: stevoooo34 (button) folded before Flop (didn't bet)
Seat 6: Richard2494 (small blind) collected ($11.40)



PokerStars Hand #254424055938:  Hold'em No Limit ($0.50/$1.00 USD) - 2025/01/17 1:01:15 WET [2025/01/17 20:01:15 ET]
Table 'Armisticia III' 6-max Seat #6 is the button
Seat 1: m0nTTu ($86.50 in chips) 
Seat 2: z00mba ($127.59 in chips) 
Seat 3: BGS013 ($108.60 in chips) 
Seat 4: mittiboy1 ($41.13 in chips) 
Seat 5: stevoooo34 ($62.79 in chips) 
Seat 6: Richard2494 ($134.09 in chips) 
m0nTTu: posts small blind $0.50
z00mba: posts big blind $1
mittiboy1: posts big blind $1
*** HOLE CARDS ***
BGS013: folds 
mittiboy1: checks 
stevoooo34: folds 
Richard2494: raises $3 to $4
m0nTTu: folds 
z00mba: folds 
mittiboy1: calls $3
*** FLOP *** [2s 7h 2h]
mittiboy1: checks 
Richard2494: bets $4
mittiboy1: folds 
Uncalled bet ($4) returned to Richard2494
Richard2494 collected $9.02 from pot
Richard2494: doesn't show hand 
*** SUMMARY ***
Total pot $9.50 | Rake $0.48 
Board [2s 7h 2h]
Seat 1: m0nTTu (small blind) folded before Flop
Seat 2: z00mba (big blind) folded before Flop
Seat 3: BGS013 folded before Flop (didn't bet)
Seat 4: mittiboy1 folded on the Flop
Seat 5: stevoooo34 folded before Flop (didn't bet)
Seat 6: Richard2494 (button) collected ($9.02)



PokerStars Hand #254424065519:  Hold'em No Limit ($0.50/$1.00 USD) - 2025/01/17 1:02:03 WET [2025/01/17 20:02:03 ET]
Table 'Armisticia III' 6-max Seat #1 is the button
Seat 1: m0nTTu ($86 in chips) 
Seat 2: z00mba ($126.59 in chips) 
Seat 3: BGS013 ($108.60 in chips) 
Seat 4: mittiboy1 ($37.13 in chips) 
Seat 5: stevoooo34 ($62.79 in chips) 
Seat 6: Richard2494 ($139.11 in chips) 
z00mba: posts small blind $0.50
BGS013: posts big blind $1
*** HOLE CARDS ***
mittiboy1: folds 
stevoooo34: folds 
Richard2494: raises $1.20 to $2.20
m0nTTu: folds 
z00mba: folds 
BGS013: raises $8.80 to $11
Richard2494: raises $8.80 to $19.80
BGS013: calls $8.80
*** FLOP *** [2s Qs 3s]
BGS013: checks 
Richard2494: bets $7.62
BGS013: folds 
Uncalled bet ($7.62) returned to Richard2494
Richard2494 collected $38.10 from pot
Richard2494: doesn't show hand 
*** SUMMARY ***
Total pot $40.10 | Rake $2 
Board [2s Qs 3s]
Seat 1: m0nTTu (button) folded before Flop (didn't bet)
Seat 2: z00mba (small blind) folded before Flop
Seat 3: BGS013 (big blind) folded on the Flop
Seat 4: mittiboy1 folded before Flop (didn't bet)
Seat 5: stevoooo34 folded before Flop (didn't bet)
Seat 6: Richard2494 collected ($38.10)



PokerStars Hand #254424077151:  Hold'em No Limit ($0.50/$1.00 USD) - 2025/01/17 1:03:00 WET [2025/01/17 20:03:00 ET]
Table 'Armisticia III' 6-max Seat #2 is the button
Seat 1: m0nTTu ($86 in chips) 
Seat 2: z00mba ($126.09 in chips) 
Seat 3: BGS013 ($100 in chips) 
Seat 4: mittiboy1 ($37.13 in chips) 
Seat 5: stevoooo34 ($62.79 in chips) 
Seat 6: Richard2494 ($157.41 in chips) 
BGS013: posts small blind $0.50
mittiboy1: posts big blind $1
*** HOLE CARDS ***
stevoooo34: folds 
Richard2494: folds 
m0nTTu: folds 
z00mba: folds 
BGS013: folds 
Uncalled bet ($0.50) returned to mittiboy1
mittiboy1 collected $1 from pot
*** SUMMARY ***
Total pot $1 | Rake $0 
Seat 1: m0nTTu folded before Flop (didn't bet)
Seat 2: z00mba (button) folded before Flop (didn't bet)
Seat 3: BGS013 (small blind) folded before Flop
Seat 4: mittiboy1 (big blind) collected ($1)
Seat 5: stevoooo34 folded before Flop (didn't bet)
Seat 6: Richard2494 folded before Flop (didn't bet)



PokerStars Hand #254424080323:  Hold'em No Limit ($0.50/$1.00 USD) - 2025/01/17 1:03:15 WET [2025/01/17 20:03:15 ET]
Table 'Armisticia III' 6-max Seat #3 is the button
Seat 1: m0nTTu ($86 in chips) 
Seat 2: z00mba ($126.09 in chips) 
Seat 3: BGS013 ($100 in chips) 
Seat 4: mittiboy1 ($37.63 in chips) 
Seat 5: stevoooo34 ($62.79 in chips) 
Seat 6: Richard2494 ($157.41 in chips) 
mittiboy1: posts small blind $0.50
stevoooo34: posts big blind $1
*** HOLE CARDS ***
stevoooo34 is disconnected 
Richard2494: raises $1 to $2
m0nTTu: folds 
z00mba: folds 
BGS013: folds 
mittiboy1: folds 
stevoooo34 has timed out while disconnected
stevoooo34: folds 
Uncalled bet ($1) returned to Richard2494
Richard2494 collected $2.50 from pot
Richard2494: doesn't show hand 
*** SUMMARY ***
Total pot $2.50 | Rake $0 
Seat 1: m0nTTu folded before Flop (didn't bet)
Seat 2: z00mba folded before Flop (didn't bet)
Seat 3: BGS013 (button) folded before Flop (didn't bet)
Seat 4: mittiboy1 (small blind) folded before Flop
Seat 5: stevoooo34 (big blind) folded before Flop
Seat 6: Richard2494 collected ($2.50)



PokerStars Hand #254424085776:  Hold'em No Limit ($0.50/$1.00 USD) - 2025/01/17 1:03:42 WET [2025/01/17 20:03:42 ET]
Table 'Armisticia III' 6-max Seat #4 is the button
Seat 5: stevoooo34 ($61.79 in chips) is sitting out
Seat 1: m0nTTu ($86 in chips) 
Seat 2: z00mba ($126.09 in chips) 
Seat 3: BGS013 ($100 in chips) 
Seat 4: mittiboy1 ($37.13 in chips) 
Seat 6: Richard2494 ($158.91 in chips) 
Richard2494: posts small blind $0.50
m0nTTu: posts big blind $1
*** HOLE CARDS ***
z00mba: folds 
BGS013: folds 
mittiboy1: folds 
Richard2494: folds 
Uncalled bet ($0.50) returned to m0nTTu
m0nTTu collected $1 from pot
m0nTTu: doesn't show hand 
*** SUMMARY ***
Total pot $1 | Rake $0 
Seat 5: stevoooo34
Seat 1: m0nTTu (big blind) collected ($1)
Seat 2: z00mba folded before Flop (didn't bet)
Seat 3: BGS013 folded before Flop (didn't bet)
Seat 4: mittiboy1 (button) folded before Flop (didn't bet)
Seat 6: Richard2494 (small blind) folded before Flop



PokerStars Hand #254424087981:  Hold'em No Limit ($0.50/$1.00 USD) - 2025/01/17 1:03:53 WET [2025/01/17 20:03:53 ET]
Table 'Armisticia III' 6-max Seat #6 is the button
Seat 5: stevoooo34 ($61.79 in chips) is sitting out
Seat 1: m0nTTu ($86.50 in chips) 
Seat 2: z00mba ($126.09 in chips) 
Seat 3: BGS013 ($100 in chips) 
Seat 4: mittiboy1 ($37.13 in chips) 
Seat 6: Richard2494 ($158.41 in chips) 
m0nTTu: posts small blind $0.50
z00mba: posts big blind $1
*** HOLE CARDS ***
BGS013: folds 
mittiboy1: folds 
Richard2494: raises $1.20 to $2.20
m0nTTu: folds 
z00mba: folds 
Uncalled bet ($1.20) returned to Richard2494
Richard2494 collected $2.50 from pot
Richard2494: doesn't show hand 
*** SUMMARY ***
Total pot $2.50 | Rake $0 
Seat 5: stevoooo34
Seat 1: m0nTTu (small blind) folded before Flop
Seat 2: z00mba (big blind) folded before Flop
Seat 3: BGS013 folded before Flop (didn't bet)
Seat 4: mittiboy1 folded before Flop (didn't bet)
Seat 6: Richard2494 (button) collected ($2.50)



PokerStars Hand #254424090892:  Hold'em No Limit ($0.50/$1.00 USD) - 2025/01/17 1:04:07 WET [2025/01/17 20:04:07 ET]
Table 'Armisticia III' 6-max Seat #1 is the button
Seat 5: stevoooo34 ($61.79 in chips) is sitting out
Seat 1: m0nTTu ($86 in chips) 
Seat 2: z00mba ($125.09 in chips) 
Seat 3: BGS013 ($100 in chips) 
Seat 4: mittiboy1 ($37.13 in chips) 
Seat 6: Richard2494 ($159.91 in chips) 
z00mba: posts small blind $0.50
BGS013: posts big blind $1
*** HOLE CARDS ***
mittiboy1: folds 
Richard2494: raises $1.20 to $2.20
m0nTTu: folds 
z00mba: folds 
BGS013: calls $1.20
*** FLOP *** [2s 8c 6d]
BGS013: checks 
Richard2494: bets $3.26
BGS013: calls $3.26
*** TURN *** [2s 8c 6d] [4h]
BGS013: checks 
Richard2494: checks 
*** RIVER *** [2s 8c 6d 4h] [Kd]
BGS013: checks 
Richard2494: bets $11.39
BGS013: folds 
Uncalled bet ($11.39) returned to Richard2494
Richard2494 collected $10.85 from pot
Richard2494: doesn't show hand 
*** SUMMARY ***
Total pot $11.42 | Rake $0.57 
Board [2s 8c 6d 4h Kd]
Seat 5: stevoooo34
Seat 1: m0nTTu (button) folded before Flop (didn't bet)
Seat 2: z00mba (small blind) folded before Flop
Seat 3: BGS013 (big blind) folded on the River
Seat 4: mittiboy1 folded before Flop (didn't bet)
Seat 6: Richard2494 collected ($10.85)



PokerStars Hand #254424106774:  Hold'em No Limit ($0.50/$1.00 USD) - 2025/01/17 1:05:25 WET [2025/01/17 20:05:25 ET]
Table 'Armisticia III' 6-max Seat #2 is the button
Seat 1: m0nTTu ($86 in chips) 
Seat 2: z00mba ($124.59 in chips) 
Seat 3: BGS013 ($100 in chips) 
Seat 4: mittiboy1 ($37.13 in chips) 
Seat 5: stevoooo34 ($61.79 in chips) 
Seat 6: Richard2494 ($165.30 in chips) 
BGS013: posts small blind $0.50
mittiboy1: posts big blind $1
stevoooo34: posts small blind $0.50
*** HOLE CARDS ***
stevoooo34: folds 
Richard2494: raises $1.20 to $2.20
m0nTTu: folds 
z00mba: folds 
BGS013: folds 
mittiboy1: calls $1.20
*** FLOP *** [3h Th Ah]
stevoooo34 is disconnected 
mittiboy1: checks 
Richard2494: bets $1
mittiboy1: calls $1
*** TURN *** [3h Th Ah] [8c]
mittiboy1: checks 
Richard2494: bets $1.41
mittiboy1: calls $1.41
*** RIVER *** [3h Th Ah 8c] [Ts]
mittiboy1: checks 
Richard2494: bets $10.20
mittiboy1: folds 
Uncalled bet ($10.20) returned to Richard2494
Richard2494 collected $9.71 from pot
Richard2494: doesn't show hand 
*** SUMMARY ***
Total pot $10.22 | Rake $0.51 
Board [3h Th Ah 8c Ts]
Seat 1: m0nTTu folded before Flop (didn't bet)
Seat 2: z00mba (button) folded before Flop (didn't bet)
Seat 3: BGS013 (small blind) folded before Flop
Seat 4: mittiboy1 (big blind) folded on the River
Seat 5: stevoooo34 folded before Flop (didn't bet)
Seat 6: Richard2494 collected ($9.71)



PokerStars Hand #254424118991:  Hold'em No Limit ($0.50/$1.00 USD) - 2025/01/17 1:06:26 WET [2025/01/17 20:06:26 ET]
Table 'Armisticia III' 6-max Seat #3 is the button
Seat 5: stevoooo34 ($61.29 in chips) is sitting out
Seat 1: m0nTTu ($86 in chips) 
Seat 2: z00mba ($124.59 in chips) 
Seat 3: BGS013 ($100 in chips) 
Seat 4: mittiboy1 ($32.52 in chips) 
Seat 6: Richard2494 ($170.40 in chips) 
mittiboy1: posts small blind $0.50
stevoooo34 has timed out while disconnected
stevoooo34: is sitting out 
Richard2494: posts big blind $1
*** HOLE CARDS ***
m0nTTu: folds 
m0nTTu leaves the table
z00mba: folds 
BGS013: folds 
mittiboy1: calls $0.50
Richard2494: checks 
*** FLOP *** [5s Td Kc]
mittiboy1: checks 
Richard2494: bets $1
mittiboy1: folds 
Uncalled bet ($1) returned to Richard2494
Richard2494 collected $1.90 from pot
Richard2494: doesn't show hand 
*** SUMMARY ***
Total pot $2 | Rake $0.10 
Board [5s Td Kc]
Seat 5: stevoooo34
Seat 1: m0nTTu folded before Flop (didn't bet)
Seat 2: z00mba folded before Flop (didn't bet)
Seat 3: BGS013 (button) folded before Flop (didn't bet)
Seat 4: mittiboy1 (small blind) folded on the Flop
Seat 6: Richard2494 (big blind) collected ($1.90)



PokerStars Hand #254424127908:  Hold'em No Limit ($0.50/$1.00 USD) - 2025/01/17 1:07:10 WET [2025/01/17 20:07:10 ET]
Table 'Armisticia III' 6-max Seat #4 is the button
Seat 5: stevoooo34 ($61.29 in chips) is sitting out
Seat 2: z00mba ($124.59 in chips) 
Seat 3: BGS013 ($100 in chips) 
Seat 4: mittiboy1 ($31.52 in chips) 
Seat 6: Richard2494 ($171.30 in chips) 
Richard2494: posts small blind $0.50
z00mba: posts big blind $1
*** HOLE CARDS ***
nastja336 joins the table at seat #1 
BGS013: folds 
mittiboy1: folds 
Richard2494: raises $1.80 to $2.80
z00mba: calls $1.80
*** FLOP *** [6h 4s 8s]
Richard2494: checks 
z00mba: bets $2.71
Richard2494: calls $2.71
*** TURN *** [6h 4s 8s] [Ts]
Richard2494: checks 
z00mba: bets $7.64
Richard2494: calls $7.64
*** RIVER *** [6h 4s 8s Ts] [3s]
Richard2494: checks 
z00mba: checks 
*** SHOW DOWN ***
Richard2494: shows [As 7s] (a flush, Ace high)
z00mba: mucks hand 
Richard2494 collected $25.30 from pot
*** SUMMARY ***
Total pot $26.30 | Rake $1 
Board [6h 4s 8s Ts 3s]
Seat 5: stevoooo34
Seat 2: z00mba (big blind) mucked
Seat 3: BGS013 folded before Flop (didn't bet)
Seat 4: mittiboy1 (button) folded before Flop (didn't bet)
Seat 6: Richard2494 (small blind) showed [As 7s] and won ($25.30) with a flush, Ace high



PokerStars Hand #254424146744:  Hold'em No Limit ($0.50/$1.00 USD) - 2025/01/17 1:08:45 WET [2025/01/17 20:08:45 ET]
Table 'Armisticia III' 6-max Seat #6 is the button
Seat 1: nastja336 ($100 in chips) is sitting out
Seat 5: stevoooo34 ($61.29 in chips) is sitting out
Seat 2: z00mba ($111.44 in chips) 
Seat 3: BGS013 ($100 in chips) 
Seat 4: mittiboy1 ($31.52 in chips) 
Seat 6: Richard2494 ($183.45 in chips) 
z00mba: posts small blind $0.50
BGS013: posts big blind $1
*** HOLE CARDS ***
mittiboy1: folds 
Richard2494: raises $1.20 to $2.20
z00mba: folds 
BGS013: raises $8.80 to $11
Richard2494: folds 
Uncalled bet ($8.80) returned to BGS013
BGS013 collected $4.90 from pot
BGS013: doesn't show hand 
*** SUMMARY ***
Total pot $4.90 | Rake $0 
Seat 1: nastja336
Seat 5: stevoooo34
Seat 2: z00mba (small blind) folded before Flop
Seat 3: BGS013 (big blind) collected ($4.90)
Seat 4: mittiboy1 folded before Flop (didn't bet)
Seat 6: Richard2494 (button) folded before Flop



PokerStars Hand #254424150321:  Hold'em No Limit ($0.50/$1.00 USD) - 2025/01/17 1:09:03 WET [2025/01/17 20:09:03 ET]
Table 'Armisticia III' 6-max Seat #2 is the button
Seat 1: nastja336 ($100 in chips) is sitting out
Seat 5: stevoooo34 ($61.29 in chips) is sitting out
Seat 2: z00mba ($110.94 in chips) 
Seat 3: BGS013 ($102.70 in chips) 
Seat 4: mittiboy1 ($31.52 in chips) 
Seat 6: Richard2494 ($181.25 in chips) 
BGS013: posts small blind $0.50
mittiboy1: posts big blind $1
nastja336: sits out 
*** HOLE CARDS ***
Richard2494: raises $1.20 to $2.20
z00mba: raises $5.30 to $7.50
BGS013: folds 
mittiboy1: folds 
Richard2494: folds 
Uncalled bet ($5.30) returned to z00mba
z00mba collected $5.90 from pot
z00mba: doesn't show hand 
*** SUMMARY ***
Total pot $5.90 | Rake $0 
Seat 1: nastja336
Seat 5: stevoooo34
Seat 2: z00mba (button) collected ($5.90)
Seat 3: BGS013 (small blind) folded before Flop
Seat 4: mittiboy1 (big blind) folded before Flop
Seat 6: Richard2494 folded before Flop



PokerStars Hand #254424153909:  Hold'em No Limit ($0.50/$1.00 USD) - 2025/01/17 1:09:21 WET [2025/01/17 20:09:21 ET]
Table 'Armisticia III' 6-max Seat #3 is the button
Seat 1: nastja336 ($100 in chips) is sitting out
Seat 5: stevoooo34 ($61.29 in chips) is sitting out
Seat 2: z00mba ($114.64 in chips) 
Seat 3: BGS013 ($102.20 in chips) 
Seat 4: mittiboy1 ($30.52 in chips) 
Seat 6: Richard2494 ($179.05 in chips) 
mittiboy1: posts small blind $0.50
Richard2494: posts big blind $1
nastja336: sits out 
*** HOLE CARDS ***
z00mba: folds 
BGS013: raises $1.50 to $2.50
mittiboy1: folds 
Richard2494: folds 
Uncalled bet ($1.50) returned to BGS013
BGS013 collected $2.50 from pot
BGS013: doesn't show hand 
*** SUMMARY ***
Total pot $2.50 | Rake $0 
Seat 1: nastja336
Seat 5: stevoooo34
Seat 2: z00mba folded before Flop (didn't bet)
Seat 3: BGS013 (button) collected ($2.50)
Seat 4: mittiboy1 (small blind) folded before Flop
Seat 6: Richard2494 (big blind) folded before Flop



PokerStars Hand #254424160666:  Hold'em No Limit ($0.50/$1.00 USD) - 2025/01/17 1:09:56 WET [2025/01/17 20:09:56 ET]
Table 'Armisticia III' 6-max Seat #4 is the button
Seat 5: stevoooo34 ($61.29 in chips) is sitting out
Seat 1: nastja336 ($100 in chips) 
Seat 2: z00mba ($114.64 in chips) 
Seat 3: BGS013 ($103.70 in chips) 
Seat 4: mittiboy1 ($30.02 in chips) 
Seat 6: Richard2494 ($178.05 in chips) 
Richard2494: posts small blind $0.50
nastja336: posts big blind $1
*** HOLE CARDS ***
z00mba: folds 
BGS013: folds 
mittiboy1: folds 
Richard2494: raises $1.80 to $2.80
nastja336: raises $7.70 to $10.50
Richard2494: folds 
Uncalled bet ($7.70) returned to nastja336
nastja336 collected $5.60 from pot
nastja336: doesn't show hand 
*** SUMMARY ***
Total pot $5.60 | Rake $0 
Seat 5: stevoooo34
Seat 1: nastja336 (big blind) collected ($5.60)
Seat 2: z00mba folded before Flop (didn't bet)
Seat 3: BGS013 folded before Flop (didn't bet)
Seat 4: mittiboy1 (button) folded before Flop (didn't bet)
Seat 6: Richard2494 (small blind) folded before Flop



PokerStars Hand #254424165743:  Hold'em No Limit ($0.50/$1.00 USD) - 2025/01/17 1:10:21 WET [2025/01/17 20:10:21 ET]
Table 'Armisticia III' 6-max Seat #6 is the button
Seat 5: stevoooo34 ($61.29 in chips) is sitting out
Seat 1: nastja336 ($102.80 in chips) 
Seat 2: z00mba ($114.64 in chips) 
Seat 3: BGS013 ($103.70 in chips) 
Seat 4: mittiboy1 ($30.02 in chips) 
Seat 6: Richard2494 ($175.25 in chips) 
nastja336: posts small blind $0.50
z00mba: posts big blind $1
*** HOLE CARDS ***
BGS013: folds 
mittiboy1: folds 
Richard2494: folds 
nastja336: folds 
Uncalled bet ($0.50) returned to z00mba
z00mba collected $1 from pot
z00mba: doesn't show hand 
*** SUMMARY ***
Total pot $1 | Rake $0 
Seat 5: stevoooo34
Seat 1: nastja336 (small blind) folded before Flop
Seat 2: z00mba (big blind) collected ($1)
Seat 3: BGS013 folded before Flop (didn't bet)
Seat 4: mittiboy1 folded before Flop (didn't bet)
Seat 6: Richard2494 (button) folded before Flop (didn't bet)



PokerStars Hand #254424168278:  Hold'em No Limit ($0.50/$1.00 USD) - 2025/01/17 1:10:34 WET [2025/01/17 20:10:34 ET]
Table 'Armisticia III' 6-max Seat #1 is the button
Seat 3: BGS013 ($103.70 in chips) is sitting out
Seat 5: stevoooo34 ($61.29 in chips) is sitting out
Seat 1: nastja336 ($102.30 in chips) 
Seat 2: z00mba ($115.14 in chips) 
Seat 4: mittiboy1 ($30.02 in chips) 
Seat 6: Richard2494 ($175.25 in chips) 
z00mba: posts small blind $0.50
BGS013: is sitting out 
mittiboy1: posts big blind $1
*** HOLE CARDS ***
Richard2494: raises $1.20 to $2.20
nastja336: folds 
BGS013 leaves the table
z00mba: raises $9.30 to $11.50
mittiboy1: folds 
ptolejmus joins the table at seat #3 
Richard2494: folds 
Uncalled bet ($9.30) returned to z00mba
z00mba collected $5.40 from pot
z00mba: doesn't show hand 
*** SUMMARY ***
Total pot $5.40 | Rake $0 
Seat 3: BGS013
Seat 5: stevoooo34
Seat 1: nastja336 (button) folded before Flop (didn't bet)
Seat 2: z00mba (small blind) collected ($5.40)
Seat 4: mittiboy1 (big blind) folded before Flop
Seat 6: Richard2494 folded before Flop



PokerStars Hand #254424173412:  Hold'em No Limit ($0.50/$1.00 USD) - 2025/01/17 1:11:00 WET [2025/01/17 20:11:00 ET]
Table 'Armisticia III' 6-max Seat #2 is the button
Seat 3: ptolejmus ($21.12 in chips) is sitting out
Seat 5: stevoooo34 ($61.29 in chips) is sitting out
Seat 1: nastja336 ($102.30 in chips) 
Seat 2: z00mba ($118.34 in chips) 
Seat 4: mittiboy1 ($29.02 in chips) 
Seat 6: Richard2494 ($173.05 in chips) 
mittiboy1: posts small blind $0.50
Richard2494: posts big blind $1
*** HOLE CARDS ***
nastja336: folds 
z00mba: folds 
mittiboy1: calls $0.50
Richard2494: checks 
*** FLOP *** [3h Jd 8h]
mittiboy1: bets $1.90
Richard2494: folds 
Uncalled bet ($1.90) returned to mittiboy1
mittiboy1 collected $1.90 from pot
*** SUMMARY ***
Total pot $2 | Rake $0.10 
Board [3h Jd 8h]
Seat 3: ptolejmus
Seat 5: stevoooo34
Seat 1: nastja336 folded before Flop (didn't bet)
Seat 2: z00mba (button) folded before Flop (didn't bet)
Seat 4: mittiboy1 (small blind) collected ($1.90)
Seat 6: Richard2494 (big blind) folded on the Flop



PokerStars Hand #254424177967:  Hold'em No Limit ($0.50/$1.00 USD) - 2025/01/17 1:11:24 WET [2025/01/17 20:11:24 ET]
Table 'Armisticia III' 6-max Seat #4 is the button
Seat 3: ptolejmus ($21.12 in chips) is sitting out
Seat 5: stevoooo34 ($61.29 in chips) is sitting out
Seat 1: nastja336 ($102.30 in chips) 
Seat 2: z00mba ($118.34 in chips) 
Seat 4: mittiboy1 ($29.92 in chips) 
Seat 6: Richard2494 ($172.05 in chips) 
Richard2494: posts small blind $0.50
nastja336: posts big blind $1
ptolejmus: sits out 
*** HOLE CARDS ***
z00mba: raises $1.50 to $2.50
mittiboy1: folds 
Richard2494: calls $2
nastja336: folds 
*** FLOP *** [Ah Ts Tc]
Richard2494: checks 
z00mba: bets $3
Richard2494: folds 
Uncalled bet ($3) returned to z00mba
z00mba collected $5.70 from pot
z00mba: doesn't show hand 
*** SUMMARY ***
Total pot $6 | Rake $0.30 
Board [Ah Ts Tc]
Seat 3: ptolejmus
Seat 5: stevoooo34
Seat 1: nastja336 (big blind) folded before Flop
Seat 2: z00mba collected ($5.70)
Seat 4: mittiboy1 (button) folded before Flop (didn't bet)
Seat 6: Richard2494 (small blind) folded on the Flop



PokerStars Hand #254424181658:  Hold'em No Limit ($0.50/$1.00 USD) - 2025/01/17 1:11:42 WET [2025/01/17 20:11:42 ET]
Table 'Armisticia III' 6-max Seat #6 is the button
Seat 3: ptolejmus ($21.12 in chips) is sitting out
Seat 5: stevoooo34 ($61.29 in chips) is sitting out
Seat 1: nastja336 ($101.30 in chips) 
Seat 2: z00mba ($121.54 in chips) 
Seat 4: mittiboy1 ($29.92 in chips) 
Seat 6: Richard2494 ($169.55 in chips) 
nastja336: posts small blind $0.50
z00mba: posts big blind $1
ptolejmus: sits out 
*** HOLE CARDS ***
mittiboy1: folds 
Richard2494: folds 
nastja336: folds 
Uncalled bet ($0.50) returned to z00mba
z00mba collected $1 from pot
z00mba: doesn't show hand 
*** SUMMARY ***
Total pot $1 | Rake $0 
Seat 3: ptolejmus
Seat 5: stevoooo34
Seat 1: nastja336 (small blind) folded before Flop
Seat 2: z00mba (big blind) collected ($1)
Seat 4: mittiboy1 folded before Flop (didn't bet)
Seat 6: Richard2494 (button) folded before Flop (didn't bet)



PokerStars Hand #254424183617:  Hold'em No Limit ($0.50/$1.00 USD) - 2025/01/17 1:11:52 WET [2025/01/17 20:11:52 ET]
Table 'Armisticia III' 6-max Seat #1 is the button
Seat 5: stevoooo34 ($61.29 in chips) is sitting out
Seat 1: nastja336 ($100.80 in chips) 
Seat 2: z00mba ($122.04 in chips) 
Seat 3: ptolejmus ($21.12 in chips) 
Seat 4: mittiboy1 ($29.92 in chips) 
Seat 6: Richard2494 ($169.55 in chips) 
z00mba: posts small blind $0.50
ptolejmus: posts big blind $1
*** HOLE CARDS ***
mittiboy1: folds 
Richard2494: raises $1 to $2
nastja336: folds 
z00mba: folds 
ptolejmus: folds 
Uncalled bet ($1) returned to Richard2494
Richard2494 collected $2.50 from pot
Richard2494: doesn't show hand 
*** SUMMARY ***
Total pot $2.50 | Rake $0 
Seat 5: stevoooo34
Seat 1: nastja336 (button) folded before Flop (didn't bet)
Seat 2: z00mba (small blind) folded before Flop
Seat 3: ptolejmus (big blind) folded before Flop
Seat 4: mittiboy1 folded before Flop (didn't bet)
Seat 6: Richard2494 collected ($2.50)



PokerStars Hand #254424187343:  Hold'em No Limit ($0.50/$1.00 USD) - 2025/01/17 1:12:11 WET [2025/01/17 20:12:11 ET]
Table 'Armisticia III' 6-max Seat #2 is the button
Seat 5: stevoooo34 ($61.29 in chips) is sitting out
Seat 1: nastja336 ($100.80 in chips) 
Seat 2: z00mba ($121.54 in chips) 
Seat 3: ptolejmus ($20.12 in chips) 
Seat 4: mittiboy1 ($29.92 in chips) 
Seat 6: Richard2494 ($171.05 in chips) 
ptolejmus: posts small blind $0.50
mittiboy1: posts big blind $1
*** HOLE CARDS ***
Richard2494: folds 
nastja336: raises $1.50 to $2.50
z00mba: folds 
ptolejmus: folds 
mittiboy1: folds 
Uncalled bet ($1.50) returned to nastja336
nastja336 collected $2.50 from pot
nastja336: doesn't show hand 
*** SUMMARY ***
Total pot $2.50 | Rake $0 
Seat 5: stevoooo34
Seat 1: nastja336 collected ($2.50)
Seat 2: z00mba (button) folded before Flop (didn't bet)
Seat 3: ptolejmus (small blind) folded before Flop
Seat 4: mittiboy1 (big blind) folded before Flop
Seat 6: Richard2494 folded before Flop (didn't bet)



PokerStars Hand #254424189422:  Hold'em No Limit ($0.50/$1.00 USD) - 2025/01/17 1:12:21 WET [2025/01/17 20:12:21 ET]
Table 'Armisticia III' 6-max Seat #3 is the button
Seat 5: stevoooo34 ($61.29 in chips) is sitting out
Seat 1: nastja336 ($102.30 in chips) 
Seat 2: z00mba ($121.54 in chips) 
Seat 3: ptolejmus ($21.12 in chips) 
Seat 4: mittiboy1 ($28.92 in chips) 
Seat 6: Richard2494 ($171.05 in chips) 
mittiboy1: posts small blind $0.50
Richard2494: posts big blind $1
*** HOLE CARDS ***
nastja336: folds 
z00mba: raises $1.50 to $2.50
ptolejmus: folds 
mittiboy1: folds 
Richard2494: folds 
Uncalled bet ($1.50) returned to z00mba
z00mba collected $2.50 from pot
stevoooo34 leaves the table
z00mba: doesn't show hand 
*** SUMMARY ***
Total pot $2.50 | Rake $0 
Seat 5: stevoooo34
Seat 1: nastja336 folded before Flop (didn't bet)
Seat 2: z00mba collected ($2.50)
Seat 3: ptolejmus (button) folded before Flop (didn't bet)
Seat 4: mittiboy1 (small blind) folded before Flop
Seat 6: Richard2494 (big blind) folded before Flop



PokerStars Hand #254424191653:  Hold'em No Limit ($0.50/$1.00 USD) - 2025/01/17 1:12:32 WET [2025/01/17 20:12:32 ET]
Table 'Armisticia III' 6-max Seat #4 is the button
Seat 1: nastja336 ($102.30 in chips) 
Seat 2: z00mba ($123.04 in chips) 
Seat 3: ptolejmus ($21.12 in chips) 
Seat 4: mittiboy1 ($28.42 in chips) 
Seat 6: Richard2494 ($170.05 in chips) 
Richard2494: posts small blind $0.50
nastja336: posts big blind $1
*** HOLE CARDS ***
z00mba: raises $1.50 to $2.50
ptolejmus: folds 
mittiboy1: folds 
Richard2494: folds 
nastja336: folds 
Uncalled bet ($1.50) returned to z00mba
z00mba collected $2.50 from pot
z00mba: doesn't show hand 
sutata joins the table at seat #5 
*** SUMMARY ***
Total pot $2.50 | Rake $0 
Seat 1: nastja336 (big blind) folded before Flop
Seat 2: z00mba collected ($2.50)
Seat 3: ptolejmus folded before Flop (didn't bet)
Seat 4: mittiboy1 (button) folded before Flop (didn't bet)
Seat 6: Richard2494 (small blind) folded before Flop



PokerStars Hand #254424194996:  Hold'em No Limit ($0.50/$1.00 USD) - 2025/01/17 1:12:49 WET [2025/01/17 20:12:49 ET]
Table 'Armisticia III' 6-max Seat #6 is the button
Seat 5: sutata ($100 in chips) is sitting out
Seat 1: nastja336 ($101.30 in chips) 
Seat 2: z00mba ($124.54 in chips) 
Seat 3: ptolejmus ($21.12 in chips) 
Seat 4: mittiboy1 ($28.42 in chips) 
Seat 6: Richard2494 ($169.55 in chips) 
nastja336: posts small blind $0.50
z00mba: posts big blind $1
sutata: sits out 
*** HOLE CARDS ***
ptolejmus: raises $1 to $2
mittiboy1: folds 
Richard2494: folds 
nastja336: folds 
z00mba: calls $1
*** FLOP *** [6d Ts Th]
z00mba: checks 
ptolejmus: bets $1.16
z00mba: calls $1.16
*** TURN *** [6d Ts Th] [Tc]
z00mba: checks 
ptolejmus: checks 
*** RIVER *** [6d Ts Th Tc] [Kh]
z00mba: bets $4.73
ptolejmus: folds 
Uncalled bet ($4.73) returned to z00mba
z00mba collected $6.48 from pot
z00mba: doesn't show hand 
*** SUMMARY ***
Total pot $6.82 | Rake $0.34 
Board [6d Ts Th Tc Kh]
Seat 5: sutata
Seat 1: nastja336 (small blind) folded before Flop
Seat 2: z00mba (big blind) collected ($6.48)
Seat 3: ptolejmus folded on the River
Seat 4: mittiboy1 folded before Flop (didn't bet)
Seat 6: Richard2494 (button) folded before Flop (didn't bet)



PokerStars Hand #254424212363:  Hold'em No Limit ($0.50/$1.00 USD) - 2025/01/17 1:14:16 WET [2025/01/17 20:14:16 ET]
Table 'Armisticia III' 6-max Seat #1 is the button
Seat 5: sutata ($100 in chips) is sitting out
Seat 1: nastja336 ($100.80 in chips) 
Seat 2: z00mba ($127.86 in chips) 
Seat 3: ptolejmus ($21.12 in chips) 
Seat 4: mittiboy1 ($28.42 in chips) 
Seat 6: Richard2494 ($169.55 in chips) 
z00mba: posts small blind $0.50
ptolejmus: posts big blind $1
sutata: sits out 
*** HOLE CARDS ***
mittiboy1: folds 
Richard2494: folds 
nastja336: folds 
z00mba: raises $2 to $3
ptolejmus: folds 
Uncalled bet ($2) returned to z00mba
z00mba collected $2 from pot
z00mba: doesn't show hand 
*** SUMMARY ***
Total pot $2 | Rake $0 
Seat 5: sutata
Seat 1: nastja336 (button) folded before Flop (didn't bet)
Seat 2: z00mba (small blind) collected ($2)
Seat 3: ptolejmus (big blind) folded before Flop
Seat 4: mittiboy1 folded before Flop (didn't bet)
Seat 6: Richard2494 folded before Flop (didn't bet)



PokerStars Hand #254424216255:  Hold'em No Limit ($0.50/$1.00 USD) - 2025/01/17 1:14:36 WET [2025/01/17 20:14:36 ET]
Table 'Armisticia III' 6-max Seat #2 is the button
Seat 5: sutata ($100 in chips) is sitting out
Seat 1: nastja336 ($100.80 in chips) 
Seat 2: z00mba ($128.86 in chips) 
Seat 3: ptolejmus ($20.12 in chips) 
Seat 4: mittiboy1 ($28.42 in chips) 
Seat 6: Richard2494 ($169.55 in chips) 
ptolejmus: posts small blind $0.50
mittiboy1: posts big blind $1
sutata: sits out 
*** HOLE CARDS ***
Richard2494: folds 
nastja336: folds 
z00mba: raises $1.50 to $2.50
ptolejmus: folds 
mittiboy1: folds 
Uncalled bet ($1.50) returned to z00mba
z00mba collected $2.50 from pot
z00mba: doesn't show hand 
*** SUMMARY ***
Total pot $2.50 | Rake $0 
Seat 5: sutata
Seat 1: nastja336 folded before Flop (didn't bet)
Seat 2: z00mba (button) collected ($2.50)
Seat 3: ptolejmus (small blind) folded before Flop
Seat 4: mittiboy1 (big blind) folded before Flop
Seat 6: Richard2494 folded before Flop (didn't bet)



PokerStars Hand #254424219162:  Hold'em No Limit ($0.50/$1.00 USD) - 2025/01/17 1:14:50 WET [2025/01/17 20:14:50 ET]
Table 'Armisticia III' 6-max Seat #3 is the button
Seat 1: nastja336 ($100.80 in chips) 
Seat 2: z00mba ($130.36 in chips) 
Seat 3: ptolejmus ($21.12 in chips) 
Seat 4: mittiboy1 ($27.42 in chips) 
Seat 5: sutata ($100 in chips) 
Seat 6: Richard2494 ($169.55 in chips) 
mittiboy1: posts small blind $0.50
sutata: posts big blind $1
*** HOLE CARDS ***
Richard2494: folds 
nastja336: folds 
z00mba: folds 
ptolejmus: raises $1 to $2
mittiboy1: folds 
sutata: calls $1
*** FLOP *** [4d Th Ad]
sutata: checks 
ptolejmus: bets $1.16
sutata: folds 
Uncalled bet ($1.16) returned to ptolejmus
ptolejmus collected $4.28 from pot
*** SUMMARY ***
Total pot $4.50 | Rake $0.22 
Board [4d Th Ad]
Seat 1: nastja336 folded before Flop (didn't bet)
Seat 2: z00mba folded before Flop (didn't bet)
Seat 3: ptolejmus (button) collected ($4.28)
Seat 4: mittiboy1 (small blind) folded before Flop
Seat 5: sutata (big blind) folded on the Flop
Seat 6: Richard2494 folded before Flop (didn't bet)



PokerStars Hand #254424225774:  Hold'em No Limit ($0.50/$1.00 USD) - 2025/01/17 1:15:24 WET [2025/01/17 20:15:24 ET]
Table 'Armisticia III' 6-max Seat #4 is the button
Seat 1: nastja336 ($100.80 in chips) 
Seat 2: z00mba ($130.36 in chips) 
Seat 3: ptolejmus ($23.40 in chips) 
Seat 4: mittiboy1 ($26.92 in chips) 
Seat 5: sutata ($100 in chips) 
Seat 6: Richard2494 ($169.55 in chips) 
sutata: posts small blind $0.50
Richard2494: posts big blind $1
*** HOLE CARDS ***
nastja336: folds 
z00mba: folds 
ptolejmus: folds 
mittiboy1: folds 
sutata: raises $2 to $3
Richard2494: folds 
Uncalled bet ($2) returned to sutata
sutata collected $2 from pot
sutata: doesn't show hand 
*** SUMMARY ***
Total pot $2 | Rake $0 
Seat 1: nastja336 folded before Flop (didn't bet)
Seat 2: z00mba folded before Flop (didn't bet)
Seat 3: ptolejmus folded before Flop (didn't bet)
Seat 4: mittiboy1 (button) folded before Flop (didn't bet)
Seat 5: sutata (small blind) collected ($2)
Seat 6: Richard2494 (big blind) folded before Flop



PokerStars Hand #254424229796:  Hold'em No Limit ($0.50/$1.00 USD) - 2025/01/17 1:15:44 WET [2025/01/17 20:15:44 ET]
Table 'Armisticia III' 6-max Seat #5 is the button
Seat 1: nastja336 ($100.80 in chips) 
Seat 2: z00mba ($130.36 in chips) 
Seat 3: ptolejmus ($23.40 in chips) 
Seat 4: mittiboy1 ($26.92 in chips) 
Seat 5: sutata ($101 in chips) 
Seat 6: Richard2494 ($168.55 in chips) 
Richard2494: posts small blind $0.50
nastja336: posts big blind $1
*** HOLE CARDS ***
z00mba: folds 
ptolejmus: folds 
mittiboy1: folds 
sutata: folds 
Richard2494: raises $1.80 to $2.80
nastja336: calls $1.80
*** FLOP *** [Qc Qh 8d]
sutata leaves the table
Richard2494: bets $1.06
nastja336: folds 
Uncalled bet ($1.06) returned to Richard2494
Richard2494 collected $5.32 from pot
Richard2494: doesn't show hand 
*** SUMMARY ***
Total pot $5.60 | Rake $0.28 
Board [Qc Qh 8d]
Seat 1: nastja336 (big blind) folded on the Flop
Seat 2: z00mba folded before Flop (didn't bet)
Seat 3: ptolejmus folded before Flop (didn't bet)
Seat 4: mittiboy1 folded before Flop (didn't bet)
Seat 5: sutata (button) folded before Flop (didn't bet)
Seat 6: Richard2494 (small blind) collected ($5.32)



PokerStars Hand #254424238274:  Hold'em No Limit ($0.50/$1.00 USD) - 2025/01/17 1:16:27 WET [2025/01/17 20:16:27 ET]
Table 'Armisticia III' 6-max Seat #6 is the button
Seat 1: nastja336 ($100 in chips) 
Seat 2: z00mba ($130.36 in chips) 
Seat 3: ptolejmus ($23.40 in chips) 
Seat 4: mittiboy1 ($26.92 in chips) 
Seat 6: Richard2494 ($171.07 in chips) 
nastja336: posts small blind $0.50
z00mba: posts big blind $1
*** HOLE CARDS ***
ptolejmus: folds 
mittiboy1: folds 
Richard2494: raises $1.80 to $2.80
nastja336: folds 
z00mba: folds 
Uncalled bet ($1.80) returned to Richard2494
Richard2494 collected $2.50 from pot
Richard2494: doesn't show hand 
*** SUMMARY ***
Total pot $2.50 | Rake $0 
Seat 1: nastja336 (small blind) folded before Flop
Seat 2: z00mba (big blind) folded before Flop
Seat 3: ptolejmus folded before Flop (didn't bet)
Seat 4: mittiboy1 folded before Flop (didn't bet)
Seat 6: Richard2494 (button) collected ($2.50)



PokerStars Hand #254424241223:  Hold'em No Limit ($0.50/$1.00 USD) - 2025/01/17 1:16:41 WET [2025/01/17 20:16:41 ET]
Table 'Armisticia III' 6-max Seat #1 is the button
Seat 1: nastja336 ($100 in chips) 
Seat 2: z00mba ($129.36 in chips) 
Seat 3: ptolejmus ($23.40 in chips) 
Seat 4: mittiboy1 ($26.92 in chips) 
Seat 6: Richard2494 ($172.57 in chips) 
z00mba: posts small blind $0.50
ptolejmus: posts big blind $1
*** HOLE CARDS ***
mittiboy1: raises $2 to $3
Richard2494: folds 
m0nTTu joins the table at seat #5 
nastja336: folds 
z00mba: folds 
ptolejmus: folds 
Uncalled bet ($2) returned to mittiboy1
mittiboy1 collected $2.50 from pot
*** SUMMARY ***
Total pot $2.50 | Rake $0 
Seat 1: nastja336 (button) folded before Flop (didn't bet)
Seat 2: z00mba (small blind) folded before Flop
Seat 3: ptolejmus (big blind) folded before Flop
Seat 4: mittiboy1 collected ($2.50)
Seat 6: Richard2494 folded before Flop (didn't bet)



PokerStars Hand #254424244962:  Hold'em No Limit ($0.50/$1.00 USD) - 2025/01/17 1:17:00 WET [2025/01/17 20:17:00 ET]
Table 'Armisticia III' 6-max Seat #2 is the button
Seat 5: m0nTTu ($86 in chips) is sitting out
Seat 1: nastja336 ($100 in chips) 
Seat 2: z00mba ($128.86 in chips) 
Seat 3: ptolejmus ($22.40 in chips) 
Seat 4: mittiboy1 ($28.42 in chips) 
Seat 6: Richard2494 ($172.57 in chips) 
ptolejmus: posts small blind $0.50
mittiboy1: posts big blind $1
m0nTTu: sits out 
*** HOLE CARDS ***
Richard2494: raises $1 to $2
nastja336: folds 
z00mba: raises $5 to $7
ptolejmus: folds 
mittiboy1: folds 
Richard2494: calls $5
*** FLOP *** [8s 9s As]
Richard2494: checks 
z00mba: bets $8
Richard2494: calls $8
*** TURN *** [8s 9s As] [Td]
Richard2494: checks 
z00mba: bets $21.84
Richard2494: calls $21.84
*** RIVER *** [8s 9s As Td] [7d]
Richard2494: bets $135.73 and is all-in
z00mba: calls $92.02 and is all-in
Uncalled bet ($43.71) returned to Richard2494
*** SHOW DOWN ***
Richard2494: shows [6s 7s] (a flush, Ace high)
z00mba: shows [Ts Js] (a flush, Ace high - Jack higher)
z00mba collected $256.72 from pot
*** SUMMARY ***
Total pot $259.22 | Rake $2.50 
Board [8s 9s As Td 7d]
Seat 5: m0nTTu
Seat 1: nastja336 folded before Flop (didn't bet)
Seat 2: z00mba (button) showed [Ts Js] and won ($256.72) with a flush, Ace high
Seat 3: ptolejmus (small blind) folded before Flop
Seat 4: mittiboy1 (big blind) folded before Flop
Seat 6: Richard2494 showed [6s 7s] and lost with a flush, Ace high



PokerStars Hand #254424261910:  Hold'em No Limit ($0.50/$1.00 USD) - 2025/01/17 1:18:27 WET [2025/01/17 20:18:27 ET]
Table 'Armisticia III' 6-max Seat #3 is the button
Seat 1: nastja336 ($100 in chips) 
Seat 2: z00mba ($256.72 in chips) 
Seat 3: ptolejmus ($21.90 in chips) 
Seat 4: mittiboy1 ($27.42 in chips) 
Seat 5: m0nTTu ($86 in chips) 
Seat 6: Richard2494 ($100 in chips) 
mittiboy1: posts small blind $0.50
m0nTTu: posts big blind $1
*** HOLE CARDS ***
Richard2494: folds 
nastja336: folds 
z00mba: raises $1.50 to $2.50
ptolejmus: folds 
mittiboy1: calls $2
m0nTTu: folds 
*** FLOP *** [Ad 2c 5s]
mittiboy1: bets $1
z00mba: folds 
Uncalled bet ($1) returned to mittiboy1
mittiboy1 collected $5.70 from pot
*** SUMMARY ***
Total pot $6 | Rake $0.30 
Board [Ad 2c 5s]
Seat 1: nastja336 folded before Flop (didn't bet)
Seat 2: z00mba folded on the Flop
Seat 3: ptolejmus (button) folded before Flop (didn't bet)
Seat 4: mittiboy1 (small blind) collected ($5.70)
Seat 5: m0nTTu (big blind) folded before Flop
Seat 6: Richard2494 folded before Flop (didn't bet)



PokerStars Hand #254424268789:  Hold'em No Limit ($0.50/$1.00 USD) - 2025/01/17 1:19:02 WET [2025/01/17 20:19:02 ET]
Table 'Armisticia III' 6-max Seat #4 is the button
Seat 1: nastja336 ($100 in chips) 
Seat 2: z00mba ($254.22 in chips) 
Seat 3: ptolejmus ($21.90 in chips) 
Seat 4: mittiboy1 ($30.62 in chips) 
Seat 5: m0nTTu ($85 in chips) 
Seat 6: Richard2494 ($100 in chips) 
m0nTTu: posts small blind $0.50
Richard2494: posts big blind $1
*** HOLE CARDS ***
nastja336: folds 
z00mba: folds 
ptolejmus: folds 
mittiboy1: folds 
m0nTTu: folds 
Uncalled bet ($0.50) returned to Richard2494
Richard2494 collected $1 from pot
Richard2494: doesn't show hand 
*** SUMMARY ***
Total pot $1 | Rake $0 
Seat 1: nastja336 folded before Flop (didn't bet)
Seat 2: z00mba folded before Flop (didn't bet)
Seat 3: ptolejmus folded before Flop (didn't bet)
Seat 4: mittiboy1 (button) folded before Flop (didn't bet)
Seat 5: m0nTTu (small blind) folded before Flop
Seat 6: Richard2494 (big blind) collected ($1)



PokerStars Hand #254424272323:  Hold'em No Limit ($0.50/$1.00 USD) - 2025/01/17 1:19:20 WET [2025/01/17 20:19:20 ET]
Table 'Armisticia III' 6-max Seat #5 is the button
Seat 1: nastja336 ($100 in chips) is sitting out
Seat 2: z00mba ($254.22 in chips) 
Seat 3: ptolejmus ($21.90 in chips) 
Seat 4: mittiboy1 ($30.62 in chips) 
Seat 5: m0nTTu ($84.50 in chips) 
Seat 6: Richard2494 ($100.50 in chips) 
Richard2494: posts small blind $0.50
nastja336: is sitting out 
z00mba: posts big blind $1
*** HOLE CARDS ***
ptolejmus: folds 
nastja336 leaves the table
mittiboy1: folds 
m0nTTu: folds 
Richard2494: raises $1.80 to $2.80
XneferX joins the table at seat #1 
z00mba: calls $1.80
*** FLOP *** [Ac 4h Td]
Richard2494: checks 
z00mba: checks 
*** TURN *** [Ac 4h Td] [2d]
Richard2494: checks 
z00mba: bets $3
Richard2494: calls $3
*** RIVER *** [Ac 4h Td 2d] [5c]
Richard2494: checks 
z00mba: bets $8.04
Richard2494: calls $8.04
*** SHOW DOWN ***
z00mba: shows [7c 3c] (a straight, Ace to Five)
Richard2494: mucks hand 
z00mba collected $26.30 from pot
*** SUMMARY ***
Total pot $27.68 | Rake $1.38 
Board [Ac 4h Td 2d 5c]
Seat 1: nastja336
Seat 2: z00mba (big blind) showed [7c 3c] and won ($26.30) with a straight, Ace to Five
Seat 3: ptolejmus folded before Flop (didn't bet)
Seat 4: mittiboy1 folded before Flop (didn't bet)
Seat 5: m0nTTu (button) folded before Flop (didn't bet)
Seat 6: Richard2494 (small blind) mucked



PokerStars Hand #254424286741:  Hold'em No Limit ($0.50/$1.00 USD) - 2025/01/17 1:20:33 WET [2025/01/17 20:20:33 ET]
Table 'Armisticia III' 6-max Seat #6 is the button
Seat 1: XneferX ($100 in chips) is sitting out
Seat 2: z00mba ($266.68 in chips) 
Seat 3: ptolejmus ($21.90 in chips) 
Seat 4: mittiboy1 ($30.62 in chips) 
Seat 5: m0nTTu ($84.50 in chips) 
Seat 6: Richard2494 ($100 in chips) 
z00mba: posts small blind $0.50
ptolejmus: posts big blind $1
*** HOLE CARDS ***
mittiboy1: folds 
m0nTTu: folds 
Richard2494: raises $1 to $2
z00mba: folds 
ptolejmus: raises $19.90 to $21.90 and is all-in
Richard2494: calls $19.90
*** FLOP *** [9s Jd 5d]
*** TURN *** [9s Jd 5d] [7d]
*** RIVER *** [9s Jd 5d 7d] [5s]
*** SHOW DOWN ***
ptolejmus: shows [As 4c] (a pair of Fives)
Richard2494: shows [Qc Kd] (a pair of Fives - lower kicker)
ptolejmus collected $42.08 from pot
*** SUMMARY ***
Total pot $44.30 | Rake $2.22 
Board [9s Jd 5d 7d 5s]
Seat 1: XneferX
Seat 2: z00mba (small blind) folded before Flop
Seat 3: ptolejmus (big blind) showed [As 4c] and won ($42.08) with a pair of Fives
Seat 4: mittiboy1 folded before Flop (didn't bet)
Seat 5: m0nTTu folded before Flop (didn't bet)
Seat 6: Richard2494 (button) showed [Qc Kd] and lost with a pair of Fives



PokerStars Hand #254424294550:  Hold'em No Limit ($0.50/$1.00 USD) - 2025/01/17 1:21:12 WET [2025/01/17 20:21:12 ET]
Table 'Armisticia III' 6-max Seat #2 is the button
Seat 1: XneferX ($100 in chips) is sitting out
Seat 2: z00mba ($266.18 in chips) 
Seat 3: ptolejmus ($42.08 in chips) 
Seat 4: mittiboy1 ($30.62 in chips) 
Seat 5: m0nTTu ($84.50 in chips) 
Seat 6: Richard2494 ($100 in chips) 
ptolejmus: posts small blind $0.50
mittiboy1: posts big blind $1
XneferX: sits out 
*** HOLE CARDS ***
m0nTTu: folds 
Richard2494: raises $1 to $2
z00mba: folds 
ptolejmus: folds 
mittiboy1: calls $1
*** FLOP *** [Qs Ac 4h]
mittiboy1: bets $4.28
Richard2494: folds 
Uncalled bet ($4.28) returned to mittiboy1
m0nTTu is disconnected 
mittiboy1 collected $4.28 from pot
*** SUMMARY ***
Total pot $4.50 | Rake $0.22 
Board [Qs Ac 4h]
Seat 1: XneferX
Seat 2: z00mba (button) folded before Flop (didn't bet)
Seat 3: ptolejmus (small blind) folded before Flop
Seat 4: mittiboy1 (big blind) collected ($4.28)
Seat 5: m0nTTu folded before Flop (didn't bet)
Seat 6: Richard2494 folded on the Flop



PokerStars Hand #254424303531:  Hold'em No Limit ($0.50/$1.00 USD) - 2025/01/17 1:21:58 WET [2025/01/17 20:21:58 ET]
Table 'Armisticia III' 6-max Seat #3 is the button
Seat 1: XneferX ($100 in chips) is sitting out
Seat 5: m0nTTu ($84.50 in chips) is sitting out
Seat 2: z00mba ($266.18 in chips) 
Seat 3: ptolejmus ($41.58 in chips) 
Seat 4: mittiboy1 ($32.90 in chips) 
Seat 6: Richard2494 ($100 in chips) 
mittiboy1: posts small blind $0.50
m0nTTu is connected 
m0nTTu: is sitting out 
Richard2494: posts big blind $1
XneferX: sits out 
*** HOLE CARDS ***
z00mba: folds 
ptolejmus: folds 
mittiboy1: calls $0.50
Richard2494: checks 
*** FLOP *** [2c Jd As]
mittiboy1: checks 
m0nTTu leaves the table
Richard2494: bets $1
mittiboy1: folds 
Uncalled bet ($1) returned to Richard2494
Richard2494 collected $1.90 from pot
Richard2494: doesn't show hand 
*** SUMMARY ***
Total pot $2 | Rake $0.10 
Board [2c Jd As]
Seat 1: XneferX
Seat 5: m0nTTu
Seat 2: z00mba folded before Flop (didn't bet)
Seat 3: ptolejmus (button) folded before Flop (didn't bet)
Seat 4: mittiboy1 (small blind) folded on the Flop
Seat 6: Richard2494 (big blind) collected ($1.90)



PokerStars Hand #254424308742:  Hold'em No Limit ($0.50/$1.00 USD) - 2025/01/17 1:22:25 WET [2025/01/17 20:22:25 ET]
Table 'Armisticia III' 6-max Seat #4 is the button
Seat 1: XneferX ($100 in chips) 
Seat 2: z00mba ($266.18 in chips) 
Seat 3: ptolejmus ($41.58 in chips) 
Seat 4: mittiboy1 ($31.90 in chips) 
Seat 6: Richard2494 ($100.90 in chips) 
Richard2494: posts small blind $0.50
XneferX: posts big blind $1
*** HOLE CARDS ***
z00mba: folds 
ptolejmus: raises $1 to $2
mittiboy1: folds 
Richard2494: folds 
XneferX: folds 
Uncalled bet ($1) returned to ptolejmus
ptolejmus collected $2.50 from pot
*** SUMMARY ***
Total pot $2.50 | Rake $0 
Seat 1: XneferX (big blind) folded before Flop
Seat 2: z00mba folded before Flop (didn't bet)
Seat 3: ptolejmus collected ($2.50)
Seat 4: mittiboy1 (button) folded before Flop (didn't bet)
Seat 6: Richard2494 (small blind) folded before Flop



PokerStars Hand #254424312903:  Hold'em No Limit ($0.50/$1.00 USD) - 2025/01/17 1:22:46 WET [2025/01/17 20:22:46 ET]
Table 'Armisticia III' 6-max Seat #6 is the button
Seat 1: XneferX ($100 in chips) 
Seat 2: z00mba ($266.18 in chips) 
Seat 3: ptolejmus ($43.08 in chips) 
Seat 4: mittiboy1 ($31.90 in chips) 
Seat 6: Richard2494 ($100.40 in chips) 
XneferX: posts small blind $0.50
z00mba: posts big blind $1
*** HOLE CARDS ***
ptolejmus: folds 
mittiboy1: folds 
wuzzza1744 joins the table at seat #5 
wuzzza1744 is disconnected 
Richard2494: raises $1.20 to $2.20
XneferX: folds 
z00mba: folds 
Uncalled bet ($1.20) returned to Richard2494
Richard2494 collected $2.50 from pot
Richard2494: doesn't show hand 
*** SUMMARY ***
Total pot $2.50 | Rake $0 
Seat 1: XneferX (small blind) folded before Flop
Seat 2: z00mba (big blind) folded before Flop
Seat 3: ptolejmus folded before Flop (didn't bet)
Seat 4: mittiboy1 folded before Flop (didn't bet)
Seat 6: Richard2494 (button) collected ($2.50)



PokerStars Hand #254424317590:  Hold'em No Limit ($0.50/$1.00 USD) - 2025/01/17 1:23:10 WET [2025/01/17 20:23:10 ET]
Table 'Armisticia III' 6-max Seat #1 is the button
Seat 3: ptolejmus ($43.08 in chips) is sitting out
Seat 5: wuzzza1744 ($69.50 in chips) is sitting out
Seat 1: XneferX ($100 in chips) 
Seat 2: z00mba ($265.18 in chips) 
Seat 4: mittiboy1 ($31.90 in chips) 
Seat 6: Richard2494 ($101.90 in chips) 
z00mba: posts small blind $0.50
ptolejmus: is sitting out 
mittiboy1: posts big blind $1
wuzzza1744: sits out 
*** HOLE CARDS ***
Richard2494: folds 
ptolejmus leaves the table
XneferX: folds 
z00mba: folds 
Uncalled bet ($0.50) returned to mittiboy1
mittiboy1 collected $1 from pot
*** SUMMARY ***
Total pot $1 | Rake $0 
Seat 3: ptolejmus
Seat 5: wuzzza1744
Seat 1: XneferX (button) folded before Flop (didn't bet)
Seat 2: z00mba (small blind) folded before Flop
Seat 4: mittiboy1 (big blind) collected ($1)
Seat 6: Richard2494 folded before Flop (didn't bet)



PokerStars Hand #254424320758:  Hold'em No Limit ($0.50/$1.00 USD) - 2025/01/17 1:23:27 WET [2025/01/17 20:23:27 ET]
Table 'Armisticia III' 6-max Seat #2 is the button
Seat 1: XneferX ($100 in chips) 
Seat 2: z00mba ($264.68 in chips) 
Seat 4: mittiboy1 ($32.40 in chips) 
Seat 5: wuzzza1744 ($69.50 in chips) 
Seat 6: Richard2494 ($101.90 in chips) 
mittiboy1: posts small blind $0.50
wuzzza1744: posts big blind $1
*** HOLE CARDS ***
Richard2494: folds 
XneferX: folds 
p0pa4poker joins the table at seat #3 
z00mba: folds 
mittiboy1: calls $0.50
wuzzza1744: checks 
*** FLOP *** [4s 4d 2d]
mittiboy1: bets $1
wuzzza1744: calls $1
*** TURN *** [4s 4d 2d] [Ac]
mittiboy1: checks 
wuzzza1744: checks 
*** RIVER *** [4s 4d 2d Ac] [Qc]
mittiboy1: checks 
wuzzza1744: bets $3.80
mittiboy1: folds 
Uncalled bet ($3.80) returned to wuzzza1744
wuzzza1744 collected $3.80 from pot
*** SUMMARY ***
Total pot $4 | Rake $0.20 
Board [4s 4d 2d Ac Qc]
Seat 1: XneferX folded before Flop (didn't bet)
Seat 2: z00mba (button) folded before Flop (didn't bet)
Seat 4: mittiboy1 (small blind) folded on the River
Seat 5: wuzzza1744 (big blind) collected ($3.80)
Seat 6: Richard2494 folded before Flop (didn't bet)



PokerStars Hand #254424328683:  Hold'em No Limit ($0.50/$1.00 USD) - 2025/01/17 1:24:08 WET [2025/01/17 20:24:08 ET]
Table 'Armisticia III' 6-max Seat #4 is the button
Seat 3: p0pa4poker ($100 in chips) is sitting out
Seat 1: XneferX ($100 in chips) 
Seat 2: z00mba ($264.68 in chips) 
Seat 4: mittiboy1 ($30.40 in chips) 
Seat 5: wuzzza1744 ($71.30 in chips) 
Seat 6: Richard2494 ($101.90 in chips) 
wuzzza1744: posts small blind $0.50
Richard2494: posts big blind $1
p0pa4poker: sits out 
*** HOLE CARDS ***
XneferX: raises $1.10 to $2.10
z00mba: folds 
mittiboy1: folds 
wuzzza1744: folds 
Richard2494: folds 
Uncalled bet ($1.10) returned to XneferX
XneferX collected $2.50 from pot
XneferX: doesn't show hand 
*** SUMMARY ***
Total pot $2.50 | Rake $0 
Seat 3: p0pa4poker
Seat 1: XneferX collected ($2.50)
Seat 2: z00mba folded before Flop (didn't bet)
Seat 4: mittiboy1 (button) folded before Flop (didn't bet)
Seat 5: wuzzza1744 (small blind) folded before Flop
Seat 6: Richard2494 (big blind) folded before Flop



PokerStars Hand #254424332984:  Hold'em No Limit ($0.50/$1.00 USD) - 2025/01/17 1:24:30 WET [2025/01/17 20:24:30 ET]
Table 'Armisticia III' 6-max Seat #5 is the button
Seat 3: p0pa4poker ($100 in chips) is sitting out
Seat 1: XneferX ($101.50 in chips) 
Seat 2: z00mba ($264.68 in chips) 
Seat 4: mittiboy1 ($30.40 in chips) 
Seat 5: wuzzza1744 ($70.80 in chips) 
Seat 6: Richard2494 ($100.90 in chips) 
Richard2494: posts small blind $0.50
XneferX: posts big blind $1
p0pa4poker: sits out 
*** HOLE CARDS ***
z00mba: folds 
mittiboy1: folds 
wuzzza1744: folds 
Richard2494: raises $1.80 to $2.80
XneferX: calls $1.80
*** FLOP *** [4c As 8c]
Richard2494: checks 
XneferX: checks 
*** TURN *** [4c As 8c] [Qd]
Richard2494: checks 
XneferX: checks 
*** RIVER *** [4c As 8c Qd] [5c]
Richard2494: bets $3.72
XneferX: folds 
Uncalled bet ($3.72) returned to Richard2494
Richard2494 collected $5.32 from pot
Richard2494: doesn't show hand 
*** SUMMARY ***
Total pot $5.60 | Rake $0.28 
Board [4c As 8c Qd 5c]
Seat 3: p0pa4poker
Seat 1: XneferX (big blind) folded on the River
Seat 2: z00mba folded before Flop (didn't bet)
Seat 4: mittiboy1 folded before Flop (didn't bet)
Seat 5: wuzzza1744 (button) folded before Flop (didn't bet)
Seat 6: Richard2494 (small blind) collected ($5.32)



PokerStars Hand #254424345383:  Hold'em No Limit ($0.50/$1.00 USD) - 2025/01/17 1:25:32 WET [2025/01/17 20:25:32 ET]
Table 'Armisticia III' 6-max Seat #6 is the button
Seat 3: p0pa4poker ($100 in chips) is sitting out
Seat 1: XneferX ($100 in chips) 
Seat 2: z00mba ($264.68 in chips) 
Seat 4: mittiboy1 ($30.40 in chips) 
Seat 5: wuzzza1744 ($70.80 in chips) 
Seat 6: Richard2494 ($103.42 in chips) 
XneferX: posts small blind $0.50
z00mba: posts big blind $1
p0pa4poker: sits out 
*** HOLE CARDS ***
mittiboy1: folds 
wuzzza1744: folds 
Richard2494: folds 
XneferX: folds 
Uncalled bet ($0.50) returned to z00mba
z00mba collected $1 from pot
z00mba: doesn't show hand 
*** SUMMARY ***
Total pot $1 | Rake $0 
Seat 3: p0pa4poker
Seat 1: XneferX (small blind) folded before Flop
Seat 2: z00mba (big blind) collected ($1)
Seat 4: mittiboy1 folded before Flop (didn't bet)
Seat 5: wuzzza1744 folded before Flop (didn't bet)
Seat 6: Richard2494 (button) folded before Flop (didn't bet)



PokerStars Hand #254424348389:  Hold'em No Limit ($0.50/$1.00 USD) - 2025/01/17 1:25:47 WET [2025/01/17 20:25:47 ET]
Table 'Armisticia III' 6-max Seat #1 is the button
Seat 1: XneferX ($100 in chips) 
Seat 2: z00mba ($265.18 in chips) 
Seat 3: p0pa4poker ($100 in chips) 
Seat 4: mittiboy1 ($30.40 in chips) 
Seat 5: wuzzza1744 ($70.80 in chips) 
Seat 6: Richard2494 ($103.42 in chips) 
z00mba: posts small blind $0.50
p0pa4poker: posts big blind $1
*** HOLE CARDS ***
mittiboy1: folds 
wuzzza1744: folds 
Richard2494: folds 
XneferX: raises $1.77 to $2.77
z00mba: folds 
p0pa4poker: calls $1.77
*** FLOP *** [Ts 2s Qd]
p0pa4poker: checks 
XneferX: bets $6.72
p0pa4poker: calls $6.72
*** TURN *** [Ts 2s Qd] [4h]
p0pa4poker: checks 
XneferX: checks 
*** RIVER *** [Ts 2s Qd 4h] [2c]
p0pa4poker: checks 
XneferX: checks 
*** SHOW DOWN ***
p0pa4poker: shows [Js As] (a pair of Deuces)
XneferX: mucks hand 
p0pa4poker collected $18.51 from pot
*** SUMMARY ***
Total pot $19.48 | Rake $0.97 
Board [Ts 2s Qd 4h 2c]
Seat 1: XneferX (button) mucked
Seat 2: z00mba (small blind) folded before Flop
Seat 3: p0pa4poker (big blind) showed [Js As] and won ($18.51) with a pair of Deuces
Seat 4: mittiboy1 folded before Flop (didn't bet)
Seat 5: wuzzza1744 folded before Flop (didn't bet)
Seat 6: Richard2494 folded before Flop (didn't bet)



PokerStars Hand #254424368071:  Hold'em No Limit ($0.50/$1.00 USD) - 2025/01/17 1:27:27 WET [2025/01/17 20:27:27 ET]
Table 'Armisticia III' 6-max Seat #2 is the button
Seat 1: XneferX ($100 in chips) 
Seat 2: z00mba ($264.68 in chips) 
Seat 3: p0pa4poker ($109.02 in chips) 
Seat 4: mittiboy1 ($30.40 in chips) 
Seat 5: wuzzza1744 ($70.80 in chips) 
Seat 6: Richard2494 ($103.42 in chips) 
p0pa4poker: posts small blind $0.50
mittiboy1: posts big blind $1
*** HOLE CARDS ***
wuzzza1744: folds 
Richard2494: folds 
XneferX: folds 
z00mba: raises $1.50 to $2.50
p0pa4poker: folds 
mittiboy1: folds 
Uncalled bet ($1.50) returned to z00mba
z00mba collected $2.50 from pot
z00mba: doesn't show hand 
*** SUMMARY ***
Total pot $2.50 | Rake $0 
Seat 1: XneferX folded before Flop (didn't bet)
Seat 2: z00mba (button) collected ($2.50)
Seat 3: p0pa4poker (small blind) folded before Flop
Seat 4: mittiboy1 (big blind) folded before Flop
Seat 5: wuzzza1744 folded before Flop (didn't bet)
Seat 6: Richard2494 folded before Flop (didn't bet)



PokerStars Hand #254424372793:  Hold'em No Limit ($0.50/$1.00 USD) - 2025/01/17 1:27:51 WET [2025/01/17 20:27:51 ET]
Table 'Armisticia III' 6-max Seat #3 is the button
Seat 1: XneferX ($100 in chips) 
Seat 2: z00mba ($266.18 in chips) 
Seat 3: p0pa4poker ($108.52 in chips) 
Seat 4: mittiboy1 ($29.40 in chips) 
Seat 5: wuzzza1744 ($70.80 in chips) 
Seat 6: Richard2494 ($103.42 in chips) 
mittiboy1: posts small blind $0.50
wuzzza1744: posts big blind $1
*** HOLE CARDS ***
Richard2494: folds 
XneferX: raises $1.10 to $2.10
z00mba: calls $2.10
p0pa4poker: folds 
mittiboy1: folds 
wuzzza1744: calls $1.10
*** FLOP *** [Jd 8s 4d]
wuzzza1744: checks 
XneferX: checks 
z00mba: bets $3.50
wuzzza1744: folds 
XneferX: folds 
Uncalled bet ($3.50) returned to z00mba
z00mba collected $6.46 from pot
z00mba: doesn't show hand 
*** SUMMARY ***
Total pot $6.80 | Rake $0.34 
Board [Jd 8s 4d]
Seat 1: XneferX folded on the Flop
Seat 2: z00mba collected ($6.46)
Seat 3: p0pa4poker (button) folded before Flop (didn't bet)
Seat 4: mittiboy1 (small blind) folded before Flop
Seat 5: wuzzza1744 (big blind) folded on the Flop
Seat 6: Richard2494 folded before Flop (didn't bet)



PokerStars Hand #254424384334:  Hold'em No Limit ($0.50/$1.00 USD) - 2025/01/17 1:28:49 WET [2025/01/17 20:28:49 ET]
Table 'Armisticia III' 6-max Seat #4 is the button
Seat 1: XneferX ($100 in chips) 
Seat 2: z00mba ($270.54 in chips) 
Seat 3: p0pa4poker ($108.52 in chips) 
Seat 4: mittiboy1 ($28.90 in chips) 
Seat 5: wuzzza1744 ($68.70 in chips) 
Seat 6: Richard2494 ($103.42 in chips) 
wuzzza1744: posts small blind $0.50
Richard2494: posts big blind $1
*** HOLE CARDS ***
XneferX: folds 
z00mba: folds 
p0pa4poker: folds 
mittiboy1: folds 
wuzzza1744: folds 
Uncalled bet ($0.50) returned to Richard2494
Richard2494 collected $1 from pot
Richard2494: doesn't show hand 
*** SUMMARY ***
Total pot $1 | Rake $0 
Seat 1: XneferX folded before Flop (didn't bet)
Seat 2: z00mba folded before Flop (didn't bet)
Seat 3: p0pa4poker folded before Flop (didn't bet)
Seat 4: mittiboy1 (button) folded before Flop (didn't bet)
Seat 5: wuzzza1744 (small blind) folded before Flop
Seat 6: Richard2494 (big blind) collected ($1)



PokerStars Hand #254424388066:  Hold'em No Limit ($0.50/$1.00 USD) - 2025/01/17 1:29:08 WET [2025/01/17 20:29:08 ET]
Table 'Armisticia III' 6-max Seat #5 is the button
Seat 1: XneferX ($100 in chips) 
Seat 2: z00mba ($270.54 in chips) 
Seat 3: p0pa4poker ($108.52 in chips) 
Seat 4: mittiboy1 ($28.90 in chips) 
Seat 5: wuzzza1744 ($68.20 in chips) 
Seat 6: Richard2494 ($103.92 in chips) 
Richard2494: posts small blind $0.50
XneferX: posts big blind $1
*** HOLE CARDS ***
z00mba: folds 
p0pa4poker: folds 
mittiboy1: calls $1
wuzzza1744: raises $2 to $3
Richard2494: calls $2.50
XneferX: folds 
mittiboy1: calls $2
*** FLOP *** [8c 8s 3s]
Richard2494: checks 
mittiboy1: checks 
wuzzza1744: checks 
*** TURN *** [8c 8s 3s] [Ts]
Richard2494: checks 
mittiboy1: checks 
wuzzza1744: checks 
*** RIVER *** [8c 8s 3s Ts] [6s]
Richard2494: checks 
mittiboy1: checks 
wuzzza1744: bets $9.50
Richard2494: folds 
mittiboy1: folds 
Uncalled bet ($9.50) returned to wuzzza1744
wuzzza1744 collected $9.50 from pot
*** SUMMARY ***
Total pot $10 | Rake $0.50 
Board [8c 8s 3s Ts 6s]
Seat 1: XneferX (big blind) folded before Flop
Seat 2: z00mba folded before Flop (didn't bet)
Seat 3: p0pa4poker folded before Flop (didn't bet)
Seat 4: mittiboy1 folded on the River
Seat 5: wuzzza1744 (button) collected ($9.50)
Seat 6: Richard2494 (small blind) folded on the River



PokerStars Hand #254424399060:  Hold'em No Limit ($0.50/$1.00 USD) - 2025/01/17 1:30:04 WET [2025/01/17 20:30:04 ET]
Table 'Armisticia III' 6-max Seat #6 is the button
Seat 1: XneferX ($100 in chips) 
Seat 2: z00mba ($270.54 in chips) 
Seat 3: p0pa4poker ($108.52 in chips) 
Seat 4: mittiboy1 ($25.90 in chips) 
Seat 5: wuzzza1744 ($74.70 in chips) 
Seat 6: Richard2494 ($100.92 in chips) 
XneferX: posts small blind $0.50
z00mba: posts big blind $1
*** HOLE CARDS ***
p0pa4poker: folds 
mittiboy1: folds 
wuzzza1744: calls $1
Richard2494: folds 
XneferX: folds 
z00mba: raises $4 to $5
wuzzza1744: folds 
Uncalled bet ($4) returned to z00mba
z00mba collected $2.50 from pot
z00mba: doesn't show hand 
*** SUMMARY ***
Total pot $2.50 | Rake $0 
Seat 1: XneferX (small blind) folded before Flop
Seat 2: z00mba (big blind) collected ($2.50)
Seat 3: p0pa4poker folded before Flop (didn't bet)
Seat 4: mittiboy1 folded before Flop (didn't bet)
Seat 5: wuzzza1744 folded before Flop
Seat 6: Richard2494 (button) folded before Flop (didn't bet)



PokerStars Hand #254424402856:  Hold'em No Limit ($0.50/$1.00 USD) - 2025/01/17 1:30:23 WET [2025/01/17 20:30:23 ET]
Table 'Armisticia III' 6-max Seat #1 is the button
Seat 1: XneferX ($100 in chips) 
Seat 2: z00mba ($272.04 in chips) 
Seat 3: p0pa4poker ($108.52 in chips) 
Seat 4: mittiboy1 ($25.90 in chips) 
Seat 5: wuzzza1744 ($73.70 in chips) 
Seat 6: Richard2494 ($100.92 in chips) 
z00mba: posts small blind $0.50
p0pa4poker: posts big blind $1
*** HOLE CARDS ***
mittiboy1: folds 
wuzzza1744: folds 
Richard2494: folds 
XneferX: raises $1.77 to $2.77
z00mba: folds 
p0pa4poker: folds 
Uncalled bet ($1.77) returned to XneferX
XneferX collected $2.50 from pot
XneferX: doesn't show hand 
*** SUMMARY ***
Total pot $2.50 | Rake $0 
Seat 1: XneferX (button) collected ($2.50)
Seat 2: z00mba (small blind) folded before Flop
Seat 3: p0pa4poker (big blind) folded before Flop
Seat 4: mittiboy1 folded before Flop (didn't bet)
Seat 5: wuzzza1744 folded before Flop (didn't bet)
Seat 6: Richard2494 folded before Flop (didn't bet)



PokerStars Hand #254424409609:  Hold'em No Limit ($0.50/$1.00 USD) - 2025/01/17 1:30:57 WET [2025/01/17 20:30:57 ET]
Table 'Armisticia III' 6-max Seat #2 is the button
Seat 1: XneferX ($101.50 in chips) 
Seat 2: z00mba ($271.54 in chips) 
Seat 3: p0pa4poker ($107.52 in chips) 
Seat 4: mittiboy1 ($25.90 in chips) 
Seat 5: wuzzza1744 ($73.70 in chips) 
Seat 6: Richard2494 ($100.92 in chips) 
p0pa4poker: posts small blind $0.50
mittiboy1: posts big blind $1
*** HOLE CARDS ***
wuzzza1744: calls $1
Richard2494: folds 
XneferX: folds 
z00mba: folds 
p0pa4poker: folds 
mittiboy1: checks 
*** FLOP *** [Ah Qs 5s]
mittiboy1: bets $1.19
wuzzza1744: calls $1.19
*** TURN *** [Ah Qs 5s] [7d]
mittiboy1: checks 
wuzzza1744: checks 
*** RIVER *** [Ah Qs 5s 7d] [8d]
mittiboy1: checks 
wuzzza1744: checks 
*** SHOW DOWN ***
mittiboy1: shows [Kd 7h] (a pair of Sevens)
wuzzza1744: shows [As 2h] (a pair of Aces)
wuzzza1744 collected $4.64 from pot
*** SUMMARY ***
Total pot $4.88 | Rake $0.24 
Board [Ah Qs 5s 7d 8d]
Seat 1: XneferX folded before Flop (didn't bet)
Seat 2: z00mba (button) folded before Flop (didn't bet)
Seat 3: p0pa4poker (small blind) folded before Flop
Seat 4: mittiboy1 (big blind) showed [Kd 7h] and lost with a pair of Sevens
Seat 5: wuzzza1744 showed [As 2h] and won ($4.64) with a pair of Aces
Seat 6: Richard2494 folded before Flop (didn't bet)



PokerStars Hand #254424421048:  Hold'em No Limit ($0.50/$1.00 USD) - 2025/01/17 1:31:55 WET [2025/01/17 20:31:55 ET]
Table 'Armisticia III' 6-max Seat #3 is the button
Seat 1: XneferX ($101.50 in chips) 
Seat 2: z00mba ($271.54 in chips) 
Seat 3: p0pa4poker ($107.02 in chips) 
Seat 4: mittiboy1 ($23.71 in chips) 
Seat 5: wuzzza1744 ($76.15 in chips) 
Seat 6: Richard2494 ($100.92 in chips) 
mittiboy1: posts small blind $0.50
wuzzza1744: posts big blind $1
*** HOLE CARDS ***
Richard2494: raises $1 to $2
XneferX: folds 
z00mba: folds 
p0pa4poker: calls $2
mittiboy1: raises $1 to $3
wuzzza1744: calls $2
Richard2494: raises $12 to $15
p0pa4poker: folds 
mittiboy1: raises $8.71 to $23.71 and is all-in
wuzzza1744: folds 
Richard2494: calls $8.71
*** FLOP *** [4h Ks Qs]
*** TURN *** [4h Ks Qs] [Ad]
*** RIVER *** [4h Ks Qs Ad] [Jc]
*** SHOW DOWN ***
mittiboy1: shows [Kd Js] (two pair, Kings and Jacks)
Richard2494: shows [Jd Jh] (three of a kind, Jacks)
Richard2494 collected $49.92 from pot
*** SUMMARY ***
Total pot $52.42 | Rake $2.50 
Board [4h Ks Qs Ad Jc]
Seat 1: XneferX folded before Flop (didn't bet)
Seat 2: z00mba folded before Flop (didn't bet)
Seat 3: p0pa4poker (button) folded before Flop
Seat 4: mittiboy1 (small blind) showed [Kd Js] and lost with two pair, Kings and Jacks
Seat 5: wuzzza1744 (big blind) folded before Flop
Seat 6: Richard2494 showed [Jd Jh] and won ($49.92) with three of a kind, Jacks



PokerStars Hand #254424431205:  Hold'em No Limit ($0.50/$1.00 USD) - 2025/01/17 1:32:46 WET [2025/01/17 20:32:46 ET]
Table 'Armisticia III' 6-max Seat #5 is the button
Seat 4: mittiboy1 ($0 in chips) is sitting out
Seat 1: XneferX ($101.50 in chips) 
Seat 2: z00mba ($271.54 in chips) 
Seat 3: p0pa4poker ($105.02 in chips) 
Seat 5: wuzzza1744 ($73.15 in chips) 
Seat 6: Richard2494 ($127.13 in chips) 
Richard2494: posts small blind $0.50
XneferX: posts big blind $1
*** HOLE CARDS ***
z00mba: raises $1.50 to $2.50
p0pa4poker: folds 
wuzzza1744: calls $2.50
Richard2494: calls $2
mittiboy1 is disconnected 
XneferX: calls $1.50
*** FLOP *** [4h 6s 3s]
Richard2494: checks 
XneferX: checks 
mittiboy1 leaves the table
z00mba: checks 
wuzzza1744: checks 
*** TURN *** [4h 6s 3s] [Kd]
BumHuntKing joins the table at seat #4 
Richard2494: checks 
XneferX: checks 
z00mba: checks 
wuzzza1744: checks 
*** RIVER *** [4h 6s 3s Kd] [Kh]
Richard2494: bets $1.90
XneferX: calls $1.90
z00mba: folds 
wuzzza1744: folds 
*** SHOW DOWN ***
Richard2494: shows [Tc Ts] (two pair, Kings and Tens)
XneferX: mucks hand 
Richard2494 collected $13.11 from pot
*** SUMMARY ***
Total pot $13.80 | Rake $0.69 
Board [4h 6s 3s Kd Kh]
Seat 4: mittiboy1
Seat 1: XneferX (big blind) mucked
Seat 2: z00mba folded on the River
Seat 3: p0pa4poker folded before Flop (didn't bet)
Seat 5: wuzzza1744 (button) folded on the River
Seat 6: Richard2494 (small blind) showed [Tc Ts] and won ($13.11) with two pair, Kings and Tens



PokerStars Hand #254424448786:  Hold'em No Limit ($0.50/$1.00 USD) - 2025/01/17 1:34:17 WET [2025/01/17 20:34:17 ET]
Table 'Armisticia III' 6-max Seat #6 is the button
Seat 4: BumHuntKing ($100 in chips) is sitting out
Seat 1: XneferX ($100 in chips) 
Seat 2: z00mba ($269.04 in chips) 
Seat 3: p0pa4poker ($105.02 in chips) 
Seat 5: wuzzza1744 ($70.65 in chips) 
Seat 6: Richard2494 ($135.84 in chips) 
XneferX: posts small blind $0.50
z00mba: posts big blind $1
BumHuntKing: sits out 
*** HOLE CARDS ***
p0pa4poker: folds 
wuzzza1744: folds 
Richard2494: raises $1 to $2
XneferX: folds 
z00mba: folds 
Uncalled bet ($1) returned to Richard2494
Richard2494 collected $2.50 from pot
Richard2494: doesn't show hand 
*** SUMMARY ***
Total pot $2.50 | Rake $0 
Seat 4: BumHuntKing
Seat 1: XneferX (small blind) folded before Flop
Seat 2: z00mba (big blind) folded before Flop
Seat 3: p0pa4poker folded before Flop (didn't bet)
Seat 5: wuzzza1744 folded before Flop (didn't bet)
Seat 6: Richard2494 (button) collected ($2.50)



PokerStars Hand #254424454391:  Hold'em No Limit ($0.50/$1.00 USD) - 2025/01/17 1:34:46 WET [2025/01/17 20:34:46 ET]
Table 'Armisticia III' 6-max Seat #1 is the button
Seat 4: BumHuntKing ($100 in chips) is sitting out
Seat 5: wuzzza1744 ($70.65 in chips) is sitting out
Seat 1: XneferX ($100 in chips) 
Seat 2: z00mba ($268.04 in chips) 
Seat 3: p0pa4poker ($105.02 in chips) 
Seat 6: Richard2494 ($137.34 in chips) 
z00mba: posts small blind $0.50
p0pa4poker: posts big blind $1
BumHuntKing: sits out 
*** HOLE CARDS ***
Richard2494: folds 
wuzzza1744 leaves the table
XneferX: folds 
z00mba: folds 
Uncalled bet ($0.50) returned to p0pa4poker
p0pa4poker collected $1 from pot
p0pa4poker: doesn't show hand 
*** SUMMARY ***
Total pot $1 | Rake $0 
Seat 4: BumHuntKing
Seat 5: wuzzza1744
Seat 1: XneferX (button) folded before Flop (didn't bet)
Seat 2: z00mba (small blind) folded before Flop
Seat 3: p0pa4poker (big blind) collected ($1)
Seat 6: Richard2494 folded before Flop (didn't bet)



PokerStars Hand #254424457075:  Hold'em No Limit ($0.50/$1.00 USD) - 2025/01/17 1:35:00 WET [2025/01/17 20:35:00 ET]
Table 'Armisticia III' 6-max Seat #2 is the button
Seat 1: XneferX ($100 in chips) 
Seat 2: z00mba ($267.54 in chips) 
Seat 3: p0pa4poker ($105.52 in chips) 
Seat 4: BumHuntKing ($100 in chips) 
Seat 6: Richard2494 ($137.34 in chips) 
p0pa4poker: posts small blind $0.50
BumHuntKing: posts big blind $1
*** HOLE CARDS ***
Richard2494: folds 
XneferX: folds 
z00mba: raises $1.50 to $2.50
p0pa4poker: folds 
BumHuntKing: folds 
Uncalled bet ($1.50) returned to z00mba
z00mba collected $2.50 from pot
z00mba: doesn't show hand 
*** SUMMARY ***
Total pot $2.50 | Rake $0 
Seat 1: XneferX folded before Flop (didn't bet)
Seat 2: z00mba (button) collected ($2.50)
Seat 3: p0pa4poker (small blind) folded before Flop
Seat 4: BumHuntKing (big blind) folded before Flop
Seat 6: Richard2494 folded before Flop (didn't bet)



PokerStars Hand #254424459893:  Hold'em No Limit ($0.50/$1.00 USD) - 2025/01/17 1:35:15 WET [2025/01/17 20:35:15 ET]
Table 'Armisticia III' 6-max Seat #3 is the button
Seat 1: XneferX ($100 in chips) is sitting out
Seat 6: Richard2494 ($137.34 in chips) is sitting out
Seat 2: z00mba ($269.04 in chips) 
Seat 3: p0pa4poker ($105.02 in chips) 
Seat 4: BumHuntKing ($100 in chips) 
BumHuntKing: posts small blind $0.50
Richard2494: is sitting out 
Richard2494 leaves the table
XneferX: is sitting out 
z00mba: posts big blind $1
*** HOLE CARDS ***
p0pa4poker: raises $1.50 to $2.50
XneferX leaves the table
BumHuntKing: folds 
z00mba: folds 
Uncalled bet ($1.50) returned to p0pa4poker
p0pa4poker collected $2.50 from pot
p0pa4poker: doesn't show hand 
*** SUMMARY ***
Total pot $2.50 | Rake $0 
Seat 1: XneferX
Seat 6: Richard2494
Seat 2: z00mba (big blind) folded before Flop
Seat 3: p0pa4poker (button) collected ($2.50)
Seat 4: BumHuntKing (small blind) folded before Flop



