PokerStars Hand #254410125758:  Hold'em No Limit ($0.50/$1.00 USD) - 2025/01/17 3:56:55 WET [2025/01/16 22:56:55 ET]
Table 'Eurykleia III' 6-max Seat #2 is the button
Seat 1: Supermegopro ($100 in chips) 
Seat 2: xucruti0116 ($40 in chips) 
Seat 4: rostickkin ($100 in chips) 
rostickkin: posts small blind $0.50
Supermegopro: posts big blind $1
*** HOLE CARDS ***
xucruti0116: raises $2.50 to $3.50
rostickkin: folds 
Supermegopro: folds 
Uncalled bet ($2.50) returned to xucruti0116
xucruti0116 collected $2.50 from pot
xucruti0116: doesn't show hand 
*** SUMMARY ***
Total pot $2.50 | Rake $0 
Seat 1: Supermegopro (big blind) folded before Flop
Seat 2: xucruti0116 (button) collected ($2.50)
Seat 4: rostickkin (small blind) folded before Flop



PokerStars Hand #254410126802:  Hold'em No Limit ($0.50/$1.00 USD) - 2025/01/17 3:57:06 WET [2025/01/16 22:57:06 ET]
Table 'Eurykleia III' 6-max Seat #4 is the button
Seat 1: Supermegopro ($100 in chips) 
Seat 2: xucruti0116 ($41.50 in chips) 
Seat 4: rostickkin ($100 in chips) 
Supermegopro: posts small blind $0.50
xucruti0116: posts big blind $1
*** HOLE CARDS ***
rostickkin: folds 
Supermegopro: raises $2 to $3
xucruti0116: folds 
Uncalled bet ($2) returned to Supermegopro
Supermegopro collected $2 from pot
Supermegopro: doesn't show hand 
*** SUMMARY ***
Total pot $2 | Rake $0 
Seat 1: Supermegopro (small blind) collected ($2)
Seat 2: xucruti0116 (big blind) folded before Flop
Seat 4: rostickkin (button) folded before Flop (didn't bet)



PokerStars Hand #254410127981:  Hold'em No Limit ($0.50/$1.00 USD) - 2025/01/17 3:57:18 WET [2025/01/16 22:57:18 ET]
Table 'Eurykleia III' 6-max Seat #1 is the button
Seat 1: Supermegopro ($101 in chips) 
Seat 2: xucruti0116 ($40.50 in chips) 
Seat 4: rostickkin ($100 in chips) 
xucruti0116: posts small blind $0.50
rostickkin: posts big blind $1
*** HOLE CARDS ***
Supermegopro: raises $1.50 to $2.50
xucruti0116: calls $2
rostickkin: folds 
*** FLOP *** [Qd 6h Th]
xucruti0116: bets $2.85
Supermegopro: folds 
Uncalled bet ($2.85) returned to xucruti0116
vezis3 joins the table at seat #3 
xucruti0116 collected $5.70 from pot
xucruti0116: doesn't show hand 
*** SUMMARY ***
Total pot $6 | Rake $0.30 
Board [Qd 6h Th]
Seat 1: Supermegopro (button) folded on the Flop
Seat 2: xucruti0116 (small blind) collected ($5.70)
Seat 4: rostickkin (big blind) folded before Flop



PokerStars Hand #254410129635:  Hold'em No Limit ($0.50/$1.00 USD) - 2025/01/17 3:57:37 WET [2025/01/16 22:57:37 ET]
Table 'Eurykleia III' 6-max Seat #2 is the button
Seat 3: vezis3 ($100 in chips) is sitting out
Seat 1: Supermegopro ($100 in chips) 
Seat 2: xucruti0116 ($43.70 in chips) 
Seat 4: rostickkin ($100 in chips) 
rostickkin: posts small blind $0.50
Supermegopro: posts big blind $1
*** HOLE CARDS ***
xucruti0116: raises $2.50 to $3.50
rostickkin: folds 
Supermegopro: calls $2.50
*** FLOP *** [Js 4c 3d]
Supermegopro: checks 
xucruti0116: bets $7.12
Supermegopro: folds 
Uncalled bet ($7.12) returned to xucruti0116
xucruti0116 collected $7.12 from pot
xucruti0116: doesn't show hand 
*** SUMMARY ***
Total pot $7.50 | Rake $0.38 
Board [Js 4c 3d]
Seat 3: vezis3
Seat 1: Supermegopro (big blind) folded on the Flop
Seat 2: xucruti0116 (button) collected ($7.12)
Seat 4: rostickkin (small blind) folded before Flop



PokerStars Hand #254410132498:  Hold'em No Limit ($0.50/$1.00 USD) - 2025/01/17 3:58:07 WET [2025/01/16 22:58:07 ET]
Table 'Eurykleia III' 6-max Seat #4 is the button
Seat 3: vezis3 ($100 in chips) is sitting out
Seat 1: Supermegopro ($100 in chips) 
Seat 2: xucruti0116 ($47.32 in chips) 
Seat 4: rostickkin ($100 in chips) 
Supermegopro: posts small blind $0.50
xucruti0116: posts big blind $1
vezis3: sits out 
*** HOLE CARDS ***
rostickkin: folds 
Supermegopro: raises $1.50 to $2.50
xucruti0116: folds 
Uncalled bet ($1.50) returned to Supermegopro
Supermegopro collected $2 from pot
Supermegopro: doesn't show hand 
*** SUMMARY ***
Total pot $2 | Rake $0 
Seat 3: vezis3
Seat 1: Supermegopro (small blind) collected ($2)
Seat 2: xucruti0116 (big blind) folded before Flop
Seat 4: rostickkin (button) folded before Flop (didn't bet)



PokerStars Hand #254410133407:  Hold'em No Limit ($0.50/$1.00 USD) - 2025/01/17 3:58:17 WET [2025/01/16 22:58:17 ET]
Table 'Eurykleia III' 6-max Seat #1 is the button
Seat 1: Supermegopro ($101 in chips) 
Seat 2: xucruti0116 ($46.32 in chips) 
Seat 3: vezis3 ($100 in chips) 
Seat 4: rostickkin ($100 in chips) 
xucruti0116: posts small blind $0.50
vezis3: posts big blind $1
*** HOLE CARDS ***
rostickkin: folds 
Supermegopro: raises $2 to $3
xucruti0116: calls $2.50
vezis3: folds 
*** FLOP *** [4h 9c 9h]
xucruti0116: checks 
Supermegopro: bets $2.19
xucruti0116: folds 
Uncalled bet ($2.19) returned to Supermegopro
Supermegopro collected $6.65 from pot
Supermegopro: doesn't show hand 
*** SUMMARY ***
Total pot $7 | Rake $0.35 
Board [4h 9c 9h]
Seat 1: Supermegopro (button) collected ($6.65)
Seat 2: xucruti0116 (small blind) folded on the Flop
Seat 3: vezis3 (big blind) folded before Flop
Seat 4: rostickkin folded before Flop (didn't bet)



PokerStars Hand #254410136090:  Hold'em No Limit ($0.50/$1.00 USD) - 2025/01/17 3:58:47 WET [2025/01/16 22:58:47 ET]
Table 'Eurykleia III' 6-max Seat #2 is the button
Seat 1: Supermegopro ($104.65 in chips) 
Seat 2: xucruti0116 ($43.32 in chips) 
Seat 3: vezis3 ($100 in chips) 
Seat 4: rostickkin ($100 in chips) 
vezis3: posts small blind $0.50
rostickkin: posts big blind $1
*** HOLE CARDS ***
Supermegopro: folds 
tukeiron joins the table at seat #5 
xucruti0116: raises $2.50 to $3.50
vezis3: folds 
rostickkin: folds 
Uncalled bet ($2.50) returned to xucruti0116
xucruti0116 collected $2.50 from pot
xucruti0116: doesn't show hand 
*** SUMMARY ***
Total pot $2.50 | Rake $0 
Seat 1: Supermegopro folded before Flop (didn't bet)
Seat 2: xucruti0116 (button) collected ($2.50)
Seat 3: vezis3 (small blind) folded before Flop
Seat 4: rostickkin (big blind) folded before Flop



