PokerStars Hand #254416108671:  Hold'em No Limit ($0.50/$1.00 USD) - 2025/01/17 16:58:47 WET [2025/01/17 11:58:47 ET]
Table 'Sy III' 6-max Seat #4 is the button
Seat 2: IREQO ($100 in chips) is sitting out
Seat 6: Christianzt1 ($105.50 in chips) is sitting out
Seat 1: z00mba ($100 in chips) 
Seat 3: Pippa83 ($101 in chips) 
Seat 4: DUDAD1219 ($99.40 in chips) 
Seat 5: magzi777 ($100 in chips) 
magzi777: posts small blind $0.50
Christianzt1: is sitting out 
z00mba: posts big blind $1
IREQO: sits out 
*** HOLE CARDS ***
Christianzt1 leaves the table
Pippa83: folds 
DUDAD1219: folds 
magzi777: raises $2 to $3
z00mba: folds 
Uncalled bet ($2) returned to magzi777
magzi777 collected $2 from pot
*** SUMMARY ***
Total pot $2 | Rake $0 
Seat 2: IREQO
Seat 6: Christianzt1
Seat 1: z00mba (big blind) folded before Flop
Seat 3: Pippa83 folded before Flop (didn't bet)
Seat 4: DUDAD1219 (button) folded before Flop (didn't bet)
Seat 5: magzi777 (small blind) collected ($2)



PokerStars Hand #254416110920:  Hold'em No Limit ($0.50/$1.00 USD) - 2025/01/17 16:58:59 WET [2025/01/17 11:58:59 ET]
Table 'Sy III' 6-max Seat #5 is the button
Seat 1: z00mba ($100 in chips) 
Seat 2: IREQO ($100 in chips) 
Seat 3: Pippa83 ($101 in chips) 
Seat 4: DUDAD1219 ($99.40 in chips) 
Seat 5: magzi777 ($101 in chips) 
z00mba: posts small blind $0.50
IREQO: posts big blind $1
*** HOLE CARDS ***
Pippa83: folds 
tukeiron joins the table at seat #6 
DUDAD1219: raises $3 to $4
magzi777: folds 
z00mba: folds 
IREQO: folds 
Uncalled bet ($3) returned to DUDAD1219
DUDAD1219 collected $2.50 from pot
*** SUMMARY ***
Total pot $2.50 | Rake $0 
Seat 1: z00mba (small blind) folded before Flop
Seat 2: IREQO (big blind) folded before Flop
Seat 3: Pippa83 folded before Flop (didn't bet)
Seat 4: DUDAD1219 collected ($2.50)
Seat 5: magzi777 (button) folded before Flop (didn't bet)



PokerStars Hand #254416114036:  Hold'em No Limit ($0.50/$1.00 USD) - 2025/01/17 16:59:16 WET [2025/01/17 11:59:16 ET]
Table 'Sy III' 6-max Seat #1 is the button
Seat 6: tukeiron ($100 in chips) is sitting out
Seat 1: z00mba ($100 in chips) 
Seat 2: IREQO ($100 in chips) 
Seat 3: Pippa83 ($101 in chips) 
Seat 4: DUDAD1219 ($100.90 in chips) 
Seat 5: magzi777 ($101 in chips) 
IREQO: posts small blind $0.50
Pippa83: posts big blind $1
tukeiron: sits out 
*** HOLE CARDS ***
DUDAD1219: folds 
magzi777: folds 
z00mba: folds 
IREQO: folds 
Uncalled bet ($0.50) returned to Pippa83
Pippa83 collected $1 from pot
Pippa83: doesn't show hand 
*** SUMMARY ***
Total pot $1 | Rake $0 
Seat 6: tukeiron
Seat 1: z00mba (button) folded before Flop (didn't bet)
Seat 2: IREQO (small blind) folded before Flop
Seat 3: Pippa83 (big blind) collected ($1)
Seat 4: DUDAD1219 folded before Flop (didn't bet)
Seat 5: magzi777 folded before Flop (didn't bet)



PokerStars Hand #254416116541:  Hold'em No Limit ($0.50/$1.00 USD) - 2025/01/17 16:59:29 WET [2025/01/17 11:59:29 ET]
Table 'Sy III' 6-max Seat #2 is the button
Seat 6: tukeiron ($100 in chips) is sitting out
Seat 1: z00mba ($100 in chips) 
Seat 2: IREQO ($100 in chips) 
Seat 3: Pippa83 ($101.50 in chips) 
Seat 4: DUDAD1219 ($100.90 in chips) 
Seat 5: magzi777 ($101 in chips) 
Pippa83: posts small blind $0.50
DUDAD1219: posts big blind $1
tukeiron: sits out 
*** HOLE CARDS ***
magzi777: raises $1.50 to $2.50
z00mba: folds 
IREQO: folds 
Pippa83: folds 
DUDAD1219: calls $1.50
*** FLOP *** [3d 5s 2s]
DUDAD1219: checks 
magzi777: bets $1.50
DUDAD1219: calls $1.50
*** TURN *** [3d 5s 2s] [4s]
DUDAD1219: bets $4
magzi777: calls $4
*** RIVER *** [3d 5s 2s 4s] [5h]
DUDAD1219: checks 
magzi777: bets $5.17
DUDAD1219: folds 
Uncalled bet ($5.17) returned to magzi777
magzi777 collected $15.68 from pot
*** SUMMARY ***
Total pot $16.50 | Rake $0.82 
Board [3d 5s 2s 4s 5h]
Seat 6: tukeiron
Seat 1: z00mba folded before Flop (didn't bet)
Seat 2: IREQO (button) folded before Flop (didn't bet)
Seat 3: Pippa83 (small blind) folded before Flop
Seat 4: DUDAD1219 (big blind) folded on the River
Seat 5: magzi777 collected ($15.68)



PokerStars Hand #254416130977:  Hold'em No Limit ($0.50/$1.00 USD) - 2025/01/17 17:00:44 WET [2025/01/17 12:00:44 ET]
Table 'Sy III' 6-max Seat #3 is the button
Seat 6: tukeiron ($100 in chips) is sitting out
Seat 1: z00mba ($100 in chips) 
Seat 2: IREQO ($100 in chips) 
Seat 3: Pippa83 ($101 in chips) 
Seat 4: DUDAD1219 ($92.90 in chips) 
Seat 5: magzi777 ($108.68 in chips) 
DUDAD1219: posts small blind $0.50
magzi777: posts big blind $1
tukeiron: sits out 
*** HOLE CARDS ***
z00mba: raises $1.50 to $2.50
IREQO: folds 
Pippa83: folds 
DUDAD1219: folds 
magzi777: raises $8.50 to $11
z00mba: raises $13 to $24
magzi777: calls $13
*** FLOP *** [Ks Ts As]
magzi777: checks 
z00mba: checks 
*** TURN *** [Ks Ts As] [9d]
magzi777: bets $23.04
z00mba: folds 
Uncalled bet ($23.04) returned to magzi777
magzi777 collected $46.08 from pot
*** SUMMARY ***
Total pot $48.50 | Rake $2.42 
Board [Ks Ts As 9d]
Seat 6: tukeiron
Seat 1: z00mba folded on the Turn
Seat 2: IREQO folded before Flop (didn't bet)
Seat 3: Pippa83 (button) folded before Flop (didn't bet)
Seat 4: DUDAD1219 (small blind) folded before Flop
Seat 5: magzi777 (big blind) collected ($46.08)



PokerStars Hand #254416147341:  Hold'em No Limit ($0.50/$1.00 USD) - 2025/01/17 17:01:59 WET [2025/01/17 12:01:59 ET]
Table 'Sy III' 6-max Seat #4 is the button
Seat 1: z00mba ($100 in chips) 
Seat 2: IREQO ($100 in chips) 
Seat 3: Pippa83 ($101 in chips) 
Seat 4: DUDAD1219 ($92.40 in chips) 
Seat 5: magzi777 ($130.76 in chips) 
Seat 6: tukeiron ($100 in chips) 
magzi777: posts small blind $0.50
tukeiron: posts big blind $1
*** HOLE CARDS ***
z00mba: folds 
IREQO: raises $1.50 to $2.50
Pippa83: folds 
DUDAD1219: folds 
magzi777: folds 
tukeiron: folds 
Uncalled bet ($1.50) returned to IREQO
IREQO collected $2.50 from pot
IREQO: doesn't show hand 
*** SUMMARY ***
Total pot $2.50 | Rake $0 
Seat 1: z00mba folded before Flop (didn't bet)
Seat 2: IREQO collected ($2.50)
Seat 3: Pippa83 folded before Flop (didn't bet)
Seat 4: DUDAD1219 (button) folded before Flop (didn't bet)
Seat 5: magzi777 (small blind) folded before Flop
Seat 6: tukeiron (big blind) folded before Flop



PokerStars Hand #254416150289:  Hold'em No Limit ($0.50/$1.00 USD) - 2025/01/17 17:02:11 WET [2025/01/17 12:02:11 ET]
Table 'Sy III' 6-max Seat #5 is the button
Seat 1: z00mba ($100 in chips) 
Seat 2: IREQO ($101.50 in chips) 
Seat 3: Pippa83 ($101 in chips) 
Seat 4: DUDAD1219 ($92.40 in chips) 
Seat 5: magzi777 ($130.26 in chips) 
Seat 6: tukeiron ($100 in chips) 
tukeiron: posts small blind $0.50
z00mba: posts big blind $1
*** HOLE CARDS ***
IREQO: folds 
Pippa83: folds 
DUDAD1219: folds 
magzi777: raises $1.50 to $2.50
tukeiron: folds 
z00mba: raises $9 to $11.50
magzi777: calls $9
*** FLOP *** [4c 8d 5c]
z00mba: bets $7
magzi777: raises $12.50 to $19.50
z00mba: raises $69 to $88.50 and is all-in
magzi777: folds 
Uncalled bet ($69) returned to z00mba
z00mba collected $60 from pot
z00mba: doesn't show hand 
*** SUMMARY ***
Total pot $62.50 | Rake $2.50 
Board [4c 8d 5c]
Seat 1: z00mba (big blind) collected ($60)
Seat 2: IREQO folded before Flop (didn't bet)
Seat 3: Pippa83 folded before Flop (didn't bet)
Seat 4: DUDAD1219 folded before Flop (didn't bet)
Seat 5: magzi777 (button) folded on the Flop
Seat 6: tukeiron (small blind) folded before Flop



PokerStars Hand #254416165374:  Hold'em No Limit ($0.50/$1.00 USD) - 2025/01/17 17:03:15 WET [2025/01/17 12:03:15 ET]
Table 'Sy III' 6-max Seat #6 is the button
Seat 1: z00mba ($129 in chips) 
Seat 2: IREQO ($101.50 in chips) 
Seat 3: Pippa83 ($101 in chips) 
Seat 4: DUDAD1219 ($92.40 in chips) 
Seat 5: magzi777 ($100 in chips) 
Seat 6: tukeiron ($100 in chips) 
z00mba: posts small blind $0.50
IREQO: posts big blind $1
*** HOLE CARDS ***
Pippa83: folds 
DUDAD1219: folds 
magzi777: folds 
tukeiron: raises $1.50 to $2.50
z00mba: folds 
IREQO: folds 
Uncalled bet ($1.50) returned to tukeiron
tukeiron collected $2.50 from pot
*** SUMMARY ***
Total pot $2.50 | Rake $0 
Seat 1: z00mba (small blind) folded before Flop
Seat 2: IREQO (big blind) folded before Flop
Seat 3: Pippa83 folded before Flop (didn't bet)
Seat 4: DUDAD1219 folded before Flop (didn't bet)
Seat 5: magzi777 folded before Flop (didn't bet)
Seat 6: tukeiron (button) collected ($2.50)



PokerStars Hand #254416170361:  Hold'em No Limit ($0.50/$1.00 USD) - 2025/01/17 17:03:36 WET [2025/01/17 12:03:36 ET]
Table 'Sy III' 6-max Seat #1 is the button
Seat 1: z00mba ($128.50 in chips) 
Seat 2: IREQO ($100.50 in chips) 
Seat 3: Pippa83 ($101 in chips) 
Seat 4: DUDAD1219 ($92.40 in chips) 
Seat 5: magzi777 ($100 in chips) 
Seat 6: tukeiron ($101.50 in chips) 
IREQO: posts small blind $0.50
Pippa83: posts big blind $1
*** HOLE CARDS ***
DUDAD1219: folds 
magzi777: folds 
tukeiron: folds 
z00mba: raises $1.50 to $2.50
IREQO: folds 
Pippa83: folds 
Uncalled bet ($1.50) returned to z00mba
z00mba collected $2.50 from pot
z00mba: doesn't show hand 
*** SUMMARY ***
Total pot $2.50 | Rake $0 
Seat 1: z00mba (button) collected ($2.50)
Seat 2: IREQO (small blind) folded before Flop
Seat 3: Pippa83 (big blind) folded before Flop
Seat 4: DUDAD1219 folded before Flop (didn't bet)
Seat 5: magzi777 folded before Flop (didn't bet)
Seat 6: tukeiron folded before Flop (didn't bet)



PokerStars Hand #254416175717:  Hold'em No Limit ($0.50/$1.00 USD) - 2025/01/17 17:03:58 WET [2025/01/17 12:03:58 ET]
Table 'Sy III' 6-max Seat #2 is the button
Seat 1: z00mba ($130 in chips) 
Seat 2: IREQO ($100 in chips) 
Seat 3: Pippa83 ($100 in chips) 
Seat 4: DUDAD1219 ($92.40 in chips) 
Seat 5: magzi777 ($100 in chips) 
Seat 6: tukeiron ($101.50 in chips) 
Pippa83: posts small blind $0.50
DUDAD1219: posts big blind $1
*** HOLE CARDS ***
magzi777: raises $1.50 to $2.50
tukeiron: folds 
z00mba: folds 
IREQO: folds 
Pippa83: folds 
DUDAD1219: calls $1.50
*** FLOP *** [7c Qd 5c]
DUDAD1219: checks 
magzi777: checks 
*** TURN *** [7c Qd 5c] [5s]
DUDAD1219: checks 
magzi777: checks 
*** RIVER *** [7c Qd 5c 5s] [Tc]
DUDAD1219: bets $1
magzi777: folds 
Uncalled bet ($1) returned to DUDAD1219
DUDAD1219 collected $5.22 from pot
*** SUMMARY ***
Total pot $5.50 | Rake $0.28 
Board [7c Qd 5c 5s Tc]
Seat 1: z00mba folded before Flop (didn't bet)
Seat 2: IREQO (button) folded before Flop (didn't bet)
Seat 3: Pippa83 (small blind) folded before Flop
Seat 4: DUDAD1219 (big blind) collected ($5.22)
Seat 5: magzi777 folded on the River
Seat 6: tukeiron folded before Flop (didn't bet)



PokerStars Hand #254416184872:  Hold'em No Limit ($0.50/$1.00 USD) - 2025/01/17 17:04:36 WET [2025/01/17 12:04:36 ET]
Table 'Sy III' 6-max Seat #3 is the button
Seat 1: z00mba ($130 in chips) 
Seat 2: IREQO ($100 in chips) 
Seat 3: Pippa83 ($100 in chips) 
Seat 4: DUDAD1219 ($95.12 in chips) 
Seat 5: magzi777 ($100 in chips) 
Seat 6: tukeiron ($101.50 in chips) 
DUDAD1219: posts small blind $0.50
magzi777: posts big blind $1
*** HOLE CARDS ***
tukeiron: folds 
z00mba: folds 
IREQO: raises $1.50 to $2.50
Pippa83: folds 
DUDAD1219: calls $2
magzi777: folds 
*** FLOP *** [Ac Ad 9h]
DUDAD1219: checks 
IREQO: checks 
*** TURN *** [Ac Ad 9h] [Kc]
DUDAD1219: checks 
IREQO: bets $4
DUDAD1219: folds 
Uncalled bet ($4) returned to IREQO
IREQO collected $5.70 from pot
IREQO: doesn't show hand 
*** SUMMARY ***
Total pot $6 | Rake $0.30 
Board [Ac Ad 9h Kc]
Seat 1: z00mba folded before Flop (didn't bet)
Seat 2: IREQO collected ($5.70)
Seat 3: Pippa83 (button) folded before Flop (didn't bet)
Seat 4: DUDAD1219 (small blind) folded on the Turn
Seat 5: magzi777 (big blind) folded before Flop
Seat 6: tukeiron folded before Flop (didn't bet)



PokerStars Hand #254416197949:  Hold'em No Limit ($0.50/$1.00 USD) - 2025/01/17 17:05:30 WET [2025/01/17 12:05:30 ET]
Table 'Sy III' 6-max Seat #4 is the button
Seat 1: z00mba ($130 in chips) 
Seat 2: IREQO ($103.20 in chips) 
Seat 3: Pippa83 ($100 in chips) 
Seat 4: DUDAD1219 ($92.62 in chips) 
Seat 5: magzi777 ($100 in chips) 
Seat 6: tukeiron ($101.50 in chips) 
magzi777: posts small blind $0.50
tukeiron: posts big blind $1
*** HOLE CARDS ***
z00mba: folds 
IREQO: folds 
Pippa83: folds 
DUDAD1219: folds 
magzi777: folds 
Uncalled bet ($0.50) returned to tukeiron
tukeiron collected $1 from pot
*** SUMMARY ***
Total pot $1 | Rake $0 
Seat 1: z00mba folded before Flop (didn't bet)
Seat 2: IREQO folded before Flop (didn't bet)
Seat 3: Pippa83 folded before Flop (didn't bet)
Seat 4: DUDAD1219 (button) folded before Flop (didn't bet)
Seat 5: magzi777 (small blind) folded before Flop
Seat 6: tukeiron (big blind) collected ($1)



PokerStars Hand #254416201083:  Hold'em No Limit ($0.50/$1.00 USD) - 2025/01/17 17:05:43 WET [2025/01/17 12:05:43 ET]
Table 'Sy III' 6-max Seat #5 is the button
Seat 1: z00mba ($130 in chips) 
Seat 2: IREQO ($103.20 in chips) 
Seat 3: Pippa83 ($100 in chips) 
Seat 4: DUDAD1219 ($92.62 in chips) 
Seat 5: magzi777 ($100 in chips) 
Seat 6: tukeiron ($102 in chips) 
tukeiron: posts small blind $0.50
z00mba: posts big blind $1
*** HOLE CARDS ***
IREQO: folds 
Pippa83: folds 
DUDAD1219: folds 
magzi777: folds 
tukeiron: folds 
Uncalled bet ($0.50) returned to z00mba
z00mba collected $1 from pot
z00mba: doesn't show hand 
*** SUMMARY ***
Total pot $1 | Rake $0 
Seat 1: z00mba (big blind) collected ($1)
Seat 2: IREQO folded before Flop (didn't bet)
Seat 3: Pippa83 folded before Flop (didn't bet)
Seat 4: DUDAD1219 folded before Flop (didn't bet)
Seat 5: magzi777 (button) folded before Flop (didn't bet)
Seat 6: tukeiron (small blind) folded before Flop



PokerStars Hand #254416203726:  Hold'em No Limit ($0.50/$1.00 USD) - 2025/01/17 17:05:54 WET [2025/01/17 12:05:54 ET]
Table 'Sy III' 6-max Seat #6 is the button
Seat 1: z00mba ($130.50 in chips) 
Seat 2: IREQO ($103.20 in chips) 
Seat 3: Pippa83 ($100 in chips) 
Seat 4: DUDAD1219 ($92.62 in chips) 
Seat 5: magzi777 ($100 in chips) 
Seat 6: tukeiron ($101.50 in chips) 
z00mba: posts small blind $0.50
IREQO: posts big blind $1
*** HOLE CARDS ***
Pippa83: folds 
DUDAD1219: folds 
magzi777: raises $1.50 to $2.50
tukeiron: folds 
z00mba: folds 
IREQO: calls $1.50
*** FLOP *** [3d 5s 9d]
IREQO: checks 
magzi777: bets $1.50
IREQO: calls $1.50
*** TURN *** [3d 5s 9d] [5d]
IREQO: bets $3
magzi777: raises $9.29 to $12.29
IREQO: folds 
Uncalled bet ($9.29) returned to magzi777
magzi777 collected $13.78 from pot
*** SUMMARY ***
Total pot $14.50 | Rake $0.72 
Board [3d 5s 9d 5d]
Seat 1: z00mba (small blind) folded before Flop
Seat 2: IREQO (big blind) folded on the Turn
Seat 3: Pippa83 folded before Flop (didn't bet)
Seat 4: DUDAD1219 folded before Flop (didn't bet)
Seat 5: magzi777 collected ($13.78)
Seat 6: tukeiron (button) folded before Flop (didn't bet)



PokerStars Hand #254416229201:  Hold'em No Limit ($0.50/$1.00 USD) - 2025/01/17 17:07:39 WET [2025/01/17 12:07:39 ET]
Table 'Sy III' 6-max Seat #1 is the button
Seat 3: Pippa83 ($100 in chips) is sitting out
Seat 1: z00mba ($130 in chips) 
Seat 2: IREQO ($96.20 in chips) 
Seat 4: DUDAD1219 ($92.62 in chips) 
Seat 5: magzi777 ($106.78 in chips) 
Seat 6: tukeiron ($101.50 in chips) 
IREQO: posts small blind $0.50
DUDAD1219: posts big blind $1
*** HOLE CARDS ***
magzi777: folds 
tukeiron: folds 
z00mba: folds 
IREQO: raises $1.50 to $2.50
DUDAD1219: folds 
Uncalled bet ($1.50) returned to IREQO
IREQO collected $2 from pot
IREQO: doesn't show hand 
*** SUMMARY ***
Total pot $2 | Rake $0 
Seat 3: Pippa83
Seat 1: z00mba (button) folded before Flop (didn't bet)
Seat 2: IREQO (small blind) collected ($2)
Seat 4: DUDAD1219 (big blind) folded before Flop
Seat 5: magzi777 folded before Flop (didn't bet)
Seat 6: tukeiron folded before Flop (didn't bet)



PokerStars Hand #254416235030:  Hold'em No Limit ($0.50/$1.00 USD) - 2025/01/17 17:08:04 WET [2025/01/17 12:08:04 ET]
Table 'Sy III' 6-max Seat #2 is the button
Seat 3: Pippa83 ($100 in chips) is sitting out
Seat 1: z00mba ($130 in chips) 
Seat 2: IREQO ($97.20 in chips) 
Seat 4: DUDAD1219 ($91.62 in chips) 
Seat 5: magzi777 ($106.78 in chips) 
Seat 6: tukeiron ($101.50 in chips) 
DUDAD1219: posts small blind $0.50
magzi777: posts big blind $1
*** HOLE CARDS ***
tukeiron: folds 
tukeiron leaves the table
z00mba: raises $1.50 to $2.50
IREQO: folds 
BoyLoc0 joins the table at seat #6 
DUDAD1219: calls $2
magzi777: folds 
*** FLOP *** [Qs Ac 6c]
DUDAD1219: checks 
z00mba: checks 
*** TURN *** [Qs Ac 6c] [9s]
DUDAD1219: checks 
z00mba: bets $2.50
DUDAD1219: folds 
Uncalled bet ($2.50) returned to z00mba
z00mba collected $5.70 from pot
z00mba: doesn't show hand 
*** SUMMARY ***
Total pot $6 | Rake $0.30 
Board [Qs Ac 6c 9s]
Seat 3: Pippa83
Seat 1: z00mba collected ($5.70)
Seat 2: IREQO (button) folded before Flop (didn't bet)
Seat 4: DUDAD1219 (small blind) folded on the Turn
Seat 5: magzi777 (big blind) folded before Flop
Seat 6: tukeiron folded before Flop (didn't bet)



PokerStars Hand #254416244439:  Hold'em No Limit ($0.50/$1.00 USD) - 2025/01/17 17:08:43 WET [2025/01/17 12:08:43 ET]
Table 'Sy III' 6-max Seat #4 is the button
Seat 3: Pippa83 ($100 in chips) is sitting out
Seat 1: z00mba ($133.20 in chips) 
Seat 2: IREQO ($100 in chips) 
Seat 4: DUDAD1219 ($89.12 in chips) 
Seat 5: magzi777 ($105.78 in chips) 
Seat 6: BoyLoc0 ($100 in chips) 
magzi777: posts small blind $0.50
BoyLoc0: posts big blind $1
*** HOLE CARDS ***
z00mba: folds 
IREQO: folds 
DUDAD1219: folds 
magzi777: folds 
Uncalled bet ($0.50) returned to BoyLoc0
BoyLoc0 collected $1 from pot
BoyLoc0: doesn't show hand 
*** SUMMARY ***
Total pot $1 | Rake $0 
Seat 3: Pippa83
Seat 1: z00mba folded before Flop (didn't bet)
Seat 2: IREQO folded before Flop (didn't bet)
Seat 4: DUDAD1219 (button) folded before Flop (didn't bet)
Seat 5: magzi777 (small blind) folded before Flop
Seat 6: BoyLoc0 (big blind) collected ($1)



PokerStars Hand #254416247419:  Hold'em No Limit ($0.50/$1.00 USD) - 2025/01/17 17:08:55 WET [2025/01/17 12:08:55 ET]
Table 'Sy III' 6-max Seat #5 is the button
Seat 3: Pippa83 ($100 in chips) is sitting out
Seat 1: z00mba ($133.20 in chips) 
Seat 2: IREQO ($100 in chips) 
Seat 4: DUDAD1219 ($89.12 in chips) 
Seat 5: magzi777 ($105.28 in chips) 
Seat 6: BoyLoc0 ($100.50 in chips) 
BoyLoc0: posts small blind $0.50
z00mba: posts big blind $1
*** HOLE CARDS ***
IREQO: folds 
DUDAD1219: folds 
magzi777: raises $1.50 to $2.50
BoyLoc0: folds 
z00mba: calls $1.50
*** FLOP *** [4h Js 7d]
z00mba: checks 
magzi777 is disconnected 
magzi777 is connected 
magzi777: bets $1.72
z00mba: folds 
Uncalled bet ($1.72) returned to magzi777
magzi777 collected $5.22 from pot
*** SUMMARY ***
Total pot $5.50 | Rake $0.28 
Board [4h Js 7d]
Seat 3: Pippa83
Seat 1: z00mba (big blind) folded on the Flop
Seat 2: IREQO folded before Flop (didn't bet)
Seat 4: DUDAD1219 folded before Flop (didn't bet)
Seat 5: magzi777 (button) collected ($5.22)
Seat 6: BoyLoc0 (small blind) folded before Flop



PokerStars Hand #254416259827:  Hold'em No Limit ($0.50/$1.00 USD) - 2025/01/17 17:09:46 WET [2025/01/17 12:09:46 ET]
Table 'Sy III' 6-max Seat #6 is the button
Seat 3: Pippa83 ($100 in chips) is sitting out
Seat 1: z00mba ($130.70 in chips) 
Seat 2: IREQO ($100 in chips) 
Seat 4: DUDAD1219 ($89.12 in chips) 
Seat 5: magzi777 ($108 in chips) 
Seat 6: BoyLoc0 ($100 in chips) 
z00mba: posts small blind $0.50
IREQO: posts big blind $1
Pippa83: sits out 
*** HOLE CARDS ***
DUDAD1219: raises $2 to $3
magzi777: folds 
BoyLoc0: raises $6 to $9
z00mba: folds 
IREQO: folds 
DUDAD1219: folds 
Uncalled bet ($6) returned to BoyLoc0
BoyLoc0 collected $7.50 from pot
BoyLoc0: doesn't show hand 
*** SUMMARY ***
Total pot $7.50 | Rake $0 
Seat 3: Pippa83
Seat 1: z00mba (small blind) folded before Flop
Seat 2: IREQO (big blind) folded before Flop
Seat 4: DUDAD1219 folded before Flop
Seat 5: magzi777 folded before Flop (didn't bet)
Seat 6: BoyLoc0 (button) collected ($7.50)



PokerStars Hand #254416269321:  Hold'em No Limit ($0.50/$1.00 USD) - 2025/01/17 17:10:24 WET [2025/01/17 12:10:24 ET]
Table 'Sy III' 6-max Seat #1 is the button
Seat 1: z00mba ($130.20 in chips) 
Seat 2: IREQO ($100 in chips) 
Seat 3: Pippa83 ($100 in chips) 
Seat 4: DUDAD1219 ($86.12 in chips) 
Seat 5: magzi777 ($108 in chips) 
Seat 6: BoyLoc0 ($104.50 in chips) 
IREQO: posts small blind $0.50
Pippa83: posts big blind $1
*** HOLE CARDS ***
DUDAD1219: folds 
magzi777: raises $1.50 to $2.50
DUDAD1219 leaves the table
BoyLoc0: folds 
z00mba: folds 
IREQO: calls $2
Pippa83: folds 
*** FLOP *** [8d Kc Th]
Pippa83 leaves the table
IREQO: checks 
magzi777: checks 
*** TURN *** [8d Kc Th] [3c]
IREQO: checks 
magzi777: bets $3.76
IREQO: folds 
Uncalled bet ($3.76) returned to magzi777
magzi777 collected $5.70 from pot
*** SUMMARY ***
Total pot $6 | Rake $0.30 
Board [8d Kc Th 3c]
Seat 1: z00mba (button) folded before Flop (didn't bet)
Seat 2: IREQO (small blind) folded on the Turn
Seat 3: Pippa83 (big blind) folded before Flop
Seat 4: DUDAD1219 folded before Flop (didn't bet)
Seat 5: magzi777 collected ($5.70)
Seat 6: BoyLoc0 folded before Flop (didn't bet)



PokerStars Hand #254416287717:  Hold'em No Limit ($0.50/$1.00 USD) - 2025/01/17 17:11:39 WET [2025/01/17 12:11:39 ET]
Table 'Sy III' 6-max Seat #2 is the button
Seat 1: z00mba ($130.20 in chips) 
Seat 2: IREQO ($100 in chips) 
Seat 5: magzi777 ($111.20 in chips) 
Seat 6: BoyLoc0 ($104.50 in chips) 
magzi777: posts small blind $0.50
BoyLoc0: posts big blind $1
*** HOLE CARDS ***
z00mba: raises $1.50 to $2.50
IREQO: folds 
AIien Hand joins the table at seat #4 
magzi777: folds 
BoyLoc0: calls $1.50
*** FLOP *** [Kd Qs 7s]
BoyLoc0: checks 
z00mba: checks 
*** TURN *** [Kd Qs 7s] [Th]
BoyLoc0: checks 
z00mba: bets $6.53
BoyLoc0: folds 
Uncalled bet ($6.53) returned to z00mba
z00mba collected $5.22 from pot
z00mba: doesn't show hand 
*** SUMMARY ***
Total pot $5.50 | Rake $0.28 
Board [Kd Qs 7s Th]
Seat 1: z00mba collected ($5.22)
Seat 2: IREQO (button) folded before Flop (didn't bet)
Seat 5: magzi777 (small blind) folded before Flop
Seat 6: BoyLoc0 (big blind) folded on the Turn



PokerStars Hand #254416299997:  Hold'em No Limit ($0.50/$1.00 USD) - 2025/01/17 17:12:28 WET [2025/01/17 12:12:28 ET]
Table 'Sy III' 6-max Seat #5 is the button
Seat 1: z00mba ($132.92 in chips) is sitting out
Seat 2: IREQO ($100 in chips) is sitting out
Seat 4: AIien Hand ($100 in chips) 
Seat 5: magzi777 ($110.70 in chips) 
Seat 6: BoyLoc0 ($102 in chips) 
BoyLoc0: posts small blind $0.50
z00mba: is sitting out 
IREQO: is sitting out 
AIien Hand: posts big blind $1
*** HOLE CARDS ***
magzi777: folds 
z00mba leaves the table
magzi777 leaves the table
BoyLoc0: raises $2 to $3
AIien Hand: calls $2
*** FLOP *** [2h 2s Kh]
BoyLoc0: checks 
AIien Hand: bets $1.71
BoyLoc0: folds 
Uncalled bet ($1.71) returned to AIien Hand
AIien Hand collected $5.70 from pot
AIien Hand: doesn't show hand 
IREQO leaves the table
*** SUMMARY ***
Total pot $6 | Rake $0.30 
Board [2h 2s Kh]
Seat 1: z00mba
Seat 2: IREQO
Seat 4: AIien Hand (big blind) collected ($5.70)
Seat 5: magzi777 (button) folded before Flop (didn't bet)
Seat 6: BoyLoc0 (small blind) folded on the Flop



PokerStars Hand #254416605353:  Hold'em No Limit ($0.50/$1.00 USD) - 2025/01/17 17:32:24 WET [2025/01/17 12:32:24 ET]
Table 'Sy III' 6-max Seat #6 is the button
Seat 1: poker_soul11 ($100 in chips) 
Seat 2: GuigaMan ($100 in chips) 
Seat 4: AIien Hand ($102.70 in chips) 
Seat 5: dreimis190 ($100 in chips) 
Seat 6: Zvst ($100 in chips) 
poker_soul11: posts small blind $0.50
GuigaMan: posts big blind $1
*** HOLE CARDS ***
AIien Hand: folds 
dreimis190: folds 
Zvst: folds 
poker_soul11: raises $2 to $3
GuigaMan: folds 
Uncalled bet ($2) returned to poker_soul11
poker_soul11 collected $2 from pot
poker_soul11: doesn't show hand 
*** SUMMARY ***
Total pot $2 | Rake $0 
Seat 1: poker_soul11 (small blind) collected ($2)
Seat 2: GuigaMan (big blind) folded before Flop
Seat 4: AIien Hand folded before Flop (didn't bet)
Seat 5: dreimis190 folded before Flop (didn't bet)
Seat 6: Zvst (button) folded before Flop (didn't bet)



PokerStars Hand #254416611050:  Hold'em No Limit ($0.50/$1.00 USD) - 2025/01/17 17:32:45 WET [2025/01/17 12:32:45 ET]
Table 'Sy III' 6-max Seat #1 is the button
Seat 1: poker_soul11 ($101 in chips) 
Seat 2: GuigaMan ($100 in chips) 
Seat 4: AIien Hand ($102.70 in chips) 
Seat 5: dreimis190 ($100 in chips) 
Seat 6: Zvst ($100 in chips) 
GuigaMan: posts small blind $0.50
AIien Hand: posts big blind $1
*** HOLE CARDS ***
kevinq500 joins the table at seat #3 
kevinq500 is disconnected 
dreimis190: folds 
Zvst: folds 
poker_soul11: raises $1.20 to $2.20
GuigaMan: folds 
AIien Hand: calls $1.20
*** FLOP *** [9c 6c 2d]
AIien Hand: checks 
poker_soul11: bets $5.83
AIien Hand: folds 
Uncalled bet ($5.83) returned to poker_soul11
poker_soul11 collected $4.66 from pot
poker_soul11: doesn't show hand 
*** SUMMARY ***
Total pot $4.90 | Rake $0.24 
Board [9c 6c 2d]
Seat 1: poker_soul11 (button) collected ($4.66)
Seat 2: GuigaMan (small blind) folded before Flop
Seat 4: AIien Hand (big blind) folded on the Flop
Seat 5: dreimis190 folded before Flop (didn't bet)
Seat 6: Zvst folded before Flop (didn't bet)



PokerStars Hand #254416624845:  Hold'em No Limit ($0.50/$1.00 USD) - 2025/01/17 17:33:38 WET [2025/01/17 12:33:38 ET]
Table 'Sy III' 6-max Seat #2 is the button
Seat 3: kevinq500 ($53.65 in chips) is sitting out
Seat 1: poker_soul11 ($103.46 in chips) 
Seat 2: GuigaMan ($100 in chips) 
Seat 4: AIien Hand ($100.50 in chips) 
Seat 5: dreimis190 ($100 in chips) 
Seat 6: Zvst ($100 in chips) 
AIien Hand: posts small blind $0.50
dreimis190: posts big blind $1
*** HOLE CARDS ***
Zvst: raises $1 to $2
poker_soul11: folds 
GuigaMan: folds 
AIien Hand: folds 
dreimis190: folds 
Uncalled bet ($1) returned to Zvst
Zvst collected $2.50 from pot
Zvst: doesn't show hand 
*** SUMMARY ***
Total pot $2.50 | Rake $0 
Seat 3: kevinq500
Seat 1: poker_soul11 folded before Flop (didn't bet)
Seat 2: GuigaMan (button) folded before Flop (didn't bet)
Seat 4: AIien Hand (small blind) folded before Flop
Seat 5: dreimis190 (big blind) folded before Flop
Seat 6: Zvst collected ($2.50)



PokerStars Hand #254416631843:  Hold'em No Limit ($0.50/$1.00 USD) - 2025/01/17 17:34:05 WET [2025/01/17 12:34:05 ET]
Table 'Sy III' 6-max Seat #4 is the button
Seat 1: poker_soul11 ($103.46 in chips) 
Seat 2: GuigaMan ($100 in chips) 
Seat 3: kevinq500 ($53.65 in chips) 
Seat 4: AIien Hand ($100 in chips) 
Seat 5: dreimis190 ($100 in chips) 
Seat 6: Zvst ($101.50 in chips) 
dreimis190: posts small blind $0.50
Zvst: posts big blind $1
kevinq500: posts big blind $1
*** HOLE CARDS ***
poker_soul11: folds 
GuigaMan: raises $2 to $3
kevinq500: calls $2
AIien Hand: folds 
dreimis190: folds 
Zvst: folds 
*** FLOP *** [Th 9d 8d]
GuigaMan: checks 
kevinq500: bets $7.12
GuigaMan: folds 
Uncalled bet ($7.12) returned to kevinq500
kevinq500 collected $7.12 from pot
*** SUMMARY ***
Total pot $7.50 | Rake $0.38 
Board [Th 9d 8d]
Seat 1: poker_soul11 folded before Flop (didn't bet)
Seat 2: GuigaMan folded on the Flop
Seat 3: kevinq500 collected ($7.12)
Seat 4: AIien Hand (button) folded before Flop (didn't bet)
Seat 5: dreimis190 (small blind) folded before Flop
Seat 6: Zvst (big blind) folded before Flop



PokerStars Hand #254416644018:  Hold'em No Limit ($0.50/$1.00 USD) - 2025/01/17 17:34:50 WET [2025/01/17 12:34:50 ET]
Table 'Sy III' 6-max Seat #5 is the button
Seat 1: poker_soul11 ($103.46 in chips) 
Seat 2: GuigaMan ($100 in chips) 
Seat 3: kevinq500 ($57.77 in chips) 
Seat 4: AIien Hand ($100 in chips) 
Seat 5: dreimis190 ($100 in chips) 
Seat 6: Zvst ($100.50 in chips) 
Zvst: posts small blind $0.50
poker_soul11: posts big blind $1
*** HOLE CARDS ***
GuigaMan: folds 
kevinq500: raises $1 to $2
AIien Hand: folds 
dreimis190: folds 
Zvst: folds 
poker_soul11: calls $1
*** FLOP *** [2d Qs Qh]
poker_soul11: checks 
kevinq500: bets $4.28
poker_soul11: calls $4.28
*** TURN *** [2d Qs Qh] [5s]
poker_soul11: checks 
kevinq500: bets $12.41
poker_soul11: calls $12.41
*** RIVER *** [2d Qs Qh 5s] [Kh]
poker_soul11: checks 
kevinq500: bets $39.08 and is all-in
poker_soul11: folds 
Uncalled bet ($39.08) returned to kevinq500
kevinq500 collected $35.99 from pot
*** SUMMARY ***
Total pot $37.88 | Rake $1.89 
Board [2d Qs Qh 5s Kh]
Seat 1: poker_soul11 (big blind) folded on the River
Seat 2: GuigaMan folded before Flop (didn't bet)
Seat 3: kevinq500 collected ($35.99)
Seat 4: AIien Hand folded before Flop (didn't bet)
Seat 5: dreimis190 (button) folded before Flop (didn't bet)
Seat 6: Zvst (small blind) folded before Flop



PokerStars Hand #254416660503:  Hold'em No Limit ($0.50/$1.00 USD) - 2025/01/17 17:35:53 WET [2025/01/17 12:35:53 ET]
Table 'Sy III' 6-max Seat #6 is the button
Seat 1: poker_soul11 ($100 in chips) 
Seat 2: GuigaMan ($100 in chips) 
Seat 3: kevinq500 ($75.07 in chips) 
Seat 4: AIien Hand ($100 in chips) 
Seat 5: dreimis190 ($100 in chips) 
Seat 6: Zvst ($100 in chips) 
poker_soul11: posts small blind $0.50
GuigaMan: posts big blind $1
*** HOLE CARDS ***
kevinq500: folds 
AIien Hand: folds 
dreimis190: folds 
Zvst: folds 
poker_soul11: raises $2 to $3
GuigaMan: folds 
Uncalled bet ($2) returned to poker_soul11
poker_soul11 collected $2 from pot
poker_soul11: doesn't show hand 
*** SUMMARY ***
Total pot $2 | Rake $0 
Seat 1: poker_soul11 (small blind) collected ($2)
Seat 2: GuigaMan (big blind) folded before Flop
Seat 3: kevinq500 folded before Flop (didn't bet)
Seat 4: AIien Hand folded before Flop (didn't bet)
Seat 5: dreimis190 folded before Flop (didn't bet)
Seat 6: Zvst (button) folded before Flop (didn't bet)



PokerStars Hand #254416665085:  Hold'em No Limit ($0.50/$1.00 USD) - 2025/01/17 17:36:10 WET [2025/01/17 12:36:10 ET]
Table 'Sy III' 6-max Seat #1 is the button
Seat 1: poker_soul11 ($101 in chips) 
Seat 2: GuigaMan ($100 in chips) 
Seat 3: kevinq500 ($75.07 in chips) 
Seat 4: AIien Hand ($100 in chips) 
Seat 5: dreimis190 ($100 in chips) 
Seat 6: Zvst ($100 in chips) 
GuigaMan: posts small blind $0.50
kevinq500: posts big blind $1
*** HOLE CARDS ***
AIien Hand: folds 
dreimis190: folds 
Zvst: folds 
poker_soul11: raises $1.20 to $2.20
GuigaMan: raises $8.80 to $11
kevinq500: folds 
poker_soul11: folds 
Uncalled bet ($8.80) returned to GuigaMan
GuigaMan collected $5.40 from pot
*** SUMMARY ***
Total pot $5.40 | Rake $0 
Seat 1: poker_soul11 (button) folded before Flop
Seat 2: GuigaMan (small blind) collected ($5.40)
Seat 3: kevinq500 (big blind) folded before Flop
Seat 4: AIien Hand folded before Flop (didn't bet)
Seat 5: dreimis190 folded before Flop (didn't bet)
Seat 6: Zvst folded before Flop (didn't bet)



PokerStars Hand #254416672429:  Hold'em No Limit ($0.50/$1.00 USD) - 2025/01/17 17:36:39 WET [2025/01/17 12:36:39 ET]
Table 'Sy III' 6-max Seat #2 is the button
Seat 1: poker_soul11 ($100 in chips) 
Seat 2: GuigaMan ($103.20 in chips) 
Seat 3: kevinq500 ($74.07 in chips) 
Seat 4: AIien Hand ($100 in chips) 
Seat 5: dreimis190 ($100 in chips) 
Seat 6: Zvst ($100 in chips) 
kevinq500: posts small blind $0.50
AIien Hand: posts big blind $1
*** HOLE CARDS ***
dreimis190: folds 
Zvst: folds 
poker_soul11: folds 
GuigaMan: raises $1.10 to $2.10
kevinq500: folds 
AIien Hand: folds 
Uncalled bet ($1.10) returned to GuigaMan
GuigaMan collected $2.50 from pot
*** SUMMARY ***
Total pot $2.50 | Rake $0 
Seat 1: poker_soul11 folded before Flop (didn't bet)
Seat 2: GuigaMan (button) collected ($2.50)
Seat 3: kevinq500 (small blind) folded before Flop
Seat 4: AIien Hand (big blind) folded before Flop
Seat 5: dreimis190 folded before Flop (didn't bet)
Seat 6: Zvst folded before Flop (didn't bet)



PokerStars Hand #254416680717:  Hold'em No Limit ($0.50/$1.00 USD) - 2025/01/17 17:37:11 WET [2025/01/17 12:37:11 ET]
Table 'Sy III' 6-max Seat #3 is the button
Seat 1: poker_soul11 ($100 in chips) 
Seat 2: GuigaMan ($104.70 in chips) 
Seat 3: kevinq500 ($73.57 in chips) 
Seat 4: AIien Hand ($100 in chips) 
Seat 5: dreimis190 ($100 in chips) 
Seat 6: Zvst ($100 in chips) 
AIien Hand: posts small blind $0.50
dreimis190: posts big blind $1
*** HOLE CARDS ***
Zvst: folds 
poker_soul11: folds 
GuigaMan: folds 
kevinq500: folds 
AIien Hand: folds 
Uncalled bet ($0.50) returned to dreimis190
dreimis190 collected $1 from pot
dreimis190: doesn't show hand 
*** SUMMARY ***
Total pot $1 | Rake $0 
Seat 1: poker_soul11 folded before Flop (didn't bet)
Seat 2: GuigaMan folded before Flop (didn't bet)
Seat 3: kevinq500 (button) folded before Flop (didn't bet)
Seat 4: AIien Hand (small blind) folded before Flop
Seat 5: dreimis190 (big blind) collected ($1)
Seat 6: Zvst folded before Flop (didn't bet)



PokerStars Hand #254416685044:  Hold'em No Limit ($0.50/$1.00 USD) - 2025/01/17 17:37:27 WET [2025/01/17 12:37:27 ET]
Table 'Sy III' 6-max Seat #4 is the button
Seat 6: Zvst ($100 in chips) is sitting out
Seat 1: poker_soul11 ($100 in chips) 
Seat 2: GuigaMan ($104.70 in chips) 
Seat 3: kevinq500 ($73.57 in chips) 
Seat 4: AIien Hand ($100 in chips) 
Seat 5: dreimis190 ($100.50 in chips) 
dreimis190: posts small blind $0.50
Zvst: is sitting out 
poker_soul11: posts big blind $1
*** HOLE CARDS ***
GuigaMan: folds 
kevinq500: folds 
AIien Hand: raises $1.50 to $2.50
dreimis190: folds 
poker_soul11: raises $9.50 to $12
AIien Hand: folds 
Uncalled bet ($9.50) returned to poker_soul11
poker_soul11 collected $5.50 from pot
poker_soul11: doesn't show hand 
*** SUMMARY ***
Total pot $5.50 | Rake $0 
Seat 6: Zvst
Seat 1: poker_soul11 (big blind) collected ($5.50)
Seat 2: GuigaMan folded before Flop (didn't bet)
Seat 3: kevinq500 folded before Flop (didn't bet)
Seat 4: AIien Hand (button) folded before Flop
Seat 5: dreimis190 (small blind) folded before Flop



PokerStars Hand #254416692319:  Hold'em No Limit ($0.50/$1.00 USD) - 2025/01/17 17:37:55 WET [2025/01/17 12:37:55 ET]
Table 'Sy III' 6-max Seat #5 is the button
Seat 6: Zvst ($100 in chips) is sitting out
Seat 1: poker_soul11 ($103 in chips) 
Seat 2: GuigaMan ($104.70 in chips) 
Seat 3: kevinq500 ($73.57 in chips) 
Seat 4: AIien Hand ($100 in chips) 
Seat 5: dreimis190 ($100 in chips) 
poker_soul11: posts small blind $0.50
GuigaMan: posts big blind $1
*** HOLE CARDS ***
kevinq500: calls $1
AIien Hand: raises $3 to $4
dreimis190: folds 
poker_soul11: folds 
GuigaMan: folds 
kevinq500: calls $3
*** FLOP *** [Qc Qd Kh]
kevinq500: checks 
AIien Hand: bets $9.65
kevinq500: calls $9.65
*** TURN *** [Qc Qd Kh] [7c]
kevinq500: checks 
AIien Hand: checks 
*** RIVER *** [Qc Qd Kh 7c] [3d]
kevinq500: bets $13.68
AIien Hand: calls $13.68
*** SHOW DOWN ***
kevinq500: shows [Kc 2c] (two pair, Kings and Queens)
AIien Hand: mucks hand 
kevinq500 collected $53.66 from pot
*** SUMMARY ***
Total pot $56.16 | Rake $2.50 
Board [Qc Qd Kh 7c 3d]
Seat 6: Zvst
Seat 1: poker_soul11 (small blind) folded before Flop
Seat 2: GuigaMan (big blind) folded before Flop
Seat 3: kevinq500 showed [Kc 2c] and won ($53.66) with two pair, Kings and Queens
Seat 4: AIien Hand mucked
Seat 5: dreimis190 (button) folded before Flop (didn't bet)



PokerStars Hand #254416712380:  Hold'em No Limit ($0.50/$1.00 USD) - 2025/01/17 17:39:12 WET [2025/01/17 12:39:12 ET]
Table 'Sy III' 6-max Seat #1 is the button
Seat 6: Zvst ($100 in chips) is sitting out
Seat 1: poker_soul11 ($102.50 in chips) 
Seat 2: GuigaMan ($103.70 in chips) 
Seat 3: kevinq500 ($99.90 in chips) 
Seat 4: AIien Hand ($100 in chips) 
Seat 5: dreimis190 ($100 in chips) 
GuigaMan: posts small blind $0.50
kevinq500: posts big blind $1
*** HOLE CARDS ***
AIien Hand: raises $1.20 to $2.20
dreimis190: folds 
poker_soul11: folds 
GuigaMan: folds 
kevinq500: calls $1.20
*** FLOP *** [3d 7d Th]
kevinq500: checks 
AIien Hand: bets $1.40
kevinq500: raises $1.40 to $2.80
AIien Hand: calls $1.40
*** TURN *** [3d 7d Th] [Qc]
kevinq500: bets $1
AIien Hand: raises $12.84 to $13.84
kevinq500: folds 
Uncalled bet ($12.84) returned to AIien Hand
AIien Hand collected $11.88 from pot
AIien Hand: doesn't show hand 
*** SUMMARY ***
Total pot $12.50 | Rake $0.62 
Board [3d 7d Th Qc]
Seat 6: Zvst
Seat 1: poker_soul11 (button) folded before Flop (didn't bet)
Seat 2: GuigaMan (small blind) folded before Flop
Seat 3: kevinq500 (big blind) folded on the Turn
Seat 4: AIien Hand collected ($11.88)
Seat 5: dreimis190 folded before Flop (didn't bet)



PokerStars Hand #254416727920:  Hold'em No Limit ($0.50/$1.00 USD) - 2025/01/17 17:40:12 WET [2025/01/17 12:40:12 ET]
Table 'Sy III' 6-max Seat #2 is the button
Seat 6: Zvst ($100 in chips) is sitting out
Seat 1: poker_soul11 ($102.50 in chips) 
Seat 2: GuigaMan ($103.20 in chips) 
Seat 3: kevinq500 ($93.90 in chips) 
Seat 4: AIien Hand ($105.88 in chips) 
Seat 5: dreimis190 ($100 in chips) 
kevinq500: posts small blind $0.50
AIien Hand: posts big blind $1
*** HOLE CARDS ***
dreimis190: folds 
poker_soul11: raises $1.20 to $2.20
GuigaMan: folds 
kevinq500: calls $1.70
AIien Hand: calls $1.20
*** FLOP *** [Jc Kh 2h]
kevinq500: bets $1
AIien Hand: calls $1
poker_soul11: raises $4.64 to $5.64
kevinq500: folds 
AIien Hand: folds 
Uncalled bet ($4.64) returned to poker_soul11
poker_soul11 collected $9.12 from pot
poker_soul11: doesn't show hand 
*** SUMMARY ***
Total pot $9.60 | Rake $0.48 
Board [Jc Kh 2h]
Seat 6: Zvst
Seat 1: poker_soul11 collected ($9.12)
Seat 2: GuigaMan (button) folded before Flop (didn't bet)
Seat 3: kevinq500 (small blind) folded on the Flop
Seat 4: AIien Hand (big blind) folded on the Flop
Seat 5: dreimis190 folded before Flop (didn't bet)



PokerStars Hand #254416738747:  Hold'em No Limit ($0.50/$1.00 USD) - 2025/01/17 17:40:53 WET [2025/01/17 12:40:53 ET]
Table 'Sy III' 6-max Seat #3 is the button
Seat 6: Zvst ($100 in chips) is sitting out
Seat 1: poker_soul11 ($108.42 in chips) 
Seat 2: GuigaMan ($103.20 in chips) 
Seat 3: kevinq500 ($90.70 in chips) 
Seat 4: AIien Hand ($102.68 in chips) 
Seat 5: dreimis190 ($100 in chips) 
AIien Hand: posts small blind $0.50
dreimis190: posts big blind $1
*** HOLE CARDS ***
poker_soul11: folds 
GuigaMan: raises $1.10 to $2.10
kevinq500: folds 
AIien Hand: raises $8.40 to $10.50
dreimis190: folds 
GuigaMan: folds 
Uncalled bet ($8.40) returned to AIien Hand
AIien Hand collected $5.20 from pot
AIien Hand: doesn't show hand 
*** SUMMARY ***
Total pot $5.20 | Rake $0 
Seat 6: Zvst
Seat 1: poker_soul11 folded before Flop (didn't bet)
Seat 2: GuigaMan folded before Flop
Seat 3: kevinq500 (button) folded before Flop (didn't bet)
Seat 4: AIien Hand (small blind) collected ($5.20)
Seat 5: dreimis190 (big blind) folded before Flop



PokerStars Hand #254416743601:  Hold'em No Limit ($0.50/$1.00 USD) - 2025/01/17 17:41:12 WET [2025/01/17 12:41:12 ET]
Table 'Sy III' 6-max Seat #4 is the button
Seat 6: Zvst ($100 in chips) is sitting out
Seat 1: poker_soul11 ($108.42 in chips) 
Seat 2: GuigaMan ($101.10 in chips) 
Seat 3: kevinq500 ($90.70 in chips) 
Seat 4: AIien Hand ($105.78 in chips) 
Seat 5: dreimis190 ($100 in chips) 
dreimis190: posts small blind $0.50
poker_soul11: posts big blind $1
*** HOLE CARDS ***
GuigaMan: folds 
kevinq500: raises $1 to $2
AIien Hand: folds 
dreimis190: folds 
poker_soul11: calls $1
*** FLOP *** [9h 4h Jd]
poker_soul11: checks 
kevinq500: bets $3
poker_soul11: calls $3
*** TURN *** [9h 4h Jd] [Kc]
poker_soul11: checks 
kevinq500: checks 
*** RIVER *** [9h 4h Jd Kc] [Th]
poker_soul11: checks 
kevinq500: bets $7
poker_soul11: calls $7
*** SHOW DOWN ***
kevinq500: shows [Ad 7c] (high card Ace)
poker_soul11: shows [Jh Ts] (two pair, Jacks and Tens)
poker_soul11 collected $23.28 from pot
*** SUMMARY ***
Total pot $24.50 | Rake $1.22 
Board [9h 4h Jd Kc Th]
Seat 6: Zvst
Seat 1: poker_soul11 (big blind) showed [Jh Ts] and won ($23.28) with two pair, Jacks and Tens
Seat 2: GuigaMan folded before Flop (didn't bet)
Seat 3: kevinq500 showed [Ad 7c] and lost with high card Ace
Seat 4: AIien Hand (button) folded before Flop (didn't bet)
Seat 5: dreimis190 (small blind) folded before Flop



PokerStars Hand #254416758899:  Hold'em No Limit ($0.50/$1.00 USD) - 2025/01/17 17:42:11 WET [2025/01/17 12:42:11 ET]
Table 'Sy III' 6-max Seat #5 is the button
Seat 6: Zvst ($100 in chips) is sitting out
Seat 1: poker_soul11 ($119.70 in chips) 
Seat 2: GuigaMan ($101.10 in chips) 
Seat 3: kevinq500 ($78.70 in chips) 
Seat 4: AIien Hand ($105.78 in chips) 
Seat 5: dreimis190 ($100 in chips) 
poker_soul11: posts small blind $0.50
GuigaMan: posts big blind $1
*** HOLE CARDS ***
kevinq500: folds 
AIien Hand: raises $1.20 to $2.20
dreimis190: folds 
poker_soul11: folds 
GuigaMan: calls $1.20
*** FLOP *** [Ad 6d 9d]
GuigaMan: checks 
AIien Hand: bets $1
GuigaMan: calls $1
*** TURN *** [Ad 6d 9d] [Tc]
GuigaMan: checks 
AIien Hand: checks 
*** RIVER *** [Ad 6d 9d Tc] [2s]
GuigaMan: checks 
AIien Hand: checks 
*** SHOW DOWN ***
GuigaMan: shows [As 4s] (a pair of Aces)
AIien Hand: mucks hand 
GuigaMan collected $6.56 from pot
*** SUMMARY ***
Total pot $6.90 | Rake $0.34 
Board [Ad 6d 9d Tc 2s]
Seat 6: Zvst
Seat 1: poker_soul11 (small blind) folded before Flop
Seat 2: GuigaMan (big blind) showed [As 4s] and won ($6.56) with a pair of Aces
Seat 3: kevinq500 folded before Flop (didn't bet)
Seat 4: AIien Hand mucked
Seat 5: dreimis190 (button) folded before Flop (didn't bet)



PokerStars Hand #254416775589:  Hold'em No Limit ($0.50/$1.00 USD) - 2025/01/17 17:43:14 WET [2025/01/17 12:43:14 ET]
Table 'Sy III' 6-max Seat #1 is the button
Seat 6: Zvst ($100 in chips) is sitting out
Seat 1: poker_soul11 ($119.20 in chips) 
Seat 2: GuigaMan ($104.46 in chips) 
Seat 3: kevinq500 ($78.70 in chips) 
Seat 4: AIien Hand ($102.58 in chips) 
Seat 5: dreimis190 ($100 in chips) 
GuigaMan: posts small blind $0.50
kevinq500: posts big blind $1
*** HOLE CARDS ***
AIien Hand: raises $1.20 to $2.20
dreimis190: folds 
poker_soul11: raises $4.80 to $7
GuigaMan: folds 
kevinq500: folds 
AIien Hand: folds 
Uncalled bet ($4.80) returned to poker_soul11
poker_soul11 collected $5.90 from pot
poker_soul11: doesn't show hand 
*** SUMMARY ***
Total pot $5.90 | Rake $0 
Seat 6: Zvst
Seat 1: poker_soul11 (button) collected ($5.90)
Seat 2: GuigaMan (small blind) folded before Flop
Seat 3: kevinq500 (big blind) folded before Flop
Seat 4: AIien Hand folded before Flop
Seat 5: dreimis190 folded before Flop (didn't bet)



PokerStars Hand #254416782549:  Hold'em No Limit ($0.50/$1.00 USD) - 2025/01/17 17:43:41 WET [2025/01/17 12:43:41 ET]
Table 'Sy III' 6-max Seat #2 is the button
Seat 6: Zvst ($100 in chips) is sitting out
Seat 1: poker_soul11 ($122.90 in chips) 
Seat 2: GuigaMan ($103.96 in chips) 
Seat 3: kevinq500 ($77.70 in chips) 
Seat 4: AIien Hand ($100.38 in chips) 
Seat 5: dreimis190 ($100 in chips) 
kevinq500: posts small blind $0.50
AIien Hand: posts big blind $1
*** HOLE CARDS ***
dreimis190: folds 
poker_soul11: folds 
GuigaMan: folds 
kevinq500: calls $0.50
AIien Hand: checks 
*** FLOP *** [Js 8c 9h]
kevinq500: checks 
AIien Hand: bets $1.37
kevinq500: calls $1.37
*** TURN *** [Js 8c 9h] [Jd]
kevinq500: bets $1
AIien Hand: calls $1
*** RIVER *** [Js 8c 9h Jd] [Qs]
kevinq500: checks 
AIien Hand: bets $4.61
kevinq500: folds 
Uncalled bet ($4.61) returned to AIien Hand
AIien Hand collected $6.40 from pot
AIien Hand: doesn't show hand 
*** SUMMARY ***
Total pot $6.74 | Rake $0.34 
Board [Js 8c 9h Jd Qs]
Seat 6: Zvst
Seat 1: poker_soul11 folded before Flop (didn't bet)
Seat 2: GuigaMan (button) folded before Flop (didn't bet)
Seat 3: kevinq500 (small blind) folded on the River
Seat 4: AIien Hand (big blind) collected ($6.40)
Seat 5: dreimis190 folded before Flop (didn't bet)



PokerStars Hand #254416804822:  Hold'em No Limit ($0.50/$1.00 USD) - 2025/01/17 17:45:07 WET [2025/01/17 12:45:07 ET]
Table 'Sy III' 6-max Seat #3 is the button
Seat 6: Zvst ($100 in chips) is sitting out
Seat 1: poker_soul11 ($122.90 in chips) 
Seat 2: GuigaMan ($103.96 in chips) 
Seat 3: kevinq500 ($74.33 in chips) 
Seat 4: AIien Hand ($103.41 in chips) 
Seat 5: dreimis190 ($100 in chips) 
AIien Hand: posts small blind $0.50
dreimis190: posts big blind $1
*** HOLE CARDS ***
poker_soul11: folds 
GuigaMan: folds 
kevinq500: folds 
AIien Hand: raises $2 to $3
dreimis190: folds 
Uncalled bet ($2) returned to AIien Hand
AIien Hand collected $2 from pot
AIien Hand: doesn't show hand 
*** SUMMARY ***
Total pot $2 | Rake $0 
Seat 6: Zvst
Seat 1: poker_soul11 folded before Flop (didn't bet)
Seat 2: GuigaMan folded before Flop (didn't bet)
Seat 3: kevinq500 (button) folded before Flop (didn't bet)
Seat 4: AIien Hand (small blind) collected ($2)
Seat 5: dreimis190 (big blind) folded before Flop



PokerStars Hand #254416810875:  Hold'em No Limit ($0.50/$1.00 USD) - 2025/01/17 17:45:30 WET [2025/01/17 12:45:30 ET]
Table 'Sy III' 6-max Seat #4 is the button
Seat 1: poker_soul11 ($122.90 in chips) 
Seat 2: GuigaMan ($103.96 in chips) 
Seat 3: kevinq500 ($74.33 in chips) 
Seat 4: AIien Hand ($104.41 in chips) 
Seat 5: dreimis190 ($100 in chips) 
Seat 6: Zvst ($100 in chips) 
dreimis190: posts small blind $0.50
Zvst: posts big blind $1
*** HOLE CARDS ***
poker_soul11: folds 
GuigaMan: raises $1.10 to $2.10
kevinq500: folds 
AIien Hand: folds 
dreimis190: folds 
Zvst: folds 
Uncalled bet ($1.10) returned to GuigaMan
GuigaMan collected $2.50 from pot
*** SUMMARY ***
Total pot $2.50 | Rake $0 
Seat 1: poker_soul11 folded before Flop (didn't bet)
Seat 2: GuigaMan collected ($2.50)
Seat 3: kevinq500 folded before Flop (didn't bet)
Seat 4: AIien Hand (button) folded before Flop (didn't bet)
Seat 5: dreimis190 (small blind) folded before Flop
Seat 6: Zvst (big blind) folded before Flop



PokerStars Hand #254416817532:  Hold'em No Limit ($0.50/$1.00 USD) - 2025/01/17 17:45:55 WET [2025/01/17 12:45:55 ET]
Table 'Sy III' 6-max Seat #5 is the button
Seat 1: poker_soul11 ($122.90 in chips) 
Seat 2: GuigaMan ($105.46 in chips) 
Seat 3: kevinq500 ($74.33 in chips) 
Seat 4: AIien Hand ($104.41 in chips) 
Seat 5: dreimis190 ($100 in chips) 
Seat 6: Zvst ($100 in chips) 
Zvst: posts small blind $0.50
poker_soul11: posts big blind $1
*** HOLE CARDS ***
GuigaMan: folds 
kevinq500: folds 
AIien Hand: folds 
dreimis190: raises $1.50 to $2.50
Zvst: folds 
poker_soul11: folds 
Uncalled bet ($1.50) returned to dreimis190
dreimis190 collected $2.50 from pot
dreimis190: doesn't show hand 
*** SUMMARY ***
Total pot $2.50 | Rake $0 
Seat 1: poker_soul11 (big blind) folded before Flop
Seat 2: GuigaMan folded before Flop (didn't bet)
Seat 3: kevinq500 folded before Flop (didn't bet)
Seat 4: AIien Hand folded before Flop (didn't bet)
Seat 5: dreimis190 (button) collected ($2.50)
Seat 6: Zvst (small blind) folded before Flop



PokerStars Hand #254416823555:  Hold'em No Limit ($0.50/$1.00 USD) - 2025/01/17 17:46:18 WET [2025/01/17 12:46:18 ET]
Table 'Sy III' 6-max Seat #6 is the button
Seat 1: poker_soul11 ($121.90 in chips) 
Seat 2: GuigaMan ($105.46 in chips) 
Seat 3: kevinq500 ($74.33 in chips) 
Seat 4: AIien Hand ($104.41 in chips) 
Seat 5: dreimis190 ($101.50 in chips) 
Seat 6: Zvst ($100 in chips) 
poker_soul11: posts small blind $0.50
GuigaMan: posts big blind $1
*** HOLE CARDS ***
kevinq500: folds 
AIien Hand: folds 
dreimis190: folds 
Zvst: raises $1.50 to $2.50
poker_soul11: folds 
GuigaMan: folds 
Uncalled bet ($1.50) returned to Zvst
Zvst collected $2.50 from pot
Zvst: doesn't show hand 
*** SUMMARY ***
Total pot $2.50 | Rake $0 
Seat 1: poker_soul11 (small blind) folded before Flop
Seat 2: GuigaMan (big blind) folded before Flop
Seat 3: kevinq500 folded before Flop (didn't bet)
Seat 4: AIien Hand folded before Flop (didn't bet)
Seat 5: dreimis190 folded before Flop (didn't bet)
Seat 6: Zvst (button) collected ($2.50)



PokerStars Hand #254416827293:  Hold'em No Limit ($0.50/$1.00 USD) - 2025/01/17 17:46:32 WET [2025/01/17 12:46:32 ET]
Table 'Sy III' 6-max Seat #1 is the button
Seat 1: poker_soul11 ($121.40 in chips) 
Seat 2: GuigaMan ($104.46 in chips) 
Seat 3: kevinq500 ($74.33 in chips) 
Seat 4: AIien Hand ($104.41 in chips) 
Seat 5: dreimis190 ($101.50 in chips) 
Seat 6: Zvst ($101.50 in chips) 
GuigaMan: posts small blind $0.50
kevinq500: posts big blind $1
*** HOLE CARDS ***
AIien Hand: folds 
dreimis190: folds 
Zvst: raises $1.50 to $2.50
poker_soul11: folds 
GuigaMan: folds 
kevinq500: folds 
Uncalled bet ($1.50) returned to Zvst
Zvst collected $2.50 from pot
Zvst: doesn't show hand 
*** SUMMARY ***
Total pot $2.50 | Rake $0 
Seat 1: poker_soul11 (button) folded before Flop (didn't bet)
Seat 2: GuigaMan (small blind) folded before Flop
Seat 3: kevinq500 (big blind) folded before Flop
Seat 4: AIien Hand folded before Flop (didn't bet)
Seat 5: dreimis190 folded before Flop (didn't bet)
Seat 6: Zvst collected ($2.50)



PokerStars Hand #254416832902:  Hold'em No Limit ($0.50/$1.00 USD) - 2025/01/17 17:46:54 WET [2025/01/17 12:46:54 ET]
Table 'Sy III' 6-max Seat #2 is the button
Seat 1: poker_soul11 ($121.40 in chips) 
Seat 2: GuigaMan ($103.96 in chips) 
Seat 3: kevinq500 ($73.33 in chips) 
Seat 4: AIien Hand ($104.41 in chips) 
Seat 5: dreimis190 ($101.50 in chips) 
Seat 6: Zvst ($103 in chips) 
kevinq500: posts small blind $0.50
AIien Hand: posts big blind $1
*** HOLE CARDS ***
dreimis190: folds 
Zvst: folds 
poker_soul11: folds 
GuigaMan: raises $1.10 to $2.10
kevinq500: folds 
AIien Hand: calls $1.10
*** FLOP *** [6s Th Qc]
AIien Hand: checks 
GuigaMan: bets $1
AIien Hand: calls $1
*** TURN *** [6s Th Qc] [7h]
AIien Hand: checks 
GuigaMan: checks 
*** RIVER *** [6s Th Qc 7h] [2h]
AIien Hand: checks 
GuigaMan: checks 
*** SHOW DOWN ***
AIien Hand: shows [3c Ac] (high card Ace)
GuigaMan: shows [8c 8h] (a pair of Eights)
GuigaMan collected $6.36 from pot
*** SUMMARY ***
Total pot $6.70 | Rake $0.34 
Board [6s Th Qc 7h 2h]
Seat 1: poker_soul11 folded before Flop (didn't bet)
Seat 2: GuigaMan (button) showed [8c 8h] and won ($6.36) with a pair of Eights
Seat 3: kevinq500 (small blind) folded before Flop
Seat 4: AIien Hand (big blind) showed [3c Ac] and lost with high card Ace
Seat 5: dreimis190 folded before Flop (didn't bet)
Seat 6: Zvst folded before Flop (didn't bet)



PokerStars Hand #254416851974:  Hold'em No Limit ($0.50/$1.00 USD) - 2025/01/17 17:48:06 WET [2025/01/17 12:48:06 ET]
Table 'Sy III' 6-max Seat #3 is the button
Seat 1: poker_soul11 ($121.40 in chips) 
Seat 2: GuigaMan ($107.22 in chips) 
Seat 3: kevinq500 ($72.83 in chips) 
Seat 4: AIien Hand ($101.31 in chips) 
Seat 5: dreimis190 ($101.50 in chips) 
Seat 6: Zvst ($103 in chips) 
AIien Hand: posts small blind $0.50
dreimis190: posts big blind $1
*** HOLE CARDS ***
Zvst: folds 
poker_soul11: folds 
GuigaMan: folds 
kevinq500: raises $1 to $2
AIien Hand: folds 
dreimis190: folds 
Uncalled bet ($1) returned to kevinq500
kevinq500 collected $2.50 from pot
*** SUMMARY ***
Total pot $2.50 | Rake $0 
Seat 1: poker_soul11 folded before Flop (didn't bet)
Seat 2: GuigaMan folded before Flop (didn't bet)
Seat 3: kevinq500 (button) collected ($2.50)
Seat 4: AIien Hand (small blind) folded before Flop
Seat 5: dreimis190 (big blind) folded before Flop
Seat 6: Zvst folded before Flop (didn't bet)



PokerStars Hand #254416856920:  Hold'em No Limit ($0.50/$1.00 USD) - 2025/01/17 17:48:25 WET [2025/01/17 12:48:25 ET]
Table 'Sy III' 6-max Seat #4 is the button
Seat 1: poker_soul11 ($121.40 in chips) 
Seat 2: GuigaMan ($107.22 in chips) 
Seat 3: kevinq500 ($74.33 in chips) 
Seat 4: AIien Hand ($100.81 in chips) 
Seat 5: dreimis190 ($100.50 in chips) 
Seat 6: Zvst ($103 in chips) 
dreimis190: posts small blind $0.50
Zvst: posts big blind $1
*** HOLE CARDS ***
poker_soul11: folds 
GuigaMan: raises $1.10 to $2.10
kevinq500: folds 
AIien Hand: folds 
dreimis190: folds 
Zvst: folds 
Uncalled bet ($1.10) returned to GuigaMan
GuigaMan collected $2.50 from pot
*** SUMMARY ***
Total pot $2.50 | Rake $0 
Seat 1: poker_soul11 folded before Flop (didn't bet)
Seat 2: GuigaMan collected ($2.50)
Seat 3: kevinq500 folded before Flop (didn't bet)
Seat 4: AIien Hand (button) folded before Flop (didn't bet)
Seat 5: dreimis190 (small blind) folded before Flop
Seat 6: Zvst (big blind) folded before Flop



PokerStars Hand #254416864123:  Hold'em No Limit ($0.50/$1.00 USD) - 2025/01/17 17:48:53 WET [2025/01/17 12:48:53 ET]
Table 'Sy III' 6-max Seat #5 is the button
Seat 1: poker_soul11 ($121.40 in chips) 
Seat 2: GuigaMan ($108.72 in chips) 
Seat 3: kevinq500 ($74.33 in chips) 
Seat 4: AIien Hand ($100.81 in chips) 
Seat 5: dreimis190 ($100 in chips) 
Seat 6: Zvst ($102 in chips) 
Zvst: posts small blind $0.50
poker_soul11: posts big blind $1
*** HOLE CARDS ***
GuigaMan: folds 
kevinq500: raises $1 to $2
AIien Hand: folds 
dreimis190: folds 
Zvst: folds 
poker_soul11: folds 
Uncalled bet ($1) returned to kevinq500
kevinq500 collected $2.50 from pot
*** SUMMARY ***
Total pot $2.50 | Rake $0 
Seat 1: poker_soul11 (big blind) folded before Flop
Seat 2: GuigaMan folded before Flop (didn't bet)
Seat 3: kevinq500 collected ($2.50)
Seat 4: AIien Hand folded before Flop (didn't bet)
Seat 5: dreimis190 (button) folded before Flop (didn't bet)
Seat 6: Zvst (small blind) folded before Flop



PokerStars Hand #254416870881:  Hold'em No Limit ($0.50/$1.00 USD) - 2025/01/17 17:49:19 WET [2025/01/17 12:49:19 ET]
Table 'Sy III' 6-max Seat #6 is the button
Seat 1: poker_soul11 ($120.40 in chips) 
Seat 2: GuigaMan ($108.72 in chips) 
Seat 3: kevinq500 ($75.83 in chips) 
Seat 4: AIien Hand ($100.81 in chips) 
Seat 5: dreimis190 ($100 in chips) 
Seat 6: Zvst ($101.50 in chips) 
poker_soul11: posts small blind $0.50
GuigaMan: posts big blind $1
*** HOLE CARDS ***
kevinq500: folds 
AIien Hand: folds 
dreimis190: folds 
Zvst: raises $1.50 to $2.50
poker_soul11: folds 
GuigaMan: folds 
Uncalled bet ($1.50) returned to Zvst
Zvst collected $2.50 from pot
Zvst: doesn't show hand 
*** SUMMARY ***
Total pot $2.50 | Rake $0 
Seat 1: poker_soul11 (small blind) folded before Flop
Seat 2: GuigaMan (big blind) folded before Flop
Seat 3: kevinq500 folded before Flop (didn't bet)
Seat 4: AIien Hand folded before Flop (didn't bet)
Seat 5: dreimis190 folded before Flop (didn't bet)
Seat 6: Zvst (button) collected ($2.50)



PokerStars Hand #254416875562:  Hold'em No Limit ($0.50/$1.00 USD) - 2025/01/17 17:49:37 WET [2025/01/17 12:49:37 ET]
Table 'Sy III' 6-max Seat #1 is the button
Seat 1: poker_soul11 ($119.90 in chips) 
Seat 2: GuigaMan ($107.72 in chips) 
Seat 3: kevinq500 ($75.83 in chips) 
Seat 4: AIien Hand ($100.81 in chips) 
Seat 5: dreimis190 ($100 in chips) 
Seat 6: Zvst ($103 in chips) 
GuigaMan: posts small blind $0.50
kevinq500: posts big blind $1
*** HOLE CARDS ***
AIien Hand: folds 
dreimis190: folds 
Zvst: folds 
poker_soul11: folds 
GuigaMan: raises $2 to $3
kevinq500: calls $2
*** FLOP *** [Js 7c Kd]
GuigaMan: checks 
kevinq500: bets $3
GuigaMan: calls $3
*** TURN *** [Js 7c Kd] [9s]
GuigaMan: checks 
kevinq500: checks 
*** RIVER *** [Js 7c Kd 9s] [2s]
GuigaMan: checks 
kevinq500: bets $7
GuigaMan: folds 
Uncalled bet ($7) returned to kevinq500
kevinq500 collected $11.40 from pot
*** SUMMARY ***
Total pot $12 | Rake $0.60 
Board [Js 7c Kd 9s 2s]
Seat 1: poker_soul11 (button) folded before Flop (didn't bet)
Seat 2: GuigaMan (small blind) folded on the River
Seat 3: kevinq500 (big blind) collected ($11.40)
Seat 4: AIien Hand folded before Flop (didn't bet)
Seat 5: dreimis190 folded before Flop (didn't bet)
Seat 6: Zvst folded before Flop (didn't bet)



PokerStars Hand #254416885770:  Hold'em No Limit ($0.50/$1.00 USD) - 2025/01/17 17:50:16 WET [2025/01/17 12:50:16 ET]
Table 'Sy III' 6-max Seat #2 is the button
Seat 1: poker_soul11 ($119.90 in chips) 
Seat 2: GuigaMan ($101.72 in chips) 
Seat 3: kevinq500 ($81.23 in chips) 
Seat 4: AIien Hand ($100.81 in chips) 
Seat 5: dreimis190 ($100 in chips) 
Seat 6: Zvst ($103 in chips) 
kevinq500: posts small blind $0.50
AIien Hand: posts big blind $1
*** HOLE CARDS ***
dreimis190: folds 
Zvst: folds 
poker_soul11: folds 
GuigaMan: raises $1.10 to $2.10
kevinq500: raises $2.10 to $4.20
AIien Hand: folds 
GuigaMan: calls $2.10
*** FLOP *** [8d 4c 6d]
kevinq500: bets $4.47
GuigaMan: raises $8.53 to $13
kevinq500: calls $8.53
*** TURN *** [8d 4c 6d] [8h]
kevinq500: checks 
GuigaMan: bets $13
kevinq500: folds 
Uncalled bet ($13) returned to GuigaMan
GuigaMan collected $33.63 from pot
*** SUMMARY ***
Total pot $35.40 | Rake $1.77 
Board [8d 4c 6d 8h]
Seat 1: poker_soul11 folded before Flop (didn't bet)
Seat 2: GuigaMan (button) collected ($33.63)
Seat 3: kevinq500 (small blind) folded on the Turn
Seat 4: AIien Hand (big blind) folded before Flop
Seat 5: dreimis190 folded before Flop (didn't bet)
Seat 6: Zvst folded before Flop (didn't bet)



PokerStars Hand #254416906500:  Hold'em No Limit ($0.50/$1.00 USD) - 2025/01/17 17:51:35 WET [2025/01/17 12:51:35 ET]
Table 'Sy III' 6-max Seat #3 is the button
Seat 1: poker_soul11 ($119.90 in chips) 
Seat 2: GuigaMan ($118.15 in chips) 
Seat 3: kevinq500 ($64.03 in chips) 
Seat 4: AIien Hand ($100 in chips) 
Seat 5: dreimis190 ($100 in chips) 
Seat 6: Zvst ($103 in chips) 
AIien Hand: posts small blind $0.50
dreimis190: posts big blind $1
*** HOLE CARDS ***
Zvst: folds 
poker_soul11: folds 
GuigaMan: raises $1.10 to $2.10
kevinq500: calls $2.10
AIien Hand: folds 
dreimis190: folds 
*** FLOP *** [Td 4c 5s]
GuigaMan: checks 
kevinq500: checks 
*** TURN *** [Td 4c 5s] [Ac]
GuigaMan: bets $2.93
kevinq500: calls $2.93
*** RIVER *** [Td 4c 5s Ac] [5d]
GuigaMan: checks 
kevinq500: bets $5
GuigaMan: folds 
Uncalled bet ($5) returned to kevinq500
kevinq500 collected $10.98 from pot
*** SUMMARY ***
Total pot $11.56 | Rake $0.58 
Board [Td 4c 5s Ac 5d]
Seat 1: poker_soul11 folded before Flop (didn't bet)
Seat 2: GuigaMan folded on the River
Seat 3: kevinq500 (button) collected ($10.98)
Seat 4: AIien Hand (small blind) folded before Flop
Seat 5: dreimis190 (big blind) folded before Flop
Seat 6: Zvst folded before Flop (didn't bet)



PokerStars Hand #254416921036:  Hold'em No Limit ($0.50/$1.00 USD) - 2025/01/17 17:52:30 WET [2025/01/17 12:52:30 ET]
Table 'Sy III' 6-max Seat #4 is the button
Seat 1: poker_soul11 ($119.90 in chips) 
Seat 2: GuigaMan ($113.12 in chips) 
Seat 3: kevinq500 ($69.98 in chips) 
Seat 4: AIien Hand ($100 in chips) 
Seat 5: dreimis190 ($100 in chips) 
Seat 6: Zvst ($103 in chips) 
dreimis190: posts small blind $0.50
Zvst: posts big blind $1
*** HOLE CARDS ***
poker_soul11: folds 
GuigaMan: raises $1.10 to $2.10
kevinq500: calls $2.10
AIien Hand: folds 
dreimis190: folds 
Zvst: raises $10.80 to $12.90
GuigaMan: folds 
kevinq500: folds 
Uncalled bet ($10.80) returned to Zvst
Zvst collected $6.80 from pot
Zvst: doesn't show hand 
*** SUMMARY ***
Total pot $6.80 | Rake $0 
Seat 1: poker_soul11 folded before Flop (didn't bet)
Seat 2: GuigaMan folded before Flop
Seat 3: kevinq500 folded before Flop
Seat 4: AIien Hand (button) folded before Flop (didn't bet)
Seat 5: dreimis190 (small blind) folded before Flop
Seat 6: Zvst (big blind) collected ($6.80)



PokerStars Hand #254416927962:  Hold'em No Limit ($0.50/$1.00 USD) - 2025/01/17 17:52:57 WET [2025/01/17 12:52:57 ET]
Table 'Sy III' 6-max Seat #5 is the button
Seat 1: poker_soul11 ($119.90 in chips) 
Seat 2: GuigaMan ($111.02 in chips) 
Seat 3: kevinq500 ($67.88 in chips) 
Seat 4: AIien Hand ($100 in chips) 
Seat 5: dreimis190 ($100 in chips) 
Seat 6: Zvst ($107.70 in chips) 
Zvst: posts small blind $0.50
poker_soul11: posts big blind $1
*** HOLE CARDS ***
GuigaMan: folds 
kevinq500: folds 
AIien Hand: folds 
dreimis190: folds 
Zvst: folds 
Uncalled bet ($0.50) returned to poker_soul11
poker_soul11 collected $1 from pot
poker_soul11: doesn't show hand 
*** SUMMARY ***
Total pot $1 | Rake $0 
Seat 1: poker_soul11 (big blind) collected ($1)
Seat 2: GuigaMan folded before Flop (didn't bet)
Seat 3: kevinq500 folded before Flop (didn't bet)
Seat 4: AIien Hand folded before Flop (didn't bet)
Seat 5: dreimis190 (button) folded before Flop (didn't bet)
Seat 6: Zvst (small blind) folded before Flop



PokerStars Hand #254416931988:  Hold'em No Limit ($0.50/$1.00 USD) - 2025/01/17 17:53:12 WET [2025/01/17 12:53:12 ET]
Table 'Sy III' 6-max Seat #6 is the button
Seat 1: poker_soul11 ($120.40 in chips) 
Seat 2: GuigaMan ($111.02 in chips) 
Seat 3: kevinq500 ($67.88 in chips) 
Seat 4: AIien Hand ($100 in chips) 
Seat 5: dreimis190 ($100 in chips) 
Seat 6: Zvst ($107.20 in chips) 
poker_soul11: posts small blind $0.50
GuigaMan: posts big blind $1
*** HOLE CARDS ***
kevinq500: calls $1
AIien Hand: folds 
dreimis190: folds 
Zvst: folds 
poker_soul11: raises $3 to $4
GuigaMan: folds 
kevinq500: calls $3
*** FLOP *** [5s 8s As]
poker_soul11: bets $2.14
kevinq500: calls $2.14
*** TURN *** [5s 8s As] [Qd]
poker_soul11: bets $6.31
kevinq500: calls $6.31
*** RIVER *** [5s 8s As Qd] [2s]
poker_soul11: checks 
kevinq500: bets $14
poker_soul11: calls $14
*** SHOW DOWN ***
kevinq500: shows [2h 4h] (a pair of Deuces)
poker_soul11: shows [Kh Ah] (a pair of Aces)
poker_soul11 collected $51.40 from pot
*** SUMMARY ***
Total pot $53.90 | Rake $2.50 
Board [5s 8s As Qd 2s]
Seat 1: poker_soul11 (small blind) showed [Kh Ah] and won ($51.40) with a pair of Aces
Seat 2: GuigaMan (big blind) folded before Flop
Seat 3: kevinq500 showed [2h 4h] and lost with a pair of Deuces
Seat 4: AIien Hand folded before Flop (didn't bet)
Seat 5: dreimis190 folded before Flop (didn't bet)
Seat 6: Zvst (button) folded before Flop (didn't bet)



PokerStars Hand #254416944985:  Hold'em No Limit ($0.50/$1.00 USD) - 2025/01/17 17:54:02 WET [2025/01/17 12:54:02 ET]
Table 'Sy III' 6-max Seat #1 is the button
Seat 1: poker_soul11 ($145.35 in chips) 
Seat 2: GuigaMan ($110.02 in chips) 
Seat 3: kevinq500 ($41.43 in chips) 
Seat 4: AIien Hand ($100 in chips) 
Seat 5: dreimis190 ($100 in chips) 
Seat 6: Zvst ($107.20 in chips) 
GuigaMan: posts small blind $0.50
kevinq500: posts big blind $1
*** HOLE CARDS ***
AIien Hand: raises $1.20 to $2.20
dreimis190: folds 
Zvst: folds 
poker_soul11: folds 
GuigaMan: folds 
kevinq500: raises $3.20 to $5.40
AIien Hand: calls $3.20
*** FLOP *** [Qc 9d Jd]
kevinq500: bets $10.74
AIien Hand: folds 
Uncalled bet ($10.74) returned to kevinq500
kevinq500 collected $10.74 from pot
*** SUMMARY ***
Total pot $11.30 | Rake $0.56 
Board [Qc 9d Jd]
Seat 1: poker_soul11 (button) folded before Flop (didn't bet)
Seat 2: GuigaMan (small blind) folded before Flop
Seat 3: kevinq500 (big blind) collected ($10.74)
Seat 4: AIien Hand folded on the Flop
Seat 5: dreimis190 folded before Flop (didn't bet)
Seat 6: Zvst folded before Flop (didn't bet)



PokerStars Hand #254416959061:  Hold'em No Limit ($0.50/$1.00 USD) - 2025/01/17 17:54:55 WET [2025/01/17 12:54:55 ET]
Table 'Sy III' 6-max Seat #2 is the button
Seat 1: poker_soul11 ($145.35 in chips) 
Seat 2: GuigaMan ($109.52 in chips) 
Seat 3: kevinq500 ($46.77 in chips) 
Seat 4: AIien Hand ($100 in chips) 
Seat 5: dreimis190 ($100 in chips) 
Seat 6: Zvst ($107.20 in chips) 
kevinq500: posts small blind $0.50
AIien Hand: posts big blind $1
*** HOLE CARDS ***
dreimis190: folds 
Zvst: folds 
poker_soul11: folds 
GuigaMan: folds 
kevinq500: raises $1 to $2
AIien Hand: calls $1
*** FLOP *** [Ks 8s 7d]
kevinq500: bets $3.80
AIien Hand: raises $4.56 to $8.36
kevinq500: calls $4.56
*** TURN *** [Ks 8s 7d] [4d]
kevinq500: bets $7
AIien Hand: raises $82.64 to $89.64 and is all-in
kevinq500: calls $29.41 and is all-in
Uncalled bet ($53.23) returned to AIien Hand
*** RIVER *** [Ks 8s 7d 4d] [Ac]
*** SHOW DOWN ***
kevinq500: shows [Kh 3d] (a pair of Kings)
AIien Hand: shows [7s 5h] (a pair of Sevens)
kevinq500 collected $91.04 from pot
*** SUMMARY ***
Total pot $93.54 | Rake $2.50 
Board [Ks 8s 7d 4d Ac]
Seat 1: poker_soul11 folded before Flop (didn't bet)
Seat 2: GuigaMan (button) folded before Flop (didn't bet)
Seat 3: kevinq500 (small blind) showed [Kh 3d] and won ($91.04) with a pair of Kings
Seat 4: AIien Hand (big blind) showed [7s 5h] and lost with a pair of Sevens
Seat 5: dreimis190 folded before Flop (didn't bet)
Seat 6: Zvst folded before Flop (didn't bet)



PokerStars Hand #254416971769:  Hold'em No Limit ($0.50/$1.00 USD) - 2025/01/17 17:55:55 WET [2025/01/17 12:55:55 ET]
Table 'Sy III' 6-max Seat #3 is the button
Seat 1: poker_soul11 ($145.35 in chips) 
Seat 2: GuigaMan ($109.52 in chips) 
Seat 3: kevinq500 ($91.04 in chips) 
Seat 4: AIien Hand ($100 in chips) 
Seat 5: dreimis190 ($100 in chips) 
Seat 6: Zvst ($107.20 in chips) 
AIien Hand: posts small blind $0.50
dreimis190: posts big blind $1
*** HOLE CARDS ***
Zvst: folds 
poker_soul11: folds 
GuigaMan: folds 
kevinq500: folds 
AIien Hand: raises $2 to $3
dreimis190: calls $2
*** FLOP *** [3d Ks 8h]
AIien Hand: bets $1.25
dreimis190: raises $5.10 to $6.35
AIien Hand: calls $5.10
*** TURN *** [3d Ks 8h] [7d]
AIien Hand: checks 
dreimis190: checks 
*** RIVER *** [3d Ks 8h 7d] [8s]
AIien Hand: checks 
dreimis190: checks 
*** SHOW DOWN ***
AIien Hand: shows [As Jc] (a pair of Eights)
dreimis190: mucks hand 
AIien Hand collected $17.76 from pot
*** SUMMARY ***
Total pot $18.70 | Rake $0.94 
Board [3d Ks 8h 7d 8s]
Seat 1: poker_soul11 folded before Flop (didn't bet)
Seat 2: GuigaMan folded before Flop (didn't bet)
Seat 3: kevinq500 (button) folded before Flop (didn't bet)
Seat 4: AIien Hand (small blind) showed [As Jc] and won ($17.76) with a pair of Eights
Seat 5: dreimis190 (big blind) mucked
Seat 6: Zvst folded before Flop (didn't bet)



PokerStars Hand #254416990970:  Hold'em No Limit ($0.50/$1.00 USD) - 2025/01/17 17:57:31 WET [2025/01/17 12:57:31 ET]
Table 'Sy III' 6-max Seat #4 is the button
Seat 1: poker_soul11 ($145.35 in chips) 
Seat 2: GuigaMan ($109.52 in chips) 
Seat 3: kevinq500 ($91.04 in chips) 
Seat 4: AIien Hand ($108.41 in chips) 
Seat 5: dreimis190 ($100 in chips) 
Seat 6: Zvst ($107.20 in chips) 
dreimis190: posts small blind $0.50
Zvst: posts big blind $1
*** HOLE CARDS ***
poker_soul11: folds 
GuigaMan: folds 
kevinq500: raises $1 to $2
AIien Hand: folds 
dreimis190: folds 
Zvst: folds 
Uncalled bet ($1) returned to kevinq500
kevinq500 collected $2.50 from pot
*** SUMMARY ***
Total pot $2.50 | Rake $0 
Seat 1: poker_soul11 folded before Flop (didn't bet)
Seat 2: GuigaMan folded before Flop (didn't bet)
Seat 3: kevinq500 collected ($2.50)
Seat 4: AIien Hand (button) folded before Flop (didn't bet)
Seat 5: dreimis190 (small blind) folded before Flop
Seat 6: Zvst (big blind) folded before Flop



PokerStars Hand #254416994860:  Hold'em No Limit ($0.50/$1.00 USD) - 2025/01/17 17:57:50 WET [2025/01/17 12:57:50 ET]
Table 'Sy III' 6-max Seat #5 is the button
Seat 1: poker_soul11 ($145.35 in chips) 
Seat 2: GuigaMan ($109.52 in chips) 
Seat 3: kevinq500 ($92.54 in chips) 
Seat 4: AIien Hand ($108.41 in chips) 
Seat 5: dreimis190 ($100 in chips) 
Seat 6: Zvst ($106.20 in chips) 
Zvst: posts small blind $0.50
poker_soul11: posts big blind $1
*** HOLE CARDS ***
GuigaMan: folds 
kevinq500: raises $1 to $2
AIien Hand: folds 
dreimis190: folds 
Zvst: folds 
poker_soul11: calls $1
*** FLOP *** [Ad Tc 5d]
poker_soul11: checks 
kevinq500: bets $3
poker_soul11: folds 
Uncalled bet ($3) returned to kevinq500
kevinq500 collected $4.28 from pot
*** SUMMARY ***
Total pot $4.50 | Rake $0.22 
Board [Ad Tc 5d]
Seat 1: poker_soul11 (big blind) folded on the Flop
Seat 2: GuigaMan folded before Flop (didn't bet)
Seat 3: kevinq500 collected ($4.28)
Seat 4: AIien Hand folded before Flop (didn't bet)
Seat 5: dreimis190 (button) folded before Flop (didn't bet)
Seat 6: Zvst (small blind) folded before Flop



PokerStars Hand #254417002222:  Hold'em No Limit ($0.50/$1.00 USD) - 2025/01/17 17:58:28 WET [2025/01/17 12:58:28 ET]
Table 'Sy III' 6-max Seat #6 is the button
Seat 1: poker_soul11 ($143.35 in chips) 
Seat 2: GuigaMan ($109.52 in chips) 
Seat 3: kevinq500 ($94.82 in chips) 
Seat 4: AIien Hand ($108.41 in chips) 
Seat 5: dreimis190 ($100 in chips) 
Seat 6: Zvst ($105.70 in chips) 
poker_soul11: posts small blind $0.50
GuigaMan: posts big blind $1
*** HOLE CARDS ***
kevinq500: calls $1
AIien Hand: folds 
dreimis190: folds 
Zvst: raises $3 to $4
poker_soul11: folds 
GuigaMan: folds 
kevinq500: folds 
Uncalled bet ($3) returned to Zvst
Zvst collected $3.50 from pot
Zvst: doesn't show hand 
*** SUMMARY ***
Total pot $3.50 | Rake $0 
Seat 1: poker_soul11 (small blind) folded before Flop
Seat 2: GuigaMan (big blind) folded before Flop
Seat 3: kevinq500 folded before Flop
Seat 4: AIien Hand folded before Flop (didn't bet)
Seat 5: dreimis190 folded before Flop (didn't bet)
Seat 6: Zvst (button) collected ($3.50)



PokerStars Hand #254417006696:  Hold'em No Limit ($0.50/$1.00 USD) - 2025/01/17 17:58:50 WET [2025/01/17 12:58:50 ET]
Table 'Sy III' 6-max Seat #1 is the button
Seat 1: poker_soul11 ($142.85 in chips) 
Seat 2: GuigaMan ($108.52 in chips) 
Seat 3: kevinq500 ($93.82 in chips) 
Seat 4: AIien Hand ($108.41 in chips) 
Seat 5: dreimis190 ($100 in chips) 
Seat 6: Zvst ($108.20 in chips) 
GuigaMan: posts small blind $0.50
kevinq500: posts big blind $1
*** HOLE CARDS ***
AIien Hand: folds 
dreimis190: folds 
Zvst: folds 
poker_soul11: folds 
GuigaMan: folds 
Uncalled bet ($0.50) returned to kevinq500
kevinq500 collected $1 from pot
*** SUMMARY ***
Total pot $1 | Rake $0 
Seat 1: poker_soul11 (button) folded before Flop (didn't bet)
Seat 2: GuigaMan (small blind) folded before Flop
Seat 3: kevinq500 (big blind) collected ($1)
Seat 4: AIien Hand folded before Flop (didn't bet)
Seat 5: dreimis190 folded before Flop (didn't bet)
Seat 6: Zvst folded before Flop (didn't bet)



PokerStars Hand #254417009868:  Hold'em No Limit ($0.50/$1.00 USD) - 2025/01/17 17:59:06 WET [2025/01/17 12:59:06 ET]
Table 'Sy III' 6-max Seat #2 is the button
Seat 1: poker_soul11 ($142.85 in chips) 
Seat 2: GuigaMan ($108.02 in chips) 
Seat 3: kevinq500 ($94.32 in chips) 
Seat 4: AIien Hand ($108.41 in chips) 
Seat 5: dreimis190 ($100 in chips) 
Seat 6: Zvst ($108.20 in chips) 
kevinq500: posts small blind $0.50
AIien Hand: posts big blind $1
*** HOLE CARDS ***
dreimis190: folds 
Zvst: folds 
poker_soul11: folds 
GuigaMan: folds 
kevinq500: raises $1 to $2
AIien Hand: calls $1
*** FLOP *** [Ac 3h Tc]
kevinq500: bets $3.80
AIien Hand: folds 
Uncalled bet ($3.80) returned to kevinq500
kevinq500 collected $3.80 from pot
*** SUMMARY ***
Total pot $4 | Rake $0.20 
Board [Ac 3h Tc]
Seat 1: poker_soul11 folded before Flop (didn't bet)
Seat 2: GuigaMan (button) folded before Flop (didn't bet)
Seat 3: kevinq500 (small blind) collected ($3.80)
Seat 4: AIien Hand (big blind) folded on the Flop
Seat 5: dreimis190 folded before Flop (didn't bet)
Seat 6: Zvst folded before Flop (didn't bet)



PokerStars Hand #254417015553:  Hold'em No Limit ($0.50/$1.00 USD) - 2025/01/17 17:59:33 WET [2025/01/17 12:59:33 ET]
Table 'Sy III' 6-max Seat #3 is the button
Seat 1: poker_soul11 ($142.85 in chips) 
Seat 2: GuigaMan ($108.02 in chips) 
Seat 3: kevinq500 ($96.12 in chips) 
Seat 4: AIien Hand ($106.41 in chips) 
Seat 5: dreimis190 ($100 in chips) 
Seat 6: Zvst ($108.20 in chips) 
AIien Hand: posts small blind $0.50
dreimis190: posts big blind $1
*** HOLE CARDS ***
Zvst: folds 
poker_soul11: folds 
GuigaMan: folds 
kevinq500: folds 
AIien Hand: folds 
Uncalled bet ($0.50) returned to dreimis190
dreimis190 collected $1 from pot
dreimis190: doesn't show hand 
*** SUMMARY ***
Total pot $1 | Rake $0 
Seat 1: poker_soul11 folded before Flop (didn't bet)
Seat 2: GuigaMan folded before Flop (didn't bet)
Seat 3: kevinq500 (button) folded before Flop (didn't bet)
Seat 4: AIien Hand (small blind) folded before Flop
Seat 5: dreimis190 (big blind) collected ($1)
Seat 6: Zvst folded before Flop (didn't bet)



PokerStars Hand #254417017427:  Hold'em No Limit ($0.50/$1.00 USD) - 2025/01/17 17:59:43 WET [2025/01/17 12:59:43 ET]
Table 'Sy III' 6-max Seat #4 is the button
Seat 1: poker_soul11 ($142.85 in chips) 
Seat 2: GuigaMan ($108.02 in chips) 
Seat 3: kevinq500 ($96.12 in chips) 
Seat 4: AIien Hand ($105.91 in chips) 
Seat 5: dreimis190 ($100.50 in chips) 
Seat 6: Zvst ($108.20 in chips) 
dreimis190: posts small blind $0.50
Zvst: posts big blind $1
*** HOLE CARDS ***
poker_soul11: folds 
GuigaMan: folds 
kevinq500: raises $1 to $2
AIien Hand: folds 
dreimis190: folds 
Zvst: calls $1
*** FLOP *** [Qs 3d 3s]
Zvst: checks 
GuigaMan is disconnected 
kevinq500: bets $4.28
Zvst: calls $4.28
*** TURN *** [Qs 3d 3s] [Jc]
Zvst: checks 
kevinq500: bets $12.41
Zvst: folds 
Uncalled bet ($12.41) returned to kevinq500
kevinq500 collected $12.41 from pot
*** SUMMARY ***
Total pot $13.06 | Rake $0.65 
Board [Qs 3d 3s Jc]
Seat 1: poker_soul11 folded before Flop (didn't bet)
Seat 2: GuigaMan folded before Flop (didn't bet)
Seat 3: kevinq500 collected ($12.41)
Seat 4: AIien Hand (button) folded before Flop (didn't bet)
Seat 5: dreimis190 (small blind) folded before Flop
Seat 6: Zvst (big blind) folded on the Turn



PokerStars Hand #254417024579:  Hold'em No Limit ($0.50/$1.00 USD) - 2025/01/17 18:00:18 WET [2025/01/17 13:00:18 ET]
Table 'Sy III' 6-max Seat #5 is the button
Seat 1: poker_soul11 ($142.85 in chips) 
Seat 2: GuigaMan ($108.02 in chips) 
Seat 3: kevinq500 ($102.25 in chips) 
Seat 4: AIien Hand ($105.91 in chips) 
Seat 5: dreimis190 ($100 in chips) 
Seat 6: Zvst ($101.92 in chips) 
Zvst: posts small blind $0.50
poker_soul11: posts big blind $1
*** HOLE CARDS ***
GuigaMan is connected 
GuigaMan: folds 
kevinq500: raises $1 to $2
AIien Hand: folds 
dreimis190: folds 
Zvst: raises $8 to $10
poker_soul11: folds 
kevinq500: folds 
Uncalled bet ($8) returned to Zvst
Zvst collected $5 from pot
Zvst: doesn't show hand 
*** SUMMARY ***
Total pot $5 | Rake $0 
Seat 1: poker_soul11 (big blind) folded before Flop
Seat 2: GuigaMan folded before Flop (didn't bet)
Seat 3: kevinq500 folded before Flop
Seat 4: AIien Hand folded before Flop (didn't bet)
Seat 5: dreimis190 (button) folded before Flop (didn't bet)
Seat 6: Zvst (small blind) collected ($5)



PokerStars Hand #254417029890:  Hold'em No Limit ($0.50/$1.00 USD) - 2025/01/17 18:00:43 WET [2025/01/17 13:00:43 ET]
Table 'Sy III' 6-max Seat #6 is the button
Seat 1: poker_soul11 ($141.85 in chips) 
Seat 2: GuigaMan ($108.02 in chips) 
Seat 3: kevinq500 ($100.25 in chips) 
Seat 4: AIien Hand ($105.91 in chips) 
Seat 5: dreimis190 ($100 in chips) 
Seat 6: Zvst ($104.92 in chips) 
poker_soul11: posts small blind $0.50
GuigaMan: posts big blind $1
*** HOLE CARDS ***
kevinq500: calls $1
AIien Hand: raises $3 to $4
dreimis190: raises $8 to $12
Zvst: folds 
poker_soul11: folds 
GuigaMan: folds 
kevinq500: folds 
AIien Hand: raises $93.91 to $105.91 and is all-in
dreimis190: calls $88 and is all-in
Uncalled bet ($5.91) returned to AIien Hand
*** FIRST FLOP *** [3d 6s 7s]
*** FIRST TURN *** [3d 6s 7s] [2h]
*** FIRST RIVER *** [3d 6s 7s 2h] [3h]
*** SECOND FLOP *** [4d Jh 9d]
*** SECOND TURN *** [4d Jh 9d] [Td]
*** SECOND RIVER *** [4d Jh 9d Td] [3c]
*** FIRST SHOW DOWN ***
AIien Hand: shows [Kc Kh] (two pair, Kings and Threes)
dreimis190: shows [Ks Ah] (a pair of Threes)
AIien Hand collected $100 from pot
*** SECOND SHOW DOWN ***
AIien Hand: shows [Kc Kh] (a pair of Kings)
dreimis190: shows [Ks Ah] (high card Ace)
AIien Hand collected $100 from pot
*** SUMMARY ***
Total pot $202.50 | Rake $2.50 
Hand was run twice
FIRST Board [3d 6s 7s 2h 3h]
SECOND Board [4d Jh 9d Td 3c]
Seat 1: poker_soul11 (small blind) folded before Flop
Seat 2: GuigaMan (big blind) folded before Flop
Seat 3: kevinq500 folded before Flop
Seat 4: AIien Hand showed [Kc Kh] and won ($100) with two pair, Kings and Threes, and won ($100) with a pair of Kings
Seat 5: dreimis190 showed [Ks Ah] and lost with a pair of Threes, and lost with high card Ace
Seat 6: Zvst (button) folded before Flop (didn't bet)



PokerStars Hand #254417048809:  Hold'em No Limit ($0.50/$1.00 USD) - 2025/01/17 18:02:02 WET [2025/01/17 13:02:02 ET]
Table 'Sy III' 6-max Seat #1 is the button
Seat 1: poker_soul11 ($141.35 in chips) 
Seat 2: GuigaMan ($107.02 in chips) 
Seat 3: kevinq500 ($99.25 in chips) 
Seat 4: AIien Hand ($205.91 in chips) 
Seat 5: dreimis190 ($100 in chips) 
Seat 6: Zvst ($104.92 in chips) 
GuigaMan: posts small blind $0.50
kevinq500: posts big blind $1
*** HOLE CARDS ***
AIien Hand: folds 
dreimis190: raises $1 to $2
Zvst: folds 
poker_soul11: folds 
GuigaMan: folds 
kevinq500: raises $3 to $5
dreimis190: calls $3
*** FLOP *** [8c 8s Ac]
kevinq500: bets $9.98
dreimis190: folds 
Uncalled bet ($9.98) returned to kevinq500
kevinq500 collected $9.98 from pot
*** SUMMARY ***
Total pot $10.50 | Rake $0.52 
Board [8c 8s Ac]
Seat 1: poker_soul11 (button) folded before Flop (didn't bet)
Seat 2: GuigaMan (small blind) folded before Flop
Seat 3: kevinq500 (big blind) collected ($9.98)
Seat 4: AIien Hand folded before Flop (didn't bet)
Seat 5: dreimis190 folded on the Flop
Seat 6: Zvst folded before Flop (didn't bet)



PokerStars Hand #254417055934:  Hold'em No Limit ($0.50/$1.00 USD) - 2025/01/17 18:02:29 WET [2025/01/17 13:02:29 ET]
Table 'Sy III' 6-max Seat #2 is the button
Seat 1: poker_soul11 ($141.35 in chips) 
Seat 2: GuigaMan ($106.52 in chips) 
Seat 3: kevinq500 ($104.23 in chips) 
Seat 4: AIien Hand ($205.91 in chips) 
Seat 5: dreimis190 ($100 in chips) 
Seat 6: Zvst ($104.92 in chips) 
kevinq500: posts small blind $0.50
AIien Hand: posts big blind $1
*** HOLE CARDS ***
dreimis190: folds 
Zvst: folds 
poker_soul11: folds 
GuigaMan: folds 
kevinq500: raises $1 to $2
AIien Hand: calls $1
*** FLOP *** [8s 7s 3s]
kevinq500: bets $3
AIien Hand: folds 
Uncalled bet ($3) returned to kevinq500
kevinq500 collected $3.80 from pot
*** SUMMARY ***
Total pot $4 | Rake $0.20 
Board [8s 7s 3s]
Seat 1: poker_soul11 folded before Flop (didn't bet)
Seat 2: GuigaMan (button) folded before Flop (didn't bet)
Seat 3: kevinq500 (small blind) collected ($3.80)
Seat 4: AIien Hand (big blind) folded on the Flop
Seat 5: dreimis190 folded before Flop (didn't bet)
Seat 6: Zvst folded before Flop (didn't bet)



PokerStars Hand #254417063479:  Hold'em No Limit ($0.50/$1.00 USD) - 2025/01/17 18:02:59 WET [2025/01/17 13:02:59 ET]
Table 'Sy III' 6-max Seat #3 is the button
Seat 5: dreimis190 ($100 in chips) is sitting out
Seat 1: poker_soul11 ($141.35 in chips) 
Seat 2: GuigaMan ($106.52 in chips) 
Seat 3: kevinq500 ($106.03 in chips) 
Seat 4: AIien Hand ($203.91 in chips) 
Seat 6: Zvst ($104.92 in chips) 
AIien Hand: posts small blind $0.50
dreimis190: is sitting out 
Zvst: posts big blind $1
*** HOLE CARDS ***
poker_soul11: folds 
GuigaMan: folds 
kevinq500: raises $1 to $2
AIien Hand: raises $6 to $8
Zvst: folds 
kevinq500: folds 
Uncalled bet ($6) returned to AIien Hand
AIien Hand collected $5 from pot
AIien Hand: doesn't show hand 
*** SUMMARY ***
Total pot $5 | Rake $0 
Seat 5: dreimis190
Seat 1: poker_soul11 folded before Flop (didn't bet)
Seat 2: GuigaMan folded before Flop (didn't bet)
Seat 3: kevinq500 (button) folded before Flop
Seat 4: AIien Hand (small blind) collected ($5)
Seat 6: Zvst (big blind) folded before Flop



PokerStars Hand #254417070577:  Hold'em No Limit ($0.50/$1.00 USD) - 2025/01/17 18:03:25 WET [2025/01/17 13:03:25 ET]
Table 'Sy III' 6-max Seat #4 is the button
Seat 5: dreimis190 ($100 in chips) is sitting out
Seat 1: poker_soul11 ($141.35 in chips) 
Seat 2: GuigaMan ($106.52 in chips) 
Seat 3: kevinq500 ($104.03 in chips) 
Seat 4: AIien Hand ($206.91 in chips) 
Seat 6: Zvst ($103.92 in chips) 
Zvst: posts small blind $0.50
poker_soul11: posts big blind $1
*** HOLE CARDS ***
GuigaMan: raises $1.10 to $2.10
kevinq500: calls $2.10
AIien Hand: folds 
Zvst: folds 
poker_soul11: folds 
*** FLOP *** [9s 3d 2h]
GuigaMan: checks 
kevinq500: bets $5.42
GuigaMan: folds 
Uncalled bet ($5.42) returned to kevinq500
kevinq500 collected $5.42 from pot
*** SUMMARY ***
Total pot $5.70 | Rake $0.28 
Board [9s 3d 2h]
Seat 5: dreimis190
Seat 1: poker_soul11 (big blind) folded before Flop
Seat 2: GuigaMan folded on the Flop
Seat 3: kevinq500 collected ($5.42)
Seat 4: AIien Hand (button) folded before Flop (didn't bet)
Seat 6: Zvst (small blind) folded before Flop



PokerStars Hand #254417076320:  Hold'em No Limit ($0.50/$1.00 USD) - 2025/01/17 18:03:48 WET [2025/01/17 13:03:48 ET]
Table 'Sy III' 6-max Seat #6 is the button
Seat 5: dreimis190 ($100 in chips) is sitting out
Seat 1: poker_soul11 ($140.35 in chips) 
Seat 2: GuigaMan ($104.42 in chips) 
Seat 3: kevinq500 ($107.35 in chips) 
Seat 4: AIien Hand ($206.91 in chips) 
Seat 6: Zvst ($103.42 in chips) 
poker_soul11: posts small blind $0.50
GuigaMan: posts big blind $1
*** HOLE CARDS ***
kevinq500: folds 
AIien Hand: folds 
Zvst: raises $1.50 to $2.50
poker_soul11: folds 
GuigaMan: folds 
Uncalled bet ($1.50) returned to Zvst
Zvst collected $2.50 from pot
Zvst: doesn't show hand 
*** SUMMARY ***
Total pot $2.50 | Rake $0 
Seat 5: dreimis190
Seat 1: poker_soul11 (small blind) folded before Flop
Seat 2: GuigaMan (big blind) folded before Flop
Seat 3: kevinq500 folded before Flop (didn't bet)
Seat 4: AIien Hand folded before Flop (didn't bet)
Seat 6: Zvst (button) collected ($2.50)



PokerStars Hand #254417081323:  Hold'em No Limit ($0.50/$1.00 USD) - 2025/01/17 18:04:07 WET [2025/01/17 13:04:07 ET]
Table 'Sy III' 6-max Seat #1 is the button
Seat 5: dreimis190 ($100 in chips) is sitting out
Seat 1: poker_soul11 ($139.85 in chips) 
Seat 2: GuigaMan ($103.42 in chips) 
Seat 3: kevinq500 ($107.35 in chips) 
Seat 4: AIien Hand ($206.91 in chips) 
Seat 6: Zvst ($104.92 in chips) 
GuigaMan: posts small blind $0.50
kevinq500: posts big blind $1
*** HOLE CARDS ***
AIien Hand: folds 
Zvst: folds 
poker_soul11: folds 
GuigaMan: folds 
Uncalled bet ($0.50) returned to kevinq500
kevinq500 collected $1 from pot
*** SUMMARY ***
Total pot $1 | Rake $0 
Seat 5: dreimis190
Seat 1: poker_soul11 (button) folded before Flop (didn't bet)
Seat 2: GuigaMan (small blind) folded before Flop
Seat 3: kevinq500 (big blind) collected ($1)
Seat 4: AIien Hand folded before Flop (didn't bet)
Seat 6: Zvst folded before Flop (didn't bet)



PokerStars Hand #254417087222:  Hold'em No Limit ($0.50/$1.00 USD) - 2025/01/17 18:04:29 WET [2025/01/17 13:04:29 ET]
Table 'Sy III' 6-max Seat #2 is the button
Seat 5: dreimis190 ($100 in chips) is sitting out
Seat 1: poker_soul11 ($139.85 in chips) 
Seat 2: GuigaMan ($102.92 in chips) 
Seat 3: kevinq500 ($107.85 in chips) 
Seat 4: AIien Hand ($206.91 in chips) 
Seat 6: Zvst ($104.92 in chips) 
kevinq500: posts small blind $0.50
AIien Hand: posts big blind $1
*** HOLE CARDS ***
Zvst: folds 
poker_soul11: raises $1.20 to $2.20
GuigaMan: folds 
kevinq500: calls $1.70
AIien Hand: folds 
*** FLOP *** [8h 2s 4d]
kevinq500: checks 
poker_soul11: checks 
*** TURN *** [8h 2s 4d] [4h]
kevinq500: bets $5.13
poker_soul11: folds 
Uncalled bet ($5.13) returned to kevinq500
kevinq500 collected $5.13 from pot
*** SUMMARY ***
Total pot $5.40 | Rake $0.27 
Board [8h 2s 4d 4h]
Seat 5: dreimis190
Seat 1: poker_soul11 folded on the Turn
Seat 2: GuigaMan (button) folded before Flop (didn't bet)
Seat 3: kevinq500 (small blind) collected ($5.13)
Seat 4: AIien Hand (big blind) folded before Flop
Seat 6: Zvst folded before Flop (didn't bet)



PokerStars Hand #254417097603:  Hold'em No Limit ($0.50/$1.00 USD) - 2025/01/17 18:05:08 WET [2025/01/17 13:05:08 ET]
Table 'Sy III' 6-max Seat #3 is the button
Seat 5: dreimis190 ($100 in chips) is sitting out
Seat 1: poker_soul11 ($137.65 in chips) 
Seat 2: GuigaMan ($102.92 in chips) 
Seat 3: kevinq500 ($110.78 in chips) 
Seat 4: AIien Hand ($205.91 in chips) 
Seat 6: Zvst ($104.92 in chips) 
AIien Hand: posts small blind $0.50
Zvst: posts big blind $1
*** HOLE CARDS ***
poker_soul11: folds 
GuigaMan: folds 
kevinq500: calls $1
AIien Hand: folds 
Zvst: checks 
*** FLOP *** [6h Qc 4c]
Zvst: checks 
kevinq500: bets $2.38
Zvst: folds 
Uncalled bet ($2.38) returned to kevinq500
kevinq500 collected $2.38 from pot
*** SUMMARY ***
Total pot $2.50 | Rake $0.12 
Board [6h Qc 4c]
Seat 5: dreimis190
Seat 1: poker_soul11 folded before Flop (didn't bet)
Seat 2: GuigaMan folded before Flop (didn't bet)
Seat 3: kevinq500 (button) collected ($2.38)
Seat 4: AIien Hand (small blind) folded before Flop
Seat 6: Zvst (big blind) folded on the Flop



PokerStars Hand #254417105778:  Hold'em No Limit ($0.50/$1.00 USD) - 2025/01/17 18:05:39 WET [2025/01/17 13:05:39 ET]
Table 'Sy III' 6-max Seat #4 is the button
Seat 5: dreimis190 ($100 in chips) is sitting out
Seat 1: poker_soul11 ($137.65 in chips) 
Seat 2: GuigaMan ($102.92 in chips) 
Seat 3: kevinq500 ($112.16 in chips) 
Seat 4: AIien Hand ($205.41 in chips) 
Seat 6: Zvst ($103.92 in chips) 
Zvst: posts small blind $0.50
poker_soul11: posts big blind $1
*** HOLE CARDS ***
GuigaMan: folds 
kevinq500: raises $1 to $2
AIien Hand: folds 
Zvst: folds 
poker_soul11: calls $1
*** FLOP *** [Jc Qd 9c]
poker_soul11: checks 
kevinq500: bets $2
poker_soul11: raises $2.73 to $4.73
kevinq500: folds 
Uncalled bet ($2.73) returned to poker_soul11
poker_soul11 collected $8.08 from pot
poker_soul11: doesn't show hand 
*** SUMMARY ***
Total pot $8.50 | Rake $0.42 
Board [Jc Qd 9c]
Seat 5: dreimis190
Seat 1: poker_soul11 (big blind) collected ($8.08)
Seat 2: GuigaMan folded before Flop (didn't bet)
Seat 3: kevinq500 folded on the Flop
Seat 4: AIien Hand (button) folded before Flop (didn't bet)
Seat 6: Zvst (small blind) folded before Flop



PokerStars Hand #254417116833:  Hold'em No Limit ($0.50/$1.00 USD) - 2025/01/17 18:06:21 WET [2025/01/17 13:06:21 ET]
Table 'Sy III' 6-max Seat #6 is the button
Seat 5: dreimis190 ($100 in chips) is sitting out
Seat 1: poker_soul11 ($141.73 in chips) 
Seat 2: GuigaMan ($102.92 in chips) 
Seat 3: kevinq500 ($108.16 in chips) 
Seat 4: AIien Hand ($205.41 in chips) 
Seat 6: Zvst ($103.42 in chips) 
poker_soul11: posts small blind $0.50
GuigaMan: posts big blind $1
*** HOLE CARDS ***
kevinq500: raises $1 to $2
AIien Hand: folds 
Zvst: folds 
poker_soul11: folds 
GuigaMan: calls $1
*** FLOP *** [4s 4h 9h]
GuigaMan: checks 
kevinq500: bets $4.28
GuigaMan: folds 
Uncalled bet ($4.28) returned to kevinq500
kevinq500 collected $4.28 from pot
*** SUMMARY ***
Total pot $4.50 | Rake $0.22 
Board [4s 4h 9h]
Seat 5: dreimis190
Seat 1: poker_soul11 (small blind) folded before Flop
Seat 2: GuigaMan (big blind) folded on the Flop
Seat 3: kevinq500 collected ($4.28)
Seat 4: AIien Hand folded before Flop (didn't bet)
Seat 6: Zvst (button) folded before Flop (didn't bet)



PokerStars Hand #254417121579:  Hold'em No Limit ($0.50/$1.00 USD) - 2025/01/17 18:06:38 WET [2025/01/17 13:06:38 ET]
Table 'Sy III' 6-max Seat #1 is the button
Seat 5: dreimis190 ($100 in chips) is sitting out
Seat 1: poker_soul11 ($141.23 in chips) 
Seat 2: GuigaMan ($100.92 in chips) 
Seat 3: kevinq500 ($110.44 in chips) 
Seat 4: AIien Hand ($205.41 in chips) 
Seat 6: Zvst ($103.42 in chips) 
GuigaMan: posts small blind $0.50
kevinq500: posts big blind $1
*** HOLE CARDS ***
AIien Hand: folds 
Zvst: folds 
poker_soul11: raises $1.20 to $2.20
GuigaMan: folds 
kevinq500: calls $1.20
*** FLOP *** [9s 8d 6h]
kevinq500: checks 
poker_soul11: bets $1.54
kevinq500: folds 
Uncalled bet ($1.54) returned to poker_soul11
poker_soul11 collected $4.66 from pot
poker_soul11: doesn't show hand 
*** SUMMARY ***
Total pot $4.90 | Rake $0.24 
Board [9s 8d 6h]
Seat 5: dreimis190
Seat 1: poker_soul11 (button) collected ($4.66)
Seat 2: GuigaMan (small blind) folded before Flop
Seat 3: kevinq500 (big blind) folded on the Flop
Seat 4: AIien Hand folded before Flop (didn't bet)
Seat 6: Zvst folded before Flop (didn't bet)



PokerStars Hand #254417128718:  Hold'em No Limit ($0.50/$1.00 USD) - 2025/01/17 18:07:05 WET [2025/01/17 13:07:05 ET]
Table 'Sy III' 6-max Seat #2 is the button
Seat 5: dreimis190 ($100 in chips) is sitting out
Seat 1: poker_soul11 ($143.69 in chips) 
Seat 2: GuigaMan ($100.42 in chips) 
Seat 3: kevinq500 ($108.24 in chips) 
Seat 4: AIien Hand ($205.41 in chips) 
Seat 6: Zvst ($103.42 in chips) 
kevinq500: posts small blind $0.50
AIien Hand: posts big blind $1
*** HOLE CARDS ***
Zvst: raises $1 to $2
poker_soul11: raises $4.50 to $6.50
GuigaMan: folds 
kevinq500: calls $6
AIien Hand: folds 
Zvst: folds 
*** FLOP *** [As 3c 9h]
kevinq500: checks 
poker_soul11: bets $5.02
kevinq500: calls $5.02
*** TURN *** [As 3c 9h] [Td]
kevinq500: checks 
poker_soul11: checks 
*** RIVER *** [As 3c 9h Td] [5c]
kevinq500: bets $12.37
poker_soul11: folds 
Uncalled bet ($12.37) returned to kevinq500
kevinq500 collected $24.74 from pot
*** SUMMARY ***
Total pot $26.04 | Rake $1.30 
Board [As 3c 9h Td 5c]
Seat 5: dreimis190
Seat 1: poker_soul11 folded on the River
Seat 2: GuigaMan (button) folded before Flop (didn't bet)
Seat 3: kevinq500 (small blind) collected ($24.74)
Seat 4: AIien Hand (big blind) folded before Flop
Seat 6: Zvst folded before Flop



PokerStars Hand #254417140773:  Hold'em No Limit ($0.50/$1.00 USD) - 2025/01/17 18:07:50 WET [2025/01/17 13:07:50 ET]
Table 'Sy III' 6-max Seat #3 is the button
Seat 5: dreimis190 ($100 in chips) is sitting out
Seat 1: poker_soul11 ($132.17 in chips) 
Seat 2: GuigaMan ($100.42 in chips) 
Seat 3: kevinq500 ($121.46 in chips) 
Seat 4: AIien Hand ($204.41 in chips) 
Seat 6: Zvst ($101.42 in chips) 
AIien Hand: posts small blind $0.50
Zvst: posts big blind $1
*** HOLE CARDS ***
poker_soul11: folds 
GuigaMan: raises $1.10 to $2.10
kevinq500: folds 
AIien Hand: folds 
Zvst: raises $10.70 to $12.80
GuigaMan: folds 
Uncalled bet ($10.70) returned to Zvst
Zvst collected $4.70 from pot
Zvst: doesn't show hand 
*** SUMMARY ***
Total pot $4.70 | Rake $0 
Seat 5: dreimis190
Seat 1: poker_soul11 folded before Flop (didn't bet)
Seat 2: GuigaMan folded before Flop
Seat 3: kevinq500 (button) folded before Flop (didn't bet)
Seat 4: AIien Hand (small blind) folded before Flop
Seat 6: Zvst (big blind) collected ($4.70)



PokerStars Hand #254417146517:  Hold'em No Limit ($0.50/$1.00 USD) - 2025/01/17 18:08:12 WET [2025/01/17 13:08:12 ET]
Table 'Sy III' 6-max Seat #4 is the button
Seat 5: dreimis190 ($100 in chips) is sitting out
Seat 1: poker_soul11 ($132.17 in chips) 
Seat 2: GuigaMan ($100 in chips) 
Seat 3: kevinq500 ($121.46 in chips) 
Seat 4: AIien Hand ($203.91 in chips) 
Seat 6: Zvst ($104.02 in chips) 
Zvst: posts small blind $0.50
poker_soul11: posts big blind $1
*** HOLE CARDS ***
GuigaMan: raises $1.10 to $2.10
kevinq500: raises $2.10 to $4.20
AIien Hand: folds 
Zvst: folds 
poker_soul11: folds 
GuigaMan: calls $2.10
*** FLOP *** [3h 6d Kh]
GuigaMan: checks 
kevinq500: bets $9.40
GuigaMan: folds 
Uncalled bet ($9.40) returned to kevinq500
kevinq500 collected $9.40 from pot
*** SUMMARY ***
Total pot $9.90 | Rake $0.50 
Board [3h 6d Kh]
Seat 5: dreimis190
Seat 1: poker_soul11 (big blind) folded before Flop
Seat 2: GuigaMan folded on the Flop
Seat 3: kevinq500 collected ($9.40)
Seat 4: AIien Hand (button) folded before Flop (didn't bet)
Seat 6: Zvst (small blind) folded before Flop



PokerStars Hand #254417156031:  Hold'em No Limit ($0.50/$1.00 USD) - 2025/01/17 18:08:48 WET [2025/01/17 13:08:48 ET]
Table 'Sy III' 6-max Seat #6 is the button
Seat 5: dreimis190 ($100 in chips) is sitting out
Seat 1: poker_soul11 ($131.17 in chips) 
Seat 2: GuigaMan ($100 in chips) 
Seat 3: kevinq500 ($126.66 in chips) 
Seat 4: AIien Hand ($203.91 in chips) 
Seat 6: Zvst ($103.52 in chips) 
poker_soul11: posts small blind $0.50
GuigaMan: posts big blind $1
dreimis190: sits out 
*** HOLE CARDS ***
kevinq500: folds 
AIien Hand: raises $1.20 to $2.20
Zvst: folds 
poker_soul11: folds 
GuigaMan: folds 
Uncalled bet ($1.20) returned to AIien Hand
AIien Hand collected $2.50 from pot
AIien Hand: doesn't show hand 
*** SUMMARY ***
Total pot $2.50 | Rake $0 
Seat 5: dreimis190
Seat 1: poker_soul11 (small blind) folded before Flop
Seat 2: GuigaMan (big blind) folded before Flop
Seat 3: kevinq500 folded before Flop (didn't bet)
Seat 4: AIien Hand collected ($2.50)
Seat 6: Zvst (button) folded before Flop (didn't bet)



PokerStars Hand #254417162757:  Hold'em No Limit ($0.50/$1.00 USD) - 2025/01/17 18:09:13 WET [2025/01/17 13:09:13 ET]
Table 'Sy III' 6-max Seat #1 is the button
Seat 5: dreimis190 ($100 in chips) is sitting out
Seat 1: poker_soul11 ($130.67 in chips) 
Seat 2: GuigaMan ($100 in chips) 
Seat 3: kevinq500 ($126.66 in chips) 
Seat 4: AIien Hand ($205.41 in chips) 
Seat 6: Zvst ($103.52 in chips) 
GuigaMan: posts small blind $0.50
kevinq500: posts big blind $1
dreimis190: sits out 
*** HOLE CARDS ***
AIien Hand: folds 
Zvst: raises $1.50 to $2.50
poker_soul11: folds 
GuigaMan: folds 
kevinq500: calls $1.50
*** FLOP *** [2h Qc 7h]
kevinq500: bets $5.22
Zvst: calls $5.22
*** TURN *** [2h Qc 7h] [2c]
kevinq500: bets $7.57
Zvst: calls $7.57
*** RIVER *** [2h Qc 7h 2c] [5h]
kevinq500: bets $29.53
Zvst: raises $58.70 to $88.23 and is all-in
kevinq500: calls $58.70
*** SHOW DOWN ***
Zvst: shows [Qh 9h] (a flush, Queen high)
kevinq500: shows [Ah 3h] (a flush, Ace high)
kevinq500 collected $205.04 from pot
*** SUMMARY ***
Total pot $207.54 | Rake $2.50 
Board [2h Qc 7h 2c 5h]
Seat 5: dreimis190
Seat 1: poker_soul11 (button) folded before Flop (didn't bet)
Seat 2: GuigaMan (small blind) folded before Flop
Seat 3: kevinq500 (big blind) showed [Ah 3h] and won ($205.04) with a flush, Ace high
Seat 4: AIien Hand folded before Flop (didn't bet)
Seat 6: Zvst showed [Qh 9h] and lost with a flush, Queen high



PokerStars Hand #254417178065:  Hold'em No Limit ($0.50/$1.00 USD) - 2025/01/17 18:10:10 WET [2025/01/17 13:10:10 ET]
Table 'Sy III' 6-max Seat #2 is the button
Seat 5: dreimis190 ($100 in chips) is sitting out
Seat 1: poker_soul11 ($130.67 in chips) 
Seat 2: GuigaMan ($100 in chips) 
Seat 3: kevinq500 ($228.18 in chips) 
Seat 4: AIien Hand ($205.41 in chips) 
Seat 6: Zvst ($100 in chips) 
kevinq500: posts small blind $0.50
AIien Hand: posts big blind $1
dreimis190: sits out 
*** HOLE CARDS ***
Zvst: raises $1.50 to $2.50
poker_soul11: folds 
GuigaMan: folds 
kevinq500: folds 
AIien Hand: folds 
Uncalled bet ($1.50) returned to Zvst
Zvst collected $2.50 from pot
Zvst: doesn't show hand 
*** SUMMARY ***
Total pot $2.50 | Rake $0 
Seat 5: dreimis190
Seat 1: poker_soul11 folded before Flop (didn't bet)
Seat 2: GuigaMan (button) folded before Flop (didn't bet)
Seat 3: kevinq500 (small blind) folded before Flop
Seat 4: AIien Hand (big blind) folded before Flop
Seat 6: Zvst collected ($2.50)



PokerStars Hand #254417180596:  Hold'em No Limit ($0.50/$1.00 USD) - 2025/01/17 18:10:20 WET [2025/01/17 13:10:20 ET]
Table 'Sy III' 6-max Seat #3 is the button
Seat 1: poker_soul11 ($130.67 in chips) 
Seat 2: GuigaMan ($100 in chips) 
Seat 3: kevinq500 ($227.68 in chips) 
Seat 4: AIien Hand ($204.41 in chips) 
Seat 5: dreimis190 ($100 in chips) 
Seat 6: Zvst ($101.50 in chips) 
AIien Hand: posts small blind $0.50
dreimis190: posts big blind $1
*** HOLE CARDS ***
Zvst: folds 
poker_soul11: folds 
GuigaMan: folds 
kevinq500: folds 
AIien Hand: folds 
Uncalled bet ($0.50) returned to dreimis190
dreimis190 collected $1 from pot
dreimis190: doesn't show hand 
*** SUMMARY ***
Total pot $1 | Rake $0 
Seat 1: poker_soul11 folded before Flop (didn't bet)
Seat 2: GuigaMan folded before Flop (didn't bet)
Seat 3: kevinq500 (button) folded before Flop (didn't bet)
Seat 4: AIien Hand (small blind) folded before Flop
Seat 5: dreimis190 (big blind) collected ($1)
Seat 6: Zvst folded before Flop (didn't bet)



PokerStars Hand #254417184700:  Hold'em No Limit ($0.50/$1.00 USD) - 2025/01/17 18:10:35 WET [2025/01/17 13:10:35 ET]
Table 'Sy III' 6-max Seat #4 is the button
Seat 1: poker_soul11 ($130.67 in chips) 
Seat 2: GuigaMan ($100 in chips) 
Seat 3: kevinq500 ($227.68 in chips) 
Seat 4: AIien Hand ($203.91 in chips) 
Seat 5: dreimis190 ($100.50 in chips) 
Seat 6: Zvst ($101.50 in chips) 
dreimis190: posts small blind $0.50
Zvst: posts big blind $1
*** HOLE CARDS ***
poker_soul11: folds 
GuigaMan: folds 
kevinq500: raises $1 to $2
AIien Hand: folds 
dreimis190: folds 
Zvst: folds 
Uncalled bet ($1) returned to kevinq500
kevinq500 collected $2.50 from pot
*** SUMMARY ***
Total pot $2.50 | Rake $0 
Seat 1: poker_soul11 folded before Flop (didn't bet)
Seat 2: GuigaMan folded before Flop (didn't bet)
Seat 3: kevinq500 collected ($2.50)
Seat 4: AIien Hand (button) folded before Flop (didn't bet)
Seat 5: dreimis190 (small blind) folded before Flop
Seat 6: Zvst (big blind) folded before Flop



PokerStars Hand #254417189900:  Hold'em No Limit ($0.50/$1.00 USD) - 2025/01/17 18:10:54 WET [2025/01/17 13:10:54 ET]
Table 'Sy III' 6-max Seat #5 is the button
Seat 1: poker_soul11 ($130.67 in chips) 
Seat 2: GuigaMan ($100 in chips) 
Seat 3: kevinq500 ($229.18 in chips) 
Seat 4: AIien Hand ($203.91 in chips) 
Seat 5: dreimis190 ($100 in chips) 
Seat 6: Zvst ($100.50 in chips) 
Zvst: posts small blind $0.50
poker_soul11: posts big blind $1
*** HOLE CARDS ***
GuigaMan: folds 
kevinq500: folds 
AIien Hand: folds 
dreimis190: raises $1.50 to $2.50
Zvst: folds 
poker_soul11: calls $1.50
*** FLOP *** [9c Qd Jc]
poker_soul11: checks 
dreimis190: bets $1.22
poker_soul11: calls $1.22
*** TURN *** [9c Qd Jc] [Ad]
poker_soul11: checks 
dreimis190: bets $7.54
poker_soul11: calls $7.54
*** RIVER *** [9c Qd Jc Ad] [2s]
poker_soul11: checks 
dreimis190: bets $33
poker_soul11: calls $33
*** SHOW DOWN ***
dreimis190: shows [2c 2h] (three of a kind, Deuces)
poker_soul11: mucks hand 
dreimis190 collected $86.52 from pot
*** SUMMARY ***
Total pot $89.02 | Rake $2.50 
Board [9c Qd Jc Ad 2s]
Seat 1: poker_soul11 (big blind) mucked
Seat 2: GuigaMan folded before Flop (didn't bet)
Seat 3: kevinq500 folded before Flop (didn't bet)
Seat 4: AIien Hand folded before Flop (didn't bet)
Seat 5: dreimis190 (button) showed [2c 2h] and won ($86.52) with three of a kind, Deuces
Seat 6: Zvst (small blind) folded before Flop



PokerStars Hand #254417210533:  Hold'em No Limit ($0.50/$1.00 USD) - 2025/01/17 18:12:11 WET [2025/01/17 13:12:11 ET]
Table 'Sy III' 6-max Seat #6 is the button
Seat 1: poker_soul11 ($100 in chips) 
Seat 2: GuigaMan ($100 in chips) 
Seat 3: kevinq500 ($229.18 in chips) 
Seat 4: AIien Hand ($203.91 in chips) 
Seat 5: dreimis190 ($142.26 in chips) 
Seat 6: Zvst ($100 in chips) 
poker_soul11: posts small blind $0.50
GuigaMan: posts big blind $1
*** HOLE CARDS ***
kevinq500: raises $1 to $2
AIien Hand: folds 
dreimis190: folds 
Zvst: folds 
poker_soul11: folds 
GuigaMan: folds 
Uncalled bet ($1) returned to kevinq500
kevinq500 collected $2.50 from pot
*** SUMMARY ***
Total pot $2.50 | Rake $0 
Seat 1: poker_soul11 (small blind) folded before Flop
Seat 2: GuigaMan (big blind) folded before Flop
Seat 3: kevinq500 collected ($2.50)
Seat 4: AIien Hand folded before Flop (didn't bet)
Seat 5: dreimis190 folded before Flop (didn't bet)
Seat 6: Zvst (button) folded before Flop (didn't bet)



PokerStars Hand #254417215101:  Hold'em No Limit ($0.50/$1.00 USD) - 2025/01/17 18:12:28 WET [2025/01/17 13:12:28 ET]
Table 'Sy III' 6-max Seat #1 is the button
Seat 1: poker_soul11 ($100 in chips) 
Seat 2: GuigaMan ($100 in chips) 
Seat 3: kevinq500 ($230.68 in chips) 
Seat 4: AIien Hand ($203.91 in chips) 
Seat 5: dreimis190 ($142.26 in chips) 
Seat 6: Zvst ($100 in chips) 
GuigaMan: posts small blind $0.50
kevinq500: posts big blind $1
*** HOLE CARDS ***
AIien Hand: folds 
dreimis190: folds 
Zvst: folds 
poker_soul11: folds 
GuigaMan: folds 
Uncalled bet ($0.50) returned to kevinq500
kevinq500 collected $1 from pot
*** SUMMARY ***
Total pot $1 | Rake $0 
Seat 1: poker_soul11 (button) folded before Flop (didn't bet)
Seat 2: GuigaMan (small blind) folded before Flop
Seat 3: kevinq500 (big blind) collected ($1)
Seat 4: AIien Hand folded before Flop (didn't bet)
Seat 5: dreimis190 folded before Flop (didn't bet)
Seat 6: Zvst folded before Flop (didn't bet)



PokerStars Hand #254417217805:  Hold'em No Limit ($0.50/$1.00 USD) - 2025/01/17 18:12:38 WET [2025/01/17 13:12:38 ET]
Table 'Sy III' 6-max Seat #2 is the button
Seat 1: poker_soul11 ($100 in chips) 
Seat 2: GuigaMan ($100 in chips) 
Seat 3: kevinq500 ($231.18 in chips) 
Seat 4: AIien Hand ($203.91 in chips) 
Seat 5: dreimis190 ($142.26 in chips) 
Seat 6: Zvst ($100 in chips) 
kevinq500: posts small blind $0.50
AIien Hand: posts big blind $1
*** HOLE CARDS ***
dreimis190: folds 
Zvst: folds 
poker_soul11: folds 
GuigaMan: folds 
kevinq500: raises $1 to $2
AIien Hand: calls $1
*** FLOP *** [8s 7c 3d]
kevinq500: bets $1
AIien Hand: raises $4.18 to $5.18
kevinq500: folds 
Uncalled bet ($4.18) returned to AIien Hand
AIien Hand collected $5.70 from pot
AIien Hand: doesn't show hand 
*** SUMMARY ***
Total pot $6 | Rake $0.30 
Board [8s 7c 3d]
Seat 1: poker_soul11 folded before Flop (didn't bet)
Seat 2: GuigaMan (button) folded before Flop (didn't bet)
Seat 3: kevinq500 (small blind) folded on the Flop
Seat 4: AIien Hand (big blind) collected ($5.70)
Seat 5: dreimis190 folded before Flop (didn't bet)
Seat 6: Zvst folded before Flop (didn't bet)



PokerStars Hand #254417227695:  Hold'em No Limit ($0.50/$1.00 USD) - 2025/01/17 18:13:15 WET [2025/01/17 13:13:15 ET]
Table 'Sy III' 6-max Seat #3 is the button
Seat 1: poker_soul11 ($100 in chips) 
Seat 2: GuigaMan ($100 in chips) 
Seat 3: kevinq500 ($228.18 in chips) 
Seat 4: AIien Hand ($206.61 in chips) 
Seat 5: dreimis190 ($142.26 in chips) 
Seat 6: Zvst ($100 in chips) 
AIien Hand: posts small blind $0.50
dreimis190: posts big blind $1
*** HOLE CARDS ***
Zvst: folds 
poker_soul11: folds 
GuigaMan: folds 
kevinq500: folds 
AIien Hand: folds 
Uncalled bet ($0.50) returned to dreimis190
dreimis190 collected $1 from pot
dreimis190: doesn't show hand 
*** SUMMARY ***
Total pot $1 | Rake $0 
Seat 1: poker_soul11 folded before Flop (didn't bet)
Seat 2: GuigaMan folded before Flop (didn't bet)
Seat 3: kevinq500 (button) folded before Flop (didn't bet)
Seat 4: AIien Hand (small blind) folded before Flop
Seat 5: dreimis190 (big blind) collected ($1)
Seat 6: Zvst folded before Flop (didn't bet)



PokerStars Hand #254417230765:  Hold'em No Limit ($0.50/$1.00 USD) - 2025/01/17 18:13:27 WET [2025/01/17 13:13:27 ET]
Table 'Sy III' 6-max Seat #4 is the button
Seat 1: poker_soul11 ($100 in chips) 
Seat 2: GuigaMan ($100 in chips) 
Seat 3: kevinq500 ($228.18 in chips) 
Seat 4: AIien Hand ($206.11 in chips) 
Seat 5: dreimis190 ($142.76 in chips) 
Seat 6: Zvst ($100 in chips) 
dreimis190: posts small blind $0.50
Zvst: posts big blind $1
*** HOLE CARDS ***
poker_soul11: folds 
GuigaMan: raises $1.10 to $2.10
kevinq500: folds 
kevinq500 leaves the table
AIien Hand: raises $5.40 to $7.50
dreimis190: folds 
Zvst: folds 
GuigaMan: raises $13.50 to $21
AIien Hand: folds 
Uncalled bet ($13.50) returned to GuigaMan
GuigaMan collected $16.50 from pot
*** SUMMARY ***
Total pot $16.50 | Rake $0 
Seat 1: poker_soul11 folded before Flop (didn't bet)
Seat 2: GuigaMan collected ($16.50)
Seat 3: kevinq500 folded before Flop (didn't bet)
Seat 4: AIien Hand (button) folded before Flop
Seat 5: dreimis190 (small blind) folded before Flop
Seat 6: Zvst (big blind) folded before Flop



PokerStars Hand #254417243512:  Hold'em No Limit ($0.50/$1.00 USD) - 2025/01/17 18:14:14 WET [2025/01/17 13:14:14 ET]
Table 'Sy III' 6-max Seat #5 is the button
Seat 1: poker_soul11 ($100 in chips) 
Seat 2: GuigaMan ($109 in chips) 
Seat 4: AIien Hand ($198.61 in chips) 
Seat 5: dreimis190 ($142.26 in chips) 
Seat 6: Zvst ($100 in chips) 
Zvst: posts small blind $0.50
poker_soul11: posts big blind $1
*** HOLE CARDS ***
GuigaMan: folds 
AIien Hand: folds 
dreimis190: raises $1.50 to $2.50
Zvst: folds 
poker_soul11: folds 
Uncalled bet ($1.50) returned to dreimis190
xxxZeka joins the table at seat #3 
dreimis190 collected $2.50 from pot
dreimis190: doesn't show hand 
*** SUMMARY ***
Total pot $2.50 | Rake $0 
Seat 1: poker_soul11 (big blind) folded before Flop
Seat 2: GuigaMan folded before Flop (didn't bet)
Seat 4: AIien Hand folded before Flop (didn't bet)
Seat 5: dreimis190 (button) collected ($2.50)
Seat 6: Zvst (small blind) folded before Flop



PokerStars Hand #254417249158:  Hold'em No Limit ($0.50/$1.00 USD) - 2025/01/17 18:14:35 WET [2025/01/17 13:14:35 ET]
Table 'Sy III' 6-max Seat #6 is the button
Seat 3: xxxZeka ($100 in chips) is sitting out
Seat 1: poker_soul11 ($100 in chips) 
Seat 2: GuigaMan ($109 in chips) 
Seat 4: AIien Hand ($198.61 in chips) 
Seat 5: dreimis190 ($143.76 in chips) 
Seat 6: Zvst ($100 in chips) 
poker_soul11: posts small blind $0.50
GuigaMan: posts big blind $1
xxxZeka: sits out 
*** HOLE CARDS ***
AIien Hand: raises $1.20 to $2.20
dreimis190: folds 
Zvst: folds 
poker_soul11: folds 
GuigaMan: folds 
Uncalled bet ($1.20) returned to AIien Hand
AIien Hand collected $2.50 from pot
AIien Hand: doesn't show hand 
*** SUMMARY ***
Total pot $2.50 | Rake $0 
Seat 3: xxxZeka
Seat 1: poker_soul11 (small blind) folded before Flop
Seat 2: GuigaMan (big blind) folded before Flop
Seat 4: AIien Hand collected ($2.50)
Seat 5: dreimis190 folded before Flop (didn't bet)
Seat 6: Zvst (button) folded before Flop (didn't bet)



PokerStars Hand #254417254028:  Hold'em No Limit ($0.50/$1.00 USD) - 2025/01/17 18:14:53 WET [2025/01/17 13:14:53 ET]
Table 'Sy III' 6-max Seat #1 is the button
Seat 1: poker_soul11 ($100 in chips) 
Seat 2: GuigaMan ($108 in chips) 
Seat 3: xxxZeka ($100 in chips) 
Seat 4: AIien Hand ($200.11 in chips) 
Seat 5: dreimis190 ($143.76 in chips) 
Seat 6: Zvst ($100 in chips) 
GuigaMan: posts small blind $0.50
xxxZeka: posts big blind $1
*** HOLE CARDS ***
AIien Hand: raises $1.20 to $2.20
dreimis190: folds 
Zvst: folds 
poker_soul11: folds 
GuigaMan: folds 
xxxZeka: folds 
Uncalled bet ($1.20) returned to AIien Hand
AIien Hand collected $2.50 from pot
AIien Hand: doesn't show hand 
*** SUMMARY ***
Total pot $2.50 | Rake $0 
Seat 1: poker_soul11 (button) folded before Flop (didn't bet)
Seat 2: GuigaMan (small blind) folded before Flop
Seat 3: xxxZeka (big blind) folded before Flop
Seat 4: AIien Hand collected ($2.50)
Seat 5: dreimis190 folded before Flop (didn't bet)
Seat 6: Zvst folded before Flop (didn't bet)



PokerStars Hand #254417258704:  Hold'em No Limit ($0.50/$1.00 USD) - 2025/01/17 18:15:11 WET [2025/01/17 13:15:11 ET]
Table 'Sy III' 6-max Seat #2 is the button
Seat 4: AIien Hand ($201.61 in chips) is sitting out
Seat 5: dreimis190 ($143.76 in chips) is sitting out
Seat 6: Zvst ($100 in chips) is sitting out
Seat 1: poker_soul11 ($100 in chips) 
Seat 2: GuigaMan ($107.50 in chips) 
Seat 3: xxxZeka ($100 in chips) 
xxxZeka: posts small blind $0.50
AIien Hand: is sitting out 
dreimis190: is sitting out 
Zvst: is sitting out 
poker_soul11: posts big blind $1
*** HOLE CARDS ***
GuigaMan: folds 
Zvst leaves the table
dreimis190 leaves the table
xxxZeka: folds 
Uncalled bet ($0.50) returned to poker_soul11
poker_soul11 collected $1 from pot
poker_soul11: doesn't show hand 
*** SUMMARY ***
Total pot $1 | Rake $0 
Seat 4: AIien Hand
Seat 5: dreimis190
Seat 6: Zvst
Seat 1: poker_soul11 (big blind) collected ($1)
Seat 2: GuigaMan (button) folded before Flop (didn't bet)
Seat 3: xxxZeka (small blind) folded before Flop



PokerStars Hand #254417260907:  Hold'em No Limit ($0.50/$1.00 USD) - 2025/01/17 18:15:19 WET [2025/01/17 13:15:19 ET]
Table 'Sy III' 6-max Seat #3 is the button
Seat 4: AIien Hand ($201.61 in chips) is sitting out
Seat 1: poker_soul11 ($100.50 in chips) 
Seat 2: GuigaMan ($107.50 in chips) 
Seat 3: xxxZeka ($100 in chips) 
poker_soul11: posts small blind $0.50
GuigaMan: posts big blind $1
*** HOLE CARDS ***
AIien Hand leaves the table
xxxZeka: raises $1.50 to $2.50
poker_soul11: folds 
GuigaMan: raises $8.50 to $11
xxxZeka: calls $8.50
*** FLOP *** [5s 5d Js]
GuigaMan: bets $11.61
xxxZeka: folds 
Uncalled bet ($11.61) returned to GuigaMan
GuigaMan collected $21.50 from pot
*** SUMMARY ***
Total pot $22.50 | Rake $1 
Board [5s 5d Js]
Seat 4: AIien Hand
Seat 1: poker_soul11 (small blind) folded before Flop
Seat 2: GuigaMan (big blind) collected ($21.50)
Seat 3: xxxZeka (button) folded on the Flop



PokerStars Hand #254417271339:  Hold'em No Limit ($0.50/$1.00 USD) - 2025/01/17 18:15:57 WET [2025/01/17 13:15:57 ET]
Table 'Sy III' 6-max Seat #1 is the button
Seat 1: poker_soul11 ($100 in chips) 
Seat 2: GuigaMan ($118 in chips) 
Seat 3: xxxZeka ($100 in chips) 
GuigaMan: posts small blind $0.50
xxxZeka: posts big blind $1
*** HOLE CARDS ***
poker_soul11: folds 
GuigaMan: raises $2 to $3
xxxZeka: folds 
Uncalled bet ($2) returned to GuigaMan
GuigaMan collected $2 from pot
*** SUMMARY ***
Total pot $2 | Rake $0 
Seat 1: poker_soul11 (button) folded before Flop (didn't bet)
Seat 2: GuigaMan (small blind) collected ($2)
Seat 3: xxxZeka (big blind) folded before Flop



PokerStars Hand #254417274920:  Hold'em No Limit ($0.50/$1.00 USD) - 2025/01/17 18:16:10 WET [2025/01/17 13:16:10 ET]
Table 'Sy III' 6-max Seat #2 is the button
Seat 1: poker_soul11 ($100 in chips) 
Seat 2: GuigaMan ($119 in chips) 
Seat 3: xxxZeka ($100 in chips) 
xxxZeka: posts small blind $0.50
poker_soul11: posts big blind $1
*** HOLE CARDS ***
GuigaMan: raises $1.10 to $2.10
xxxZeka: folds 
poker_soul11: folds 
Uncalled bet ($1.10) returned to GuigaMan
GuigaMan collected $2.50 from pot
*** SUMMARY ***
Total pot $2.50 | Rake $0 
Seat 1: poker_soul11 (big blind) folded before Flop
Seat 2: GuigaMan (button) collected ($2.50)
Seat 3: xxxZeka (small blind) folded before Flop



PokerStars Hand #254417277019:  Hold'em No Limit ($0.50/$1.00 USD) - 2025/01/17 18:16:18 WET [2025/01/17 13:16:18 ET]
Table 'Sy III' 6-max Seat #1 is the button
Seat 2: GuigaMan ($120.50 in chips) is sitting out
Seat 1: poker_soul11 ($100 in chips) 
Seat 3: xxxZeka ($100 in chips) 
poker_soul11: posts small blind $0.50
GuigaMan: is sitting out 
xxxZeka: posts big blind $1
*** HOLE CARDS ***
poker_soul11: raises $1.50 to $2.50
GuigaMan leaves the table
xxxZeka: calls $1.50
*** FLOP *** [3s 4d 9c]
xxxZeka: checks 
poker_soul11: checks 
*** TURN *** [3s 4d 9c] [Qc]
xxxZeka: checks 
poker_soul11: bets $3.56
xxxZeka: folds 
Uncalled bet ($3.56) returned to poker_soul11
poker_soul11 collected $4.75 from pot
poker_soul11: doesn't show hand 
*** SUMMARY ***
Total pot $5 | Rake $0.25 
Board [3s 4d 9c Qc]
Seat 2: GuigaMan
Seat 1: poker_soul11 (button) (small blind) collected ($4.75)
Seat 3: xxxZeka (big blind) folded on the Turn



PokerStars Hand #254417287205:  Hold'em No Limit ($0.50/$1.00 USD) - 2025/01/17 18:16:56 WET [2025/01/17 13:16:56 ET]
Table 'Sy III' 6-max Seat #3 is the button
Seat 1: poker_soul11 ($102.25 in chips) 
Seat 3: xxxZeka ($100 in chips) 
xxxZeka: posts small blind $0.50
poker_soul11: posts big blind $1
*** HOLE CARDS ***
xxxZeka: raises $1 to $2
poker_soul11: folds 
Uncalled bet ($1) returned to xxxZeka
xxxZeka collected $2 from pot
xxxZeka: doesn't show hand 
*** SUMMARY ***
Total pot $2 | Rake $0 
Seat 1: poker_soul11 (big blind) folded before Flop
Seat 3: xxxZeka (button) (small blind) collected ($2)



