PokerStars Hand #254411228293:  Hold'em No Limit ($0.50/$1.00 USD) - 2025/01/17 7:32:53 WET [2025/01/17 2:32:53 ET]
Table 'Hugo II' 6-max Seat #3 is the button
Seat 1: Supermegopro ($118.05 in chips) 
Seat 3: Fold Your Cats ($113.51 in chips) 
Seat 5: Steve18212627 ($100 in chips) 
Seat 6: Pon4uk.ua ($100 in chips) 
Steve18212627: posts small blind $0.50
Pon4uk.ua: posts big blind $1
*** HOLE CARDS ***
Supermegopro: folds 
Fold Your Cats: folds 
Supermegopro leaves the table
Steve18212627: raises $1 to $2
Pon4uk.ua: calls $1
*** FLOP *** [2h Kh Kc]
Steve18212627: bets $1.90
Pon4uk.ua: folds 
Uncalled bet ($1.90) returned to Steve18212627
Steve18212627 collected $3.80 from pot
*** SUMMARY ***
Total pot $4 | Rake $0.20 
Board [2h Kh Kc]
Seat 1: Supermegopro folded before Flop (didn't bet)
Seat 3: Fold Your Cats (button) folded before Flop (didn't bet)
Seat 5: Steve18212627 (small blind) collected ($3.80)
Seat 6: Pon4uk.ua (big blind) folded on the Flop



PokerStars Hand #254411231764:  Hold'em No Limit ($0.50/$1.00 USD) - 2025/01/17 7:33:39 WET [2025/01/17 2:33:39 ET]
Table 'Hugo II' 6-max Seat #6 is the button
Seat 3: Fold Your Cats ($113.51 in chips) is sitting out
Seat 5: Steve18212627 ($101.80 in chips) 
Seat 6: Pon4uk.ua ($100 in chips) 
Pon4uk.ua: posts small blind $0.50
Fold Your Cats: is sitting out 
Steve18212627: posts big blind $1
*** HOLE CARDS ***
Fold Your Cats leaves the table
Pon4uk.ua: raises $1.50 to $2.50
Steve18212627: calls $1.50
*** FLOP *** [8h 7h 3h]
Steve18212627: checks 
Pon4uk.ua: bets $1.57
Steve18212627: folds 
Uncalled bet ($1.57) returned to Pon4uk.ua
Pon4uk.ua collected $4.75 from pot
Pon4uk.ua: doesn't show hand 
*** SUMMARY ***
Total pot $5 | Rake $0.25 
Board [8h 7h 3h]
Seat 3: Fold Your Cats
Seat 5: Steve18212627 (big blind) folded on the Flop
Seat 6: Pon4uk.ua (button) (small blind) collected ($4.75)



PokerStars Hand #254411249750:  Hold'em No Limit ($0.50/$1.00 USD) - 2025/01/17 7:37:45 WET [2025/01/17 2:37:45 ET]
Table 'Hugo II' 6-max Seat #3 is the button
Seat 3: trueYes.3970 ($10 in chips) 
Seat 5: nickreason17 ($100 in chips) 
trueYes.3970: posts small blind $0.50
nickreason17: posts big blind $1
*** HOLE CARDS ***
trueYes.3970: calls $0.50
nickreason17: checks 
*** FLOP *** [4c 9d Kd]
nickreason17: checks 
trueYes.3970: checks 
*** TURN *** [4c 9d Kd] [As]
nickreason17: checks 
trueYes.3970: checks 
*** RIVER *** [4c 9d Kd As] [8c]
nickreason17: bets $1
trueYes.3970: calls $1
*** SHOW DOWN ***
nickreason17: shows [6h Tc] (high card Ace)
trueYes.3970: shows [Ks 7s] (a pair of Kings)
trueYes.3970 collected $3.80 from pot
*** SUMMARY ***
Total pot $4 | Rake $0.20 
Board [4c 9d Kd As 8c]
Seat 3: trueYes.3970 (button) (small blind) showed [Ks 7s] and won ($3.80) with a pair of Kings
Seat 5: nickreason17 (big blind) showed [6h Tc] and lost with high card Ace



PokerStars Hand #254411251014:  Hold'em No Limit ($0.50/$1.00 USD) - 2025/01/17 7:38:02 WET [2025/01/17 2:38:02 ET]
Table 'Hugo II' 6-max Seat #5 is the button
Seat 3: trueYes.3970 ($11.80 in chips) 
Seat 5: nickreason17 ($100 in chips) 
nickreason17: posts small blind $0.50
trueYes.3970: posts big blind $1
*** HOLE CARDS ***
nickreason17: calls $0.50
trueYes.3970: checks 
*** FLOP *** [6d Kc 6s]
trueYes.3970: checks 
nickreason17: bets $1
trueYes.3970: calls $1
*** TURN *** [6d Kc 6s] [9h]
trueYes.3970: checks 
nickreason17: checks 
*** RIVER *** [6d Kc 6s 9h] [Qh]
trueYes.3970: bets $2
nickreason17: folds 
Uncalled bet ($2) returned to trueYes.3970
trueYes.3970 collected $3.80 from pot
*** SUMMARY ***
Total pot $4 | Rake $0.20 
Board [6d Kc 6s 9h Qh]
Seat 3: trueYes.3970 (big blind) collected ($3.80)
Seat 5: nickreason17 (button) (small blind) folded on the River



PokerStars Hand #254411252940:  Hold'em No Limit ($0.50/$1.00 USD) - 2025/01/17 7:38:28 WET [2025/01/17 2:38:28 ET]
Table 'Hugo II' 6-max Seat #3 is the button
Seat 3: trueYes.3970 ($13.60 in chips) 
Seat 5: nickreason17 ($100 in chips) 
trueYes.3970: posts small blind $0.50
nickreason17: posts big blind $1
*** HOLE CARDS ***
trueYes.3970: calls $0.50
nickreason17: checks 
*** FLOP *** [3h Js Kd]
nickreason17: checks 
trueYes.3970: checks 
*** TURN *** [3h Js Kd] [2s]
nickreason17: bets $1
trueYes.3970: calls $1
*** RIVER *** [3h Js Kd 2s] [As]
nickreason17: bets $6.50
CashfishT joins the table at seat #4 
trueYes.3970: folds 
Uncalled bet ($6.50) returned to nickreason17
nickreason17 collected $3.80 from pot
nickreason17: doesn't show hand 
*** SUMMARY ***
Total pot $4 | Rake $0.20 
Board [3h Js Kd 2s As]
Seat 3: trueYes.3970 (button) (small blind) folded on the River
Seat 5: nickreason17 (big blind) collected ($3.80)



PokerStars Hand #254411254924:  Hold'em No Limit ($0.50/$1.00 USD) - 2025/01/17 7:38:55 WET [2025/01/17 2:38:55 ET]
Table 'Hugo II' 6-max Seat #5 is the button
Seat 3: trueYes.3970 ($11.60 in chips) 
Seat 4: CashfishT ($100 in chips) 
Seat 5: nickreason17 ($101.80 in chips) 
trueYes.3970: posts small blind $0.50
CashfishT: posts big blind $1
*** HOLE CARDS ***
nickreason17: folds 
trueYes.3970: calls $0.50
CashfishT: checks 
*** FLOP *** [Js 8s 8h]
trueYes.3970: checks 
CashfishT: checks 
*** TURN *** [Js 8s 8h] [Jc]
trueYes.3970: bets $3
CashfishT: folds 
Uncalled bet ($3) returned to trueYes.3970
trueYes.3970 collected $1.90 from pot
*** SUMMARY ***
Total pot $2 | Rake $0.10 
Board [Js 8s 8h Jc]
Seat 3: trueYes.3970 (small blind) collected ($1.90)
Seat 4: CashfishT (big blind) folded on the Turn
Seat 5: nickreason17 (button) folded before Flop (didn't bet)



PokerStars Hand #254411257441:  Hold'em No Limit ($0.50/$1.00 USD) - 2025/01/17 7:39:29 WET [2025/01/17 2:39:29 ET]
Table 'Hugo II' 6-max Seat #3 is the button
Seat 3: trueYes.3970 ($12.50 in chips) 
Seat 4: CashfishT ($100 in chips) 
Seat 5: nickreason17 ($101.80 in chips) 
CashfishT: posts small blind $0.50
nickreason17: posts big blind $1
*** HOLE CARDS ***
trueYes.3970: raises $2.50 to $3.50
CashfishT: folds 
nickreason17: folds 
Uncalled bet ($2.50) returned to trueYes.3970
Supermegopro joins the table at seat #6 
trueYes.3970 collected $2.50 from pot
*** SUMMARY ***
Total pot $2.50 | Rake $0 
Seat 3: trueYes.3970 (button) collected ($2.50)
Seat 4: CashfishT (small blind) folded before Flop
Seat 5: nickreason17 (big blind) folded before Flop



PokerStars Hand #254411258200:  Hold'em No Limit ($0.50/$1.00 USD) - 2025/01/17 7:39:39 WET [2025/01/17 2:39:39 ET]
Table 'Hugo II' 6-max Seat #4 is the button
Seat 3: trueYes.3970 ($14 in chips) 
Seat 4: CashfishT ($100 in chips) 
Seat 5: nickreason17 ($100.80 in chips) 
Seat 6: Supermegopro ($118.05 in chips) 
nickreason17: posts small blind $0.50
Supermegopro: posts big blind $1
*** HOLE CARDS ***
trueYes.3970: folds 
CashfishT: raises $1.20 to $2.20
nickreason17: folds 
Supermegopro: folds 
Uncalled bet ($1.20) returned to CashfishT
CashfishT collected $2.50 from pot
CashfishT: doesn't show hand 
*** SUMMARY ***
Total pot $2.50 | Rake $0 
Seat 3: trueYes.3970 folded before Flop (didn't bet)
Seat 4: CashfishT (button) collected ($2.50)
Seat 5: nickreason17 (small blind) folded before Flop
Seat 6: Supermegopro (big blind) folded before Flop



PokerStars Hand #254411259322:  Hold'em No Limit ($0.50/$1.00 USD) - 2025/01/17 7:39:55 WET [2025/01/17 2:39:55 ET]
Table 'Hugo II' 6-max Seat #5 is the button
Seat 3: trueYes.3970 ($14 in chips) 
Seat 4: CashfishT ($101.50 in chips) 
Seat 5: nickreason17 ($100.30 in chips) 
Seat 6: Supermegopro ($117.05 in chips) 
Supermegopro: posts small blind $0.50
trueYes.3970: posts big blind $1
*** HOLE CARDS ***
CashfishT: raises $1.20 to $2.20
nickreason17: folds 
Supermegopro: raises $9.80 to $12
trueYes.3970: folds 
CashfishT: raises $14 to $26
Supermegopro: folds 
Uncalled bet ($14) returned to CashfishT
CashfishT collected $25 from pot
CashfishT: doesn't show hand 
*** SUMMARY ***
Total pot $25 | Rake $0 
Seat 3: trueYes.3970 (big blind) folded before Flop
Seat 4: CashfishT collected ($25)
Seat 5: nickreason17 (button) folded before Flop (didn't bet)
Seat 6: Supermegopro (small blind) folded before Flop



PokerStars Hand #254411261432:  Hold'em No Limit ($0.50/$1.00 USD) - 2025/01/17 7:40:24 WET [2025/01/17 2:40:24 ET]
Table 'Hugo II' 6-max Seat #6 is the button
Seat 3: trueYes.3970 ($13 in chips) 
Seat 4: CashfishT ($114.50 in chips) 
Seat 5: nickreason17 ($100.30 in chips) 
Seat 6: Supermegopro ($105.05 in chips) 
trueYes.3970: posts small blind $0.50
CashfishT: posts big blind $1
*** HOLE CARDS ***
nickreason17: folds 
Supermegopro: raises $1.50 to $2.50
trueYes.3970: calls $2
CashfishT: calls $1.50
*** FLOP *** [4h 9h Jh]
trueYes.3970: checks 
CashfishT: checks 
Supermegopro: checks 
*** TURN *** [4h 9h Jh] [9d]
trueYes.3970: bets $3.56
CashfishT: raises $7.12 to $10.68
Supermegopro: folds 
trueYes.3970: calls $6.94 and is all-in
Uncalled bet ($0.18) returned to CashfishT
*** RIVER *** [4h 9h Jh 9d] [4s]
*** SHOW DOWN ***
trueYes.3970: shows [As 5h] (two pair, Nines and Fours)
CashfishT: shows [9s 7s] (a full house, Nines full of Fours)
CashfishT collected $27.50 from pot
*** SUMMARY ***
Total pot $28.50 | Rake $1 
Board [4h 9h Jh 9d 4s]
Seat 3: trueYes.3970 (small blind) showed [As 5h] and lost with two pair, Nines and Fours
Seat 4: CashfishT (big blind) showed [9s 7s] and won ($27.50) with a full house, Nines full of Fours
Seat 5: nickreason17 folded before Flop (didn't bet)
Seat 6: Supermegopro (button) folded on the Turn



PokerStars Hand #254411264365:  Hold'em No Limit ($0.50/$1.00 USD) - 2025/01/17 7:41:04 WET [2025/01/17 2:41:04 ET]
Table 'Hugo II' 6-max Seat #4 is the button
Seat 3: trueYes.3970 ($0 in chips) is sitting out
Seat 4: CashfishT ($129 in chips) 
Seat 5: nickreason17 ($100.30 in chips) 
Seat 6: Supermegopro ($102.55 in chips) 
nickreason17: posts small blind $0.50
Supermegopro: posts big blind $1
*** HOLE CARDS ***
CashfishT: raises $1.20 to $2.20
nickreason17: folds 
Supermegopro: folds 
Uncalled bet ($1.20) returned to CashfishT
CashfishT collected $2.50 from pot
CashfishT: doesn't show hand 
*** SUMMARY ***
Total pot $2.50 | Rake $0 
Seat 3: trueYes.3970
Seat 4: CashfishT (button) collected ($2.50)
Seat 5: nickreason17 (small blind) folded before Flop
Seat 6: Supermegopro (big blind) folded before Flop



PokerStars Hand #254411265230:  Hold'em No Limit ($0.50/$1.00 USD) - 2025/01/17 7:41:16 WET [2025/01/17 2:41:16 ET]
Table 'Hugo II' 6-max Seat #5 is the button
Seat 3: trueYes.3970 ($0 in chips) is sitting out
Seat 4: CashfishT ($130.50 in chips) 
Seat 5: nickreason17 ($100 in chips) 
Seat 6: Supermegopro ($101.55 in chips) 
Supermegopro: posts small blind $0.50
CashfishT: posts big blind $1
*** HOLE CARDS ***
nickreason17: folds 
Supermegopro: folds 
Uncalled bet ($0.50) returned to CashfishT
CashfishT collected $1 from pot
CashfishT: doesn't show hand 
trueYes.3970 leaves the table
*** SUMMARY ***
Total pot $1 | Rake $0 
Seat 3: trueYes.3970
Seat 4: CashfishT (big blind) collected ($1)
Seat 5: nickreason17 (button) folded before Flop (didn't bet)
Seat 6: Supermegopro (small blind) folded before Flop



PokerStars Hand #254411265966:  Hold'em No Limit ($0.50/$1.00 USD) - 2025/01/17 7:41:25 WET [2025/01/17 2:41:25 ET]
Table 'Hugo II' 6-max Seat #4 is the button
Seat 5: nickreason17 ($100 in chips) is sitting out
Seat 4: CashfishT ($131 in chips) 
Seat 6: Supermegopro ($101.05 in chips) 
CashfishT: posts small blind $0.50
nickreason17: is sitting out 
Supermegopro: posts big blind $1
*** HOLE CARDS ***
nickreason17 leaves the table
CashfishT: folds 
Uncalled bet ($0.50) returned to Supermegopro
Supermegopro collected $1 from pot
Supermegopro: doesn't show hand 
*** SUMMARY ***
Total pot $1 | Rake $0 
Seat 5: nickreason17
Seat 4: CashfishT (button) (small blind) folded before Flop
Seat 6: Supermegopro (big blind) collected ($1)



PokerStars Hand #254411375123:  Hold'em No Limit ($0.50/$1.00 USD) - 2025/01/17 8:06:17 WET [2025/01/17 3:06:17 ET]
Table 'Hugo II' 6-max Seat #6 is the button
Seat 1: Unicorneagle ($100 in chips) 
Seat 6: Supermegopro ($101.55 in chips) 
Supermegopro: posts small blind $0.50
Unicorneagle: posts big blind $1
*** HOLE CARDS ***
G.HANSEN333 joins the table at seat #2 
Supermegopro: raises $1.50 to $2.50
Unicorneagle: calls $1.50
*** FLOP *** [5s Qc Js]
Unicorneagle: checks 
Supermegopro: checks 
*** TURN *** [5s Qc Js] [3d]
Unicorneagle: checks 
Supermegopro: bets $9.50
Unicorneagle: calls $9.50
*** RIVER *** [5s Qc Js 3d] [Ks]
trillnaz joins the table at seat #3 
Unicorneagle: checks 
trillnaz is disconnected 
Supermegopro: checks 
*** SHOW DOWN ***
Unicorneagle: shows [6s Jh] (a pair of Jacks)
Supermegopro: mucks hand 
Unicorneagle collected $23 from pot
*** SUMMARY ***
Total pot $24 | Rake $1 
Board [5s Qc Js 3d Ks]
Seat 1: Unicorneagle (big blind) showed [6s Jh] and won ($23) with a pair of Jacks
Seat 6: Supermegopro (button) (small blind) mucked



PokerStars Hand #254411377970:  Hold'em No Limit ($0.50/$1.00 USD) - 2025/01/17 8:06:55 WET [2025/01/17 3:06:55 ET]
Table 'Hugo II' 6-max Seat #6 is the button
Seat 1: Unicorneagle ($111 in chips) 
Seat 2: G.HANSEN333 ($100 in chips) 
Seat 3: trillnaz ($62.08 in chips) 
Seat 6: Supermegopro ($100 in chips) 
KarP93 joins the table at seat #4 
Unicorneagle: posts small blind $0.50
G.HANSEN333: posts big blind $1
trillnaz: posts big blind $1
*** HOLE CARDS ***
trillnaz: checks 
Supermegopro: folds 
Unicorneagle: raises $2 to $3
G.HANSEN333: folds 
nickreason17 joins the table at seat #5 
trillnaz: calls $2
*** FLOP *** [4d 2c 3d]
Unicorneagle: bets $3.33
trillnaz: calls $3.33
*** TURN *** [4d 2c 3d] [Jh]
Unicorneagle: bets $6.49
trillnaz: calls $6.49
*** RIVER *** [4d 2c 3d Jh] [4c]
Unicorneagle: bets $19
trillnaz: calls $19
*** SHOW DOWN ***
Unicorneagle: shows [Ah 7s] (a pair of Fours)
trillnaz: shows [Ac 5c] (a straight, Ace to Five)
trillnaz collected $63.64 from pot
*** SUMMARY ***
Total pot $64.64 | Rake $1 
Board [4d 2c 3d Jh 4c]
Seat 1: Unicorneagle (small blind) showed [Ah 7s] and lost with a pair of Fours
Seat 2: G.HANSEN333 (big blind) folded before Flop
Seat 3: trillnaz showed [Ac 5c] and won ($63.64) with a straight, Ace to Five
Seat 6: Supermegopro (button) folded before Flop (didn't bet)



PokerStars Hand #254411381748:  Hold'em No Limit ($0.50/$1.00 USD) - 2025/01/17 8:07:46 WET [2025/01/17 3:07:46 ET]
Table 'Hugo II' 6-max Seat #1 is the button
Seat 4: KarP93 ($100 in chips) is sitting out
Seat 5: nickreason17 ($100 in chips) is sitting out
Seat 1: Unicorneagle ($79.18 in chips) 
Seat 2: G.HANSEN333 ($100 in chips) 
Seat 3: trillnaz ($93.90 in chips) 
Seat 6: Supermegopro ($100 in chips) 
G.HANSEN333: posts small blind $0.50
trillnaz: posts big blind $1
KarP93: sits out 
nickreason17: sits out 
*** HOLE CARDS ***
Supermegopro: folds 
Unicorneagle: folds 
G.HANSEN333: raises $2 to $3
trillnaz: calls $2
*** FLOP *** [Jd 8c Kd]
G.HANSEN333: checks 
trillnaz: bets $2.85
G.HANSEN333: folds 
Uncalled bet ($2.85) returned to trillnaz
trillnaz collected $5.70 from pot
trillnaz: doesn't show hand 
*** SUMMARY ***
Total pot $6 | Rake $0.30 
Board [Jd 8c Kd]
Seat 4: KarP93
Seat 5: nickreason17
Seat 1: Unicorneagle (button) folded before Flop (didn't bet)
Seat 2: G.HANSEN333 (small blind) folded on the Flop
Seat 3: trillnaz (big blind) collected ($5.70)
Seat 6: Supermegopro folded before Flop (didn't bet)



PokerStars Hand #254411383472:  Hold'em No Limit ($0.50/$1.00 USD) - 2025/01/17 8:08:09 WET [2025/01/17 3:08:09 ET]
Table 'Hugo II' 6-max Seat #2 is the button
Seat 5: nickreason17 ($100 in chips) is sitting out
Seat 1: Unicorneagle ($86.65 in chips) 
Seat 2: G.HANSEN333 ($100 in chips) 
Seat 3: trillnaz ($96.60 in chips) 
Seat 4: KarP93 ($100 in chips) 
Seat 6: Supermegopro ($100 in chips) 
trillnaz: posts small blind $0.50
KarP93: posts big blind $1
nickreason17: sits out 
*** HOLE CARDS ***
Supermegopro: raises $1.50 to $2.50
Unicorneagle: folds 
G.HANSEN333: folds 
trillnaz: calls $2
KarP93: folds 
*** FLOP *** [Qh 2c 8h]
trillnaz: checks 
Supermegopro: bets $1.88
trillnaz: calls $1.88
*** TURN *** [Qh 2c 8h] [Ac]
trillnaz: checks 
Supermegopro: checks 
*** RIVER *** [Qh 2c 8h Ac] [Qs]
trillnaz: bets $9.27
Supermegopro: calls $9.27
*** SHOW DOWN ***
trillnaz: shows [Js Kd] (a pair of Queens)
Supermegopro: shows [9d 9h] (two pair, Queens and Nines)
Supermegopro collected $26.88 from pot
*** SUMMARY ***
Total pot $28.30 | Rake $1.42 
Board [Qh 2c 8h Ac Qs]
Seat 5: nickreason17
Seat 1: Unicorneagle folded before Flop (didn't bet)
Seat 2: G.HANSEN333 (button) folded before Flop (didn't bet)
Seat 3: trillnaz (small blind) showed [Js Kd] and lost with a pair of Queens
Seat 4: KarP93 (big blind) folded before Flop
Seat 6: Supermegopro showed [9d 9h] and won ($26.88) with two pair, Queens and Nines



PokerStars Hand #254411386978:  Hold'em No Limit ($0.50/$1.00 USD) - 2025/01/17 8:08:55 WET [2025/01/17 3:08:55 ET]
Table 'Hugo II' 6-max Seat #3 is the button
Seat 1: Unicorneagle ($86.65 in chips) 
Seat 2: G.HANSEN333 ($100 in chips) 
Seat 3: trillnaz ($82.95 in chips) 
Seat 4: KarP93 ($100 in chips) 
Seat 5: nickreason17 ($100 in chips) 
Seat 6: Supermegopro ($113.23 in chips) 
KarP93: posts small blind $0.50
nickreason17: posts big blind $1
*** HOLE CARDS ***
Supermegopro: raises $1.50 to $2.50
Unicorneagle: folds 
G.HANSEN333: folds 
trillnaz: calls $2.50
KarP93: calls $2
nickreason17: folds 
*** FLOP *** [3h 3d 8h]
KarP93: bets $2.67
Supermegopro: folds 
trillnaz: calls $2.67
*** TURN *** [3h 3d 8h] [Kc]
KarP93: checks 
trillnaz: checks 
*** RIVER *** [3h 3d 8h Kc] [As]
KarP93: checks 
trillnaz: checks 
*** SHOW DOWN ***
KarP93: shows [7c 8c] (two pair, Eights and Threes)
trillnaz: mucks hand 
KarP93 collected $13.15 from pot
*** SUMMARY ***
Total pot $13.84 | Rake $0.69 
Board [3h 3d 8h Kc As]
Seat 1: Unicorneagle folded before Flop (didn't bet)
Seat 2: G.HANSEN333 folded before Flop (didn't bet)
Seat 3: trillnaz (button) mucked
Seat 4: KarP93 (small blind) showed [7c 8c] and won ($13.15) with two pair, Eights and Threes
Seat 5: nickreason17 (big blind) folded before Flop
Seat 6: Supermegopro folded on the Flop



PokerStars Hand #254411390545:  Hold'em No Limit ($0.50/$1.00 USD) - 2025/01/17 8:09:40 WET [2025/01/17 3:09:40 ET]
Table 'Hugo II' 6-max Seat #4 is the button
Seat 6: Supermegopro ($110.73 in chips) is sitting out
Seat 1: Unicorneagle ($86.65 in chips) 
Seat 2: G.HANSEN333 ($100 in chips) 
Seat 3: trillnaz ($77.78 in chips) 
Seat 4: KarP93 ($107.98 in chips) 
Seat 5: nickreason17 ($100 in chips) 
nickreason17: posts small blind $0.50
Supermegopro: is sitting out 
Unicorneagle: posts big blind $1
*** HOLE CARDS ***
G.HANSEN333: raises $1.50 to $2.50
trillnaz: folds 
KarP93: folds 
nickreason17: folds 
Unicorneagle: folds 
Uncalled bet ($1.50) returned to G.HANSEN333
G.HANSEN333 collected $2.50 from pot
G.HANSEN333: doesn't show hand 
*** SUMMARY ***
Total pot $2.50 | Rake $0 
Seat 6: Supermegopro
Seat 1: Unicorneagle (big blind) folded before Flop
Seat 2: G.HANSEN333 collected ($2.50)
Seat 3: trillnaz folded before Flop (didn't bet)
Seat 4: KarP93 (button) folded before Flop (didn't bet)
Seat 5: nickreason17 (small blind) folded before Flop



PokerStars Hand #254411391854:  Hold'em No Limit ($0.50/$1.00 USD) - 2025/01/17 8:09:57 WET [2025/01/17 3:09:57 ET]
Table 'Hugo II' 6-max Seat #5 is the button
Seat 6: Supermegopro ($110.73 in chips) is sitting out
Seat 1: Unicorneagle ($85.65 in chips) 
Seat 2: G.HANSEN333 ($101.50 in chips) 
Seat 3: trillnaz ($77.78 in chips) 
Seat 4: KarP93 ($107.98 in chips) 
Seat 5: nickreason17 ($100 in chips) 
Unicorneagle: posts small blind $0.50
G.HANSEN333: posts big blind $1
*** HOLE CARDS ***
trillnaz: folds 
KarP93: raises $1.50 to $2.50
nickreason17: folds 
Unicorneagle: folds 
G.HANSEN333: raises $8.50 to $11
KarP93: folds 
Uncalled bet ($8.50) returned to G.HANSEN333
G.HANSEN333 collected $5.50 from pot
G.HANSEN333: doesn't show hand 
*** SUMMARY ***
Total pot $5.50 | Rake $0 
Seat 6: Supermegopro
Seat 1: Unicorneagle (small blind) folded before Flop
Seat 2: G.HANSEN333 (big blind) collected ($5.50)
Seat 3: trillnaz folded before Flop (didn't bet)
Seat 4: KarP93 folded before Flop
Seat 5: nickreason17 (button) folded before Flop (didn't bet)



PokerStars Hand #254411395130:  Hold'em No Limit ($0.50/$1.00 USD) - 2025/01/17 8:10:39 WET [2025/01/17 3:10:39 ET]
Table 'Hugo II' 6-max Seat #1 is the button
Seat 6: Supermegopro ($110.73 in chips) is sitting out
Seat 1: Unicorneagle ($85.15 in chips) 
Seat 2: G.HANSEN333 ($104.50 in chips) 
Seat 3: trillnaz ($77.78 in chips) 
Seat 4: KarP93 ($105.48 in chips) 
Seat 5: nickreason17 ($100 in chips) 
G.HANSEN333: posts small blind $0.50
trillnaz: posts big blind $1
*** HOLE CARDS ***
KarP93: raises $1.50 to $2.50
nickreason17: folds 
Unicorneagle: folds 
G.HANSEN333: folds 
trillnaz: calls $1.50
*** FLOP *** [7h 2c 5d]
trillnaz: checks 
KarP93: checks 
*** TURN *** [7h 2c 5d] [9d]
Supermegopro leaves the table
trillnaz: checks 
KarP93: checks 
*** RIVER *** [7h 2c 5d 9d] [Jc]
trillnaz: checks 
CashfishT joins the table at seat #6 
KarP93: checks 
*** SHOW DOWN ***
trillnaz: shows [Ad 4h] (high card Ace)
KarP93: shows [Ah Th] (high card Ace - Jack+Ten kicker)
KarP93 collected $5.22 from pot
*** SUMMARY ***
Total pot $5.50 | Rake $0.28 
Board [7h 2c 5d 9d Jc]
Seat 6: Supermegopro
Seat 1: Unicorneagle (button) folded before Flop (didn't bet)
Seat 2: G.HANSEN333 (small blind) folded before Flop
Seat 3: trillnaz (big blind) showed [Ad 4h] and lost with high card Ace
Seat 4: KarP93 showed [Ah Th] and won ($5.22) with high card Ace
Seat 5: nickreason17 folded before Flop (didn't bet)



PokerStars Hand #254411399144:  Hold'em No Limit ($0.50/$1.00 USD) - 2025/01/17 8:11:31 WET [2025/01/17 3:11:31 ET]
Table 'Hugo II' 6-max Seat #2 is the button
Seat 6: CashfishT ($130.50 in chips) is sitting out
Seat 1: Unicorneagle ($85.15 in chips) 
Seat 2: G.HANSEN333 ($104 in chips) 
Seat 3: trillnaz ($75.28 in chips) 
Seat 4: KarP93 ($108.20 in chips) 
Seat 5: nickreason17 ($100 in chips) 
trillnaz: posts small blind $0.50
KarP93: posts big blind $1
CashfishT: sits out 
*** HOLE CARDS ***
nickreason17: folds 
Unicorneagle: folds 
G.HANSEN333: raises $1.50 to $2.50
trillnaz: folds 
KarP93: folds 
Uncalled bet ($1.50) returned to G.HANSEN333
G.HANSEN333 collected $2.50 from pot
G.HANSEN333: doesn't show hand 
*** SUMMARY ***
Total pot $2.50 | Rake $0 
Seat 6: CashfishT
Seat 1: Unicorneagle folded before Flop (didn't bet)
Seat 2: G.HANSEN333 (button) collected ($2.50)
Seat 3: trillnaz (small blind) folded before Flop
Seat 4: KarP93 (big blind) folded before Flop
Seat 5: nickreason17 folded before Flop (didn't bet)



PokerStars Hand #254411400518:  Hold'em No Limit ($0.50/$1.00 USD) - 2025/01/17 8:11:48 WET [2025/01/17 3:11:48 ET]
Table 'Hugo II' 6-max Seat #3 is the button
Seat 6: CashfishT ($130.50 in chips) is sitting out
Seat 1: Unicorneagle ($85.15 in chips) 
Seat 2: G.HANSEN333 ($105.50 in chips) 
Seat 3: trillnaz ($74.78 in chips) 
Seat 4: KarP93 ($107.20 in chips) 
Seat 5: nickreason17 ($100 in chips) 
KarP93: posts small blind $0.50
nickreason17: posts big blind $1
CashfishT: sits out 
*** HOLE CARDS ***
Unicorneagle: folds 
G.HANSEN333: raises $1.50 to $2.50
trillnaz: calls $2.50
KarP93: raises $9.50 to $12
nickreason17: folds 
G.HANSEN333: folds 
trillnaz: calls $9.50
*** FLOP *** [6h 4h 5d]
KarP93: checks 
trillnaz: checks 
*** TURN *** [6h 4h 5d] [9c]
KarP93: checks 
trillnaz: checks 
*** RIVER *** [6h 4h 5d 9c] [Kh]
KarP93: checks 
trillnaz: checks 
*** SHOW DOWN ***
KarP93: shows [Qc Ah] (high card Ace)
trillnaz: shows [6s Qs] (a pair of Sixes)
trillnaz collected $26.12 from pot
*** SUMMARY ***
Total pot $27.50 | Rake $1.38 
Board [6h 4h 5d 9c Kh]
Seat 6: CashfishT
Seat 1: Unicorneagle folded before Flop (didn't bet)
Seat 2: G.HANSEN333 folded before Flop
Seat 3: trillnaz (button) showed [6s Qs] and won ($26.12) with a pair of Sixes
Seat 4: KarP93 (small blind) showed [Qc Ah] and lost with high card Ace
Seat 5: nickreason17 (big blind) folded before Flop



PokerStars Hand #254411406305:  Hold'em No Limit ($0.50/$1.00 USD) - 2025/01/17 8:13:02 WET [2025/01/17 3:13:02 ET]
Table 'Hugo II' 6-max Seat #4 is the button
Seat 1: Unicorneagle ($85.15 in chips) 
Seat 2: G.HANSEN333 ($103 in chips) 
Seat 3: trillnaz ($88.90 in chips) 
Seat 4: KarP93 ($100 in chips) 
Seat 5: nickreason17 ($100 in chips) 
Seat 6: CashfishT ($130.50 in chips) 
nickreason17: posts small blind $0.50
CashfishT: posts big blind $1
*** HOLE CARDS ***
Unicorneagle: folds 
G.HANSEN333: raises $1.50 to $2.50
trillnaz: folds 
KarP93: folds 
nickreason17: folds 
CashfishT: folds 
Uncalled bet ($1.50) returned to G.HANSEN333
G.HANSEN333 collected $2.50 from pot
G.HANSEN333: doesn't show hand 
*** SUMMARY ***
Total pot $2.50 | Rake $0 
Seat 1: Unicorneagle folded before Flop (didn't bet)
Seat 2: G.HANSEN333 collected ($2.50)
Seat 3: trillnaz folded before Flop (didn't bet)
Seat 4: KarP93 (button) folded before Flop (didn't bet)
Seat 5: nickreason17 (small blind) folded before Flop
Seat 6: CashfishT (big blind) folded before Flop



PokerStars Hand #254411407370:  Hold'em No Limit ($0.50/$1.00 USD) - 2025/01/17 8:13:15 WET [2025/01/17 3:13:15 ET]
Table 'Hugo II' 6-max Seat #5 is the button
Seat 1: Unicorneagle ($85.15 in chips) 
Seat 2: G.HANSEN333 ($104.50 in chips) 
Seat 3: trillnaz ($88.90 in chips) 
Seat 4: KarP93 ($100 in chips) 
Seat 5: nickreason17 ($100 in chips) 
Seat 6: CashfishT ($129.50 in chips) 
CashfishT: posts small blind $0.50
Unicorneagle: posts big blind $1
*** HOLE CARDS ***
G.HANSEN333: raises $1.50 to $2.50
trillnaz: folds 
KarP93: folds 
nickreason17: folds 
CashfishT: folds 
Unicorneagle: folds 
Uncalled bet ($1.50) returned to G.HANSEN333
G.HANSEN333 collected $2.50 from pot
G.HANSEN333: doesn't show hand 
*** SUMMARY ***
Total pot $2.50 | Rake $0 
Seat 1: Unicorneagle (big blind) folded before Flop
Seat 2: G.HANSEN333 collected ($2.50)
Seat 3: trillnaz folded before Flop (didn't bet)
Seat 4: KarP93 folded before Flop (didn't bet)
Seat 5: nickreason17 (button) folded before Flop (didn't bet)
Seat 6: CashfishT (small blind) folded before Flop



PokerStars Hand #254411408580:  Hold'em No Limit ($0.50/$1.00 USD) - 2025/01/17 8:13:31 WET [2025/01/17 3:13:31 ET]
Table 'Hugo II' 6-max Seat #6 is the button
Seat 1: Unicorneagle ($84.15 in chips) 
Seat 2: G.HANSEN333 ($106 in chips) 
Seat 3: trillnaz ($88.90 in chips) 
Seat 4: KarP93 ($100 in chips) 
Seat 5: nickreason17 ($100 in chips) 
Seat 6: CashfishT ($129 in chips) 
Unicorneagle: posts small blind $0.50
G.HANSEN333: posts big blind $1
*** HOLE CARDS ***
trillnaz: folds 
KarP93: folds 
nickreason17: folds 
CashfishT: raises $1.20 to $2.20
Unicorneagle: calls $1.70
G.HANSEN333: calls $1.20
*** FLOP *** [Kc Js 2h]
Unicorneagle: checks 
G.HANSEN333: checks 
CashfishT: bets $3.14
Unicorneagle: folds 
G.HANSEN333: folds 
Uncalled bet ($3.14) returned to CashfishT
CashfishT collected $6.27 from pot
CashfishT: doesn't show hand 
*** SUMMARY ***
Total pot $6.60 | Rake $0.33 
Board [Kc Js 2h]
Seat 1: Unicorneagle (small blind) folded on the Flop
Seat 2: G.HANSEN333 (big blind) folded on the Flop
Seat 3: trillnaz folded before Flop (didn't bet)
Seat 4: KarP93 folded before Flop (didn't bet)
Seat 5: nickreason17 folded before Flop (didn't bet)
Seat 6: CashfishT (button) collected ($6.27)



PokerStars Hand #254411410592:  Hold'em No Limit ($0.50/$1.00 USD) - 2025/01/17 8:13:56 WET [2025/01/17 3:13:56 ET]
Table 'Hugo II' 6-max Seat #1 is the button
Seat 1: Unicorneagle ($81.95 in chips) 
Seat 2: G.HANSEN333 ($103.80 in chips) 
Seat 3: trillnaz ($88.90 in chips) 
Seat 4: KarP93 ($100 in chips) 
Seat 5: nickreason17 ($100 in chips) 
Seat 6: CashfishT ($133.07 in chips) 
G.HANSEN333: posts small blind $0.50
trillnaz: posts big blind $1
*** HOLE CARDS ***
KarP93: folds 
nickreason17: folds 
CashfishT: folds 
Unicorneagle: raises $2 to $3
G.HANSEN333: folds 
trillnaz: folds 
Uncalled bet ($2) returned to Unicorneagle
Unicorneagle collected $2.50 from pot
*** SUMMARY ***
Total pot $2.50 | Rake $0 
Seat 1: Unicorneagle (button) collected ($2.50)
Seat 2: G.HANSEN333 (small blind) folded before Flop
Seat 3: trillnaz (big blind) folded before Flop
Seat 4: KarP93 folded before Flop (didn't bet)
Seat 5: nickreason17 folded before Flop (didn't bet)
Seat 6: CashfishT folded before Flop (didn't bet)



PokerStars Hand #254411411887:  Hold'em No Limit ($0.50/$1.00 USD) - 2025/01/17 8:14:13 WET [2025/01/17 3:14:13 ET]
Table 'Hugo II' 6-max Seat #2 is the button
Seat 1: Unicorneagle ($83.45 in chips) 
Seat 2: G.HANSEN333 ($103.30 in chips) 
Seat 3: trillnaz ($87.90 in chips) 
Seat 4: KarP93 ($100 in chips) 
Seat 5: nickreason17 ($100 in chips) 
Seat 6: CashfishT ($133.07 in chips) 
trillnaz: posts small blind $0.50
KarP93: posts big blind $1
*** HOLE CARDS ***
nickreason17: folds 
CashfishT: folds 
Unicorneagle: raises $2 to $3
G.HANSEN333: folds 
trillnaz: calls $2.50
KarP93: folds 
*** FLOP *** [3h 7s 8d]
trillnaz: checks 
Unicorneagle: bets $3.33
trillnaz: calls $3.33
*** TURN *** [3h 7s 8d] [6d]
trillnaz: checks 
Unicorneagle: bets $6.49
trillnaz: folds 
Uncalled bet ($6.49) returned to Unicorneagle
Unicorneagle collected $12.98 from pot
*** SUMMARY ***
Total pot $13.66 | Rake $0.68 
Board [3h 7s 8d 6d]
Seat 1: Unicorneagle collected ($12.98)
Seat 2: G.HANSEN333 (button) folded before Flop (didn't bet)
Seat 3: trillnaz (small blind) folded on the Turn
Seat 4: KarP93 (big blind) folded before Flop
Seat 5: nickreason17 folded before Flop (didn't bet)
Seat 6: CashfishT folded before Flop (didn't bet)



PokerStars Hand #254411414615:  Hold'em No Limit ($0.50/$1.00 USD) - 2025/01/17 8:14:48 WET [2025/01/17 3:14:48 ET]
Table 'Hugo II' 6-max Seat #3 is the button
Seat 1: Unicorneagle ($90.10 in chips) 
Seat 2: G.HANSEN333 ($103.30 in chips) 
Seat 3: trillnaz ($81.57 in chips) 
Seat 4: KarP93 ($100 in chips) 
Seat 5: nickreason17 ($100 in chips) 
Seat 6: CashfishT ($133.07 in chips) 
KarP93: posts small blind $0.50
nickreason17: posts big blind $1
*** HOLE CARDS ***
CashfishT: folds 
Unicorneagle: folds 
G.HANSEN333: folds 
trillnaz: raises $2 to $3
KarP93: folds 
nickreason17: folds 
Uncalled bet ($2) returned to trillnaz
trillnaz collected $2.50 from pot
trillnaz: doesn't show hand 
*** SUMMARY ***
Total pot $2.50 | Rake $0 
Seat 1: Unicorneagle folded before Flop (didn't bet)
Seat 2: G.HANSEN333 folded before Flop (didn't bet)
Seat 3: trillnaz (button) collected ($2.50)
Seat 4: KarP93 (small blind) folded before Flop
Seat 5: nickreason17 (big blind) folded before Flop
Seat 6: CashfishT folded before Flop (didn't bet)



PokerStars Hand #254411416744:  Hold'em No Limit ($0.50/$1.00 USD) - 2025/01/17 8:15:15 WET [2025/01/17 3:15:15 ET]
Table 'Hugo II' 6-max Seat #4 is the button
Seat 1: Unicorneagle ($90.10 in chips) 
Seat 2: G.HANSEN333 ($103.30 in chips) 
Seat 3: trillnaz ($83.07 in chips) 
Seat 4: KarP93 ($100 in chips) 
Seat 5: nickreason17 ($100 in chips) 
Seat 6: CashfishT ($133.07 in chips) 
nickreason17: posts small blind $0.50
CashfishT: posts big blind $1
*** HOLE CARDS ***
Unicorneagle: folds 
G.HANSEN333: folds 
trillnaz: calls $1
KarP93: raises $4 to $5
nickreason17: folds 
CashfishT: folds 
trillnaz: calls $4
*** FLOP *** [3h Kh 7s]
trillnaz: checks 
KarP93: bets $8.19
trillnaz: calls $8.19
*** TURN *** [3h Kh 7s] [Ks]
trillnaz: checks 
KarP93: checks 
*** RIVER *** [3h Kh 7s Ks] [7h]
trillnaz: bets $30.49
KarP93: folds 
Uncalled bet ($30.49) returned to trillnaz
trillnaz collected $26.49 from pot
trillnaz: doesn't show hand 
*** SUMMARY ***
Total pot $27.88 | Rake $1.39 
Board [3h Kh 7s Ks 7h]
Seat 1: Unicorneagle folded before Flop (didn't bet)
Seat 2: G.HANSEN333 folded before Flop (didn't bet)
Seat 3: trillnaz collected ($26.49)
Seat 4: KarP93 (button) folded on the River
Seat 5: nickreason17 (small blind) folded before Flop
Seat 6: CashfishT (big blind) folded before Flop



PokerStars Hand #254411421316:  Hold'em No Limit ($0.50/$1.00 USD) - 2025/01/17 8:16:13 WET [2025/01/17 3:16:13 ET]
Table 'Hugo II' 6-max Seat #5 is the button
Seat 1: Unicorneagle ($90.10 in chips) 
Seat 2: G.HANSEN333 ($103.30 in chips) 
Seat 3: trillnaz ($96.37 in chips) 
Seat 4: KarP93 ($100 in chips) 
Seat 5: nickreason17 ($100 in chips) 
Seat 6: CashfishT ($132.07 in chips) 
CashfishT: posts small blind $0.50
Unicorneagle: posts big blind $1
*** HOLE CARDS ***
G.HANSEN333: folds 
trillnaz: calls $1
KarP93: raises $4 to $5
nickreason17: folds 
CashfishT: folds 
Unicorneagle: folds 
trillnaz: calls $4
*** FLOP *** [Qh 2h 6s]
trillnaz: checks 
KarP93: bets $8.19
trillnaz: folds 
Uncalled bet ($8.19) returned to KarP93
KarP93 collected $10.92 from pot
KarP93: doesn't show hand 
*** SUMMARY ***
Total pot $11.50 | Rake $0.58 
Board [Qh 2h 6s]
Seat 1: Unicorneagle (big blind) folded before Flop
Seat 2: G.HANSEN333 folded before Flop (didn't bet)
Seat 3: trillnaz folded on the Flop
Seat 4: KarP93 collected ($10.92)
Seat 5: nickreason17 (button) folded before Flop (didn't bet)
Seat 6: CashfishT (small blind) folded before Flop



PokerStars Hand #254411424015:  Hold'em No Limit ($0.50/$1.00 USD) - 2025/01/17 8:16:46 WET [2025/01/17 3:16:46 ET]
Table 'Hugo II' 6-max Seat #6 is the button
Seat 1: Unicorneagle ($89.10 in chips) 
Seat 2: G.HANSEN333 ($103.30 in chips) 
Seat 3: trillnaz ($91.37 in chips) 
Seat 4: KarP93 ($105.92 in chips) 
Seat 5: nickreason17 ($100 in chips) 
Seat 6: CashfishT ($131.57 in chips) 
Unicorneagle: posts small blind $0.50
G.HANSEN333: posts big blind $1
*** HOLE CARDS ***
trillnaz: folds 
KarP93: raises $1.50 to $2.50
nickreason17: folds 
CashfishT: folds 
Unicorneagle: folds 
G.HANSEN333: calls $1.50
*** FLOP *** [7d Qc 5h]
G.HANSEN333: checks 
KarP93: checks 
*** TURN *** [7d Qc 5h] [Jd]
G.HANSEN333: bets $7.83
KarP93: folds 
Uncalled bet ($7.83) returned to G.HANSEN333
G.HANSEN333 collected $5.22 from pot
G.HANSEN333: doesn't show hand 
*** SUMMARY ***
Total pot $5.50 | Rake $0.28 
Board [7d Qc 5h Jd]
Seat 1: Unicorneagle (small blind) folded before Flop
Seat 2: G.HANSEN333 (big blind) collected ($5.22)
Seat 3: trillnaz folded before Flop (didn't bet)
Seat 4: KarP93 folded on the Turn
Seat 5: nickreason17 folded before Flop (didn't bet)
Seat 6: CashfishT (button) folded before Flop (didn't bet)



PokerStars Hand #254411427550:  Hold'em No Limit ($0.50/$1.00 USD) - 2025/01/17 8:17:30 WET [2025/01/17 3:17:30 ET]
Table 'Hugo II' 6-max Seat #1 is the button
Seat 6: CashfishT ($131.57 in chips) is sitting out
Seat 1: Unicorneagle ($88.60 in chips) 
Seat 2: G.HANSEN333 ($106.02 in chips) 
Seat 3: trillnaz ($91.37 in chips) 
Seat 4: KarP93 ($103.42 in chips) 
Seat 5: nickreason17 ($100 in chips) 
G.HANSEN333: posts small blind $0.50
trillnaz: posts big blind $1
*** HOLE CARDS ***
KarP93: raises $1 to $2
nickreason17: folds 
Unicorneagle: raises $7 to $9
G.HANSEN333: folds 
trillnaz: folds 
KarP93: folds 
Uncalled bet ($7) returned to Unicorneagle
Unicorneagle collected $5.50 from pot
*** SUMMARY ***
Total pot $5.50 | Rake $0 
Seat 6: CashfishT
Seat 1: Unicorneagle (button) collected ($5.50)
Seat 2: G.HANSEN333 (small blind) folded before Flop
Seat 3: trillnaz (big blind) folded before Flop
Seat 4: KarP93 folded before Flop
Seat 5: nickreason17 folded before Flop (didn't bet)



PokerStars Hand #254411428973:  Hold'em No Limit ($0.50/$1.00 USD) - 2025/01/17 8:17:48 WET [2025/01/17 3:17:48 ET]
Table 'Hugo II' 6-max Seat #2 is the button
Seat 6: CashfishT ($131.57 in chips) is sitting out
Seat 1: Unicorneagle ($92.10 in chips) 
Seat 2: G.HANSEN333 ($105.52 in chips) 
Seat 3: trillnaz ($90.37 in chips) 
Seat 4: KarP93 ($101.42 in chips) 
Seat 5: nickreason17 ($100 in chips) 
trillnaz: posts small blind $0.50
KarP93: posts big blind $1
*** HOLE CARDS ***
nickreason17: folds 
Unicorneagle: folds 
G.HANSEN333: raises $1.50 to $2.50
trillnaz: folds 
KarP93: folds 
Uncalled bet ($1.50) returned to G.HANSEN333
G.HANSEN333 collected $2.50 from pot
G.HANSEN333: doesn't show hand 
*** SUMMARY ***
Total pot $2.50 | Rake $0 
Seat 6: CashfishT
Seat 1: Unicorneagle folded before Flop (didn't bet)
Seat 2: G.HANSEN333 (button) collected ($2.50)
Seat 3: trillnaz (small blind) folded before Flop
Seat 4: KarP93 (big blind) folded before Flop
Seat 5: nickreason17 folded before Flop (didn't bet)



PokerStars Hand #254411430220:  Hold'em No Limit ($0.50/$1.00 USD) - 2025/01/17 8:18:04 WET [2025/01/17 3:18:04 ET]
Table 'Hugo II' 6-max Seat #3 is the button
Seat 6: CashfishT ($131.57 in chips) is sitting out
Seat 1: Unicorneagle ($92.10 in chips) 
Seat 2: G.HANSEN333 ($107.02 in chips) 
Seat 3: trillnaz ($89.87 in chips) 
Seat 4: KarP93 ($100.42 in chips) 
Seat 5: nickreason17 ($100 in chips) 
KarP93: posts small blind $0.50
nickreason17: posts big blind $1
*** HOLE CARDS ***
Unicorneagle: folds 
G.HANSEN333: folds 
trillnaz: raises $2 to $3
KarP93: folds 
nickreason17: calls $2
*** FLOP *** [7c Kd Ks]
nickreason17: checks 
trillnaz: checks 
*** TURN *** [7c Kd Ks] [3c]
nickreason17: checks 
trillnaz: checks 
*** RIVER *** [7c Kd Ks 3c] [Jc]
nickreason17: checks 
trillnaz: bets $1
nickreason17: calls $1
*** SHOW DOWN ***
trillnaz: shows [Ad Jh] (two pair, Kings and Jacks)
nickreason17: mucks hand 
trillnaz collected $8.08 from pot
*** SUMMARY ***
Total pot $8.50 | Rake $0.42 
Board [7c Kd Ks 3c Jc]
Seat 6: CashfishT
Seat 1: Unicorneagle folded before Flop (didn't bet)
Seat 2: G.HANSEN333 folded before Flop (didn't bet)
Seat 3: trillnaz (button) showed [Ad Jh] and won ($8.08) with two pair, Kings and Jacks
Seat 4: KarP93 (small blind) folded before Flop
Seat 5: nickreason17 (big blind) mucked



PokerStars Hand #254411432935:  Hold'em No Limit ($0.50/$1.00 USD) - 2025/01/17 8:18:37 WET [2025/01/17 3:18:37 ET]
Table 'Hugo II' 6-max Seat #4 is the button
Seat 6: CashfishT ($131.57 in chips) is sitting out
Seat 1: Unicorneagle ($92.10 in chips) 
Seat 2: G.HANSEN333 ($107.02 in chips) 
Seat 3: trillnaz ($93.95 in chips) 
Seat 4: KarP93 ($100 in chips) 
Seat 5: nickreason17 ($100 in chips) 
nickreason17: posts small blind $0.50
Unicorneagle: posts big blind $1
*** HOLE CARDS ***
G.HANSEN333: folds 
trillnaz: folds 
KarP93: folds 
nickreason17: raises $2 to $3
Unicorneagle: calls $2
*** FLOP *** [7d 4d 4s]
nickreason17: checks 
Unicorneagle: bets $2.85
nickreason17: folds 
Uncalled bet ($2.85) returned to Unicorneagle
Unicorneagle collected $5.70 from pot
*** SUMMARY ***
Total pot $6 | Rake $0.30 
Board [7d 4d 4s]
Seat 6: CashfishT
Seat 1: Unicorneagle (big blind) collected ($5.70)
Seat 2: G.HANSEN333 folded before Flop (didn't bet)
Seat 3: trillnaz folded before Flop (didn't bet)
Seat 4: KarP93 (button) folded before Flop (didn't bet)
Seat 5: nickreason17 (small blind) folded on the Flop



PokerStars Hand #254411435151:  Hold'em No Limit ($0.50/$1.00 USD) - 2025/01/17 8:19:05 WET [2025/01/17 3:19:05 ET]
Table 'Hugo II' 6-max Seat #5 is the button
Seat 6: CashfishT ($131.57 in chips) is sitting out
Seat 1: Unicorneagle ($94.80 in chips) 
Seat 2: G.HANSEN333 ($107.02 in chips) 
Seat 3: trillnaz ($93.95 in chips) 
Seat 4: KarP93 ($100 in chips) 
Seat 5: nickreason17 ($100 in chips) 
Unicorneagle: posts small blind $0.50
G.HANSEN333: posts big blind $1
*** HOLE CARDS ***
trillnaz: calls $1
KarP93: folds 
nickreason17: folds 
Unicorneagle: calls $0.50
G.HANSEN333: checks 
*** FLOP *** [3s Ah 4s]
Unicorneagle: checks 
G.HANSEN333: bets $4.28
trillnaz: folds 
Unicorneagle: folds 
Uncalled bet ($4.28) returned to G.HANSEN333
G.HANSEN333 collected $2.85 from pot
G.HANSEN333: doesn't show hand 
*** SUMMARY ***
Total pot $3 | Rake $0.15 
Board [3s Ah 4s]
Seat 6: CashfishT
Seat 1: Unicorneagle (small blind) folded on the Flop
Seat 2: G.HANSEN333 (big blind) collected ($2.85)
Seat 3: trillnaz folded on the Flop
Seat 4: KarP93 folded before Flop (didn't bet)
Seat 5: nickreason17 (button) folded before Flop (didn't bet)



PokerStars Hand #254411437715:  Hold'em No Limit ($0.50/$1.00 USD) - 2025/01/17 8:19:37 WET [2025/01/17 3:19:37 ET]
Table 'Hugo II' 6-max Seat #1 is the button
Seat 6: CashfishT ($131.57 in chips) is sitting out
Seat 1: Unicorneagle ($93.80 in chips) 
Seat 2: G.HANSEN333 ($108.87 in chips) 
Seat 3: trillnaz ($92.95 in chips) 
Seat 4: KarP93 ($100 in chips) 
Seat 5: nickreason17 ($100 in chips) 
G.HANSEN333: posts small blind $0.50
trillnaz: posts big blind $1
*** HOLE CARDS ***
KarP93: raises $1.50 to $2.50
nickreason17: folds 
Unicorneagle: calls $2.50
G.HANSEN333: folds 
trillnaz: calls $1.50
*** FLOP *** [5s Qd Kd]
trillnaz: checks 
KarP93: checks 
Unicorneagle: checks 
*** TURN *** [5s Qd Kd] [9c]
trillnaz: bets $3.80
KarP93: calls $3.80
Unicorneagle: folds 
*** RIVER *** [5s Qd Kd 9c] [4d]
trillnaz: checks 
KarP93: bets $4.89
trillnaz: folds 
Uncalled bet ($4.89) returned to KarP93
KarP93 collected $14.82 from pot
KarP93: doesn't show hand 
*** SUMMARY ***
Total pot $15.60 | Rake $0.78 
Board [5s Qd Kd 9c 4d]
Seat 6: CashfishT
Seat 1: Unicorneagle (button) folded on the Turn
Seat 2: G.HANSEN333 (small blind) folded before Flop
Seat 3: trillnaz (big blind) folded on the River
Seat 4: KarP93 collected ($14.82)
Seat 5: nickreason17 folded before Flop (didn't bet)



PokerStars Hand #254411444277:  Hold'em No Limit ($0.50/$1.00 USD) - 2025/01/17 8:20:59 WET [2025/01/17 3:20:59 ET]
Table 'Hugo II' 6-max Seat #2 is the button
Seat 6: CashfishT ($131.57 in chips) is sitting out
Seat 1: Unicorneagle ($91.30 in chips) 
Seat 2: G.HANSEN333 ($108.37 in chips) 
Seat 3: trillnaz ($86.65 in chips) 
Seat 4: KarP93 ($108.52 in chips) 
Seat 5: nickreason17 ($100 in chips) 
trillnaz: posts small blind $0.50
KarP93: posts big blind $1
CashfishT: sits out 
*** HOLE CARDS ***
nickreason17: folds 
Unicorneagle: folds 
Unicorneagle leaves the table
G.HANSEN333: folds 
trillnaz: calls $0.50
Pon4uk.ua joins the table at seat #1 
KarP93: raises $5 to $6
trillnaz: calls $5
*** FLOP *** [5c Ac 2h]
trillnaz: checks 
KarP93: bets $3.76
trillnaz: calls $3.76
*** TURN *** [5c Ac 2h] [Td]
trillnaz: checks 
KarP93: bets $13.91
trillnaz: folds 
Uncalled bet ($13.91) returned to KarP93
KarP93 collected $18.54 from pot
KarP93: doesn't show hand 
*** SUMMARY ***
Total pot $19.52 | Rake $0.98 
Board [5c Ac 2h Td]
Seat 6: CashfishT
Seat 1: Unicorneagle folded before Flop (didn't bet)
Seat 2: G.HANSEN333 (button) folded before Flop (didn't bet)
Seat 3: trillnaz (small blind) folded on the Turn
Seat 4: KarP93 (big blind) collected ($18.54)
Seat 5: nickreason17 folded before Flop (didn't bet)



PokerStars Hand #254411450950:  Hold'em No Limit ($0.50/$1.00 USD) - 2025/01/17 8:22:22 WET [2025/01/17 3:22:22 ET]
Table 'Hugo II' 6-max Seat #3 is the button
Seat 1: Pon4uk.ua ($102.25 in chips) is sitting out
Seat 6: CashfishT ($131.57 in chips) is sitting out
Seat 2: G.HANSEN333 ($108.37 in chips) 
Seat 3: trillnaz ($76.89 in chips) 
Seat 4: KarP93 ($117.30 in chips) 
Seat 5: nickreason17 ($100 in chips) 
KarP93: posts small blind $0.50
nickreason17: posts big blind $1
CashfishT: sits out 
Pon4uk.ua: sits out 
*** HOLE CARDS ***
G.HANSEN333: raises $1.50 to $2.50
trillnaz: folds 
KarP93: folds 
nickreason17: calls $1.50
*** FLOP *** [Kh 4d Jc]
nickreason17: checks 
G.HANSEN333: bets $1.72
nickreason17: calls $1.72
*** TURN *** [Kh 4d Jc] [6h]
nickreason17: checks 
G.HANSEN333: checks 
*** RIVER *** [Kh 4d Jc 6h] [Ah]
nickreason17: checks 
G.HANSEN333: checks 
*** SHOW DOWN ***
nickreason17: shows [Ks Th] (a pair of Kings)
G.HANSEN333: shows [As 7s] (a pair of Aces)
G.HANSEN333 collected $8.49 from pot
*** SUMMARY ***
Total pot $8.94 | Rake $0.45 
Board [Kh 4d Jc 6h Ah]
Seat 1: Pon4uk.ua
Seat 6: CashfishT
Seat 2: G.HANSEN333 showed [As 7s] and won ($8.49) with a pair of Aces
Seat 3: trillnaz (button) folded before Flop (didn't bet)
Seat 4: KarP93 (small blind) folded before Flop
Seat 5: nickreason17 (big blind) showed [Ks Th] and lost with a pair of Kings



PokerStars Hand #254411454698:  Hold'em No Limit ($0.50/$1.00 USD) - 2025/01/17 8:23:09 WET [2025/01/17 3:23:09 ET]
Table 'Hugo II' 6-max Seat #4 is the button
Seat 1: Pon4uk.ua ($102.25 in chips) is sitting out
Seat 2: G.HANSEN333 ($112.64 in chips) 
Seat 3: trillnaz ($76.89 in chips) 
Seat 4: KarP93 ($116.80 in chips) 
Seat 5: nickreason17 ($100 in chips) 
Seat 6: CashfishT ($131.57 in chips) 
nickreason17: posts small blind $0.50
CashfishT: posts big blind $1
Pon4uk.ua: sits out 
*** HOLE CARDS ***
G.HANSEN333: raises $1.50 to $2.50
trillnaz: folds 
KarP93: folds 
nickreason17: folds 
CashfishT: folds 
Uncalled bet ($1.50) returned to G.HANSEN333
G.HANSEN333 collected $2.50 from pot
G.HANSEN333: doesn't show hand 
*** SUMMARY ***
Total pot $2.50 | Rake $0 
Seat 1: Pon4uk.ua
Seat 2: G.HANSEN333 collected ($2.50)
Seat 3: trillnaz folded before Flop (didn't bet)
Seat 4: KarP93 (button) folded before Flop (didn't bet)
Seat 5: nickreason17 (small blind) folded before Flop
Seat 6: CashfishT (big blind) folded before Flop



PokerStars Hand #254411456329:  Hold'em No Limit ($0.50/$1.00 USD) - 2025/01/17 8:23:28 WET [2025/01/17 3:23:28 ET]
Table 'Hugo II' 6-max Seat #5 is the button
Seat 1: Pon4uk.ua ($102.25 in chips) 
Seat 2: G.HANSEN333 ($114.14 in chips) 
Seat 3: trillnaz ($76.89 in chips) 
Seat 4: KarP93 ($116.80 in chips) 
Seat 5: nickreason17 ($100 in chips) 
Seat 6: CashfishT ($130.57 in chips) 
CashfishT: posts small blind $0.50
Pon4uk.ua: posts big blind $1
*** HOLE CARDS ***
G.HANSEN333: folds 
trillnaz: folds 
KarP93: folds 
nickreason17: raises $1.50 to $2.50
CashfishT: folds 
Pon4uk.ua: folds 
Uncalled bet ($1.50) returned to nickreason17
nickreason17 collected $2.50 from pot
nickreason17: doesn't show hand 
*** SUMMARY ***
Total pot $2.50 | Rake $0 
Seat 1: Pon4uk.ua (big blind) folded before Flop
Seat 2: G.HANSEN333 folded before Flop (didn't bet)
Seat 3: trillnaz folded before Flop (didn't bet)
Seat 4: KarP93 folded before Flop (didn't bet)
Seat 5: nickreason17 (button) collected ($2.50)
Seat 6: CashfishT (small blind) folded before Flop



PokerStars Hand #254411457945:  Hold'em No Limit ($0.50/$1.00 USD) - 2025/01/17 8:23:48 WET [2025/01/17 3:23:48 ET]
Table 'Hugo II' 6-max Seat #6 is the button
Seat 1: Pon4uk.ua ($101.25 in chips) 
Seat 2: G.HANSEN333 ($114.14 in chips) 
Seat 3: trillnaz ($76.89 in chips) 
Seat 4: KarP93 ($116.80 in chips) 
Seat 5: nickreason17 ($101.50 in chips) 
Seat 6: CashfishT ($130.07 in chips) 
Pon4uk.ua: posts small blind $0.50
G.HANSEN333: posts big blind $1
*** HOLE CARDS ***
trillnaz: calls $1
KarP93: folds 
nickreason17: folds 
CashfishT: folds 
Pon4uk.ua: raises $4 to $5
G.HANSEN333: folds 
trillnaz: calls $4
*** FLOP *** [5h 3d 6s]
Pon4uk.ua: bets $4
trillnaz: calls $4
*** TURN *** [5h 3d 6s] [8c]
Pon4uk.ua: bets $9.03
trillnaz: folds 
Uncalled bet ($9.03) returned to Pon4uk.ua
Pon4uk.ua collected $18.05 from pot
Pon4uk.ua: doesn't show hand 
*** SUMMARY ***
Total pot $19 | Rake $0.95 
Board [5h 3d 6s 8c]
Seat 1: Pon4uk.ua (small blind) collected ($18.05)
Seat 2: G.HANSEN333 (big blind) folded before Flop
Seat 3: trillnaz folded on the Turn
Seat 4: KarP93 folded before Flop (didn't bet)
Seat 5: nickreason17 folded before Flop (didn't bet)
Seat 6: CashfishT (button) folded before Flop (didn't bet)



PokerStars Hand #254411461995:  Hold'em No Limit ($0.50/$1.00 USD) - 2025/01/17 8:24:38 WET [2025/01/17 3:24:38 ET]
Table 'Hugo II' 6-max Seat #1 is the button
Seat 1: Pon4uk.ua ($110.30 in chips) 
Seat 2: G.HANSEN333 ($113.14 in chips) 
Seat 3: trillnaz ($67.89 in chips) 
Seat 4: KarP93 ($116.80 in chips) 
Seat 5: nickreason17 ($101.50 in chips) 
Seat 6: CashfishT ($130.07 in chips) 
G.HANSEN333: posts small blind $0.50
trillnaz: posts big blind $1
*** HOLE CARDS ***
KarP93: folds 
nickreason17: folds 
CashfishT: folds 
Pon4uk.ua: raises $1.50 to $2.50
G.HANSEN333: folds 
trillnaz: folds 
Uncalled bet ($1.50) returned to Pon4uk.ua
Pon4uk.ua collected $2.50 from pot
Pon4uk.ua: doesn't show hand 
*** SUMMARY ***
Total pot $2.50 | Rake $0 
Seat 1: Pon4uk.ua (button) collected ($2.50)
Seat 2: G.HANSEN333 (small blind) folded before Flop
Seat 3: trillnaz (big blind) folded before Flop
Seat 4: KarP93 folded before Flop (didn't bet)
Seat 5: nickreason17 folded before Flop (didn't bet)
Seat 6: CashfishT folded before Flop (didn't bet)



PokerStars Hand #254411463621:  Hold'em No Limit ($0.50/$1.00 USD) - 2025/01/17 8:24:57 WET [2025/01/17 3:24:57 ET]
Table 'Hugo II' 6-max Seat #2 is the button
Seat 1: Pon4uk.ua ($111.80 in chips) 
Seat 2: G.HANSEN333 ($112.64 in chips) 
Seat 3: trillnaz ($66.89 in chips) 
Seat 4: KarP93 ($116.80 in chips) 
Seat 5: nickreason17 ($101.50 in chips) 
Seat 6: CashfishT ($130.07 in chips) 
trillnaz: posts small blind $0.50
KarP93: posts big blind $1
*** HOLE CARDS ***
nickreason17: folds 
CashfishT: folds 
Pon4uk.ua: folds 
G.HANSEN333: folds 
trillnaz: calls $0.50
KarP93: checks 
*** FLOP *** [Kc 7c Qd]
trillnaz: checks 
KarP93: checks 
*** TURN *** [Kc 7c Qd] [Kh]
trillnaz: checks 
KarP93: checks 
*** RIVER *** [Kc 7c Qd Kh] [As]
trillnaz: bets $1.90
KarP93: folds 
Uncalled bet ($1.90) returned to trillnaz
trillnaz collected $1.90 from pot
trillnaz: doesn't show hand 
*** SUMMARY ***
Total pot $2 | Rake $0.10 
Board [Kc 7c Qd Kh As]
Seat 1: Pon4uk.ua folded before Flop (didn't bet)
Seat 2: G.HANSEN333 (button) folded before Flop (didn't bet)
Seat 3: trillnaz (small blind) collected ($1.90)
Seat 4: KarP93 (big blind) folded on the River
Seat 5: nickreason17 folded before Flop (didn't bet)
Seat 6: CashfishT folded before Flop (didn't bet)



PokerStars Hand #254411468030:  Hold'em No Limit ($0.50/$1.00 USD) - 2025/01/17 8:25:51 WET [2025/01/17 3:25:51 ET]
Table 'Hugo II' 6-max Seat #3 is the button
Seat 1: Pon4uk.ua ($111.80 in chips) 
Seat 2: G.HANSEN333 ($112.64 in chips) 
Seat 3: trillnaz ($67.79 in chips) 
Seat 4: KarP93 ($115.80 in chips) 
Seat 5: nickreason17 ($101.50 in chips) 
Seat 6: CashfishT ($130.07 in chips) 
KarP93: posts small blind $0.50
nickreason17: posts big blind $1
*** HOLE CARDS ***
CashfishT: raises $1.20 to $2.20
Pon4uk.ua: folds 
G.HANSEN333: folds 
trillnaz: calls $2.20
KarP93: folds 
nickreason17: folds 
*** FLOP *** [Ks Qh 4c]
CashfishT: bets $1.85
trillnaz: calls $1.85
*** TURN *** [Ks Qh 4c] [3s]
CashfishT: checks 
trillnaz: checks 
*** RIVER *** [Ks Qh 4c 3s] [4d]
CashfishT: checks 
trillnaz: checks 
*** SHOW DOWN ***
CashfishT: shows [6s 6c] (two pair, Sixes and Fours)
trillnaz: mucks hand 
CashfishT collected $9.12 from pot
*** SUMMARY ***
Total pot $9.60 | Rake $0.48 
Board [Ks Qh 4c 3s 4d]
Seat 1: Pon4uk.ua folded before Flop (didn't bet)
Seat 2: G.HANSEN333 folded before Flop (didn't bet)
Seat 3: trillnaz (button) mucked
Seat 4: KarP93 (small blind) folded before Flop
Seat 5: nickreason17 (big blind) folded before Flop
Seat 6: CashfishT showed [6s 6c] and won ($9.12) with two pair, Sixes and Fours



PokerStars Hand #254411470919:  Hold'em No Limit ($0.50/$1.00 USD) - 2025/01/17 8:26:27 WET [2025/01/17 3:26:27 ET]
Table 'Hugo II' 6-max Seat #4 is the button
Seat 1: Pon4uk.ua ($111.80 in chips) 
Seat 2: G.HANSEN333 ($112.64 in chips) 
Seat 3: trillnaz ($63.74 in chips) 
Seat 4: KarP93 ($115.30 in chips) 
Seat 5: nickreason17 ($100.50 in chips) 
Seat 6: CashfishT ($135.14 in chips) 
nickreason17: posts small blind $0.50
CashfishT: posts big blind $1
*** HOLE CARDS ***
Pon4uk.ua has timed out
Pon4uk.ua: folds 
G.HANSEN333: folds 
trillnaz: calls $1
KarP93: raises $4 to $5
nickreason17: folds 
CashfishT: folds 
trillnaz: folds 
Uncalled bet ($4) returned to KarP93
KarP93 collected $3.50 from pot
KarP93: doesn't show hand 
*** SUMMARY ***
Total pot $3.50 | Rake $0 
Seat 1: Pon4uk.ua folded before Flop (didn't bet)
Seat 2: G.HANSEN333 folded before Flop (didn't bet)
Seat 3: trillnaz folded before Flop
Seat 4: KarP93 (button) collected ($3.50)
Seat 5: nickreason17 (small blind) folded before Flop
Seat 6: CashfishT (big blind) folded before Flop



PokerStars Hand #254411473327:  Hold'em No Limit ($0.50/$1.00 USD) - 2025/01/17 8:26:56 WET [2025/01/17 3:26:56 ET]
Table 'Hugo II' 6-max Seat #5 is the button
Seat 1: Pon4uk.ua ($111.80 in chips) 
Seat 2: G.HANSEN333 ($112.64 in chips) 
Seat 3: trillnaz ($62.74 in chips) 
Seat 4: KarP93 ($117.80 in chips) 
Seat 5: nickreason17 ($100 in chips) 
Seat 6: CashfishT ($134.14 in chips) 
CashfishT: posts small blind $0.50
Pon4uk.ua: posts big blind $1
*** HOLE CARDS ***
G.HANSEN333: folds 
trillnaz: calls $1
KarP93: raises $4 to $5
nickreason17: folds 
CashfishT: folds 
Pon4uk.ua: folds 
trillnaz: calls $4
*** FLOP *** [Qs 5c Ah]
trillnaz: checks 
KarP93: checks 
*** TURN *** [Qs 5c Ah] [6d]
trillnaz: bets $57.74 and is all-in
KarP93: folds 
Uncalled bet ($57.74) returned to trillnaz
trillnaz collected $10.92 from pot
trillnaz: doesn't show hand 
*** SUMMARY ***
Total pot $11.50 | Rake $0.58 
Board [Qs 5c Ah 6d]
Seat 1: Pon4uk.ua (big blind) folded before Flop
Seat 2: G.HANSEN333 folded before Flop (didn't bet)
Seat 3: trillnaz collected ($10.92)
Seat 4: KarP93 folded on the Turn
Seat 5: nickreason17 (button) folded before Flop (didn't bet)
Seat 6: CashfishT (small blind) folded before Flop



PokerStars Hand #254411475572:  Hold'em No Limit ($0.50/$1.00 USD) - 2025/01/17 8:27:23 WET [2025/01/17 3:27:23 ET]
Table 'Hugo II' 6-max Seat #6 is the button
Seat 1: Pon4uk.ua ($110.80 in chips) 
Seat 2: G.HANSEN333 ($112.64 in chips) 
Seat 3: trillnaz ($68.66 in chips) 
Seat 4: KarP93 ($112.80 in chips) 
Seat 5: nickreason17 ($100 in chips) 
Seat 6: CashfishT ($133.64 in chips) 
Pon4uk.ua: posts small blind $0.50
G.HANSEN333: posts big blind $1
*** HOLE CARDS ***
trillnaz: folds 
KarP93: folds 
nickreason17: folds 
CashfishT: folds 
Pon4uk.ua: raises $1.75 to $2.75
G.HANSEN333: raises $6.25 to $9
Pon4uk.ua: raises $13 to $22
G.HANSEN333: folds 
Uncalled bet ($13) returned to Pon4uk.ua
Pon4uk.ua collected $18 from pot
Pon4uk.ua: doesn't show hand 
*** SUMMARY ***
Total pot $18 | Rake $0 
Seat 1: Pon4uk.ua (small blind) collected ($18)
Seat 2: G.HANSEN333 (big blind) folded before Flop
Seat 3: trillnaz folded before Flop (didn't bet)
Seat 4: KarP93 folded before Flop (didn't bet)
Seat 5: nickreason17 folded before Flop (didn't bet)
Seat 6: CashfishT (button) folded before Flop (didn't bet)



PokerStars Hand #254411510035:  Hold'em No Limit ($0.50/$1.00 USD) - 2025/01/17 8:34:29 WET [2025/01/17 3:34:29 ET]
Table 'Hugo II' 6-max Seat #4 is the button
Seat 3: trillnaz ($0 in chips) is sitting out
Seat 1: Pon4uk.ua ($195.81 in chips) 
Seat 2: G.HANSEN333 ($103.39 in chips) 
Seat 4: KarP93 ($107.01 in chips) 
Seat 5: nickreason17 ($100 in chips) 
Seat 6: CashfishT ($130.64 in chips) 
nickreason17: posts small blind $0.50
CashfishT: posts big blind $1
*** HOLE CARDS ***
Pon4uk.ua: folds 
G.HANSEN333: folds 
KarP93: folds 
nickreason17: folds 
Uncalled bet ($0.50) returned to CashfishT
CashfishT collected $1 from pot
CashfishT: doesn't show hand 
*** SUMMARY ***
Total pot $1 | Rake $0 
Seat 3: trillnaz
Seat 1: Pon4uk.ua folded before Flop (didn't bet)
Seat 2: G.HANSEN333 folded before Flop (didn't bet)
Seat 4: KarP93 (button) folded before Flop (didn't bet)
Seat 5: nickreason17 (small blind) folded before Flop
Seat 6: CashfishT (big blind) collected ($1)



PokerStars Hand #254411510904:  Hold'em No Limit ($0.50/$1.00 USD) - 2025/01/17 8:34:39 WET [2025/01/17 3:34:39 ET]
Table 'Hugo II' 6-max Seat #5 is the button
Seat 3: trillnaz ($0 in chips) is sitting out
Seat 1: Pon4uk.ua ($195.81 in chips) 
Seat 2: G.HANSEN333 ($103.39 in chips) 
Seat 4: KarP93 ($107.01 in chips) 
Seat 5: nickreason17 ($100 in chips) 
Seat 6: CashfishT ($131.14 in chips) 
CashfishT: posts small blind $0.50
Pon4uk.ua: posts big blind $1
*** HOLE CARDS ***
G.HANSEN333: folds 
KarP93: folds 
nickreason17: folds 
CashfishT: raises $2 to $3
Pon4uk.ua: folds 
Uncalled bet ($2) returned to CashfishT
CashfishT collected $2 from pot
CashfishT: doesn't show hand 
*** SUMMARY ***
Total pot $2 | Rake $0 
Seat 3: trillnaz
Seat 1: Pon4uk.ua (big blind) folded before Flop
Seat 2: G.HANSEN333 folded before Flop (didn't bet)
Seat 4: KarP93 folded before Flop (didn't bet)
Seat 5: nickreason17 (button) folded before Flop (didn't bet)
Seat 6: CashfishT (small blind) collected ($2)



PokerStars Hand #254411512800:  Hold'em No Limit ($0.50/$1.00 USD) - 2025/01/17 8:35:01 WET [2025/01/17 3:35:01 ET]
Table 'Hugo II' 6-max Seat #6 is the button
Seat 3: trillnaz ($0 in chips) is sitting out
Seat 1: Pon4uk.ua ($194.81 in chips) 
Seat 2: G.HANSEN333 ($103.39 in chips) 
Seat 4: KarP93 ($107.01 in chips) 
Seat 5: nickreason17 ($100 in chips) 
Seat 6: CashfishT ($132.14 in chips) 
Pon4uk.ua: posts small blind $0.50
G.HANSEN333: posts big blind $1
*** HOLE CARDS ***
KarP93: folds 
nickreason17: raises $1.25 to $2.25
CashfishT: folds 
Pon4uk.ua: raises $8.75 to $11
G.HANSEN333: folds 
nickreason17: folds 
Uncalled bet ($8.75) returned to Pon4uk.ua
Pon4uk.ua collected $5.50 from pot
Pon4uk.ua: doesn't show hand 
*** SUMMARY ***
Total pot $5.50 | Rake $0 
Seat 3: trillnaz
Seat 1: Pon4uk.ua (small blind) collected ($5.50)
Seat 2: G.HANSEN333 (big blind) folded before Flop
Seat 4: KarP93 folded before Flop (didn't bet)
Seat 5: nickreason17 folded before Flop
Seat 6: CashfishT (button) folded before Flop (didn't bet)



PokerStars Hand #254411514233:  Hold'em No Limit ($0.50/$1.00 USD) - 2025/01/17 8:35:17 WET [2025/01/17 3:35:17 ET]
Table 'Hugo II' 6-max Seat #1 is the button
Seat 3: trillnaz ($0 in chips) is sitting out
Seat 1: Pon4uk.ua ($198.06 in chips) 
Seat 2: G.HANSEN333 ($102.39 in chips) 
Seat 4: KarP93 ($107.01 in chips) 
Seat 5: nickreason17 ($100 in chips) 
Seat 6: CashfishT ($132.14 in chips) 
G.HANSEN333: posts small blind $0.50
KarP93: posts big blind $1
*** HOLE CARDS ***
nickreason17: raises $1.25 to $2.25
CashfishT: folds 
Pon4uk.ua: folds 
G.HANSEN333: folds 
KarP93: raises $7.75 to $10
nickreason17: folds 
Uncalled bet ($7.75) returned to KarP93
KarP93 collected $5 from pot
KarP93: doesn't show hand 
*** SUMMARY ***
Total pot $5 | Rake $0 
Seat 3: trillnaz
Seat 1: Pon4uk.ua (button) folded before Flop (didn't bet)
Seat 2: G.HANSEN333 (small blind) folded before Flop
Seat 4: KarP93 (big blind) collected ($5)
Seat 5: nickreason17 folded before Flop
Seat 6: CashfishT folded before Flop (didn't bet)



PokerStars Hand #254411516507:  Hold'em No Limit ($0.50/$1.00 USD) - 2025/01/17 8:35:44 WET [2025/01/17 3:35:44 ET]
Table 'Hugo II' 6-max Seat #2 is the button
Seat 3: trillnaz ($0 in chips) is sitting out
Seat 1: Pon4uk.ua ($198.06 in chips) 
Seat 2: G.HANSEN333 ($101.89 in chips) 
Seat 4: KarP93 ($109.76 in chips) 
Seat 5: nickreason17 ($100 in chips) 
Seat 6: CashfishT ($132.14 in chips) 
KarP93: posts small blind $0.50
nickreason17: posts big blind $1
*** HOLE CARDS ***
CashfishT: folds 
Pon4uk.ua: folds 
G.HANSEN333: folds 
trillnaz leaves the table
KarP93: raises $2 to $3
nickreason17: folds 
Uncalled bet ($2) returned to KarP93
KarP93 collected $2 from pot
KarP93: doesn't show hand 
*** SUMMARY ***
Total pot $2 | Rake $0 
Seat 3: trillnaz
Seat 1: Pon4uk.ua folded before Flop (didn't bet)
Seat 2: G.HANSEN333 (button) folded before Flop (didn't bet)
Seat 4: KarP93 (small blind) collected ($2)
Seat 5: nickreason17 (big blind) folded before Flop
Seat 6: CashfishT folded before Flop (didn't bet)



PokerStars Hand #254411519063:  Hold'em No Limit ($0.50/$1.00 USD) - 2025/01/17 8:36:14 WET [2025/01/17 3:36:14 ET]
Table 'Hugo II' 6-max Seat #4 is the button
Seat 1: Pon4uk.ua ($198.06 in chips) 
Seat 2: G.HANSEN333 ($101.89 in chips) 
Seat 4: KarP93 ($110.76 in chips) 
Seat 5: nickreason17 ($100 in chips) 
Seat 6: CashfishT ($132.14 in chips) 
nickreason17: posts small blind $0.50
CashfishT: posts big blind $1
*** HOLE CARDS ***
Pon4uk.ua: folds 
G.HANSEN333: folds 
KarP93: raises $1.50 to $2.50
nickreason17: folds 
CashfishT: raises $9.50 to $12
KarP93: folds 
Uncalled bet ($9.50) returned to CashfishT
CashfishT collected $5.50 from pot
CashfishT: doesn't show hand 
*** SUMMARY ***
Total pot $5.50 | Rake $0 
Seat 1: Pon4uk.ua folded before Flop (didn't bet)
Seat 2: G.HANSEN333 folded before Flop (didn't bet)
Seat 4: KarP93 (button) folded before Flop
Seat 5: nickreason17 (small blind) folded before Flop
Seat 6: CashfishT (big blind) collected ($5.50)



PokerStars Hand #254411521063:  Hold'em No Limit ($0.50/$1.00 USD) - 2025/01/17 8:36:37 WET [2025/01/17 3:36:37 ET]
Table 'Hugo II' 6-max Seat #5 is the button
Seat 1: Pon4uk.ua ($198.06 in chips) is sitting out
Seat 2: G.HANSEN333 ($101.89 in chips) 
Seat 4: KarP93 ($108.26 in chips) 
Seat 5: nickreason17 ($100 in chips) 
Seat 6: CashfishT ($135.14 in chips) 
CashfishT: posts small blind $0.50
Pon4uk.ua: is sitting out 
G.HANSEN333: posts big blind $1
*** HOLE CARDS ***
KarP93: folds 
nickreason17: folds 
CashfishT: folds 
Uncalled bet ($0.50) returned to G.HANSEN333
G.HANSEN333 collected $1 from pot
G.HANSEN333: doesn't show hand 
*** SUMMARY ***
Total pot $1 | Rake $0 
Seat 1: Pon4uk.ua
Seat 2: G.HANSEN333 (big blind) collected ($1)
Seat 4: KarP93 folded before Flop (didn't bet)
Seat 5: nickreason17 (button) folded before Flop (didn't bet)
Seat 6: CashfishT (small blind) folded before Flop



PokerStars Hand #254411521746:  Hold'em No Limit ($0.50/$1.00 USD) - 2025/01/17 8:36:45 WET [2025/01/17 3:36:45 ET]
Table 'Hugo II' 6-max Seat #2 is the button
Seat 1: Pon4uk.ua ($198.06 in chips) is sitting out
Seat 4: KarP93 ($108.26 in chips) is sitting out
Seat 5: nickreason17 ($100 in chips) is sitting out
Seat 2: G.HANSEN333 ($102.39 in chips) 
Seat 6: CashfishT ($134.64 in chips) 
G.HANSEN333: posts small blind $0.50
KarP93: is sitting out 
nickreason17: is sitting out 
CashfishT: posts big blind $1
*** HOLE CARDS ***
G.HANSEN333: folds 
Uncalled bet ($0.50) returned to CashfishT
nickreason17 leaves the table
CashfishT collected $1 from pot
CashfishT: doesn't show hand 
Pon4uk.ua leaves the table
*** SUMMARY ***
Total pot $1 | Rake $0 
Seat 1: Pon4uk.ua
Seat 4: KarP93
Seat 5: nickreason17
Seat 2: G.HANSEN333 (button) (small blind) folded before Flop
Seat 6: CashfishT (big blind) collected ($1)



PokerStars Hand #254411522343:  Hold'em No Limit ($0.50/$1.00 USD) - 2025/01/17 8:36:51 WET [2025/01/17 3:36:51 ET]
Table 'Hugo II' 6-max Seat #6 is the button
Seat 4: KarP93 ($108.26 in chips) is sitting out
Seat 2: G.HANSEN333 ($101.89 in chips) 
Seat 6: CashfishT ($135.14 in chips) 
CashfishT: posts small blind $0.50
G.HANSEN333: posts big blind $1
*** HOLE CARDS ***
CashfishT: folds 
Uncalled bet ($0.50) returned to G.HANSEN333
G.HANSEN333 collected $1 from pot
G.HANSEN333: doesn't show hand 
*** SUMMARY ***
Total pot $1 | Rake $0 
Seat 4: KarP93
Seat 2: G.HANSEN333 (big blind) collected ($1)
Seat 6: CashfishT (button) (small blind) folded before Flop



PokerStars Hand #254411523490:  Hold'em No Limit ($0.50/$1.00 USD) - 2025/01/17 8:37:04 WET [2025/01/17 3:37:04 ET]
Table 'Hugo II' 6-max Seat #2 is the button
Seat 4: KarP93 ($108.26 in chips) is sitting out
Seat 2: G.HANSEN333 ($102.39 in chips) 
Seat 6: CashfishT ($134.64 in chips) 
G.HANSEN333: posts small blind $0.50
CashfishT: posts big blind $1
*** HOLE CARDS ***
G.HANSEN333: raises $2 to $3
CashfishT: folds 
Uncalled bet ($2) returned to G.HANSEN333
G.HANSEN333 collected $2 from pot
G.HANSEN333: doesn't show hand 
*** SUMMARY ***
Total pot $2 | Rake $0 
Seat 4: KarP93
Seat 2: G.HANSEN333 (button) (small blind) collected ($2)
Seat 6: CashfishT (big blind) folded before Flop



PokerStars Hand #254411525154:  Hold'em No Limit ($0.50/$1.00 USD) - 2025/01/17 8:37:24 WET [2025/01/17 3:37:24 ET]
Table 'Hugo II' 6-max Seat #6 is the button
Seat 4: KarP93 ($108.26 in chips) is sitting out
Seat 2: G.HANSEN333 ($103.39 in chips) 
Seat 6: CashfishT ($133.64 in chips) 
CashfishT: posts small blind $0.50
G.HANSEN333: posts big blind $1
*** HOLE CARDS ***
CashfishT: raises $1.20 to $2.20
G.HANSEN333: calls $1.20
*** FLOP *** [4d Qc 8h]
G.HANSEN333: checks 
CashfishT: bets $1.38
G.HANSEN333: folds 
Uncalled bet ($1.38) returned to CashfishT
CashfishT collected $4.18 from pot
CashfishT: doesn't show hand 
*** SUMMARY ***
Total pot $4.40 | Rake $0.22 
Board [4d Qc 8h]
Seat 4: KarP93
Seat 2: G.HANSEN333 (big blind) folded on the Flop
Seat 6: CashfishT (button) (small blind) collected ($4.18)



PokerStars Hand #254411528763:  Hold'em No Limit ($0.50/$1.00 USD) - 2025/01/17 8:38:07 WET [2025/01/17 3:38:07 ET]
Table 'Hugo II' 6-max Seat #2 is the button
Seat 6: CashfishT ($135.62 in chips) is sitting out
Seat 2: G.HANSEN333 ($101.19 in chips) 
Seat 5: ddyyjj ($100 in chips) 
G.HANSEN333: posts small blind $0.50
ddyyjj: posts big blind $1
*** HOLE CARDS ***
G.HANSEN333: folds 
Uncalled bet ($0.50) returned to ddyyjj
ddyyjj collected $1 from pot
ddyyjj: doesn't show hand 
*** SUMMARY ***
Total pot $1 | Rake $0 
Seat 6: CashfishT
Seat 2: G.HANSEN333 (button) (small blind) folded before Flop
Seat 5: ddyyjj (big blind) collected ($1)



PokerStars Hand #254411529276:  Hold'em No Limit ($0.50/$1.00 USD) - 2025/01/17 8:38:13 WET [2025/01/17 3:38:13 ET]
Table 'Hugo II' 6-max Seat #5 is the button
Seat 6: CashfishT ($135.62 in chips) is sitting out
Seat 2: G.HANSEN333 ($100.69 in chips) 
Seat 5: ddyyjj ($100.50 in chips) 
ddyyjj: posts small blind $0.50
G.HANSEN333: posts big blind $1
*** HOLE CARDS ***
ddyyjj is connected 
ddyyjj: folds 
Uncalled bet ($0.50) returned to G.HANSEN333
G.HANSEN333 collected $1 from pot
G.HANSEN333: doesn't show hand 
*** SUMMARY ***
Total pot $1 | Rake $0 
Seat 6: CashfishT
Seat 2: G.HANSEN333 (big blind) collected ($1)
Seat 5: ddyyjj (button) (small blind) folded before Flop



PokerStars Hand #254411529927:  Hold'em No Limit ($0.50/$1.00 USD) - 2025/01/17 8:38:20 WET [2025/01/17 3:38:20 ET]
Table 'Hugo II' 6-max Seat #2 is the button
Seat 6: CashfishT ($135.62 in chips) is sitting out
Seat 2: G.HANSEN333 ($101.19 in chips) 
Seat 5: ddyyjj ($100 in chips) 
G.HANSEN333: posts small blind $0.50
ddyyjj: posts big blind $1
*** HOLE CARDS ***
G.HANSEN333: raises $2 to $3
ddyyjj: folds 
Uncalled bet ($2) returned to G.HANSEN333
G.HANSEN333 collected $2 from pot
G.HANSEN333: doesn't show hand 
*** SUMMARY ***
Total pot $2 | Rake $0 
Seat 6: CashfishT
Seat 2: G.HANSEN333 (button) (small blind) collected ($2)
Seat 5: ddyyjj (big blind) folded before Flop



PokerStars Hand #254411530952:  Hold'em No Limit ($0.50/$1.00 USD) - 2025/01/17 8:38:33 WET [2025/01/17 3:38:33 ET]
Table 'Hugo II' 6-max Seat #5 is the button
Seat 6: CashfishT ($135.62 in chips) is sitting out
Seat 2: G.HANSEN333 ($102.19 in chips) 
Seat 5: ddyyjj ($99 in chips) 
ddyyjj: posts small blind $0.50
G.HANSEN333: posts big blind $1
*** HOLE CARDS ***
CashfishT leaves the table
ddyyjj: folds 
Uncalled bet ($0.50) returned to G.HANSEN333
G.HANSEN333 collected $1 from pot
G.HANSEN333: doesn't show hand 
*** SUMMARY ***
Total pot $1 | Rake $0 
Seat 6: CashfishT
Seat 2: G.HANSEN333 (big blind) collected ($1)
Seat 5: ddyyjj (button) (small blind) folded before Flop



PokerStars Hand #254411531709:  Hold'em No Limit ($0.50/$1.00 USD) - 2025/01/17 8:38:42 WET [2025/01/17 3:38:42 ET]
Table 'Hugo II' 6-max Seat #2 is the button
Seat 2: G.HANSEN333 ($102.69 in chips) 
Seat 5: ddyyjj ($98.50 in chips) 
G.HANSEN333: posts small blind $0.50
ddyyjj: posts big blind $1
*** HOLE CARDS ***
G.HANSEN333: folds 
Uncalled bet ($0.50) returned to ddyyjj
ddyyjj collected $1 from pot
ddyyjj: doesn't show hand 
*** SUMMARY ***
Total pot $1 | Rake $0 
Seat 2: G.HANSEN333 (button) (small blind) folded before Flop
Seat 5: ddyyjj (big blind) collected ($1)



PokerStars Hand #254411532336:  Hold'em No Limit ($0.50/$1.00 USD) - 2025/01/17 8:38:50 WET [2025/01/17 3:38:50 ET]
Table 'Hugo II' 6-max Seat #5 is the button
Seat 2: G.HANSEN333 ($102.19 in chips) 
Seat 5: ddyyjj ($99 in chips) 
ddyyjj: posts small blind $0.50
G.HANSEN333: posts big blind $1
*** HOLE CARDS ***
ddyyjj: folds 
Uncalled bet ($0.50) returned to G.HANSEN333
G.HANSEN333 collected $1 from pot
G.HANSEN333: doesn't show hand 
*** SUMMARY ***
Total pot $1 | Rake $0 
Seat 2: G.HANSEN333 (big blind) collected ($1)
Seat 5: ddyyjj (button) (small blind) folded before Flop



PokerStars Hand #254411532957:  Hold'em No Limit ($0.50/$1.00 USD) - 2025/01/17 8:38:57 WET [2025/01/17 3:38:57 ET]
Table 'Hugo II' 6-max Seat #2 is the button
Seat 2: G.HANSEN333 ($102.69 in chips) 
Seat 5: ddyyjj ($98.50 in chips) 
G.HANSEN333: posts small blind $0.50
ddyyjj: posts big blind $1
*** HOLE CARDS ***
G.HANSEN333: raises $2 to $3
ddyyjj: folds 
Uncalled bet ($2) returned to G.HANSEN333
G.HANSEN333 collected $2 from pot
G.HANSEN333: doesn't show hand 
*** SUMMARY ***
Total pot $2 | Rake $0 
Seat 2: G.HANSEN333 (button) (small blind) collected ($2)
Seat 5: ddyyjj (big blind) folded before Flop



PokerStars Hand #254411533847:  Hold'em No Limit ($0.50/$1.00 USD) - 2025/01/17 8:39:07 WET [2025/01/17 3:39:07 ET]
Table 'Hugo II' 6-max Seat #5 is the button
Seat 2: G.HANSEN333 ($103.69 in chips) 
Seat 5: ddyyjj ($97.50 in chips) 
ddyyjj: posts small blind $0.50
G.HANSEN333: posts big blind $1
*** HOLE CARDS ***
ddyyjj: folds 
Uncalled bet ($0.50) returned to G.HANSEN333
G.HANSEN333 collected $1 from pot
G.HANSEN333: doesn't show hand 
*** SUMMARY ***
Total pot $1 | Rake $0 
Seat 2: G.HANSEN333 (big blind) collected ($1)
Seat 5: ddyyjj (button) (small blind) folded before Flop



PokerStars Hand #254411534477:  Hold'em No Limit ($0.50/$1.00 USD) - 2025/01/17 8:39:15 WET [2025/01/17 3:39:15 ET]
Table 'Hugo II' 6-max Seat #2 is the button
Seat 2: G.HANSEN333 ($104.19 in chips) 
Seat 5: ddyyjj ($97 in chips) 
G.HANSEN333: posts small blind $0.50
ddyyjj: posts big blind $1
*** HOLE CARDS ***
G.HANSEN333: folds 
Uncalled bet ($0.50) returned to ddyyjj
ddyyjj collected $1 from pot
ddyyjj: doesn't show hand 
*** SUMMARY ***
Total pot $1 | Rake $0 
Seat 2: G.HANSEN333 (button) (small blind) folded before Flop
Seat 5: ddyyjj (big blind) collected ($1)



PokerStars Hand #254411535555:  Hold'em No Limit ($0.50/$1.00 USD) - 2025/01/17 8:39:28 WET [2025/01/17 3:39:28 ET]
Table 'Hugo II' 6-max Seat #5 is the button
Seat 2: G.HANSEN333 ($103.69 in chips) 
Seat 5: ddyyjj ($97.50 in chips) 
ddyyjj: posts small blind $0.50
G.HANSEN333: posts big blind $1
*** HOLE CARDS ***
ddyyjj: folds 
Uncalled bet ($0.50) returned to G.HANSEN333
G.HANSEN333 collected $1 from pot
G.HANSEN333: doesn't show hand 
*** SUMMARY ***
Total pot $1 | Rake $0 
Seat 2: G.HANSEN333 (big blind) collected ($1)
Seat 5: ddyyjj (button) (small blind) folded before Flop



PokerStars Hand #254411536213:  Hold'em No Limit ($0.50/$1.00 USD) - 2025/01/17 8:39:36 WET [2025/01/17 3:39:36 ET]
Table 'Hugo II' 6-max Seat #2 is the button
Seat 2: G.HANSEN333 ($104.19 in chips) 
Seat 5: ddyyjj ($97 in chips) 
G.HANSEN333: posts small blind $0.50
ddyyjj: posts big blind $1
*** HOLE CARDS ***
G.HANSEN333: raises $2 to $3
ddyyjj: folds 
Uncalled bet ($2) returned to G.HANSEN333
G.HANSEN333 collected $2 from pot
G.HANSEN333: doesn't show hand 
*** SUMMARY ***
Total pot $2 | Rake $0 
Seat 2: G.HANSEN333 (button) (small blind) collected ($2)
Seat 5: ddyyjj (big blind) folded before Flop



