PokerStars Hand #254423180629:  Hold'em No Limit ($0.50/$1.00 USD) - 2025/01/17 23:55:02 WET [2025/01/17 18:55:02 ET]
Table 'Lyalya III' 6-max Seat #2 is the button
Seat 1: v.sting ($100 in chips) is sitting out
Seat 2: ReVeu710 ($100 in chips) 
Seat 6: [FB]Voodoo ($100 in chips) 
ReVeu710: posts small blind $0.50
[FB]Voodoo: posts big blind $1
*** HOLE CARDS ***
v.sting leaves the table
ReVeu710: raises $2 to $3
[FB]Voodoo: folds 
Uncalled bet ($2) returned to ReVeu710
ReVeu710 collected $2 from pot
ReVeu710: doesn't show hand 
*** SUMMARY ***
Total pot $2 | Rake $0 
Seat 1: v.sting
Seat 2: ReVeu710 (button) (small blind) collected ($2)
Seat 6: [FB]Voodoo (big blind) folded before Flop



PokerStars Hand #254423183063:  Hold'em No Limit ($0.50/$1.00 USD) - 2025/01/17 23:55:13 WET [2025/01/17 18:55:13 ET]
Table 'Lyalya III' 6-max Seat #6 is the button
Seat 2: ReVeu710 ($101 in chips) 
Seat 6: [FB]Voodoo ($100 in chips) 
[FB]Voodoo: posts small blind $0.50
ReVeu710: posts big blind $1
*** HOLE CARDS ***
[FB]Voodoo: raises $1.50 to $2.50
ReVeu710: folds 
Uncalled bet ($1.50) returned to [FB]Voodoo
[FB]Voodoo collected $2 from pot
[FB]Voodoo: doesn't show hand 
*** SUMMARY ***
Total pot $2 | Rake $0 
Seat 2: ReVeu710 (big blind) folded before Flop
Seat 6: [FB]Voodoo (button) (small blind) collected ($2)



PokerStars Hand #254423540256:  Hold'em No Limit ($0.50/$1.00 USD) - 2025/01/17 0:21:07 WET [2025/01/17 19:21:07 ET]
Table 'Lyalya III' 6-max Seat #1 is the button
Seat 1: EvilReality ($104 in chips) 
Seat 2: Manifestorr ($112.10 in chips) 
Seat 3: Tibibacsi ($100 in chips) 
Seat 4: ontheriver79 ($111.02 in chips) 
Seat 5: steepfell ($100 in chips) 
Seat 6: BrilliantDawn84 ($105.08 in chips) 
Manifestorr: posts small blind $0.50
Tibibacsi: posts big blind $1
*** HOLE CARDS ***
ontheriver79: folds 
steepfell: folds 
BrilliantDawn84: folds 
EvilReality: raises $1.50 to $2.50
Manifestorr: folds 
Tibibacsi: folds 
Uncalled bet ($1.50) returned to EvilReality
EvilReality collected $2.50 from pot
EvilReality: doesn't show hand 
*** SUMMARY ***
Total pot $2.50 | Rake $0 
Seat 1: EvilReality (button) collected ($2.50)
Seat 2: Manifestorr (small blind) folded before Flop
Seat 3: Tibibacsi (big blind) folded before Flop
Seat 4: ontheriver79 folded before Flop (didn't bet)
Seat 5: steepfell folded before Flop (didn't bet)
Seat 6: BrilliantDawn84 folded before Flop (didn't bet)



PokerStars Hand #254423545710:  Hold'em No Limit ($0.50/$1.00 USD) - 2025/01/17 0:21:30 WET [2025/01/17 19:21:30 ET]
Table 'Lyalya III' 6-max Seat #2 is the button
Seat 1: EvilReality ($105.50 in chips) 
Seat 2: Manifestorr ($111.60 in chips) 
Seat 3: Tibibacsi ($100 in chips) 
Seat 4: ontheriver79 ($111.02 in chips) 
Seat 5: steepfell ($100 in chips) 
Seat 6: BrilliantDawn84 ($105.08 in chips) 
Tibibacsi: posts small blind $0.50
ontheriver79: posts big blind $1
*** HOLE CARDS ***
steepfell: folds 
BrilliantDawn84: raises $1.25 to $2.25
EvilReality: folds 
Manifestorr: folds 
Tibibacsi: folds 
ontheriver79: folds 
Uncalled bet ($1.25) returned to BrilliantDawn84
BrilliantDawn84 collected $2.50 from pot
BrilliantDawn84: doesn't show hand 
*** SUMMARY ***
Total pot $2.50 | Rake $0 
Seat 1: EvilReality folded before Flop (didn't bet)
Seat 2: Manifestorr (button) folded before Flop (didn't bet)
Seat 3: Tibibacsi (small blind) folded before Flop
Seat 4: ontheriver79 (big blind) folded before Flop
Seat 5: steepfell folded before Flop (didn't bet)
Seat 6: BrilliantDawn84 collected ($2.50)



PokerStars Hand #254423551537:  Hold'em No Limit ($0.50/$1.00 USD) - 2025/01/17 0:21:55 WET [2025/01/17 19:21:55 ET]
Table 'Lyalya III' 6-max Seat #3 is the button
Seat 1: EvilReality ($105.50 in chips) 
Seat 2: Manifestorr ($111.60 in chips) 
Seat 3: Tibibacsi ($100 in chips) 
Seat 4: ontheriver79 ($110.02 in chips) 
Seat 5: steepfell ($100 in chips) 
Seat 6: BrilliantDawn84 ($106.58 in chips) 
ontheriver79: posts small blind $0.50
steepfell: posts big blind $1
*** HOLE CARDS ***
BrilliantDawn84: folds 
EvilReality: folds 
Manifestorr: folds 
Tibibacsi: folds 
ontheriver79: calls $0.50
steepfell: checks 
*** FLOP *** [6s 4s Ac]
ontheriver79: checks 
steepfell: bets $1.43
ontheriver79: folds 
Uncalled bet ($1.43) returned to steepfell
steepfell collected $1.90 from pot
steepfell: doesn't show hand 
*** SUMMARY ***
Total pot $2 | Rake $0.10 
Board [6s 4s Ac]
Seat 1: EvilReality folded before Flop (didn't bet)
Seat 2: Manifestorr folded before Flop (didn't bet)
Seat 3: Tibibacsi (button) folded before Flop (didn't bet)
Seat 4: ontheriver79 (small blind) folded on the Flop
Seat 5: steepfell (big blind) collected ($1.90)
Seat 6: BrilliantDawn84 folded before Flop (didn't bet)



PokerStars Hand #254423556512:  Hold'em No Limit ($0.50/$1.00 USD) - 2025/01/17 0:22:17 WET [2025/01/17 19:22:17 ET]
Table 'Lyalya III' 6-max Seat #4 is the button
Seat 1: EvilReality ($105.50 in chips) 
Seat 2: Manifestorr ($111.60 in chips) 
Seat 3: Tibibacsi ($100 in chips) 
Seat 4: ontheriver79 ($109.02 in chips) 
Seat 5: steepfell ($100.90 in chips) 
Seat 6: BrilliantDawn84 ($106.58 in chips) 
steepfell: posts small blind $0.50
BrilliantDawn84: posts big blind $1
*** HOLE CARDS ***
EvilReality: folds 
Manifestorr: folds 
Tibibacsi: folds 
ontheriver79: folds 
steepfell: folds 
Uncalled bet ($0.50) returned to BrilliantDawn84
BrilliantDawn84 collected $1 from pot
BrilliantDawn84: doesn't show hand 
*** SUMMARY ***
Total pot $1 | Rake $0 
Seat 1: EvilReality folded before Flop (didn't bet)
Seat 2: Manifestorr folded before Flop (didn't bet)
Seat 3: Tibibacsi folded before Flop (didn't bet)
Seat 4: ontheriver79 (button) folded before Flop (didn't bet)
Seat 5: steepfell (small blind) folded before Flop
Seat 6: BrilliantDawn84 (big blind) collected ($1)



PokerStars Hand #254423558516:  Hold'em No Limit ($0.50/$1.00 USD) - 2025/01/17 0:22:26 WET [2025/01/17 19:22:26 ET]
Table 'Lyalya III' 6-max Seat #5 is the button
Seat 1: EvilReality ($105.50 in chips) 
Seat 2: Manifestorr ($111.60 in chips) 
Seat 3: Tibibacsi ($100 in chips) 
Seat 4: ontheriver79 ($109.02 in chips) 
Seat 5: steepfell ($100.40 in chips) 
Seat 6: BrilliantDawn84 ($107.08 in chips) 
BrilliantDawn84: posts small blind $0.50
EvilReality: posts big blind $1
*** HOLE CARDS ***
Manifestorr: folds 
Tibibacsi: folds 
ontheriver79: folds 
steepfell: raises $1.50 to $2.50
BrilliantDawn84: folds 
EvilReality: folds 
Uncalled bet ($1.50) returned to steepfell
steepfell collected $2.50 from pot
steepfell: doesn't show hand 
*** SUMMARY ***
Total pot $2.50 | Rake $0 
Seat 1: EvilReality (big blind) folded before Flop
Seat 2: Manifestorr folded before Flop (didn't bet)
Seat 3: Tibibacsi folded before Flop (didn't bet)
Seat 4: ontheriver79 folded before Flop (didn't bet)
Seat 5: steepfell (button) collected ($2.50)
Seat 6: BrilliantDawn84 (small blind) folded before Flop



PokerStars Hand #254423562559:  Hold'em No Limit ($0.50/$1.00 USD) - 2025/01/17 0:22:43 WET [2025/01/17 19:22:43 ET]
Table 'Lyalya III' 6-max Seat #6 is the button
Seat 1: EvilReality ($104.50 in chips) 
Seat 2: Manifestorr ($111.60 in chips) 
Seat 3: Tibibacsi ($100 in chips) 
Seat 4: ontheriver79 ($109.02 in chips) 
Seat 5: steepfell ($101.90 in chips) 
Seat 6: BrilliantDawn84 ($106.58 in chips) 
EvilReality: posts small blind $0.50
Manifestorr: posts big blind $1
*** HOLE CARDS ***
Tibibacsi: folds 
ontheriver79: folds 
steepfell: folds 
BrilliantDawn84: raises $1.25 to $2.25
EvilReality: folds 
Manifestorr: calls $1.25
*** FLOP *** [Qd 4s 9d]
Manifestorr: checks 
BrilliantDawn84: bets $2.25
Manifestorr: folds 
Uncalled bet ($2.25) returned to BrilliantDawn84
BrilliantDawn84 collected $4.75 from pot
BrilliantDawn84: doesn't show hand 
*** SUMMARY ***
Total pot $5 | Rake $0.25 
Board [Qd 4s 9d]
Seat 1: EvilReality (small blind) folded before Flop
Seat 2: Manifestorr (big blind) folded on the Flop
Seat 3: Tibibacsi folded before Flop (didn't bet)
Seat 4: ontheriver79 folded before Flop (didn't bet)
Seat 5: steepfell folded before Flop (didn't bet)
Seat 6: BrilliantDawn84 (button) collected ($4.75)



PokerStars Hand #254423569549:  Hold'em No Limit ($0.50/$1.00 USD) - 2025/01/17 0:23:13 WET [2025/01/17 19:23:13 ET]
Table 'Lyalya III' 6-max Seat #1 is the button
Seat 1: EvilReality ($104 in chips) 
Seat 2: Manifestorr ($109.35 in chips) 
Seat 3: Tibibacsi ($100 in chips) 
Seat 4: ontheriver79 ($109.02 in chips) 
Seat 5: steepfell ($101.90 in chips) 
Seat 6: BrilliantDawn84 ($109.08 in chips) 
Manifestorr: posts small blind $0.50
Tibibacsi: posts big blind $1
*** HOLE CARDS ***
ontheriver79: folds 
steepfell: folds 
BrilliantDawn84: folds 
EvilReality: raises $1.50 to $2.50
Manifestorr: folds 
Tibibacsi: folds 
Uncalled bet ($1.50) returned to EvilReality
EvilReality collected $2.50 from pot
EvilReality: doesn't show hand 
*** SUMMARY ***
Total pot $2.50 | Rake $0 
Seat 1: EvilReality (button) collected ($2.50)
Seat 2: Manifestorr (small blind) folded before Flop
Seat 3: Tibibacsi (big blind) folded before Flop
Seat 4: ontheriver79 folded before Flop (didn't bet)
Seat 5: steepfell folded before Flop (didn't bet)
Seat 6: BrilliantDawn84 folded before Flop (didn't bet)



PokerStars Hand #254423572371:  Hold'em No Limit ($0.50/$1.00 USD) - 2025/01/17 0:23:26 WET [2025/01/17 19:23:26 ET]
Table 'Lyalya III' 6-max Seat #2 is the button
Seat 1: EvilReality ($105.50 in chips) 
Seat 2: Manifestorr ($108.85 in chips) 
Seat 3: Tibibacsi ($100 in chips) 
Seat 4: ontheriver79 ($109.02 in chips) 
Seat 5: steepfell ($101.90 in chips) 
Seat 6: BrilliantDawn84 ($109.08 in chips) 
Tibibacsi: posts small blind $0.50
ontheriver79: posts big blind $1
*** HOLE CARDS ***
steepfell: folds 
BrilliantDawn84: folds 
EvilReality: folds 
Manifestorr: raises $1.20 to $2.20
Tibibacsi: folds 
ontheriver79: folds 
Uncalled bet ($1.20) returned to Manifestorr
Manifestorr collected $2.50 from pot
*** SUMMARY ***
Total pot $2.50 | Rake $0 
Seat 1: EvilReality folded before Flop (didn't bet)
Seat 2: Manifestorr (button) collected ($2.50)
Seat 3: Tibibacsi (small blind) folded before Flop
Seat 4: ontheriver79 (big blind) folded before Flop
Seat 5: steepfell folded before Flop (didn't bet)
Seat 6: BrilliantDawn84 folded before Flop (didn't bet)



PokerStars Hand #254423575112:  Hold'em No Limit ($0.50/$1.00 USD) - 2025/01/17 0:23:37 WET [2025/01/17 19:23:37 ET]
Table 'Lyalya III' 6-max Seat #3 is the button
Seat 1: EvilReality ($105.50 in chips) 
Seat 2: Manifestorr ($110.35 in chips) 
Seat 3: Tibibacsi ($100 in chips) 
Seat 4: ontheriver79 ($108.02 in chips) 
Seat 5: steepfell ($101.90 in chips) 
Seat 6: BrilliantDawn84 ($109.08 in chips) 
ontheriver79: posts small blind $0.50
steepfell: posts big blind $1
*** HOLE CARDS ***
BrilliantDawn84: folds 
EvilReality: raises $1.50 to $2.50
Manifestorr: folds 
Tibibacsi: folds 
ontheriver79: folds 
steepfell: folds 
Uncalled bet ($1.50) returned to EvilReality
EvilReality collected $2.50 from pot
EvilReality: doesn't show hand 
*** SUMMARY ***
Total pot $2.50 | Rake $0 
Seat 1: EvilReality collected ($2.50)
Seat 2: Manifestorr folded before Flop (didn't bet)
Seat 3: Tibibacsi (button) folded before Flop (didn't bet)
Seat 4: ontheriver79 (small blind) folded before Flop
Seat 5: steepfell (big blind) folded before Flop
Seat 6: BrilliantDawn84 folded before Flop (didn't bet)



PokerStars Hand #254423578025:  Hold'em No Limit ($0.50/$1.00 USD) - 2025/01/17 0:23:50 WET [2025/01/17 19:23:50 ET]
Table 'Lyalya III' 6-max Seat #4 is the button
Seat 1: EvilReality ($107 in chips) 
Seat 2: Manifestorr ($110.35 in chips) 
Seat 3: Tibibacsi ($100 in chips) 
Seat 4: ontheriver79 ($107.52 in chips) 
Seat 5: steepfell ($100.90 in chips) 
Seat 6: BrilliantDawn84 ($109.08 in chips) 
steepfell: posts small blind $0.50
BrilliantDawn84: posts big blind $1
*** HOLE CARDS ***
EvilReality: folds 
Manifestorr: folds 
Tibibacsi: folds 
ontheriver79: folds 
steepfell: raises $2 to $3
BrilliantDawn84: folds 
Uncalled bet ($2) returned to steepfell
steepfell collected $2 from pot
steepfell: doesn't show hand 
*** SUMMARY ***
Total pot $2 | Rake $0 
Seat 1: EvilReality folded before Flop (didn't bet)
Seat 2: Manifestorr folded before Flop (didn't bet)
Seat 3: Tibibacsi folded before Flop (didn't bet)
Seat 4: ontheriver79 (button) folded before Flop (didn't bet)
Seat 5: steepfell (small blind) collected ($2)
Seat 6: BrilliantDawn84 (big blind) folded before Flop



PokerStars Hand #254423581187:  Hold'em No Limit ($0.50/$1.00 USD) - 2025/01/17 0:24:04 WET [2025/01/17 19:24:04 ET]
Table 'Lyalya III' 6-max Seat #5 is the button
Seat 1: EvilReality ($107 in chips) 
Seat 2: Manifestorr ($110.35 in chips) 
Seat 3: Tibibacsi ($100 in chips) 
Seat 4: ontheriver79 ($107.52 in chips) 
Seat 5: steepfell ($101.90 in chips) 
Seat 6: BrilliantDawn84 ($108.08 in chips) 
BrilliantDawn84: posts small blind $0.50
EvilReality: posts big blind $1
*** HOLE CARDS ***
Manifestorr: folds 
Tibibacsi: folds 
ontheriver79: folds 
steepfell: folds 
BrilliantDawn84: raises $1.25 to $2.25
EvilReality: raises $5.75 to $8
BrilliantDawn84: folds 
Uncalled bet ($5.75) returned to EvilReality
EvilReality collected $4.50 from pot
EvilReality: doesn't show hand 
*** SUMMARY ***
Total pot $4.50 | Rake $0 
Seat 1: EvilReality (big blind) collected ($4.50)
Seat 2: Manifestorr folded before Flop (didn't bet)
Seat 3: Tibibacsi folded before Flop (didn't bet)
Seat 4: ontheriver79 folded before Flop (didn't bet)
Seat 5: steepfell (button) folded before Flop (didn't bet)
Seat 6: BrilliantDawn84 (small blind) folded before Flop



PokerStars Hand #254423586594:  Hold'em No Limit ($0.50/$1.00 USD) - 2025/01/17 0:24:27 WET [2025/01/17 19:24:27 ET]
Table 'Lyalya III' 6-max Seat #6 is the button
Seat 2: Manifestorr ($110.35 in chips) is sitting out
Seat 3: Tibibacsi ($100 in chips) is sitting out
Seat 1: EvilReality ($109.25 in chips) 
Seat 4: ontheriver79 ($107.52 in chips) 
Seat 5: steepfell ($101.90 in chips) 
Seat 6: BrilliantDawn84 ($105.83 in chips) 
EvilReality: posts small blind $0.50
Manifestorr: is sitting out 
Tibibacsi: is sitting out 
ontheriver79: posts big blind $1
*** HOLE CARDS ***
steepfell: folds 
Tibibacsi leaves the table
BrilliantDawn84: folds 
Manifestorr leaves the table
EvilReality: folds 
Uncalled bet ($0.50) returned to ontheriver79
ontheriver79 collected $1 from pot
*** SUMMARY ***
Total pot $1 | Rake $0 
Seat 2: Manifestorr
Seat 3: Tibibacsi
Seat 1: EvilReality (small blind) folded before Flop
Seat 4: ontheriver79 (big blind) collected ($1)
Seat 5: steepfell folded before Flop (didn't bet)
Seat 6: BrilliantDawn84 (button) folded before Flop (didn't bet)



PokerStars Hand #254423588408:  Hold'em No Limit ($0.50/$1.00 USD) - 2025/01/17 0:24:35 WET [2025/01/17 19:24:35 ET]
Table 'Lyalya III' 6-max Seat #1 is the button
Seat 1: EvilReality ($108.75 in chips) 
Seat 4: ontheriver79 ($108.02 in chips) 
Seat 5: steepfell ($101.90 in chips) 
Seat 6: BrilliantDawn84 ($105.83 in chips) 
ontheriver79: posts small blind $0.50
steepfell: posts big blind $1
*** HOLE CARDS ***
z00mba joins the table at seat #2 
BrilliantDawn84: folds 
EvilReality: raises $1.50 to $2.50
ontheriver79: folds 
henri789 joins the table at seat #3 
steepfell: folds 
Uncalled bet ($1.50) returned to EvilReality
EvilReality collected $2.50 from pot
EvilReality: doesn't show hand 
*** SUMMARY ***
Total pot $2.50 | Rake $0 
Seat 1: EvilReality (button) collected ($2.50)
Seat 4: ontheriver79 (small blind) folded before Flop
Seat 5: steepfell (big blind) folded before Flop
Seat 6: BrilliantDawn84 folded before Flop (didn't bet)



PokerStars Hand #254423591920:  Hold'em No Limit ($0.50/$1.00 USD) - 2025/01/17 0:24:51 WET [2025/01/17 19:24:51 ET]
Table 'Lyalya III' 6-max Seat #4 is the button
Seat 2: z00mba ($100 in chips) is sitting out
Seat 3: henri789 ($100 in chips) is sitting out
Seat 1: EvilReality ($110.25 in chips) 
Seat 4: ontheriver79 ($107.52 in chips) 
Seat 5: steepfell ($100.90 in chips) 
Seat 6: BrilliantDawn84 ($105.83 in chips) 
steepfell: posts small blind $0.50
BrilliantDawn84: posts big blind $1
z00mba: sits out 
henri789: sits out 
*** HOLE CARDS ***
z00mba leaves the table
EvilReality: raises $1.50 to $2.50
ontheriver79: folds 
steepfell: folds 
BrilliantDawn84: raises $5.50 to $8
EvilReality: folds 
Uncalled bet ($5.50) returned to BrilliantDawn84
BrilliantDawn84 collected $5.50 from pot
BrilliantDawn84: doesn't show hand 
EvilReality leaves the table
*** SUMMARY ***
Total pot $5.50 | Rake $0 
Seat 2: z00mba
Seat 3: henri789
Seat 1: EvilReality folded before Flop
Seat 4: ontheriver79 (button) folded before Flop (didn't bet)
Seat 5: steepfell (small blind) folded before Flop
Seat 6: BrilliantDawn84 (big blind) collected ($5.50)



PokerStars Hand #254423599026:  Hold'em No Limit ($0.50/$1.00 USD) - 2025/01/17 0:25:22 WET [2025/01/17 19:25:22 ET]
Table 'Lyalya III' 6-max Seat #5 is the button
Seat 3: henri789 ($100 in chips) 
Seat 4: ontheriver79 ($107.52 in chips) 
Seat 5: steepfell ($100.40 in chips) 
Seat 6: BrilliantDawn84 ($108.83 in chips) 
BrilliantDawn84: posts small blind $0.50
henri789: posts big blind $1
*** HOLE CARDS ***
ontheriver79: folds 
steepfell: raises $1.50 to $2.50
BrilliantDawn84: folds 
henri789: raises $9.50 to $12
steepfell: folds 
Uncalled bet ($9.50) returned to henri789
p0pa4poker joins the table at seat #1 
henri789 collected $5.50 from pot
henri789: doesn't show hand 
*** SUMMARY ***
Total pot $5.50 | Rake $0 
Seat 3: henri789 (big blind) collected ($5.50)
Seat 4: ontheriver79 folded before Flop (didn't bet)
Seat 5: steepfell (button) folded before Flop
Seat 6: BrilliantDawn84 (small blind) folded before Flop



PokerStars Hand #254423603865:  Hold'em No Limit ($0.50/$1.00 USD) - 2025/01/17 0:25:43 WET [2025/01/17 19:25:43 ET]
Table 'Lyalya III' 6-max Seat #6 is the button
Seat 1: p0pa4poker ($100 in chips) is sitting out
Seat 3: henri789 ($103 in chips) 
Seat 4: ontheriver79 ($107.52 in chips) 
Seat 5: steepfell ($100 in chips) 
Seat 6: BrilliantDawn84 ($108.33 in chips) 
henri789: posts small blind $0.50
ontheriver79: posts big blind $1
*** HOLE CARDS ***
steepfell: folds 
BrilliantDawn84: folds 
rrrro joins the table at seat #2 
henri789: raises $2 to $3
ontheriver79: calls $2
*** FLOP *** [Qd Jc 5c]
henri789: bets $1.88
ontheriver79: raises $2.88 to $4.76
henri789: folds 
Uncalled bet ($2.88) returned to ontheriver79
ontheriver79 collected $9.27 from pot
*** SUMMARY ***
Total pot $9.76 | Rake $0.49 
Board [Qd Jc 5c]
Seat 1: p0pa4poker
Seat 3: henri789 (small blind) folded on the Flop
Seat 4: ontheriver79 (big blind) collected ($9.27)
Seat 5: steepfell folded before Flop (didn't bet)
Seat 6: BrilliantDawn84 (button) folded before Flop (didn't bet)



PokerStars Hand #254423610768:  Hold'em No Limit ($0.50/$1.00 USD) - 2025/01/17 0:26:13 WET [2025/01/17 19:26:13 ET]
Table 'Lyalya III' 6-max Seat #3 is the button
Seat 1: p0pa4poker ($100 in chips) is sitting out
Seat 2: rrrro ($100 in chips) is sitting out
Seat 3: henri789 ($100 in chips) 
Seat 4: ontheriver79 ($111.91 in chips) 
Seat 5: steepfell ($100 in chips) 
Seat 6: BrilliantDawn84 ($108.33 in chips) 
ontheriver79: posts small blind $0.50
steepfell: posts big blind $1
p0pa4poker: sits out 
rrrro: sits out 
*** HOLE CARDS ***
BrilliantDawn84: folds 
henri789: folds 
ontheriver79: folds 
Uncalled bet ($0.50) returned to steepfell
steepfell collected $1 from pot
steepfell: doesn't show hand 
*** SUMMARY ***
Total pot $1 | Rake $0 
Seat 1: p0pa4poker
Seat 2: rrrro
Seat 3: henri789 (button) folded before Flop (didn't bet)
Seat 4: ontheriver79 (small blind) folded before Flop
Seat 5: steepfell (big blind) collected ($1)
Seat 6: BrilliantDawn84 folded before Flop (didn't bet)



PokerStars Hand #254423612655:  Hold'em No Limit ($0.50/$1.00 USD) - 2025/01/17 0:26:22 WET [2025/01/17 19:26:22 ET]
Table 'Lyalya III' 6-max Seat #4 is the button
Seat 1: p0pa4poker ($100 in chips) is sitting out
Seat 2: rrrro ($100 in chips) is sitting out
Seat 3: henri789 ($100 in chips) 
Seat 4: ontheriver79 ($111.41 in chips) 
Seat 5: steepfell ($100.50 in chips) 
Seat 6: BrilliantDawn84 ($108.33 in chips) 
steepfell: posts small blind $0.50
BrilliantDawn84: posts big blind $1
p0pa4poker: sits out 
rrrro: sits out 
*** HOLE CARDS ***
henri789: folds 
ontheriver79: folds 
steepfell: folds 
Uncalled bet ($0.50) returned to BrilliantDawn84
BrilliantDawn84 collected $1 from pot
BrilliantDawn84: doesn't show hand 
*** SUMMARY ***
Total pot $1 | Rake $0 
Seat 1: p0pa4poker
Seat 2: rrrro
Seat 3: henri789 folded before Flop (didn't bet)
Seat 4: ontheriver79 (button) folded before Flop (didn't bet)
Seat 5: steepfell (small blind) folded before Flop
Seat 6: BrilliantDawn84 (big blind) collected ($1)



PokerStars Hand #254423614382:  Hold'em No Limit ($0.50/$1.00 USD) - 2025/01/17 0:26:29 WET [2025/01/17 19:26:29 ET]
Table 'Lyalya III' 6-max Seat #5 is the button
Seat 2: rrrro ($100 in chips) is sitting out
Seat 1: p0pa4poker ($100 in chips) 
Seat 3: henri789 ($100 in chips) 
Seat 4: ontheriver79 ($111.41 in chips) 
Seat 5: steepfell ($100 in chips) 
Seat 6: BrilliantDawn84 ($108.83 in chips) 
BrilliantDawn84: posts small blind $0.50
p0pa4poker: posts big blind $1
rrrro: sits out 
*** HOLE CARDS ***
henri789: raises $1 to $2
ontheriver79: calls $2
steepfell: folds 
BrilliantDawn84: calls $1.50
p0pa4poker: raises $12 to $14
henri789: folds 
ontheriver79: folds 
BrilliantDawn84: folds 
Uncalled bet ($12) returned to p0pa4poker
p0pa4poker collected $8 from pot
p0pa4poker: doesn't show hand 
*** SUMMARY ***
Total pot $8 | Rake $0 
Seat 2: rrrro
Seat 1: p0pa4poker (big blind) collected ($8)
Seat 3: henri789 folded before Flop
Seat 4: ontheriver79 folded before Flop
Seat 5: steepfell (button) folded before Flop (didn't bet)
Seat 6: BrilliantDawn84 (small blind) folded before Flop



PokerStars Hand #254423622279:  Hold'em No Limit ($0.50/$1.00 USD) - 2025/01/17 0:27:04 WET [2025/01/17 19:27:04 ET]
Table 'Lyalya III' 6-max Seat #6 is the button
Seat 1: p0pa4poker ($106 in chips) 
Seat 2: rrrro ($100 in chips) 
Seat 3: henri789 ($100 in chips) 
Seat 4: ontheriver79 ($109.41 in chips) 
Seat 5: steepfell ($100 in chips) 
Seat 6: BrilliantDawn84 ($106.83 in chips) 
p0pa4poker: posts small blind $0.50
rrrro: posts big blind $1
*** HOLE CARDS ***
henri789: raises $1 to $2
ontheriver79: folds 
steepfell: folds 
BrilliantDawn84: folds 
p0pa4poker: folds 
rrrro: folds 
Uncalled bet ($1) returned to henri789
henri789 collected $2.50 from pot
henri789: doesn't show hand 
*** SUMMARY ***
Total pot $2.50 | Rake $0 
Seat 1: p0pa4poker (small blind) folded before Flop
Seat 2: rrrro (big blind) folded before Flop
Seat 3: henri789 collected ($2.50)
Seat 4: ontheriver79 folded before Flop (didn't bet)
Seat 5: steepfell folded before Flop (didn't bet)
Seat 6: BrilliantDawn84 (button) folded before Flop (didn't bet)



PokerStars Hand #254423625173:  Hold'em No Limit ($0.50/$1.00 USD) - 2025/01/17 0:27:17 WET [2025/01/17 19:27:17 ET]
Table 'Lyalya III' 6-max Seat #1 is the button
Seat 1: p0pa4poker ($105.50 in chips) 
Seat 2: rrrro ($100 in chips) 
Seat 3: henri789 ($101.50 in chips) 
Seat 4: ontheriver79 ($109.41 in chips) 
Seat 5: steepfell ($100 in chips) 
Seat 6: BrilliantDawn84 ($106.83 in chips) 
rrrro: posts small blind $0.50
henri789: posts big blind $1
*** HOLE CARDS ***
ontheriver79: folds 
steepfell: folds 
BrilliantDawn84: raises $1.25 to $2.25
p0pa4poker: folds 
rrrro: folds 
henri789: calls $1.25
*** FLOP *** [Th 2h Ah]
henri789: checks 
BrilliantDawn84: bets $2.25
henri789: folds 
Uncalled bet ($2.25) returned to BrilliantDawn84
BrilliantDawn84 collected $4.75 from pot
BrilliantDawn84: doesn't show hand 
*** SUMMARY ***
Total pot $5 | Rake $0.25 
Board [Th 2h Ah]
Seat 1: p0pa4poker (button) folded before Flop (didn't bet)
Seat 2: rrrro (small blind) folded before Flop
Seat 3: henri789 (big blind) folded on the Flop
Seat 4: ontheriver79 folded before Flop (didn't bet)
Seat 5: steepfell folded before Flop (didn't bet)
Seat 6: BrilliantDawn84 collected ($4.75)



PokerStars Hand #254423635953:  Hold'em No Limit ($0.50/$1.00 USD) - 2025/01/17 0:28:05 WET [2025/01/17 19:28:05 ET]
Table 'Lyalya III' 6-max Seat #2 is the button
Seat 1: p0pa4poker ($105.50 in chips) 
Seat 2: rrrro ($100 in chips) 
Seat 3: henri789 ($100 in chips) 
Seat 4: ontheriver79 ($109.41 in chips) 
Seat 5: steepfell ($100 in chips) 
Seat 6: BrilliantDawn84 ($109.33 in chips) 
henri789: posts small blind $0.50
ontheriver79: posts big blind $1
*** HOLE CARDS ***
steepfell: folds 
BrilliantDawn84: folds 
p0pa4poker: folds 
rrrro: raises $1.50 to $2.50
henri789: folds 
ontheriver79: folds 
Uncalled bet ($1.50) returned to rrrro
rrrro collected $2.50 from pot
rrrro: doesn't show hand 
*** SUMMARY ***
Total pot $2.50 | Rake $0 
Seat 1: p0pa4poker folded before Flop (didn't bet)
Seat 2: rrrro (button) collected ($2.50)
Seat 3: henri789 (small blind) folded before Flop
Seat 4: ontheriver79 (big blind) folded before Flop
Seat 5: steepfell folded before Flop (didn't bet)
Seat 6: BrilliantDawn84 folded before Flop (didn't bet)



PokerStars Hand #254423638782:  Hold'em No Limit ($0.50/$1.00 USD) - 2025/01/17 0:28:17 WET [2025/01/17 19:28:17 ET]
Table 'Lyalya III' 6-max Seat #3 is the button
Seat 1: p0pa4poker ($105.50 in chips) 
Seat 2: rrrro ($101.50 in chips) 
Seat 3: henri789 ($100 in chips) 
Seat 4: ontheriver79 ($108.41 in chips) 
Seat 5: steepfell ($100 in chips) 
Seat 6: BrilliantDawn84 ($109.33 in chips) 
ontheriver79: posts small blind $0.50
steepfell: posts big blind $1
*** HOLE CARDS ***
BrilliantDawn84: folds 
p0pa4poker: folds 
rrrro: folds 
henri789: folds 
ontheriver79: folds 
Uncalled bet ($0.50) returned to steepfell
steepfell collected $1 from pot
steepfell: doesn't show hand 
*** SUMMARY ***
Total pot $1 | Rake $0 
Seat 1: p0pa4poker folded before Flop (didn't bet)
Seat 2: rrrro folded before Flop (didn't bet)
Seat 3: henri789 (button) folded before Flop (didn't bet)
Seat 4: ontheriver79 (small blind) folded before Flop
Seat 5: steepfell (big blind) collected ($1)
Seat 6: BrilliantDawn84 folded before Flop (didn't bet)



PokerStars Hand #254423642196:  Hold'em No Limit ($0.50/$1.00 USD) - 2025/01/17 0:28:33 WET [2025/01/17 19:28:33 ET]
Table 'Lyalya III' 6-max Seat #4 is the button
Seat 1: p0pa4poker ($105.50 in chips) 
Seat 2: rrrro ($101.50 in chips) 
Seat 3: henri789 ($100 in chips) 
Seat 4: ontheriver79 ($107.91 in chips) 
Seat 5: steepfell ($100.50 in chips) 
Seat 6: BrilliantDawn84 ($109.33 in chips) 
steepfell: posts small blind $0.50
BrilliantDawn84: posts big blind $1
*** HOLE CARDS ***
p0pa4poker: folds 
rrrro: raises $1 to $2
henri789: folds 
ontheriver79: folds 
steepfell: folds 
BrilliantDawn84: calls $1
*** FLOP *** [Ah Qc 5d]
BrilliantDawn84: checks 
rrrro: bets $2.14
BrilliantDawn84: folds 
Uncalled bet ($2.14) returned to rrrro
rrrro collected $4.28 from pot
rrrro: doesn't show hand 
*** SUMMARY ***
Total pot $4.50 | Rake $0.22 
Board [Ah Qc 5d]
Seat 1: p0pa4poker folded before Flop (didn't bet)
Seat 2: rrrro collected ($4.28)
Seat 3: henri789 folded before Flop (didn't bet)
Seat 4: ontheriver79 (button) folded before Flop (didn't bet)
Seat 5: steepfell (small blind) folded before Flop
Seat 6: BrilliantDawn84 (big blind) folded on the Flop



PokerStars Hand #254423648645:  Hold'em No Limit ($0.50/$1.00 USD) - 2025/01/17 0:29:01 WET [2025/01/17 19:29:01 ET]
Table 'Lyalya III' 6-max Seat #5 is the button
Seat 1: p0pa4poker ($105.50 in chips) 
Seat 2: rrrro ($103.78 in chips) 
Seat 3: henri789 ($100 in chips) 
Seat 4: ontheriver79 ($107.91 in chips) 
Seat 5: steepfell ($100 in chips) 
Seat 6: BrilliantDawn84 ($107.33 in chips) 
BrilliantDawn84: posts small blind $0.50
p0pa4poker: posts big blind $1
*** HOLE CARDS ***
rrrro: raises $1 to $2
henri789: folds 
ontheriver79: folds 
steepfell: folds 
BrilliantDawn84: folds 
p0pa4poker: calls $1
*** FLOP *** [5s 8h Tc]
p0pa4poker: checks 
rrrro: bets $2.14
p0pa4poker: folds 
Uncalled bet ($2.14) returned to rrrro
rrrro collected $4.28 from pot
rrrro: doesn't show hand 
*** SUMMARY ***
Total pot $4.50 | Rake $0.22 
Board [5s 8h Tc]
Seat 1: p0pa4poker (big blind) folded on the Flop
Seat 2: rrrro collected ($4.28)
Seat 3: henri789 folded before Flop (didn't bet)
Seat 4: ontheriver79 folded before Flop (didn't bet)
Seat 5: steepfell (button) folded before Flop (didn't bet)
Seat 6: BrilliantDawn84 (small blind) folded before Flop



PokerStars Hand #254423662507:  Hold'em No Limit ($0.50/$1.00 USD) - 2025/01/17 0:30:02 WET [2025/01/17 19:30:02 ET]
Table 'Lyalya III' 6-max Seat #6 is the button
Seat 1: p0pa4poker ($103.50 in chips) 
Seat 2: rrrro ($106.06 in chips) 
Seat 3: henri789 ($100 in chips) 
Seat 4: ontheriver79 ($107.91 in chips) 
Seat 5: steepfell ($100 in chips) 
Seat 6: BrilliantDawn84 ($106.83 in chips) 
p0pa4poker: posts small blind $0.50
rrrro: posts big blind $1
*** HOLE CARDS ***
henri789: folds 
ontheriver79: folds 
steepfell: folds 
BrilliantDawn84: raises $1.25 to $2.25
p0pa4poker: folds 
rrrro: folds 
Uncalled bet ($1.25) returned to BrilliantDawn84
BrilliantDawn84 collected $2.50 from pot
BrilliantDawn84: doesn't show hand 
*** SUMMARY ***
Total pot $2.50 | Rake $0 
Seat 1: p0pa4poker (small blind) folded before Flop
Seat 2: rrrro (big blind) folded before Flop
Seat 3: henri789 folded before Flop (didn't bet)
Seat 4: ontheriver79 folded before Flop (didn't bet)
Seat 5: steepfell folded before Flop (didn't bet)
Seat 6: BrilliantDawn84 (button) collected ($2.50)



PokerStars Hand #254423667204:  Hold'em No Limit ($0.50/$1.00 USD) - 2025/01/17 0:30:23 WET [2025/01/17 19:30:23 ET]
Table 'Lyalya III' 6-max Seat #1 is the button
Seat 1: p0pa4poker ($103 in chips) 
Seat 2: rrrro ($105.06 in chips) 
Seat 3: henri789 ($100 in chips) 
Seat 4: ontheriver79 ($107.91 in chips) 
Seat 5: steepfell ($100 in chips) 
Seat 6: BrilliantDawn84 ($108.33 in chips) 
rrrro: posts small blind $0.50
henri789: posts big blind $1
*** HOLE CARDS ***
ontheriver79: folds 
steepfell: raises $1.50 to $2.50
ontheriver79 leaves the table
BrilliantDawn84: calls $2.50
p0pa4poker: folds 
rrrro: folds 
henri789: raises $11.50 to $14
steepfell: folds 
BrilliantDawn84: folds 
Uncalled bet ($11.50) returned to henri789
henri789 collected $8 from pot
henri789: doesn't show hand 
*** SUMMARY ***
Total pot $8 | Rake $0 
Seat 1: p0pa4poker (button) folded before Flop (didn't bet)
Seat 2: rrrro (small blind) folded before Flop
Seat 3: henri789 (big blind) collected ($8)
Seat 4: ontheriver79 folded before Flop (didn't bet)
Seat 5: steepfell folded before Flop
Seat 6: BrilliantDawn84 folded before Flop



PokerStars Hand #254423672962:  Hold'em No Limit ($0.50/$1.00 USD) - 2025/01/17 0:30:48 WET [2025/01/17 19:30:48 ET]
Table 'Lyalya III' 6-max Seat #2 is the button
Seat 5: steepfell ($100 in chips) is sitting out
Seat 1: p0pa4poker ($103 in chips) 
Seat 2: rrrro ($104.56 in chips) 
Seat 3: henri789 ($105.50 in chips) 
Seat 6: BrilliantDawn84 ($105.83 in chips) 
henri789: posts small blind $0.50
steepfell: is sitting out 
BrilliantDawn84: posts big blind $1
*** HOLE CARDS ***
p0pa4poker: folds 
rrrro: folds 
henri789: folds 
Uncalled bet ($0.50) returned to BrilliantDawn84
BrilliantDawn84 collected $1 from pot
BrilliantDawn84: doesn't show hand 
*** SUMMARY ***
Total pot $1 | Rake $0 
Seat 5: steepfell
Seat 1: p0pa4poker folded before Flop (didn't bet)
Seat 2: rrrro (button) folded before Flop (didn't bet)
Seat 3: henri789 (small blind) folded before Flop
Seat 6: BrilliantDawn84 (big blind) collected ($1)



PokerStars Hand #254423674984:  Hold'em No Limit ($0.50/$1.00 USD) - 2025/01/17 0:30:57 WET [2025/01/17 19:30:57 ET]
Table 'Lyalya III' 6-max Seat #3 is the button
Seat 5: steepfell ($100 in chips) is sitting out
Seat 1: p0pa4poker ($103 in chips) 
Seat 2: rrrro ($104.56 in chips) 
Seat 3: henri789 ($105 in chips) 
Seat 6: BrilliantDawn84 ($106.33 in chips) 
BrilliantDawn84: posts small blind $0.50
p0pa4poker: posts big blind $1
*** HOLE CARDS ***
getjet1952 joins the table at seat #4 
rrrro: folds 
henri789: folds 
BrilliantDawn84: folds 
Uncalled bet ($0.50) returned to p0pa4poker
p0pa4poker collected $1 from pot
p0pa4poker: doesn't show hand 
*** SUMMARY ***
Total pot $1 | Rake $0 
Seat 5: steepfell
Seat 1: p0pa4poker (big blind) collected ($1)
Seat 2: rrrro folded before Flop (didn't bet)
Seat 3: henri789 (button) folded before Flop (didn't bet)
Seat 6: BrilliantDawn84 (small blind) folded before Flop



PokerStars Hand #254423677190:  Hold'em No Limit ($0.50/$1.00 USD) - 2025/01/17 0:31:07 WET [2025/01/17 19:31:07 ET]
Table 'Lyalya III' 6-max Seat #6 is the button
Seat 5: steepfell ($100 in chips) is sitting out
Seat 1: p0pa4poker ($103.50 in chips) 
Seat 2: rrrro ($104.56 in chips) 
Seat 3: henri789 ($105 in chips) 
Seat 4: getjet1952 ($100 in chips) 
Seat 6: BrilliantDawn84 ($105.83 in chips) 
p0pa4poker: posts small blind $0.50
rrrro: posts big blind $1
getjet1952: posts big blind $1
*** HOLE CARDS ***
henri789: raises $2.50 to $3.50
getjet1952: folds 
BrilliantDawn84: folds 
p0pa4poker: folds 
rrrro: folds 
Uncalled bet ($2.50) returned to henri789
henri789 collected $3.50 from pot
henri789: doesn't show hand 
*** SUMMARY ***
Total pot $3.50 | Rake $0 
Seat 5: steepfell
Seat 1: p0pa4poker (small blind) folded before Flop
Seat 2: rrrro (big blind) folded before Flop
Seat 3: henri789 collected ($3.50)
Seat 4: getjet1952 folded before Flop (didn't bet)
Seat 6: BrilliantDawn84 (button) folded before Flop (didn't bet)



PokerStars Hand #254423681077:  Hold'em No Limit ($0.50/$1.00 USD) - 2025/01/17 0:31:24 WET [2025/01/17 19:31:24 ET]
Table 'Lyalya III' 6-max Seat #1 is the button
Seat 5: steepfell ($100 in chips) is sitting out
Seat 1: p0pa4poker ($103 in chips) 
Seat 2: rrrro ($103.56 in chips) 
Seat 3: henri789 ($107.50 in chips) 
Seat 4: getjet1952 ($99 in chips) 
Seat 6: BrilliantDawn84 ($105.83 in chips) 
rrrro: posts small blind $0.50
henri789: posts big blind $1
*** HOLE CARDS ***
steepfell leaves the table
getjet1952: folds 
BrilliantDawn84: folds 
p0pa4poker: folds 
rrrro: folds 
Uncalled bet ($0.50) returned to henri789
henri789 collected $1 from pot
henri789: doesn't show hand 
*** SUMMARY ***
Total pot $1 | Rake $0 
Seat 5: steepfell
Seat 1: p0pa4poker (button) folded before Flop (didn't bet)
Seat 2: rrrro (small blind) folded before Flop
Seat 3: henri789 (big blind) collected ($1)
Seat 4: getjet1952 folded before Flop (didn't bet)
Seat 6: BrilliantDawn84 folded before Flop (didn't bet)



PokerStars Hand #254423683154:  Hold'em No Limit ($0.50/$1.00 USD) - 2025/01/17 0:31:33 WET [2025/01/17 19:31:33 ET]
Table 'Lyalya III' 6-max Seat #2 is the button
Seat 1: p0pa4poker ($103 in chips) 
Seat 2: rrrro ($103.06 in chips) 
Seat 3: henri789 ($108 in chips) 
Seat 4: getjet1952 ($99 in chips) 
Seat 6: BrilliantDawn84 ($105.83 in chips) 
henri789: posts small blind $0.50
getjet1952: posts big blind $1
*** HOLE CARDS ***
BrilliantDawn84: folds 
p0pa4poker: raises $1.30 to $2.30
rrrro: folds 
henri789: folds 
getjet1952: folds 
Uncalled bet ($1.30) returned to p0pa4poker
p0pa4poker collected $2.50 from pot
p0pa4poker: doesn't show hand 
*** SUMMARY ***
Total pot $2.50 | Rake $0 
Seat 1: p0pa4poker collected ($2.50)
Seat 2: rrrro (button) folded before Flop (didn't bet)
Seat 3: henri789 (small blind) folded before Flop
Seat 4: getjet1952 (big blind) folded before Flop
Seat 6: BrilliantDawn84 folded before Flop (didn't bet)



PokerStars Hand #254423686529:  Hold'em No Limit ($0.50/$1.00 USD) - 2025/01/17 0:31:48 WET [2025/01/17 19:31:48 ET]
Table 'Lyalya III' 6-max Seat #3 is the button
Seat 1: p0pa4poker ($104.50 in chips) 
Seat 2: rrrro ($103.06 in chips) 
Seat 3: henri789 ($107.50 in chips) 
Seat 4: getjet1952 ($98 in chips) 
Seat 6: BrilliantDawn84 ($105.83 in chips) 
getjet1952: posts small blind $0.50
BrilliantDawn84: posts big blind $1
*** HOLE CARDS ***
p0pa4poker: raises $1 to $2
rrrro: folds 
henri789: folds 
getjet1952: folds 
BrilliantDawn84: calls $1
*** FLOP *** [4c 7d Th]
BrilliantDawn84: checks 
Rysiff joins the table at seat #5 
p0pa4poker: bets $1.41
BrilliantDawn84: calls $1.41
*** TURN *** [4c 7d Th] [9s]
BrilliantDawn84: checks 
p0pa4poker: bets $5.35
BrilliantDawn84: calls $5.35
*** RIVER *** [4c 7d Th 9s] [8h]
BrilliantDawn84: checks 
p0pa4poker: bets $21.40
BrilliantDawn84: calls $21.40
*** SHOW DOWN ***
p0pa4poker: shows [Js Kd] (a straight, Seven to Jack)
BrilliantDawn84: mucks hand 
p0pa4poker collected $58.32 from pot
*** SUMMARY ***
Total pot $60.82 | Rake $2.50 
Board [4c 7d Th 9s 8h]
Seat 1: p0pa4poker showed [Js Kd] and won ($58.32) with a straight, Seven to Jack
Seat 2: rrrro folded before Flop (didn't bet)
Seat 3: henri789 (button) folded before Flop (didn't bet)
Seat 4: getjet1952 (small blind) folded before Flop
Seat 6: BrilliantDawn84 (big blind) mucked



PokerStars Hand #254423711659:  Hold'em No Limit ($0.50/$1.00 USD) - 2025/01/17 0:33:39 WET [2025/01/17 19:33:39 ET]
Table 'Lyalya III' 6-max Seat #4 is the button
Seat 5: Rysiff ($100 in chips) is sitting out
Seat 1: p0pa4poker ($132.66 in chips) 
Seat 2: rrrro ($103.06 in chips) 
Seat 3: henri789 ($107.50 in chips) 
Seat 4: getjet1952 ($97.50 in chips) 
Seat 6: BrilliantDawn84 ($75.67 in chips) 
BrilliantDawn84: posts small blind $0.50
p0pa4poker: posts big blind $1
*** HOLE CARDS ***
rrrro: folds 
henri789: folds 
getjet1952: calls $1
BrilliantDawn84: calls $0.50
p0pa4poker: checks 
*** FLOP *** [9s 4c Th]
BrilliantDawn84: checks 
p0pa4poker: checks 
getjet1952: checks 
*** TURN *** [9s 4c Th] [3d]
BrilliantDawn84: bets $2.25
p0pa4poker: calls $2.25
getjet1952: folds 
*** RIVER *** [9s 4c Th 3d] [7c]
BrilliantDawn84: checks 
p0pa4poker: bets $2
BrilliantDawn84: folds 
Uncalled bet ($2) returned to p0pa4poker
p0pa4poker collected $7.12 from pot
p0pa4poker: doesn't show hand 
*** SUMMARY ***
Total pot $7.50 | Rake $0.38 
Board [9s 4c Th 3d 7c]
Seat 5: Rysiff
Seat 1: p0pa4poker (big blind) collected ($7.12)
Seat 2: rrrro folded before Flop (didn't bet)
Seat 3: henri789 folded before Flop (didn't bet)
Seat 4: getjet1952 (button) folded on the Turn
Seat 6: BrilliantDawn84 (small blind) folded on the River



PokerStars Hand #254423726850:  Hold'em No Limit ($0.50/$1.00 USD) - 2025/01/17 0:34:45 WET [2025/01/17 19:34:45 ET]
Table 'Lyalya III' 6-max Seat #6 is the button
Seat 5: Rysiff ($100 in chips) is sitting out
Seat 1: p0pa4poker ($136.53 in chips) 
Seat 2: rrrro ($103.06 in chips) 
Seat 3: henri789 ($107.50 in chips) 
Seat 4: getjet1952 ($96.50 in chips) 
Seat 6: BrilliantDawn84 ($72.42 in chips) 
p0pa4poker: posts small blind $0.50
rrrro: posts big blind $1
Rysiff: sits out 
*** HOLE CARDS ***
henri789: folds 
getjet1952: calls $1
BrilliantDawn84: folds 
p0pa4poker: folds 
rrrro: raises $4 to $5
getjet1952: raises $10.50 to $15.50
rrrro: folds 
Uncalled bet ($10.50) returned to getjet1952
getjet1952 collected $10.50 from pot
getjet1952: doesn't show hand 
*** SUMMARY ***
Total pot $10.50 | Rake $0 
Seat 5: Rysiff
Seat 1: p0pa4poker (small blind) folded before Flop
Seat 2: rrrro (big blind) folded before Flop
Seat 3: henri789 folded before Flop (didn't bet)
Seat 4: getjet1952 collected ($10.50)
Seat 6: BrilliantDawn84 (button) folded before Flop (didn't bet)



PokerStars Hand #254423732085:  Hold'em No Limit ($0.50/$1.00 USD) - 2025/01/17 0:35:09 WET [2025/01/17 19:35:09 ET]
Table 'Lyalya III' 6-max Seat #1 is the button
Seat 5: Rysiff ($100 in chips) is sitting out
Seat 1: p0pa4poker ($136.03 in chips) 
Seat 2: rrrro ($100 in chips) 
Seat 3: henri789 ($107.50 in chips) 
Seat 4: getjet1952 ($102 in chips) 
Seat 6: BrilliantDawn84 ($72.42 in chips) 
rrrro: posts small blind $0.50
henri789: posts big blind $1
Rysiff: sits out 
*** HOLE CARDS ***
getjet1952: folds 
BrilliantDawn84: raises $1.25 to $2.25
p0pa4poker: folds 
rrrro: folds 
henri789: folds 
Uncalled bet ($1.25) returned to BrilliantDawn84
BrilliantDawn84 collected $2.50 from pot
BrilliantDawn84: doesn't show hand 
*** SUMMARY ***
Total pot $2.50 | Rake $0 
Seat 5: Rysiff
Seat 1: p0pa4poker (button) folded before Flop (didn't bet)
Seat 2: rrrro (small blind) folded before Flop
Seat 3: henri789 (big blind) folded before Flop
Seat 4: getjet1952 folded before Flop (didn't bet)
Seat 6: BrilliantDawn84 collected ($2.50)



PokerStars Hand #254423735973:  Hold'em No Limit ($0.50/$1.00 USD) - 2025/01/17 0:35:26 WET [2025/01/17 19:35:26 ET]
Table 'Lyalya III' 6-max Seat #2 is the button
Seat 5: Rysiff ($100 in chips) is sitting out
Seat 1: p0pa4poker ($136.03 in chips) 
Seat 2: rrrro ($100 in chips) 
Seat 3: henri789 ($106.50 in chips) 
Seat 4: getjet1952 ($102 in chips) 
Seat 6: BrilliantDawn84 ($73.92 in chips) 
henri789: posts small blind $0.50
getjet1952: posts big blind $1
Rysiff: sits out 
*** HOLE CARDS ***
BrilliantDawn84: folds 
p0pa4poker: raises $1.30 to $2.30
rrrro: folds 
henri789: calls $1.80
getjet1952: folds 
*** FLOP *** [9h 7d 3h]
henri789: checks 
p0pa4poker: checks 
*** TURN *** [9h 7d 3h] [Qs]
henri789: checks 
p0pa4poker: bets $6.65
henri789: calls $6.65
*** RIVER *** [9h 7d 3h Qs] [9c]
henri789: checks 
p0pa4poker: checks 
*** SHOW DOWN ***
henri789: shows [8s 8h] (two pair, Nines and Eights)
p0pa4poker: mucks hand 
henri789 collected $17.96 from pot
*** SUMMARY ***
Total pot $18.90 | Rake $0.94 
Board [9h 7d 3h Qs 9c]
Seat 5: Rysiff
Seat 1: p0pa4poker mucked
Seat 2: rrrro (button) folded before Flop (didn't bet)
Seat 3: henri789 (small blind) showed [8s 8h] and won ($17.96) with two pair, Nines and Eights
Seat 4: getjet1952 (big blind) folded before Flop
Seat 6: BrilliantDawn84 folded before Flop (didn't bet)



PokerStars Hand #254423762796:  Hold'em No Limit ($0.50/$1.00 USD) - 2025/01/17 0:37:23 WET [2025/01/17 19:37:23 ET]
Table 'Lyalya III' 6-max Seat #3 is the button
Seat 1: p0pa4poker ($127.08 in chips) 
Seat 2: rrrro ($100 in chips) 
Seat 3: henri789 ($115.51 in chips) 
Seat 4: getjet1952 ($101 in chips) 
Seat 5: Rysiff ($100 in chips) 
Seat 6: BrilliantDawn84 ($73.92 in chips) 
getjet1952: posts small blind $0.50
Rysiff: posts big blind $1
*** HOLE CARDS ***
BrilliantDawn84: raises $1.25 to $2.25
p0pa4poker: folds 
p0pa4poker leaves the table
Oli3579 joins the table at seat #1 
rrrro: folds 
henri789: folds 
getjet1952: calls $1.75
Rysiff: folds 
*** FLOP *** [Jc Th 3s]
getjet1952: checks 
BrilliantDawn84: bets $2.75
getjet1952: folds 
Uncalled bet ($2.75) returned to BrilliantDawn84
BrilliantDawn84 collected $5.22 from pot
BrilliantDawn84: doesn't show hand 
*** SUMMARY ***
Total pot $5.50 | Rake $0.28 
Board [Jc Th 3s]
Seat 1: p0pa4poker folded before Flop (didn't bet)
Seat 2: rrrro folded before Flop (didn't bet)
Seat 3: henri789 (button) folded before Flop (didn't bet)
Seat 4: getjet1952 (small blind) folded on the Flop
Seat 5: Rysiff (big blind) folded before Flop
Seat 6: BrilliantDawn84 collected ($5.22)



PokerStars Hand #254423772826:  Hold'em No Limit ($0.50/$1.00 USD) - 2025/01/17 0:38:07 WET [2025/01/17 19:38:07 ET]
Table 'Lyalya III' 6-max Seat #4 is the button
Seat 1: Oli3579 ($100 in chips) is sitting out
Seat 2: rrrro ($100 in chips) 
Seat 3: henri789 ($115.51 in chips) 
Seat 4: getjet1952 ($98.75 in chips) 
Seat 5: Rysiff ($100 in chips) 
Seat 6: BrilliantDawn84 ($76.89 in chips) 
Rysiff: posts small blind $0.50
BrilliantDawn84: posts big blind $1
Oli3579: sits out 
*** HOLE CARDS ***
rrrro: folds 
henri789: raises $1 to $2
getjet1952: calls $2
Rysiff: folds 
BrilliantDawn84: calls $1
*** FLOP *** [Ad 3h 9d]
BrilliantDawn84: checks 
henri789: checks 
getjet1952: checks 
*** TURN *** [Ad 3h 9d] [Th]
BrilliantDawn84: bets $2.25
henri789: calls $2.25
getjet1952: folds 
*** RIVER *** [Ad 3h 9d Th] [5d]
BrilliantDawn84: bets $4.75
henri789: calls $4.75
*** SHOW DOWN ***
BrilliantDawn84: shows [As 8s] (a pair of Aces)
henri789: mucks hand 
BrilliantDawn84 collected $19.48 from pot
*** SUMMARY ***
Total pot $20.50 | Rake $1.02 
Board [Ad 3h 9d Th 5d]
Seat 1: Oli3579
Seat 2: rrrro folded before Flop (didn't bet)
Seat 3: henri789 mucked
Seat 4: getjet1952 (button) folded on the Turn
Seat 5: Rysiff (small blind) folded before Flop
Seat 6: BrilliantDawn84 (big blind) showed [As 8s] and won ($19.48) with a pair of Aces



PokerStars Hand #254423786443:  Hold'em No Limit ($0.50/$1.00 USD) - 2025/01/17 0:39:07 WET [2025/01/17 19:39:07 ET]
Table 'Lyalya III' 6-max Seat #5 is the button
Seat 1: Oli3579 ($100 in chips) 
Seat 2: rrrro ($100 in chips) 
Seat 3: henri789 ($106.51 in chips) 
Seat 4: getjet1952 ($96.75 in chips) 
Seat 5: Rysiff ($100 in chips) 
Seat 6: BrilliantDawn84 ($87.37 in chips) 
BrilliantDawn84: posts small blind $0.50
Oli3579: posts big blind $1
*** HOLE CARDS ***
rrrro: folds 
henri789: folds 
getjet1952: folds 
Rysiff: raises $1.50 to $2.50
BrilliantDawn84: raises $5.50 to $8
Oli3579: folds 
Rysiff: calls $5.50
*** FLOP *** [5s Ac 3c]
BrilliantDawn84: bets $6.75
Rysiff: calls $6.75
*** TURN *** [5s Ac 3c] [2c]
BrilliantDawn84: checks 
Rysiff: bets $14.49
BrilliantDawn84: calls $14.49
*** RIVER *** [5s Ac 3c 2c] [5h]
BrilliantDawn84: checks 
Rysiff: bets $60
BrilliantDawn84: folds 
Uncalled bet ($60) returned to Rysiff
Rysiff collected $56.98 from pot
Rysiff: doesn't show hand 
*** SUMMARY ***
Total pot $59.48 | Rake $2.50 
Board [5s Ac 3c 2c 5h]
Seat 1: Oli3579 (big blind) folded before Flop
Seat 2: rrrro folded before Flop (didn't bet)
Seat 3: henri789 folded before Flop (didn't bet)
Seat 4: getjet1952 folded before Flop (didn't bet)
Seat 5: Rysiff (button) collected ($56.98)
Seat 6: BrilliantDawn84 (small blind) folded on the River



PokerStars Hand #254423803493:  Hold'em No Limit ($0.50/$1.00 USD) - 2025/01/17 0:40:24 WET [2025/01/17 19:40:24 ET]
Table 'Lyalya III' 6-max Seat #6 is the button
Seat 1: Oli3579 ($100 in chips) 
Seat 2: rrrro ($100 in chips) 
Seat 3: henri789 ($106.51 in chips) 
Seat 4: getjet1952 ($96.75 in chips) 
Seat 5: Rysiff ($127.74 in chips) 
Seat 6: BrilliantDawn84 ($58.13 in chips) 
Oli3579: posts small blind $0.50
rrrro: posts big blind $1
*** HOLE CARDS ***
henri789: folds 
getjet1952: calls $1
Rysiff: folds 
BrilliantDawn84: raises $3 to $4
Oli3579: folds 
rrrro: folds 
getjet1952: calls $3
*** FLOP *** [2h 9s Ks]
getjet1952: checks 
BrilliantDawn84: bets $3.75
getjet1952: folds 
Uncalled bet ($3.75) returned to BrilliantDawn84
BrilliantDawn84 collected $9.02 from pot
BrilliantDawn84: doesn't show hand 
*** SUMMARY ***
Total pot $9.50 | Rake $0.48 
Board [2h 9s Ks]
Seat 1: Oli3579 (small blind) folded before Flop
Seat 2: rrrro (big blind) folded before Flop
Seat 3: henri789 folded before Flop (didn't bet)
Seat 4: getjet1952 folded on the Flop
Seat 5: Rysiff folded before Flop (didn't bet)
Seat 6: BrilliantDawn84 (button) collected ($9.02)



PokerStars Hand #254423811226:  Hold'em No Limit ($0.50/$1.00 USD) - 2025/01/17 0:40:59 WET [2025/01/17 19:40:59 ET]
Table 'Lyalya III' 6-max Seat #1 is the button
Seat 1: Oli3579 ($100 in chips) 
Seat 2: rrrro ($100 in chips) 
Seat 3: henri789 ($106.51 in chips) 
Seat 4: getjet1952 ($92.75 in chips) 
Seat 5: Rysiff ($127.74 in chips) 
Seat 6: BrilliantDawn84 ($63.15 in chips) 
rrrro: posts small blind $0.50
henri789: posts big blind $1
*** HOLE CARDS ***
getjet1952: folds 
Rysiff: folds 
BrilliantDawn84: raises $1.25 to $2.25
Oli3579: folds 
rrrro: folds 
henri789: folds 
Uncalled bet ($1.25) returned to BrilliantDawn84
BrilliantDawn84 collected $2.50 from pot
BrilliantDawn84: doesn't show hand 
*** SUMMARY ***
Total pot $2.50 | Rake $0 
Seat 1: Oli3579 (button) folded before Flop (didn't bet)
Seat 2: rrrro (small blind) folded before Flop
Seat 3: henri789 (big blind) folded before Flop
Seat 4: getjet1952 folded before Flop (didn't bet)
Seat 5: Rysiff folded before Flop (didn't bet)
Seat 6: BrilliantDawn84 collected ($2.50)



PokerStars Hand #254423814748:  Hold'em No Limit ($0.50/$1.00 USD) - 2025/01/17 0:41:15 WET [2025/01/17 19:41:15 ET]
Table 'Lyalya III' 6-max Seat #2 is the button
Seat 1: Oli3579 ($100 in chips) 
Seat 2: rrrro ($100 in chips) 
Seat 3: henri789 ($105.51 in chips) 
Seat 4: getjet1952 ($92.75 in chips) 
Seat 5: Rysiff ($127.74 in chips) 
Seat 6: BrilliantDawn84 ($64.65 in chips) 
henri789: posts small blind $0.50
getjet1952: posts big blind $1
*** HOLE CARDS ***
Rysiff: folds 
BrilliantDawn84: folds 
Oli3579: raises $1.25 to $2.25
rrrro: raises $4.75 to $7
henri789: folds 
getjet1952: folds 
Oli3579: calls $4.75
*** FLOP *** [3s Js 5s]
Oli3579: checks 
rrrro: bets $3.68
Oli3579: folds 
Uncalled bet ($3.68) returned to rrrro
rrrro collected $14.72 from pot
rrrro: doesn't show hand 
*** SUMMARY ***
Total pot $15.50 | Rake $0.78 
Board [3s Js 5s]
Seat 1: Oli3579 folded on the Flop
Seat 2: rrrro (button) collected ($14.72)
Seat 3: henri789 (small blind) folded before Flop
Seat 4: getjet1952 (big blind) folded before Flop
Seat 5: Rysiff folded before Flop (didn't bet)
Seat 6: BrilliantDawn84 folded before Flop (didn't bet)



PokerStars Hand #254423825677:  Hold'em No Limit ($0.50/$1.00 USD) - 2025/01/17 0:42:04 WET [2025/01/17 19:42:04 ET]
Table 'Lyalya III' 6-max Seat #3 is the button
Seat 1: Oli3579 ($100 in chips) 
Seat 2: rrrro ($107.72 in chips) 
Seat 3: henri789 ($105.01 in chips) 
Seat 4: getjet1952 ($91.75 in chips) 
Seat 5: Rysiff ($127.74 in chips) 
Seat 6: BrilliantDawn84 ($100 in chips) 
getjet1952: posts small blind $0.50
Rysiff: posts big blind $1
*** HOLE CARDS ***
BrilliantDawn84: folds 
Oli3579: folds 
rrrro: raises $1.30 to $2.30
henri789: folds 
getjet1952: calls $1.80
Rysiff: calls $1.30
*** FLOP *** [8s 8d 7h]
getjet1952: checks 
Rysiff: checks 
rrrro: bets $1.64
getjet1952: calls $1.64
Rysiff: raises $5.74 to $7.38
rrrro: calls $5.74
getjet1952: folds 
*** TURN *** [8s 8d 7h] [6h]
Rysiff: checks 
rrrro: checks 
*** RIVER *** [8s 8d 7h 6h] [2d]
Rysiff: checks 
rrrro: bets $16.61
Rysiff: folds 
Uncalled bet ($16.61) returned to rrrro
rrrro collected $22.14 from pot
rrrro: doesn't show hand 
*** SUMMARY ***
Total pot $23.30 | Rake $1.16 
Board [8s 8d 7h 6h 2d]
Seat 1: Oli3579 folded before Flop (didn't bet)
Seat 2: rrrro collected ($22.14)
Seat 3: henri789 (button) folded before Flop (didn't bet)
Seat 4: getjet1952 (small blind) folded on the Flop
Seat 5: Rysiff (big blind) folded on the River
Seat 6: BrilliantDawn84 folded before Flop (didn't bet)



PokerStars Hand #254423855025:  Hold'em No Limit ($0.50/$1.00 USD) - 2025/01/17 0:44:18 WET [2025/01/17 19:44:18 ET]
Table 'Lyalya III' 6-max Seat #4 is the button
Seat 1: Oli3579 ($100 in chips) 
Seat 2: rrrro ($120.18 in chips) 
Seat 3: henri789 ($105.01 in chips) 
Seat 4: getjet1952 ($87.81 in chips) 
Seat 5: Rysiff ($118.06 in chips) 
Seat 6: BrilliantDawn84 ($100 in chips) 
Rysiff: posts small blind $0.50
BrilliantDawn84: posts big blind $1
*** HOLE CARDS ***
Oli3579: raises $1.25 to $2.25
rrrro: folds 
henri789: folds 
getjet1952: calls $2.25
Rysiff: folds 
BrilliantDawn84: calls $1.25
*** FLOP *** [Jh 4s 3c]
BrilliantDawn84: checks 
Oli3579: bets $2.27
getjet1952: calls $2.27
BrilliantDawn84: calls $2.27
*** TURN *** [Jh 4s 3c] [9s]
BrilliantDawn84: checks 
Oli3579: bets $9.52
getjet1952: folds 
BrilliantDawn84: folds 
Uncalled bet ($9.52) returned to Oli3579
Oli3579 collected $13.36 from pot
Oli3579: doesn't show hand 
*** SUMMARY ***
Total pot $14.06 | Rake $0.70 
Board [Jh 4s 3c 9s]
Seat 1: Oli3579 collected ($13.36)
Seat 2: rrrro folded before Flop (didn't bet)
Seat 3: henri789 folded before Flop (didn't bet)
Seat 4: getjet1952 (button) folded on the Turn
Seat 5: Rysiff (small blind) folded before Flop
Seat 6: BrilliantDawn84 (big blind) folded on the Turn



PokerStars Hand #254423863361:  Hold'em No Limit ($0.50/$1.00 USD) - 2025/01/17 0:44:56 WET [2025/01/17 19:44:56 ET]
Table 'Lyalya III' 6-max Seat #5 is the button
Seat 1: Oli3579 ($108.84 in chips) 
Seat 2: rrrro ($120.18 in chips) 
Seat 3: henri789 ($105.01 in chips) 
Seat 4: getjet1952 ($83.29 in chips) 
Seat 5: Rysiff ($117.56 in chips) 
Seat 6: BrilliantDawn84 ($95.48 in chips) 
BrilliantDawn84: posts small blind $0.50
Oli3579: posts big blind $1
*** HOLE CARDS ***
rrrro: folds 
henri789: folds 
getjet1952: folds 
Rysiff: raises $1.50 to $2.50
BrilliantDawn84: folds 
Oli3579: folds 
Uncalled bet ($1.50) returned to Rysiff
Rysiff collected $2.50 from pot
Rysiff: doesn't show hand 
*** SUMMARY ***
Total pot $2.50 | Rake $0 
Seat 1: Oli3579 (big blind) folded before Flop
Seat 2: rrrro folded before Flop (didn't bet)
Seat 3: henri789 folded before Flop (didn't bet)
Seat 4: getjet1952 folded before Flop (didn't bet)
Seat 5: Rysiff (button) collected ($2.50)
Seat 6: BrilliantDawn84 (small blind) folded before Flop



PokerStars Hand #254423867879:  Hold'em No Limit ($0.50/$1.00 USD) - 2025/01/17 0:45:17 WET [2025/01/17 19:45:17 ET]
Table 'Lyalya III' 6-max Seat #6 is the button
Seat 1: Oli3579 ($107.84 in chips) 
Seat 2: rrrro ($120.18 in chips) 
Seat 3: henri789 ($105.01 in chips) 
Seat 4: getjet1952 ($83.29 in chips) 
Seat 5: Rysiff ($119.06 in chips) 
Seat 6: BrilliantDawn84 ($94.98 in chips) 
Oli3579: posts small blind $0.50
rrrro: posts big blind $1
*** HOLE CARDS ***
henri789: folds 
getjet1952: folds 
Rysiff: folds 
BrilliantDawn84: folds 
Oli3579: raises $2 to $3
rrrro: folds 
Uncalled bet ($2) returned to Oli3579
Oli3579 collected $2 from pot
Oli3579: doesn't show hand 
*** SUMMARY ***
Total pot $2 | Rake $0 
Seat 1: Oli3579 (small blind) collected ($2)
Seat 2: rrrro (big blind) folded before Flop
Seat 3: henri789 folded before Flop (didn't bet)
Seat 4: getjet1952 folded before Flop (didn't bet)
Seat 5: Rysiff folded before Flop (didn't bet)
Seat 6: BrilliantDawn84 (button) folded before Flop (didn't bet)



PokerStars Hand #254423871961:  Hold'em No Limit ($0.50/$1.00 USD) - 2025/01/17 0:45:36 WET [2025/01/17 19:45:36 ET]
Table 'Lyalya III' 6-max Seat #1 is the button
Seat 1: Oli3579 ($108.84 in chips) 
Seat 2: rrrro ($119.18 in chips) 
Seat 3: henri789 ($105.01 in chips) 
Seat 4: getjet1952 ($83.29 in chips) 
Seat 5: Rysiff ($119.06 in chips) 
Seat 6: BrilliantDawn84 ($94.98 in chips) 
rrrro: posts small blind $0.50
henri789: posts big blind $1
*** HOLE CARDS ***
getjet1952: calls $1
Rysiff: folds 
BrilliantDawn84: folds 
Oli3579: raises $2.50 to $3.50
rrrro: folds 
henri789: folds 
getjet1952: calls $2.50
*** FLOP *** [2h Ac 3h]
getjet1952: bets $4.04
Oli3579: folds 
Uncalled bet ($4.04) returned to getjet1952
getjet1952 collected $8.08 from pot
getjet1952: doesn't show hand 
*** SUMMARY ***
Total pot $8.50 | Rake $0.42 
Board [2h Ac 3h]
Seat 1: Oli3579 (button) folded on the Flop
Seat 2: rrrro (small blind) folded before Flop
Seat 3: henri789 (big blind) folded before Flop
Seat 4: getjet1952 collected ($8.08)
Seat 5: Rysiff folded before Flop (didn't bet)
Seat 6: BrilliantDawn84 folded before Flop (didn't bet)



PokerStars Hand #254423877513:  Hold'em No Limit ($0.50/$1.00 USD) - 2025/01/17 0:46:02 WET [2025/01/17 19:46:02 ET]
Table 'Lyalya III' 6-max Seat #2 is the button
Seat 1: Oli3579 ($105.34 in chips) 
Seat 2: rrrro ($118.68 in chips) 
Seat 3: henri789 ($104.01 in chips) 
Seat 4: getjet1952 ($87.87 in chips) 
Seat 5: Rysiff ($119.06 in chips) 
Seat 6: BrilliantDawn84 ($94.98 in chips) 
henri789: posts small blind $0.50
getjet1952: posts big blind $1
*** HOLE CARDS ***
Rysiff: raises $1.50 to $2.50
BrilliantDawn84: folds 
Oli3579: folds 
rrrro: folds 
henri789: folds 
getjet1952: calls $1.50
*** FLOP *** [Ah Tc 2c]
getjet1952: checks 
Rysiff: checks 
*** TURN *** [Ah Tc 2c] [Qc]
getjet1952: bets $2.61
Rysiff: calls $2.61
*** RIVER *** [Ah Tc 2c Qc] [7s]
getjet1952: checks 
Rysiff: checks 
*** SHOW DOWN ***
getjet1952: shows [7c Kd] (a pair of Sevens)
Rysiff: shows [Jh Jd] (a pair of Jacks)
Rysiff collected $10.18 from pot
*** SUMMARY ***
Total pot $10.72 | Rake $0.54 
Board [Ah Tc 2c Qc 7s]
Seat 1: Oli3579 folded before Flop (didn't bet)
Seat 2: rrrro (button) folded before Flop (didn't bet)
Seat 3: henri789 (small blind) folded before Flop
Seat 4: getjet1952 (big blind) showed [7c Kd] and lost with a pair of Sevens
Seat 5: Rysiff showed [Jh Jd] and won ($10.18) with a pair of Jacks
Seat 6: BrilliantDawn84 folded before Flop (didn't bet)



PokerStars Hand #254423889037:  Hold'em No Limit ($0.50/$1.00 USD) - 2025/01/17 0:46:56 WET [2025/01/17 19:46:56 ET]
Table 'Lyalya III' 6-max Seat #3 is the button
Seat 1: Oli3579 ($105.34 in chips) 
Seat 2: rrrro ($118.68 in chips) 
Seat 3: henri789 ($103.51 in chips) 
Seat 4: getjet1952 ($82.76 in chips) 
Seat 5: Rysiff ($124.13 in chips) 
Seat 6: BrilliantDawn84 ($94.98 in chips) 
getjet1952: posts small blind $0.50
Rysiff: posts big blind $1
*** HOLE CARDS ***
BrilliantDawn84: folds 
Oli3579: folds 
rrrro: raises $1.30 to $2.30
henri789: folds 
getjet1952: folds 
Rysiff: calls $1.30
*** FLOP *** [8h Ts Qc]
Rysiff: checks 
rrrro: bets $1.21
Rysiff: folds 
Uncalled bet ($1.21) returned to rrrro
rrrro collected $4.84 from pot
rrrro: doesn't show hand 
*** SUMMARY ***
Total pot $5.10 | Rake $0.26 
Board [8h Ts Qc]
Seat 1: Oli3579 folded before Flop (didn't bet)
Seat 2: rrrro collected ($4.84)
Seat 3: henri789 (button) folded before Flop (didn't bet)
Seat 4: getjet1952 (small blind) folded before Flop
Seat 5: Rysiff (big blind) folded on the Flop
Seat 6: BrilliantDawn84 folded before Flop (didn't bet)



PokerStars Hand #254423895758:  Hold'em No Limit ($0.50/$1.00 USD) - 2025/01/17 0:47:27 WET [2025/01/17 19:47:27 ET]
Table 'Lyalya III' 6-max Seat #4 is the button
Seat 1: Oli3579 ($105.34 in chips) 
Seat 2: rrrro ($121.22 in chips) 
Seat 3: henri789 ($103.51 in chips) 
Seat 4: getjet1952 ($82.26 in chips) 
Seat 5: Rysiff ($121.83 in chips) 
Seat 6: BrilliantDawn84 ($94.98 in chips) 
Rysiff: posts small blind $0.50
BrilliantDawn84: posts big blind $1
*** HOLE CARDS ***
Oli3579: folds 
rrrro: folds 
henri789: raises $1 to $2
getjet1952: folds 
Rysiff: folds 
BrilliantDawn84: folds 
Uncalled bet ($1) returned to henri789
henri789 collected $2.50 from pot
henri789: doesn't show hand 
*** SUMMARY ***
Total pot $2.50 | Rake $0 
Seat 1: Oli3579 folded before Flop (didn't bet)
Seat 2: rrrro folded before Flop (didn't bet)
Seat 3: henri789 collected ($2.50)
Seat 4: getjet1952 (button) folded before Flop (didn't bet)
Seat 5: Rysiff (small blind) folded before Flop
Seat 6: BrilliantDawn84 (big blind) folded before Flop



PokerStars Hand #254423900306:  Hold'em No Limit ($0.50/$1.00 USD) - 2025/01/17 0:47:48 WET [2025/01/17 19:47:48 ET]
Table 'Lyalya III' 6-max Seat #5 is the button
Seat 1: Oli3579 ($105.34 in chips) 
Seat 2: rrrro ($121.22 in chips) 
Seat 3: henri789 ($105.01 in chips) 
Seat 4: getjet1952 ($82.26 in chips) 
Seat 5: Rysiff ($121.33 in chips) 
Seat 6: BrilliantDawn84 ($93.98 in chips) 
BrilliantDawn84: posts small blind $0.50
Oli3579: posts big blind $1
*** HOLE CARDS ***
rrrro: raises $1 to $2
henri789: folds 
getjet1952: calls $2
Rysiff: raises $10 to $12
BrilliantDawn84: folds 
Oli3579: folds 
rrrro: folds 
getjet1952: folds 
Uncalled bet ($10) returned to Rysiff
Rysiff collected $7.50 from pot
Rysiff: doesn't show hand 
*** SUMMARY ***
Total pot $7.50 | Rake $0 
Seat 1: Oli3579 (big blind) folded before Flop
Seat 2: rrrro folded before Flop
Seat 3: henri789 folded before Flop (didn't bet)
Seat 4: getjet1952 folded before Flop
Seat 5: Rysiff (button) collected ($7.50)
Seat 6: BrilliantDawn84 (small blind) folded before Flop



PokerStars Hand #254423905615:  Hold'em No Limit ($0.50/$1.00 USD) - 2025/01/17 0:48:13 WET [2025/01/17 19:48:13 ET]
Table 'Lyalya III' 6-max Seat #6 is the button
Seat 1: Oli3579 ($104.34 in chips) 
Seat 2: rrrro ($119.22 in chips) 
Seat 3: henri789 ($105.01 in chips) 
Seat 4: getjet1952 ($80.26 in chips) 
Seat 5: Rysiff ($126.83 in chips) 
Seat 6: BrilliantDawn84 ($93.48 in chips) 
Oli3579: posts small blind $0.50
rrrro: posts big blind $1
*** HOLE CARDS ***
henri789: raises $1 to $2
getjet1952: folds 
Rysiff: folds 
BrilliantDawn84: folds 
Oli3579: folds 
rrrro: calls $1
*** FLOP *** [Js 5s 8h]
rrrro: checks 
henri789: checks 
*** TURN *** [Js 5s 8h] [Kc]
rrrro: checks 
henri789: bets $3.21
rrrro: folds 
Uncalled bet ($3.21) returned to henri789
henri789 collected $4.28 from pot
henri789: doesn't show hand 
*** SUMMARY ***
Total pot $4.50 | Rake $0.22 
Board [Js 5s 8h Kc]
Seat 1: Oli3579 (small blind) folded before Flop
Seat 2: rrrro (big blind) folded on the Turn
Seat 3: henri789 collected ($4.28)
Seat 4: getjet1952 folded before Flop (didn't bet)
Seat 5: Rysiff folded before Flop (didn't bet)
Seat 6: BrilliantDawn84 (button) folded before Flop (didn't bet)



PokerStars Hand #254423916784:  Hold'em No Limit ($0.50/$1.00 USD) - 2025/01/17 0:49:04 WET [2025/01/17 19:49:04 ET]
Table 'Lyalya III' 6-max Seat #1 is the button
Seat 1: Oli3579 ($103.84 in chips) 
Seat 2: rrrro ($117.22 in chips) 
Seat 3: henri789 ($107.29 in chips) 
Seat 4: getjet1952 ($80.26 in chips) 
Seat 5: Rysiff ($126.83 in chips) 
Seat 6: BrilliantDawn84 ($93.48 in chips) 
rrrro: posts small blind $0.50
henri789: posts big blind $1
*** HOLE CARDS ***
getjet1952: folds 
Rysiff: folds 
BrilliantDawn84: raises $1.50 to $2.50
Oli3579: folds 
rrrro: folds 
henri789: raises $9.50 to $12
BrilliantDawn84: folds 
Uncalled bet ($9.50) returned to henri789
henri789 collected $5.50 from pot
henri789: doesn't show hand 
*** SUMMARY ***
Total pot $5.50 | Rake $0 
Seat 1: Oli3579 (button) folded before Flop (didn't bet)
Seat 2: rrrro (small blind) folded before Flop
Seat 3: henri789 (big blind) collected ($5.50)
Seat 4: getjet1952 folded before Flop (didn't bet)
Seat 5: Rysiff folded before Flop (didn't bet)
Seat 6: BrilliantDawn84 folded before Flop



PokerStars Hand #254423922029:  Hold'em No Limit ($0.50/$1.00 USD) - 2025/01/17 0:49:29 WET [2025/01/17 19:49:29 ET]
Table 'Lyalya III' 6-max Seat #2 is the button
Seat 1: Oli3579 ($103.84 in chips) 
Seat 2: rrrro ($116.72 in chips) 
Seat 3: henri789 ($110.29 in chips) 
Seat 4: getjet1952 ($80.26 in chips) 
Seat 5: Rysiff ($126.83 in chips) 
Seat 6: BrilliantDawn84 ($90.98 in chips) 
henri789: posts small blind $0.50
getjet1952: posts big blind $1
*** HOLE CARDS ***
Rysiff: folds 
BrilliantDawn84: folds 
Oli3579: raises $1.25 to $2.25
rrrro: folds 
henri789: folds 
getjet1952: folds 
Uncalled bet ($1.25) returned to Oli3579
Oli3579 collected $2.50 from pot
Oli3579: doesn't show hand 
*** SUMMARY ***
Total pot $2.50 | Rake $0 
Seat 1: Oli3579 collected ($2.50)
Seat 2: rrrro (button) folded before Flop (didn't bet)
Seat 3: henri789 (small blind) folded before Flop
Seat 4: getjet1952 (big blind) folded before Flop
Seat 5: Rysiff folded before Flop (didn't bet)
Seat 6: BrilliantDawn84 folded before Flop (didn't bet)



PokerStars Hand #254423926048:  Hold'em No Limit ($0.50/$1.00 USD) - 2025/01/17 0:49:48 WET [2025/01/17 19:49:48 ET]
Table 'Lyalya III' 6-max Seat #3 is the button
Seat 1: Oli3579 ($105.34 in chips) 
Seat 2: rrrro ($116.72 in chips) 
Seat 3: henri789 ($109.79 in chips) 
Seat 4: getjet1952 ($79.26 in chips) 
Seat 5: Rysiff ($126.83 in chips) 
Seat 6: BrilliantDawn84 ($90.98 in chips) 
getjet1952: posts small blind $0.50
Rysiff: posts big blind $1
*** HOLE CARDS ***
BrilliantDawn84: raises $1.50 to $2.50
Oli3579: raises $5.25 to $7.75
rrrro: folds 
henri789: folds 
getjet1952: folds 
Rysiff: folds 
BrilliantDawn84: folds 
Uncalled bet ($5.25) returned to Oli3579
Oli3579 collected $6.50 from pot
Oli3579: doesn't show hand 
*** SUMMARY ***
Total pot $6.50 | Rake $0 
Seat 1: Oli3579 collected ($6.50)
Seat 2: rrrro folded before Flop (didn't bet)
Seat 3: henri789 (button) folded before Flop (didn't bet)
Seat 4: getjet1952 (small blind) folded before Flop
Seat 5: Rysiff (big blind) folded before Flop
Seat 6: BrilliantDawn84 folded before Flop



PokerStars Hand #254423935011:  Hold'em No Limit ($0.50/$1.00 USD) - 2025/01/17 0:50:30 WET [2025/01/17 19:50:30 ET]
Table 'Lyalya III' 6-max Seat #4 is the button
Seat 1: Oli3579 ($109.34 in chips) 
Seat 2: rrrro ($116.72 in chips) 
Seat 3: henri789 ($109.79 in chips) 
Seat 4: getjet1952 ($78.76 in chips) 
Seat 5: Rysiff ($125.83 in chips) 
Seat 6: BrilliantDawn84 ($88.48 in chips) 
Rysiff: posts small blind $0.50
BrilliantDawn84: posts big blind $1
*** HOLE CARDS ***
Oli3579: folds 
rrrro: folds 
henri789: folds 
getjet1952: folds 
Rysiff: raises $2 to $3
BrilliantDawn84: calls $2
*** FLOP *** [Kh Ah Jc]
Rysiff: bets $1.88
BrilliantDawn84: raises $5.33 to $7.21
Rysiff: folds 
Uncalled bet ($5.33) returned to BrilliantDawn84
BrilliantDawn84 collected $9.27 from pot
BrilliantDawn84: doesn't show hand 
*** SUMMARY ***
Total pot $9.76 | Rake $0.49 
Board [Kh Ah Jc]
Seat 1: Oli3579 folded before Flop (didn't bet)
Seat 2: rrrro folded before Flop (didn't bet)
Seat 3: henri789 folded before Flop (didn't bet)
Seat 4: getjet1952 (button) folded before Flop (didn't bet)
Seat 5: Rysiff (small blind) folded on the Flop
Seat 6: BrilliantDawn84 (big blind) collected ($9.27)



PokerStars Hand #254423942998:  Hold'em No Limit ($0.50/$1.00 USD) - 2025/01/17 0:51:07 WET [2025/01/17 19:51:07 ET]
Table 'Lyalya III' 6-max Seat #5 is the button
Seat 1: Oli3579 ($109.34 in chips) is sitting out
Seat 2: rrrro ($116.72 in chips) 
Seat 3: henri789 ($109.79 in chips) 
Seat 4: getjet1952 ($78.76 in chips) 
Seat 5: Rysiff ($120.95 in chips) 
Seat 6: BrilliantDawn84 ($92.87 in chips) 
BrilliantDawn84: posts small blind $0.50
Oli3579: is sitting out 
rrrro: posts big blind $1
*** HOLE CARDS ***
Oli3579 leaves the table
henri789: folds 
getjet1952: calls $1
Rysiff: raises $3 to $4
BrilliantDawn84: folds 
Tibibacsi joins the table at seat #1 
rrrro: folds 
getjet1952: calls $3
*** FLOP *** [7h Qs Jc]
getjet1952: checks 
Rysiff: bets $2.98
getjet1952: folds 
Uncalled bet ($2.98) returned to Rysiff
Rysiff collected $9.02 from pot
Rysiff: doesn't show hand 
*** SUMMARY ***
Total pot $9.50 | Rake $0.48 
Board [7h Qs Jc]
Seat 1: Oli3579
Seat 2: rrrro (big blind) folded before Flop
Seat 3: henri789 folded before Flop (didn't bet)
Seat 4: getjet1952 folded on the Flop
Seat 5: Rysiff (button) collected ($9.02)
Seat 6: BrilliantDawn84 (small blind) folded before Flop



PokerStars Hand #254423950434:  Hold'em No Limit ($0.50/$1.00 USD) - 2025/01/17 0:51:42 WET [2025/01/17 19:51:42 ET]
Table 'Lyalya III' 6-max Seat #6 is the button
Seat 1: Tibibacsi ($100 in chips) is sitting out
Seat 2: rrrro ($115.72 in chips) 
Seat 3: henri789 ($109.79 in chips) 
Seat 4: getjet1952 ($74.76 in chips) 
Seat 5: Rysiff ($125.97 in chips) 
Seat 6: BrilliantDawn84 ($92.37 in chips) 
rrrro: posts small blind $0.50
henri789: posts big blind $1
*** HOLE CARDS ***
getjet1952: folds 
Rysiff: folds 
BrilliantDawn84: folds 
rrrro: raises $2 to $3
henri789: raises $6 to $9
rrrro: calls $6
*** FLOP *** [6h 2h 7s]
rrrro: checks 
henri789: bets $8.38
rrrro: calls $8.38
*** TURN *** [6h 2h 7s] [4d]
rrrro: checks 
henri789: checks 
*** RIVER *** [6h 2h 7s 4d] [7h]
rrrro: checks 
henri789: bets $33.02
rrrro: calls $33.02
*** SHOW DOWN ***
henri789: shows [Ah Jh] (a flush, Ace high)
rrrro: mucks hand 
henri789 collected $98.30 from pot
*** SUMMARY ***
Total pot $100.80 | Rake $2.50 
Board [6h 2h 7s 4d 7h]
Seat 1: Tibibacsi
Seat 2: rrrro (small blind) mucked
Seat 3: henri789 (big blind) showed [Ah Jh] and won ($98.30) with a flush, Ace high
Seat 4: getjet1952 folded before Flop (didn't bet)
Seat 5: Rysiff folded before Flop (didn't bet)
Seat 6: BrilliantDawn84 (button) folded before Flop (didn't bet)



PokerStars Hand #254423970984:  Hold'em No Limit ($0.50/$1.00 USD) - 2025/01/17 0:53:19 WET [2025/01/17 19:53:19 ET]
Table 'Lyalya III' 6-max Seat #2 is the button
Seat 1: Tibibacsi ($100 in chips) is sitting out
Seat 2: rrrro ($100 in chips) 
Seat 3: henri789 ($157.69 in chips) 
Seat 4: getjet1952 ($74.76 in chips) 
Seat 5: Rysiff ($125.97 in chips) 
Seat 6: BrilliantDawn84 ($92.37 in chips) 
henri789: posts small blind $0.50
getjet1952: posts big blind $1
Tibibacsi: sits out 
*** HOLE CARDS ***
Rysiff: folds 
BrilliantDawn84: raises $1.50 to $2.50
rrrro: folds 
henri789: raises $7.50 to $10
getjet1952: raises $22.50 to $32.50
BrilliantDawn84: folds 
henri789: folds 
Uncalled bet ($22.50) returned to getjet1952
getjet1952 collected $22.50 from pot
getjet1952: doesn't show hand 
*** SUMMARY ***
Total pot $22.50 | Rake $0 
Seat 1: Tibibacsi
Seat 2: rrrro (button) folded before Flop (didn't bet)
Seat 3: henri789 (small blind) folded before Flop
Seat 4: getjet1952 (big blind) collected ($22.50)
Seat 5: Rysiff folded before Flop (didn't bet)
Seat 6: BrilliantDawn84 folded before Flop



PokerStars Hand #254423976490:  Hold'em No Limit ($0.50/$1.00 USD) - 2025/01/17 0:53:46 WET [2025/01/17 19:53:46 ET]
Table 'Lyalya III' 6-max Seat #3 is the button
Seat 1: Tibibacsi ($100 in chips) is sitting out
Seat 2: rrrro ($100 in chips) 
Seat 3: henri789 ($147.69 in chips) 
Seat 4: getjet1952 ($87.26 in chips) 
Seat 5: Rysiff ($125.97 in chips) 
Seat 6: BrilliantDawn84 ($89.87 in chips) 
getjet1952: posts small blind $0.50
Rysiff: posts big blind $1
Tibibacsi: sits out 
*** HOLE CARDS ***
BrilliantDawn84: folds 
rrrro: folds 
henri789: folds 
getjet1952: raises $1 to $2
Rysiff: calls $1
*** FLOP *** [Tc 8c 5d]
getjet1952: checks 
Rysiff: checks 
*** TURN *** [Tc 8c 5d] [7h]
getjet1952: checks 
Rysiff: checks 
*** RIVER *** [Tc 8c 5d 7h] [4d]
getjet1952: bets $1.90
Rysiff: raises $6.08 to $7.98
getjet1952: folds 
Uncalled bet ($6.08) returned to Rysiff
Rysiff collected $7.41 from pot
Rysiff: doesn't show hand 
*** SUMMARY ***
Total pot $7.80 | Rake $0.39 
Board [Tc 8c 5d 7h 4d]
Seat 1: Tibibacsi
Seat 2: rrrro folded before Flop (didn't bet)
Seat 3: henri789 (button) folded before Flop (didn't bet)
Seat 4: getjet1952 (small blind) folded on the River
Seat 5: Rysiff (big blind) collected ($7.41)
Seat 6: BrilliantDawn84 folded before Flop (didn't bet)



PokerStars Hand #254423986292:  Hold'em No Limit ($0.50/$1.00 USD) - 2025/01/17 0:54:33 WET [2025/01/17 19:54:33 ET]
Table 'Lyalya III' 6-max Seat #4 is the button
Seat 1: Tibibacsi ($100 in chips) is sitting out
Seat 2: rrrro ($100 in chips) 
Seat 3: henri789 ($147.69 in chips) 
Seat 4: getjet1952 ($83.36 in chips) 
Seat 5: Rysiff ($129.48 in chips) 
Seat 6: BrilliantDawn84 ($89.87 in chips) 
Rysiff: posts small blind $0.50
BrilliantDawn84: posts big blind $1
Tibibacsi: sits out 
*** HOLE CARDS ***
rrrro: folds 
henri789: raises $1 to $2
getjet1952: folds 
Rysiff: folds 
BrilliantDawn84: folds 
Uncalled bet ($1) returned to henri789
henri789 collected $2.50 from pot
henri789: doesn't show hand 
*** SUMMARY ***
Total pot $2.50 | Rake $0 
Seat 1: Tibibacsi
Seat 2: rrrro folded before Flop (didn't bet)
Seat 3: henri789 collected ($2.50)
Seat 4: getjet1952 (button) folded before Flop (didn't bet)
Seat 5: Rysiff (small blind) folded before Flop
Seat 6: BrilliantDawn84 (big blind) folded before Flop



PokerStars Hand #254423988342:  Hold'em No Limit ($0.50/$1.00 USD) - 2025/01/17 0:54:43 WET [2025/01/17 19:54:43 ET]
Table 'Lyalya III' 6-max Seat #5 is the button
Seat 1: Tibibacsi ($100 in chips) 
Seat 2: rrrro ($100 in chips) 
Seat 3: henri789 ($149.19 in chips) 
Seat 4: getjet1952 ($83.36 in chips) 
Seat 5: Rysiff ($128.98 in chips) 
Seat 6: BrilliantDawn84 ($88.87 in chips) 
BrilliantDawn84: posts small blind $0.50
Tibibacsi: posts big blind $1
*** HOLE CARDS ***
rrrro: raises $1 to $2
henri789: folds 
getjet1952: folds 
Rysiff: folds 
BrilliantDawn84: calls $1.50
Tibibacsi: folds 
*** FLOP *** [5s Ks 2c]
BrilliantDawn84: checks 
rrrro: bets $1.19
BrilliantDawn84: raises $2.56 to $3.75
rrrro: calls $2.56
*** TURN *** [5s Ks 2c] [7d]
BrilliantDawn84: bets $9
rrrro: folds 
Uncalled bet ($9) returned to BrilliantDawn84
BrilliantDawn84 collected $11.88 from pot
BrilliantDawn84: doesn't show hand 
*** SUMMARY ***
Total pot $12.50 | Rake $0.62 
Board [5s Ks 2c 7d]
Seat 1: Tibibacsi (big blind) folded before Flop
Seat 2: rrrro folded on the Turn
Seat 3: henri789 folded before Flop (didn't bet)
Seat 4: getjet1952 folded before Flop (didn't bet)
Seat 5: Rysiff (button) folded before Flop (didn't bet)
Seat 6: BrilliantDawn84 (small blind) collected ($11.88)



PokerStars Hand #254423999430:  Hold'em No Limit ($0.50/$1.00 USD) - 2025/01/17 0:55:43 WET [2025/01/17 19:55:43 ET]
Table 'Lyalya III' 6-max Seat #6 is the button
Seat 1: Tibibacsi ($100 in chips) 
Seat 2: rrrro ($100 in chips) 
Seat 3: henri789 ($149.19 in chips) 
Seat 4: getjet1952 ($83.36 in chips) 
Seat 5: Rysiff ($128.98 in chips) 
Seat 6: BrilliantDawn84 ($95 in chips) 
Tibibacsi: posts small blind $0.50
rrrro: posts big blind $1
*** HOLE CARDS ***
henri789: folds 
getjet1952: calls $1
Rysiff: raises $3 to $4
BrilliantDawn84: folds 
Tibibacsi: folds 
rrrro: folds 
getjet1952: folds 
Uncalled bet ($3) returned to Rysiff
Rysiff collected $3.50 from pot
Rysiff: doesn't show hand 
*** SUMMARY ***
Total pot $3.50 | Rake $0 
Seat 1: Tibibacsi (small blind) folded before Flop
Seat 2: rrrro (big blind) folded before Flop
Seat 3: henri789 folded before Flop (didn't bet)
Seat 4: getjet1952 folded before Flop
Seat 5: Rysiff collected ($3.50)
Seat 6: BrilliantDawn84 (button) folded before Flop (didn't bet)



PokerStars Hand #254424004592:  Hold'em No Limit ($0.50/$1.00 USD) - 2025/01/17 0:56:14 WET [2025/01/17 19:56:14 ET]
Table 'Lyalya III' 6-max Seat #1 is the button
Seat 1: Tibibacsi ($100 in chips) 
Seat 2: rrrro ($100 in chips) 
Seat 3: henri789 ($149.19 in chips) 
Seat 4: getjet1952 ($82.36 in chips) 
Seat 5: Rysiff ($131.48 in chips) 
Seat 6: BrilliantDawn84 ($95 in chips) 
rrrro: posts small blind $0.50
henri789: posts big blind $1
*** HOLE CARDS ***
getjet1952: folds 
Rysiff: folds 
BrilliantDawn84: folds 
Tibibacsi: folds 
rrrro: folds 
Uncalled bet ($0.50) returned to henri789
henri789 collected $1 from pot
henri789: doesn't show hand 
*** SUMMARY ***
Total pot $1 | Rake $0 
Seat 1: Tibibacsi (button) folded before Flop (didn't bet)
Seat 2: rrrro (small blind) folded before Flop
Seat 3: henri789 (big blind) collected ($1)
Seat 4: getjet1952 folded before Flop (didn't bet)
Seat 5: Rysiff folded before Flop (didn't bet)
Seat 6: BrilliantDawn84 folded before Flop (didn't bet)



PokerStars Hand #254424006898:  Hold'em No Limit ($0.50/$1.00 USD) - 2025/01/17 0:56:29 WET [2025/01/17 19:56:29 ET]
Table 'Lyalya III' 6-max Seat #2 is the button
Seat 1: Tibibacsi ($100 in chips) 
Seat 2: rrrro ($100 in chips) 
Seat 3: henri789 ($149.69 in chips) 
Seat 4: getjet1952 ($82.36 in chips) 
Seat 5: Rysiff ($131.48 in chips) 
Seat 6: BrilliantDawn84 ($95 in chips) 
henri789: posts small blind $0.50
getjet1952: posts big blind $1
*** HOLE CARDS ***
Rysiff: raises $1.50 to $2.50
BrilliantDawn84: calls $2.50
Tibibacsi: folds 
rrrro: folds 
henri789: folds 
getjet1952: calls $1.50
*** FLOP *** [As 4d 4h]
getjet1952: checks 
Rysiff: bets $2.51
BrilliantDawn84: folds 
getjet1952: folds 
Uncalled bet ($2.51) returned to Rysiff
Rysiff collected $7.60 from pot
Rysiff: doesn't show hand 
*** SUMMARY ***
Total pot $8 | Rake $0.40 
Board [As 4d 4h]
Seat 1: Tibibacsi folded before Flop (didn't bet)
Seat 2: rrrro (button) folded before Flop (didn't bet)
Seat 3: henri789 (small blind) folded before Flop
Seat 4: getjet1952 (big blind) folded on the Flop
Seat 5: Rysiff collected ($7.60)
Seat 6: BrilliantDawn84 folded on the Flop



PokerStars Hand #254424012416:  Hold'em No Limit ($0.50/$1.00 USD) - 2025/01/17 0:57:02 WET [2025/01/17 19:57:02 ET]
Table 'Lyalya III' 6-max Seat #3 is the button
Seat 1: Tibibacsi ($100 in chips) 
Seat 2: rrrro ($100 in chips) 
Seat 3: henri789 ($149.19 in chips) 
Seat 4: getjet1952 ($79.86 in chips) 
Seat 5: Rysiff ($136.58 in chips) 
Seat 6: BrilliantDawn84 ($92.50 in chips) 
getjet1952: posts small blind $0.50
Rysiff: posts big blind $1
*** HOLE CARDS ***
BrilliantDawn84: folds 
Tibibacsi: raises $1.50 to $2.50
rrrro: folds 
henri789: folds 
getjet1952: folds 
Rysiff: folds 
Uncalled bet ($1.50) returned to Tibibacsi
Tibibacsi collected $2.50 from pot
Tibibacsi: doesn't show hand 
*** SUMMARY ***
Total pot $2.50 | Rake $0 
Seat 1: Tibibacsi collected ($2.50)
Seat 2: rrrro folded before Flop (didn't bet)
Seat 3: henri789 (button) folded before Flop (didn't bet)
Seat 4: getjet1952 (small blind) folded before Flop
Seat 5: Rysiff (big blind) folded before Flop
Seat 6: BrilliantDawn84 folded before Flop (didn't bet)



PokerStars Hand #254424016427:  Hold'em No Limit ($0.50/$1.00 USD) - 2025/01/17 0:57:26 WET [2025/01/17 19:57:26 ET]
Table 'Lyalya III' 6-max Seat #4 is the button
Seat 1: Tibibacsi ($101.50 in chips) 
Seat 2: rrrro ($100 in chips) 
Seat 3: henri789 ($149.19 in chips) 
Seat 4: getjet1952 ($79.36 in chips) 
Seat 5: Rysiff ($135.58 in chips) 
Seat 6: BrilliantDawn84 ($92.50 in chips) 
Rysiff: posts small blind $0.50
BrilliantDawn84: posts big blind $1
*** HOLE CARDS ***
Tibibacsi: folds 
rrrro: folds 
henri789: raises $1 to $2
getjet1952: folds 
Rysiff: folds 
BrilliantDawn84: folds 
Uncalled bet ($1) returned to henri789
henri789 collected $2.50 from pot
henri789: doesn't show hand 
*** SUMMARY ***
Total pot $2.50 | Rake $0 
Seat 1: Tibibacsi folded before Flop (didn't bet)
Seat 2: rrrro folded before Flop (didn't bet)
Seat 3: henri789 collected ($2.50)
Seat 4: getjet1952 (button) folded before Flop (didn't bet)
Seat 5: Rysiff (small blind) folded before Flop
Seat 6: BrilliantDawn84 (big blind) folded before Flop



PokerStars Hand #254424018695:  Hold'em No Limit ($0.50/$1.00 USD) - 2025/01/17 0:57:40 WET [2025/01/17 19:57:40 ET]
Table 'Lyalya III' 6-max Seat #5 is the button
Seat 1: Tibibacsi ($101.50 in chips) 
Seat 2: rrrro ($100 in chips) 
Seat 3: henri789 ($150.69 in chips) 
Seat 4: getjet1952 ($79.36 in chips) 
Seat 5: Rysiff ($135.08 in chips) 
Seat 6: BrilliantDawn84 ($91.50 in chips) 
BrilliantDawn84: posts small blind $0.50
Tibibacsi: posts big blind $1
*** HOLE CARDS ***
rrrro: raises $1 to $2
henri789: folds 
getjet1952: folds 
Rysiff: raises $5 to $7
BrilliantDawn84: folds 
Tibibacsi: folds 
rrrro: folds 
Uncalled bet ($5) returned to Rysiff
Rysiff collected $5.50 from pot
Rysiff: doesn't show hand 
*** SUMMARY ***
Total pot $5.50 | Rake $0 
Seat 1: Tibibacsi (big blind) folded before Flop
Seat 2: rrrro folded before Flop
Seat 3: henri789 folded before Flop (didn't bet)
Seat 4: getjet1952 folded before Flop (didn't bet)
Seat 5: Rysiff (button) collected ($5.50)
Seat 6: BrilliantDawn84 (small blind) folded before Flop



PokerStars Hand #254424021752:  Hold'em No Limit ($0.50/$1.00 USD) - 2025/01/17 0:57:59 WET [2025/01/17 19:57:59 ET]
Table 'Lyalya III' 6-max Seat #6 is the button
Seat 1: Tibibacsi ($100.50 in chips) 
Seat 2: rrrro ($100 in chips) 
Seat 3: henri789 ($150.69 in chips) 
Seat 4: getjet1952 ($79.36 in chips) 
Seat 5: Rysiff ($138.58 in chips) 
Seat 6: BrilliantDawn84 ($91 in chips) 
Tibibacsi: posts small blind $0.50
rrrro: posts big blind $1
*** HOLE CARDS ***
henri789: folds 
getjet1952: folds 
Rysiff: raises $1.50 to $2.50
BrilliantDawn84: folds 
Tibibacsi: folds 
rrrro: calls $1.50
*** FLOP *** [3s 7h 2h]
rrrro: checks 
Rysiff: bets $1.72
rrrro: calls $1.72
*** TURN *** [3s 7h 2h] [8s]
rrrro: checks 
Rysiff: checks 
*** RIVER *** [3s 7h 2h 8s] [9s]
rrrro: checks 
Rysiff: bets $6.79
rrrro: folds 
Uncalled bet ($6.79) returned to Rysiff
Rysiff collected $8.49 from pot
Rysiff: doesn't show hand 
*** SUMMARY ***
Total pot $8.94 | Rake $0.45 
Board [3s 7h 2h 8s 9s]
Seat 1: Tibibacsi (small blind) folded before Flop
Seat 2: rrrro (big blind) folded on the River
Seat 3: henri789 folded before Flop (didn't bet)
Seat 4: getjet1952 folded before Flop (didn't bet)
Seat 5: Rysiff collected ($8.49)
Seat 6: BrilliantDawn84 (button) folded before Flop (didn't bet)



PokerStars Hand #254424037070:  Hold'em No Limit ($0.50/$1.00 USD) - 2025/01/17 0:59:30 WET [2025/01/17 19:59:30 ET]
Table 'Lyalya III' 6-max Seat #1 is the button
Seat 1: Tibibacsi ($100 in chips) 
Seat 2: rrrro ($100 in chips) 
Seat 3: henri789 ($150.69 in chips) 
Seat 4: getjet1952 ($79.36 in chips) 
Seat 5: Rysiff ($142.85 in chips) 
Seat 6: BrilliantDawn84 ($91 in chips) 
rrrro: posts small blind $0.50
henri789: posts big blind $1
*** HOLE CARDS ***
getjet1952: folds 
Rysiff: folds 
BrilliantDawn84: folds 
Tibibacsi: raises $1.50 to $2.50
rrrro: folds 
henri789: raises $9.50 to $12
Tibibacsi: raises $12.50 to $24.50
henri789: folds 
Uncalled bet ($12.50) returned to Tibibacsi
Tibibacsi collected $24.50 from pot
Tibibacsi: doesn't show hand 
*** SUMMARY ***
Total pot $24.50 | Rake $0 
Seat 1: Tibibacsi (button) collected ($24.50)
Seat 2: rrrro (small blind) folded before Flop
Seat 3: henri789 (big blind) folded before Flop
Seat 4: getjet1952 folded before Flop (didn't bet)
Seat 5: Rysiff folded before Flop (didn't bet)
Seat 6: BrilliantDawn84 folded before Flop (didn't bet)



PokerStars Hand #254424047789:  Hold'em No Limit ($0.50/$1.00 USD) - 2025/01/17 1:00:33 WET [2025/01/17 20:00:33 ET]
Table 'Lyalya III' 6-max Seat #2 is the button
Seat 1: Tibibacsi ($112.50 in chips) 
Seat 2: rrrro ($100 in chips) 
Seat 3: henri789 ($138.69 in chips) 
Seat 4: getjet1952 ($79.36 in chips) 
Seat 5: Rysiff ($142.85 in chips) 
Seat 6: BrilliantDawn84 ($91 in chips) 
henri789: posts small blind $0.50
getjet1952: posts big blind $1
*** HOLE CARDS ***
Rysiff: raises $1.50 to $2.50
BrilliantDawn84: raises $5 to $7.50
Tibibacsi: folds 
rrrro: folds 
henri789: folds 
getjet1952: folds 
Rysiff: folds 
Uncalled bet ($5) returned to BrilliantDawn84
BrilliantDawn84 collected $6.50 from pot
BrilliantDawn84: doesn't show hand 
*** SUMMARY ***
Total pot $6.50 | Rake $0 
Seat 1: Tibibacsi folded before Flop (didn't bet)
Seat 2: rrrro (button) folded before Flop (didn't bet)
Seat 3: henri789 (small blind) folded before Flop
Seat 4: getjet1952 (big blind) folded before Flop
Seat 5: Rysiff folded before Flop
Seat 6: BrilliantDawn84 collected ($6.50)



PokerStars Hand #254424052223:  Hold'em No Limit ($0.50/$1.00 USD) - 2025/01/17 1:00:56 WET [2025/01/17 20:00:56 ET]
Table 'Lyalya III' 6-max Seat #3 is the button
Seat 1: Tibibacsi ($112.50 in chips) 
Seat 2: rrrro ($100 in chips) 
Seat 3: henri789 ($138.19 in chips) 
Seat 4: getjet1952 ($78.36 in chips) 
Seat 5: Rysiff ($140.35 in chips) 
Seat 6: BrilliantDawn84 ($95 in chips) 
getjet1952: posts small blind $0.50
Rysiff: posts big blind $1
*** HOLE CARDS ***
BrilliantDawn84: folds 
Tibibacsi: folds 
rrrro: raises $1.30 to $2.30
henri789: raises $4.70 to $7
getjet1952: folds 
Rysiff: folds 
rrrro: folds 
Uncalled bet ($4.70) returned to henri789
henri789 collected $6.10 from pot
henri789: doesn't show hand 
*** SUMMARY ***
Total pot $6.10 | Rake $0 
Seat 1: Tibibacsi folded before Flop (didn't bet)
Seat 2: rrrro folded before Flop
Seat 3: henri789 (button) collected ($6.10)
Seat 4: getjet1952 (small blind) folded before Flop
Seat 5: Rysiff (big blind) folded before Flop
Seat 6: BrilliantDawn84 folded before Flop (didn't bet)



PokerStars Hand #254424057997:  Hold'em No Limit ($0.50/$1.00 USD) - 2025/01/17 1:01:26 WET [2025/01/17 20:01:26 ET]
Table 'Lyalya III' 6-max Seat #4 is the button
Seat 1: Tibibacsi ($112.50 in chips) 
Seat 2: rrrro ($100 in chips) 
Seat 3: henri789 ($141.99 in chips) 
Seat 4: getjet1952 ($77.86 in chips) 
Seat 5: Rysiff ($139.35 in chips) 
Seat 6: BrilliantDawn84 ($95 in chips) 
Rysiff: posts small blind $0.50
BrilliantDawn84: posts big blind $1
*** HOLE CARDS ***
Tibibacsi: folds 
rrrro: folds 
henri789: folds 
getjet1952: raises $1 to $2
Rysiff: folds 
BrilliantDawn84: calls $1
*** FLOP *** [Qc Jh As]
BrilliantDawn84: checks 
getjet1952: bets $4.28
BrilliantDawn84: calls $4.28
*** TURN *** [Qc Jh As] [8s]
BrilliantDawn84: checks 
getjet1952: bets $12.41
BrilliantDawn84: calls $12.41
*** RIVER *** [Qc Jh As 8s] [Kh]
BrilliantDawn84: bets $76.31 and is all-in
getjet1952: calls $59.17 and is all-in
Uncalled bet ($17.14) returned to BrilliantDawn84
*** SHOW DOWN ***
BrilliantDawn84: shows [Ah Ts] (a straight, Ten to Ace)
getjet1952: shows [Ac Ks] (two pair, Aces and Kings)
BrilliantDawn84 collected $153.72 from pot
*** SUMMARY ***
Total pot $156.22 | Rake $2.50 
Board [Qc Jh As 8s Kh]
Seat 1: Tibibacsi folded before Flop (didn't bet)
Seat 2: rrrro folded before Flop (didn't bet)
Seat 3: henri789 folded before Flop (didn't bet)
Seat 4: getjet1952 (button) showed [Ac Ks] and lost with two pair, Aces and Kings
Seat 5: Rysiff (small blind) folded before Flop
Seat 6: BrilliantDawn84 (big blind) showed [Ah Ts] and won ($153.72) with a straight, Ten to Ace



PokerStars Hand #254424066838:  Hold'em No Limit ($0.50/$1.00 USD) - 2025/01/17 1:02:09 WET [2025/01/17 20:02:09 ET]
Table 'Lyalya III' 6-max Seat #5 is the button
Seat 4: getjet1952 ($0 in chips) is sitting out
Seat 1: Tibibacsi ($112.50 in chips) 
Seat 2: rrrro ($100 in chips) 
Seat 3: henri789 ($141.99 in chips) 
Seat 5: Rysiff ($138.85 in chips) 
Seat 6: BrilliantDawn84 ($170.86 in chips) 
BrilliantDawn84: posts small blind $0.50
Tibibacsi: posts big blind $1
*** HOLE CARDS ***
rrrro: folds 
getjet1952 leaves the table
henri789: folds 
Rysiff: folds 
BrilliantDawn84: folds 
Uncalled bet ($0.50) returned to Tibibacsi
Tibibacsi collected $1 from pot
Tibibacsi: doesn't show hand 
*** SUMMARY ***
Total pot $1 | Rake $0 
Seat 4: getjet1952
Seat 1: Tibibacsi (big blind) collected ($1)
Seat 2: rrrro folded before Flop (didn't bet)
Seat 3: henri789 folded before Flop (didn't bet)
Seat 5: Rysiff (button) folded before Flop (didn't bet)
Seat 6: BrilliantDawn84 (small blind) folded before Flop



PokerStars Hand #254424069004:  Hold'em No Limit ($0.50/$1.00 USD) - 2025/01/17 1:02:19 WET [2025/01/17 20:02:19 ET]
Table 'Lyalya III' 6-max Seat #6 is the button
Seat 1: Tibibacsi ($113 in chips) 
Seat 2: rrrro ($100 in chips) 
Seat 3: henri789 ($141.99 in chips) 
Seat 5: Rysiff ($138.85 in chips) 
Seat 6: BrilliantDawn84 ($170.36 in chips) 
Tibibacsi: posts small blind $0.50
rrrro: posts big blind $1
*** HOLE CARDS ***
henri789: folds 
nastja336 joins the table at seat #4 
Rysiff: raises $1.50 to $2.50
BrilliantDawn84: folds 
henri789 leaves the table
sutata joins the table at seat #3 
Tibibacsi: folds 
rrrro: folds 
Uncalled bet ($1.50) returned to Rysiff
Rysiff collected $2.50 from pot
Rysiff: doesn't show hand 
*** SUMMARY ***
Total pot $2.50 | Rake $0 
Seat 1: Tibibacsi (small blind) folded before Flop
Seat 2: rrrro (big blind) folded before Flop
Seat 3: henri789 folded before Flop (didn't bet)
Seat 5: Rysiff collected ($2.50)
Seat 6: BrilliantDawn84 (button) folded before Flop (didn't bet)



PokerStars Hand #254424074274:  Hold'em No Limit ($0.50/$1.00 USD) - 2025/01/17 1:02:45 WET [2025/01/17 20:02:45 ET]
Table 'Lyalya III' 6-max Seat #1 is the button
Seat 3: sutata ($100 in chips) is sitting out
Seat 1: Tibibacsi ($112.50 in chips) 
Seat 2: rrrro ($100 in chips) 
Seat 4: nastja336 ($100 in chips) 
Seat 5: Rysiff ($140.35 in chips) 
Seat 6: BrilliantDawn84 ($170.36 in chips) 
rrrro: posts small blind $0.50
nastja336: posts big blind $1
*** HOLE CARDS ***
Rysiff: folds 
BrilliantDawn84: raises $1.50 to $2.50
Tibibacsi: folds 
rrrro: folds 
nastja336: folds 
Uncalled bet ($1.50) returned to BrilliantDawn84
BrilliantDawn84 collected $2.50 from pot
BrilliantDawn84: doesn't show hand 
*** SUMMARY ***
Total pot $2.50 | Rake $0 
Seat 3: sutata
Seat 1: Tibibacsi (button) folded before Flop (didn't bet)
Seat 2: rrrro (small blind) folded before Flop
Seat 4: nastja336 (big blind) folded before Flop
Seat 5: Rysiff folded before Flop (didn't bet)
Seat 6: BrilliantDawn84 collected ($2.50)



PokerStars Hand #254424079402:  Hold'em No Limit ($0.50/$1.00 USD) - 2025/01/17 1:03:11 WET [2025/01/17 20:03:11 ET]
Table 'Lyalya III' 6-max Seat #2 is the button
Seat 3: sutata ($100 in chips) is sitting out
Seat 1: Tibibacsi ($112.50 in chips) 
Seat 2: rrrro ($100 in chips) 
Seat 4: nastja336 ($100 in chips) 
Seat 5: Rysiff ($140.35 in chips) 
Seat 6: BrilliantDawn84 ($171.86 in chips) 
nastja336: posts small blind $0.50
Rysiff: posts big blind $1
*** HOLE CARDS ***
BrilliantDawn84: folds 
Tibibacsi: folds 
rrrro: folds 
nastja336: raises $2 to $3
Rysiff: folds 
Uncalled bet ($2) returned to nastja336
nastja336 collected $2 from pot
nastja336: doesn't show hand 
*** SUMMARY ***
Total pot $2 | Rake $0 
Seat 3: sutata
Seat 1: Tibibacsi folded before Flop (didn't bet)
Seat 2: rrrro (button) folded before Flop (didn't bet)
Seat 4: nastja336 (small blind) collected ($2)
Seat 5: Rysiff (big blind) folded before Flop
Seat 6: BrilliantDawn84 folded before Flop (didn't bet)



PokerStars Hand #254424083591:  Hold'em No Limit ($0.50/$1.00 USD) - 2025/01/17 1:03:31 WET [2025/01/17 20:03:31 ET]
Table 'Lyalya III' 6-max Seat #4 is the button
Seat 3: sutata ($100 in chips) is sitting out
Seat 1: Tibibacsi ($112.50 in chips) 
Seat 2: rrrro ($100 in chips) 
Seat 4: nastja336 ($101 in chips) 
Seat 5: Rysiff ($139.35 in chips) 
Seat 6: BrilliantDawn84 ($171.86 in chips) 
Rysiff: posts small blind $0.50
BrilliantDawn84: posts big blind $1
sutata: sits out 
*** HOLE CARDS ***
Tibibacsi: folds 
rrrro: folds 
nastja336: folds 
Rysiff: raises $2 to $3
BrilliantDawn84: folds 
Uncalled bet ($2) returned to Rysiff
Rysiff collected $2 from pot
Rysiff: doesn't show hand 
*** SUMMARY ***
Total pot $2 | Rake $0 
Seat 3: sutata
Seat 1: Tibibacsi folded before Flop (didn't bet)
Seat 2: rrrro folded before Flop (didn't bet)
Seat 4: nastja336 (button) folded before Flop (didn't bet)
Seat 5: Rysiff (small blind) collected ($2)
Seat 6: BrilliantDawn84 (big blind) folded before Flop



PokerStars Hand #254424090527:  Hold'em No Limit ($0.50/$1.00 USD) - 2025/01/17 1:04:05 WET [2025/01/17 20:04:05 ET]
Table 'Lyalya III' 6-max Seat #5 is the button
Seat 1: Tibibacsi ($112.50 in chips) is sitting out
Seat 3: sutata ($100 in chips) is sitting out
Seat 2: rrrro ($100 in chips) 
Seat 4: nastja336 ($101 in chips) 
Seat 5: Rysiff ($140.35 in chips) 
Seat 6: BrilliantDawn84 ($170.86 in chips) 
BrilliantDawn84: posts small blind $0.50
Tibibacsi: is sitting out 
rrrro: posts big blind $1
sutata: sits out 
*** HOLE CARDS ***
Tibibacsi leaves the table
nastja336: folds 
Rysiff: folds 
BrilliantDawn84: raises $1.50 to $2.50
rrrro: calls $1.50
*** FLOP *** [Qc Td Qh]
m0nTTu joins the table at seat #1 
BrilliantDawn84: checks 
rrrro: checks 
*** TURN *** [Qc Td Qh] [6s]
BrilliantDawn84: bets $2.38
rrrro: calls $2.38
*** RIVER *** [Qc Td Qh 6s] [Jh]
BrilliantDawn84: checks 
rrrro: checks 
*** SHOW DOWN ***
BrilliantDawn84: shows [Ts Js] (two pair, Queens and Jacks)
rrrro: mucks hand 
BrilliantDawn84 collected $9.27 from pot
*** SUMMARY ***
Total pot $9.76 | Rake $0.49 
Board [Qc Td Qh 6s Jh]
Seat 1: Tibibacsi
Seat 3: sutata
Seat 2: rrrro (big blind) mucked
Seat 4: nastja336 folded before Flop (didn't bet)
Seat 5: Rysiff (button) folded before Flop (didn't bet)
Seat 6: BrilliantDawn84 (small blind) showed [Ts Js] and won ($9.27) with two pair, Queens and Jacks



PokerStars Hand #254424107744:  Hold'em No Limit ($0.50/$1.00 USD) - 2025/01/17 1:05:30 WET [2025/01/17 20:05:30 ET]
Table 'Lyalya III' 6-max Seat #6 is the button
Seat 1: m0nTTu ($80 in chips) is sitting out
Seat 2: rrrro ($100 in chips) 
Seat 3: sutata ($100 in chips) 
Seat 4: nastja336 ($101 in chips) 
Seat 5: Rysiff ($140.35 in chips) 
Seat 6: BrilliantDawn84 ($175.25 in chips) 
rrrro: posts small blind $0.50
sutata: posts big blind $1
*** HOLE CARDS ***
nastja336: folds 
Rysiff: folds 
BrilliantDawn84: folds 
rrrro: folds 
Uncalled bet ($0.50) returned to sutata
sutata collected $1 from pot
sutata: doesn't show hand 
*** SUMMARY ***
Total pot $1 | Rake $0 
Seat 1: m0nTTu
Seat 2: rrrro (small blind) folded before Flop
Seat 3: sutata (big blind) collected ($1)
Seat 4: nastja336 folded before Flop (didn't bet)
Seat 5: Rysiff folded before Flop (didn't bet)
Seat 6: BrilliantDawn84 (button) folded before Flop (didn't bet)



PokerStars Hand #254424115829:  Hold'em No Limit ($0.50/$1.00 USD) - 2025/01/17 1:06:10 WET [2025/01/17 20:06:10 ET]
Table 'Lyalya III' 6-max Seat #2 is the button
Seat 1: m0nTTu ($80 in chips) is sitting out
Seat 2: rrrro ($100 in chips) 
Seat 3: sutata ($100.50 in chips) 
Seat 4: nastja336 ($101 in chips) 
Seat 5: Rysiff ($140.35 in chips) 
Seat 6: BrilliantDawn84 ($175.25 in chips) 
sutata: posts small blind $0.50
nastja336: posts big blind $1
m0nTTu: sits out 
*** HOLE CARDS ***
Rysiff: folds 
BrilliantDawn84: raises $1.50 to $2.50
rrrro: folds 
sutata: folds 
nastja336: raises $9.50 to $12
BrilliantDawn84: folds 
Uncalled bet ($9.50) returned to nastja336
nastja336 collected $5.50 from pot
nastja336: doesn't show hand 
*** SUMMARY ***
Total pot $5.50 | Rake $0 
Seat 1: m0nTTu
Seat 2: rrrro (button) folded before Flop (didn't bet)
Seat 3: sutata (small blind) folded before Flop
Seat 4: nastja336 (big blind) collected ($5.50)
Seat 5: Rysiff folded before Flop (didn't bet)
Seat 6: BrilliantDawn84 folded before Flop



PokerStars Hand #254424119642:  Hold'em No Limit ($0.50/$1.00 USD) - 2025/01/17 1:06:29 WET [2025/01/17 20:06:29 ET]
Table 'Lyalya III' 6-max Seat #3 is the button
Seat 1: m0nTTu ($80 in chips) is sitting out
Seat 2: rrrro ($100 in chips) 
Seat 3: sutata ($100 in chips) 
Seat 4: nastja336 ($104 in chips) 
Seat 5: Rysiff ($140.35 in chips) 
Seat 6: BrilliantDawn84 ($172.75 in chips) 
nastja336: posts small blind $0.50
Rysiff: posts big blind $1
m0nTTu: sits out 
*** HOLE CARDS ***
BrilliantDawn84: folds 
rrrro: folds 
sutata: folds 
nastja336: raises $2 to $3
Rysiff: raises $6 to $9
nastja336: folds 
Uncalled bet ($6) returned to Rysiff
Rysiff collected $6 from pot
Rysiff: doesn't show hand 
*** SUMMARY ***
Total pot $6 | Rake $0 
Seat 1: m0nTTu
Seat 2: rrrro folded before Flop (didn't bet)
Seat 3: sutata (button) folded before Flop (didn't bet)
Seat 4: nastja336 (small blind) folded before Flop
Seat 5: Rysiff (big blind) collected ($6)
Seat 6: BrilliantDawn84 folded before Flop (didn't bet)



PokerStars Hand #254424125510:  Hold'em No Limit ($0.50/$1.00 USD) - 2025/01/17 1:06:58 WET [2025/01/17 20:06:58 ET]
Table 'Lyalya III' 6-max Seat #4 is the button
Seat 1: m0nTTu ($80 in chips) is sitting out
Seat 2: rrrro ($100 in chips) 
Seat 3: sutata ($100 in chips) 
Seat 4: nastja336 ($101 in chips) 
Seat 5: Rysiff ($143.35 in chips) 
Seat 6: BrilliantDawn84 ($172.75 in chips) 
Rysiff: posts small blind $0.50
BrilliantDawn84: posts big blind $1
m0nTTu: sits out 
*** HOLE CARDS ***
rrrro: raises $1 to $2
sutata: folds 
nastja336: folds 
Rysiff: folds 
BrilliantDawn84: calls $1
*** FLOP *** [Js Ts Kh]
BrilliantDawn84: checks 
rrrro: bets $1.07
BrilliantDawn84: folds 
Uncalled bet ($1.07) returned to rrrro
rrrro collected $4.28 from pot
rrrro: doesn't show hand 
*** SUMMARY ***
Total pot $4.50 | Rake $0.22 
Board [Js Ts Kh]
Seat 1: m0nTTu
Seat 2: rrrro collected ($4.28)
Seat 3: sutata folded before Flop (didn't bet)
Seat 4: nastja336 (button) folded before Flop (didn't bet)
Seat 5: Rysiff (small blind) folded before Flop
Seat 6: BrilliantDawn84 (big blind) folded on the Flop



PokerStars Hand #254424134298:  Hold'em No Limit ($0.50/$1.00 USD) - 2025/01/17 1:07:42 WET [2025/01/17 20:07:42 ET]
Table 'Lyalya III' 6-max Seat #5 is the button
Seat 1: m0nTTu ($80 in chips) 
Seat 2: rrrro ($102.28 in chips) 
Seat 3: sutata ($100 in chips) 
Seat 4: nastja336 ($101 in chips) 
Seat 5: Rysiff ($142.85 in chips) 
Seat 6: BrilliantDawn84 ($170.75 in chips) 
BrilliantDawn84: posts small blind $0.50
m0nTTu: posts big blind $1
*** HOLE CARDS ***
rrrro: folds 
sutata: raises $1.50 to $2.50
nastja336: raises $5 to $7.50
Rysiff: folds 
BrilliantDawn84: folds 
m0nTTu: folds 
sutata: folds 
Uncalled bet ($5) returned to nastja336
nastja336 collected $6.50 from pot
nastja336: doesn't show hand 
*** SUMMARY ***
Total pot $6.50 | Rake $0 
Seat 1: m0nTTu (big blind) folded before Flop
Seat 2: rrrro folded before Flop (didn't bet)
Seat 3: sutata folded before Flop
Seat 4: nastja336 collected ($6.50)
Seat 5: Rysiff (button) folded before Flop (didn't bet)
Seat 6: BrilliantDawn84 (small blind) folded before Flop



PokerStars Hand #254424139769:  Hold'em No Limit ($0.50/$1.00 USD) - 2025/01/17 1:08:09 WET [2025/01/17 20:08:09 ET]
Table 'Lyalya III' 6-max Seat #6 is the button
Seat 1: m0nTTu ($79 in chips) 
Seat 2: rrrro ($102.28 in chips) 
Seat 3: sutata ($100 in chips) 
Seat 4: nastja336 ($105 in chips) 
Seat 5: Rysiff ($142.85 in chips) 
Seat 6: BrilliantDawn84 ($170.25 in chips) 
m0nTTu: posts small blind $0.50
rrrro: posts big blind $1
*** HOLE CARDS ***
sutata: folds 
nastja336: folds 
Rysiff: raises $1.50 to $2.50
BrilliantDawn84: raises $5 to $7.50
m0nTTu: folds 
rrrro: folds 
Rysiff: folds 
Uncalled bet ($5) returned to BrilliantDawn84
BrilliantDawn84 collected $6.50 from pot
BrilliantDawn84: doesn't show hand 
*** SUMMARY ***
Total pot $6.50 | Rake $0 
Seat 1: m0nTTu (small blind) folded before Flop
Seat 2: rrrro (big blind) folded before Flop
Seat 3: sutata folded before Flop (didn't bet)
Seat 4: nastja336 folded before Flop (didn't bet)
Seat 5: Rysiff folded before Flop
Seat 6: BrilliantDawn84 (button) collected ($6.50)



PokerStars Hand #254424144474:  Hold'em No Limit ($0.50/$1.00 USD) - 2025/01/17 1:08:34 WET [2025/01/17 20:08:34 ET]
Table 'Lyalya III' 6-max Seat #1 is the button
Seat 1: m0nTTu ($100 in chips) 
Seat 2: rrrro ($101.28 in chips) 
Seat 3: sutata ($100 in chips) 
Seat 4: nastja336 ($105 in chips) 
Seat 5: Rysiff ($140.35 in chips) 
Seat 6: BrilliantDawn84 ($174.25 in chips) 
rrrro: posts small blind $0.50
sutata: posts big blind $1
*** HOLE CARDS ***
nastja336: folds 
Rysiff: folds 
BrilliantDawn84: folds 
m0nTTu: folds 
rrrro: folds 
Uncalled bet ($0.50) returned to sutata
sutata collected $1 from pot
sutata: doesn't show hand 
*** SUMMARY ***
Total pot $1 | Rake $0 
Seat 1: m0nTTu (button) folded before Flop (didn't bet)
Seat 2: rrrro (small blind) folded before Flop
Seat 3: sutata (big blind) collected ($1)
Seat 4: nastja336 folded before Flop (didn't bet)
Seat 5: Rysiff folded before Flop (didn't bet)
Seat 6: BrilliantDawn84 folded before Flop (didn't bet)



PokerStars Hand #254424147465:  Hold'em No Limit ($0.50/$1.00 USD) - 2025/01/17 1:08:49 WET [2025/01/17 20:08:49 ET]
Table 'Lyalya III' 6-max Seat #2 is the button
Seat 1: m0nTTu ($100 in chips) 
Seat 2: rrrro ($100.78 in chips) 
Seat 3: sutata ($100.50 in chips) 
Seat 4: nastja336 ($105 in chips) 
Seat 5: Rysiff ($140.35 in chips) 
Seat 6: BrilliantDawn84 ($174.25 in chips) 
sutata: posts small blind $0.50
nastja336: posts big blind $1
*** HOLE CARDS ***
Rysiff: folds 
BrilliantDawn84: raises $1.50 to $2.50
m0nTTu: folds 
rrrro: raises $5 to $7.50
sutata: folds 
nastja336: folds 
BrilliantDawn84: folds 
Uncalled bet ($5) returned to rrrro
rrrro collected $6.50 from pot
rrrro: doesn't show hand 
*** SUMMARY ***
Total pot $6.50 | Rake $0 
Seat 1: m0nTTu folded before Flop (didn't bet)
Seat 2: rrrro (button) collected ($6.50)
Seat 3: sutata (small blind) folded before Flop
Seat 4: nastja336 (big blind) folded before Flop
Seat 5: Rysiff folded before Flop (didn't bet)
Seat 6: BrilliantDawn84 folded before Flop



PokerStars Hand #254424152164:  Hold'em No Limit ($0.50/$1.00 USD) - 2025/01/17 1:09:12 WET [2025/01/17 20:09:12 ET]
Table 'Lyalya III' 6-max Seat #3 is the button
Seat 1: m0nTTu ($100 in chips) 
Seat 2: rrrro ($104.78 in chips) 
Seat 3: sutata ($100 in chips) 
Seat 4: nastja336 ($104 in chips) 
Seat 5: Rysiff ($140.35 in chips) 
Seat 6: BrilliantDawn84 ($171.75 in chips) 
nastja336: posts small blind $0.50
Rysiff: posts big blind $1
*** HOLE CARDS ***
BrilliantDawn84: folds 
m0nTTu: raises $1.50 to $2.50
rrrro: raises $5 to $7.50
sutata: folds 
nastja336: folds 
Rysiff: folds 
m0nTTu: folds 
Uncalled bet ($5) returned to rrrro
rrrro collected $6.50 from pot
rrrro: doesn't show hand 
*** SUMMARY ***
Total pot $6.50 | Rake $0 
Seat 1: m0nTTu folded before Flop
Seat 2: rrrro collected ($6.50)
Seat 3: sutata (button) folded before Flop (didn't bet)
Seat 4: nastja336 (small blind) folded before Flop
Seat 5: Rysiff (big blind) folded before Flop
Seat 6: BrilliantDawn84 folded before Flop (didn't bet)



PokerStars Hand #254424156388:  Hold'em No Limit ($0.50/$1.00 USD) - 2025/01/17 1:09:34 WET [2025/01/17 20:09:34 ET]
Table 'Lyalya III' 6-max Seat #4 is the button
Seat 1: m0nTTu ($97.50 in chips) 
Seat 2: rrrro ($108.78 in chips) 
Seat 3: sutata ($100 in chips) 
Seat 4: nastja336 ($103.50 in chips) 
Seat 5: Rysiff ($139.35 in chips) 
Seat 6: BrilliantDawn84 ($171.75 in chips) 
Rysiff: posts small blind $0.50
BrilliantDawn84: posts big blind $1
*** HOLE CARDS ***
m0nTTu: folds 
rrrro: folds 
sutata: raises $1.50 to $2.50
nastja336: folds 
Rysiff: folds 
BrilliantDawn84: folds 
Uncalled bet ($1.50) returned to sutata
sutata collected $2.50 from pot
sutata: doesn't show hand 
*** SUMMARY ***
Total pot $2.50 | Rake $0 
Seat 1: m0nTTu folded before Flop (didn't bet)
Seat 2: rrrro folded before Flop (didn't bet)
Seat 3: sutata collected ($2.50)
Seat 4: nastja336 (button) folded before Flop (didn't bet)
Seat 5: Rysiff (small blind) folded before Flop
Seat 6: BrilliantDawn84 (big blind) folded before Flop



PokerStars Hand #254424159395:  Hold'em No Limit ($0.50/$1.00 USD) - 2025/01/17 1:09:49 WET [2025/01/17 20:09:49 ET]
Table 'Lyalya III' 6-max Seat #5 is the button
Seat 1: m0nTTu ($97.50 in chips) is sitting out
Seat 2: rrrro ($108.78 in chips) 
Seat 3: sutata ($101.50 in chips) 
Seat 4: nastja336 ($103.50 in chips) 
Seat 5: Rysiff ($138.85 in chips) 
Seat 6: BrilliantDawn84 ($170.75 in chips) 
BrilliantDawn84: posts small blind $0.50
m0nTTu: is sitting out 
rrrro: posts big blind $1
*** HOLE CARDS ***
sutata: raises $1.50 to $2.50
m0nTTu leaves the table
nastja336: folds 
Rysiff: folds 
BrilliantDawn84: folds 
rrrro: folds 
Uncalled bet ($1.50) returned to sutata
sutata collected $2.50 from pot
sutata: doesn't show hand 
*** SUMMARY ***
Total pot $2.50 | Rake $0 
Seat 1: m0nTTu
Seat 2: rrrro (big blind) folded before Flop
Seat 3: sutata collected ($2.50)
Seat 4: nastja336 folded before Flop (didn't bet)
Seat 5: Rysiff (button) folded before Flop (didn't bet)
Seat 6: BrilliantDawn84 (small blind) folded before Flop



PokerStars Hand #254424161526:  Hold'em No Limit ($0.50/$1.00 USD) - 2025/01/17 1:10:00 WET [2025/01/17 20:10:00 ET]
Table 'Lyalya III' 6-max Seat #6 is the button
Seat 2: rrrro ($107.78 in chips) 
Seat 3: sutata ($103 in chips) 
Seat 4: nastja336 ($103.50 in chips) 
Seat 5: Rysiff ($138.85 in chips) 
Seat 6: BrilliantDawn84 ($170.25 in chips) 
rrrro: posts small blind $0.50
sutata: posts big blind $1
*** HOLE CARDS ***
nastja336: raises $1.50 to $2.50
Rysiff: folds 
BrilliantDawn84: calls $2.50
rrrro: folds 
sutata: calls $1.50
*** FLOP *** [4s Ks 7s]
sutata: checks 
nastja336: checks 
BrilliantDawn84: checks 
*** TURN *** [4s Ks 7s] [8c]
sutata: checks 
nastja336: bets $2.51
BrilliantDawn84: folds 
sutata: folds 
Uncalled bet ($2.51) returned to nastja336
nastja336 collected $7.60 from pot
nastja336: doesn't show hand 
*** SUMMARY ***
Total pot $8 | Rake $0.40 
Board [4s Ks 7s 8c]
Seat 2: rrrro (small blind) folded before Flop
Seat 3: sutata (big blind) folded on the Turn
Seat 4: nastja336 collected ($7.60)
Seat 5: Rysiff folded before Flop (didn't bet)
Seat 6: BrilliantDawn84 (button) folded on the Turn



PokerStars Hand #254424171082:  Hold'em No Limit ($0.50/$1.00 USD) - 2025/01/17 1:10:49 WET [2025/01/17 20:10:49 ET]
Table 'Lyalya III' 6-max Seat #2 is the button
Seat 2: rrrro ($107.28 in chips) 
Seat 3: sutata ($100.50 in chips) 
Seat 4: nastja336 ($108.60 in chips) 
Seat 5: Rysiff ($138.85 in chips) 
Seat 6: BrilliantDawn84 ($167.75 in chips) 
sutata: posts small blind $0.50
nastja336: posts big blind $1
*** HOLE CARDS ***
Rysiff: folds 
BrilliantDawn84: folds 
rrrro: folds 
sutata: folds 
Uncalled bet ($0.50) returned to nastja336
nastja336 collected $1 from pot
nastja336: doesn't show hand 
*** SUMMARY ***
Total pot $1 | Rake $0 
Seat 2: rrrro (button) folded before Flop (didn't bet)
Seat 3: sutata (small blind) folded before Flop
Seat 4: nastja336 (big blind) collected ($1)
Seat 5: Rysiff folded before Flop (didn't bet)
Seat 6: BrilliantDawn84 folded before Flop (didn't bet)



PokerStars Hand #254424174687:  Hold'em No Limit ($0.50/$1.00 USD) - 2025/01/17 1:11:07 WET [2025/01/17 20:11:07 ET]
Table 'Lyalya III' 6-max Seat #3 is the button
Seat 2: rrrro ($107.28 in chips) 
Seat 3: sutata ($100 in chips) 
Seat 4: nastja336 ($109.10 in chips) 
Seat 5: Rysiff ($138.85 in chips) 
Seat 6: BrilliantDawn84 ($167.75 in chips) 
nastja336: posts small blind $0.50
Rysiff: posts big blind $1
*** HOLE CARDS ***
BrilliantDawn84: folds 
XneferX joins the table at seat #1 
BrilliantDawn84 leaves the table
rrrro: folds 
sutata: raises $2 to $3
nastja336: folds 
Rysiff: folds 
Uncalled bet ($2) returned to sutata
sutata collected $2.50 from pot
sutata: doesn't show hand 
*** SUMMARY ***
Total pot $2.50 | Rake $0 
Seat 2: rrrro folded before Flop (didn't bet)
Seat 3: sutata (button) collected ($2.50)
Seat 4: nastja336 (small blind) folded before Flop
Seat 5: Rysiff (big blind) folded before Flop
Seat 6: BrilliantDawn84 folded before Flop (didn't bet)



PokerStars Hand #254424180185:  Hold'em No Limit ($0.50/$1.00 USD) - 2025/01/17 1:11:35 WET [2025/01/17 20:11:35 ET]
Table 'Lyalya III' 6-max Seat #4 is the button
Seat 1: XneferX ($100 in chips) 
Seat 2: rrrro ($107.28 in chips) 
Seat 3: sutata ($101.50 in chips) 
Seat 4: nastja336 ($108.60 in chips) 
Seat 5: Rysiff ($137.85 in chips) 
Rysiff: posts small blind $0.50
XneferX: posts big blind $1
*** HOLE CARDS ***
rrrro: folds 
sutata: folds 
nastja336: folds 
Rysiff: folds 
Uncalled bet ($0.50) returned to XneferX
XneferX collected $1 from pot
XneferX: doesn't show hand 
*** SUMMARY ***
Total pot $1 | Rake $0 
Seat 1: XneferX (big blind) collected ($1)
Seat 2: rrrro folded before Flop (didn't bet)
Seat 3: sutata folded before Flop (didn't bet)
Seat 4: nastja336 (button) folded before Flop (didn't bet)
Seat 5: Rysiff (small blind) folded before Flop



PokerStars Hand #254424182376:  Hold'em No Limit ($0.50/$1.00 USD) - 2025/01/17 1:11:46 WET [2025/01/17 20:11:46 ET]
Table 'Lyalya III' 6-max Seat #5 is the button
Seat 1: XneferX ($100.50 in chips) 
Seat 2: rrrro ($107.28 in chips) 
Seat 3: sutata ($101.50 in chips) 
Seat 4: nastja336 ($108.60 in chips) 
Seat 5: Rysiff ($137.35 in chips) 
XneferX: posts small blind $0.50
rrrro: posts big blind $1
*** HOLE CARDS ***
sutata: folds 
nastja336: folds 
Rysiff: raises $1.50 to $2.50
XneferX: raises $9.50 to $12
rrrro: folds 
Rysiff: folds 
Uncalled bet ($9.50) returned to XneferX
XneferX collected $6 from pot
XneferX: doesn't show hand 
*** SUMMARY ***
Total pot $6 | Rake $0 
Seat 1: XneferX (small blind) collected ($6)
Seat 2: rrrro (big blind) folded before Flop
Seat 3: sutata folded before Flop (didn't bet)
Seat 4: nastja336 folded before Flop (didn't bet)
Seat 5: Rysiff (button) folded before Flop



PokerStars Hand #254424186301:  Hold'em No Limit ($0.50/$1.00 USD) - 2025/01/17 1:12:05 WET [2025/01/17 20:12:05 ET]
Table 'Lyalya III' 6-max Seat #2 is the button
Seat 3: sutata ($101.50 in chips) is sitting out
Seat 4: nastja336 ($108.60 in chips) is sitting out
Seat 5: Rysiff ($134.85 in chips) is sitting out
Seat 1: XneferX ($104 in chips) 
Seat 2: rrrro ($106.28 in chips) 
rrrro: posts small blind $0.50
sutata: is sitting out 
nastja336: is sitting out 
Rysiff: is sitting out 
XneferX: posts big blind $1
*** HOLE CARDS ***
nastja336 leaves the table
sutata leaves the table
Rysiff leaves the table
rrrro: raises $1.50 to $2.50
XneferX: calls $1.50
*** FLOP *** [6d 2d 5d]
XneferX: checks 
rrrro: bets $1.19
XneferX: folds 
Uncalled bet ($1.19) returned to rrrro
rrrro collected $4.75 from pot
rrrro: doesn't show hand 
*** SUMMARY ***
Total pot $5 | Rake $0.25 
Board [6d 2d 5d]
Seat 3: sutata
Seat 4: nastja336
Seat 5: Rysiff
Seat 1: XneferX (big blind) folded on the Flop
Seat 2: rrrro (button) (small blind) collected ($4.75)



