PokerStars Hand #254418879853:  Hold'em No Limit ($0.50/$1.00 USD) - 2025/01/17 19:53:17 WET [2025/01/17 14:53:17 ET]
Table 'Maasym III' 6-max Seat #4 is the button
Seat 1: Xenicide ($100 in chips) 
Seat 3: tukeiron ($100 in chips) 
Seat 4: Manifestorr ($100 in chips) 
Xenicide: posts small blind $0.50
tukeiron: posts big blind $1
*** HOLE CARDS ***
Manifestorr: folds 
Xenicide: raises $2.50 to $3.50
tukeiron: calls $2.50
*** FLOP *** [2d 4h Ks]
Xenicide: checks 
tukeiron: checks 
*** TURN *** [2d 4h Ks] [9c]
Münchner der 1. joins the table at seat #2 
Münchner der 1. is disconnected 
MakoEv joins the table at seat #6 
Xenicide: checks 
tukeiron: checks 
*** RIVER *** [2d 4h Ks 9c] [8h]
Xenicide: bets $3.33
z00mba joins the table at seat #5 
tukeiron: calls $3.33
*** SHOW DOWN ***
Xenicide: shows [9d Td] (a pair of Nines)
tukeiron: mucks hand 
Xenicide collected $12.98 from pot
*** SUMMARY ***
Total pot $13.66 | Rake $0.68 
Board [2d 4h Ks 9c 8h]
Seat 1: Xenicide (small blind) showed [9d Td] and won ($12.98) with a pair of Nines
Seat 3: tukeiron (big blind) mucked
Seat 4: Manifestorr (button) folded before Flop (didn't bet)



PokerStars Hand #254418899688:  Hold'em No Limit ($0.50/$1.00 USD) - 2025/01/17 19:54:27 WET [2025/01/17 14:54:27 ET]
Table 'Maasym III' 6-max Seat #1 is the button
Seat 2: Münchner der 1. ($22.72 in chips) is sitting out
Seat 5: z00mba ($100 in chips) is sitting out
Seat 6: MakoEv ($100 in chips) is sitting out
Seat 1: Xenicide ($106.15 in chips) 
Seat 3: tukeiron ($100 in chips) 
Seat 4: Manifestorr ($100 in chips) 
tukeiron: posts small blind $0.50
Manifestorr: posts big blind $1
z00mba: sits out 
MakoEv: sits out 
*** HOLE CARDS ***
Xenicide: folds 
tukeiron: folds 
Uncalled bet ($0.50) returned to Manifestorr
Manifestorr collected $1 from pot
*** SUMMARY ***
Total pot $1 | Rake $0 
Seat 2: Münchner der 1.
Seat 5: z00mba
Seat 6: MakoEv
Seat 1: Xenicide (button) folded before Flop (didn't bet)
Seat 3: tukeiron (small blind) folded before Flop
Seat 4: Manifestorr (big blind) collected ($1)



PokerStars Hand #254418902404:  Hold'em No Limit ($0.50/$1.00 USD) - 2025/01/17 19:54:36 WET [2025/01/17 14:54:36 ET]
Table 'Maasym III' 6-max Seat #3 is the button
Seat 6: MakoEv ($100 in chips) is sitting out
Seat 1: Xenicide ($106.15 in chips) 
Seat 2: Münchner der 1. ($22.72 in chips) 
Seat 3: tukeiron ($100 in chips) 
Seat 4: Manifestorr ($100.50 in chips) 
Seat 5: z00mba ($100 in chips) 
Manifestorr: posts small blind $0.50
z00mba: posts big blind $1
MakoEv: sits out 
Münchner der 1.: posts big blind $1
*** HOLE CARDS ***
Xenicide: raises $2.50 to $3.50
Münchner der 1.: calls $2.50
tukeiron: calls $3.50
Manifestorr: folds 
z00mba: calls $2.50
*** FLOP *** [3d 6s 8s]
z00mba: checks 
Xenicide: checks 
Münchner der 1.: bets $6
tukeiron: folds 
z00mba: calls $6
Xenicide: calls $6
*** TURN *** [3d 6s 8s] [Js]
z00mba: checks 
Xenicide: checks 
Münchner der 1.: bets $7
z00mba: folds 
Xenicide: folds 
Uncalled bet ($7) returned to Münchner der 1.
Münchner der 1. collected $30.48 from pot
*** SUMMARY ***
Total pot $32.50 | Rake $2.02 
Board [3d 6s 8s Js]
Seat 6: MakoEv
Seat 1: Xenicide folded on the Turn
Seat 2: Münchner der 1. collected ($30.48)
Seat 3: tukeiron (button) folded on the Flop
Seat 4: Manifestorr (small blind) folded before Flop
Seat 5: z00mba (big blind) folded on the Turn



PokerStars Hand #254418926008:  Hold'em No Limit ($0.50/$1.00 USD) - 2025/01/17 19:56:20 WET [2025/01/17 14:56:20 ET]
Table 'Maasym III' 6-max Seat #4 is the button
Seat 1: Xenicide ($100 in chips) 
Seat 2: Münchner der 1. ($43.70 in chips) 
Seat 3: tukeiron ($100 in chips) 
Seat 4: Manifestorr ($100 in chips) 
Seat 5: z00mba ($100 in chips) 
Seat 6: MakoEv ($100 in chips) 
z00mba: posts small blind $0.50
MakoEv: posts big blind $1
*** HOLE CARDS ***
Xenicide: folds 
Münchner der 1.: folds 
tukeiron: folds 
Manifestorr: raises $1.20 to $2.20
z00mba: raises $8.80 to $11
MakoEv: folds 
Manifestorr: folds 
Uncalled bet ($8.80) returned to z00mba
z00mba collected $5.40 from pot
z00mba: doesn't show hand 
*** SUMMARY ***
Total pot $5.40 | Rake $0 
Seat 1: Xenicide folded before Flop (didn't bet)
Seat 2: Münchner der 1. folded before Flop (didn't bet)
Seat 3: tukeiron folded before Flop (didn't bet)
Seat 4: Manifestorr (button) folded before Flop
Seat 5: z00mba (small blind) collected ($5.40)
Seat 6: MakoEv (big blind) folded before Flop



PokerStars Hand #254418930254:  Hold'em No Limit ($0.50/$1.00 USD) - 2025/01/17 19:56:41 WET [2025/01/17 14:56:41 ET]
Table 'Maasym III' 6-max Seat #5 is the button
Seat 1: Xenicide ($100 in chips) 
Seat 2: Münchner der 1. ($43.70 in chips) 
Seat 3: tukeiron ($100 in chips) 
Seat 4: Manifestorr ($100 in chips) 
Seat 5: z00mba ($103.20 in chips) 
Seat 6: MakoEv ($100 in chips) 
MakoEv: posts small blind $0.50
Xenicide: posts big blind $1
*** HOLE CARDS ***
Münchner der 1.: folds 
tukeiron: folds 
Manifestorr: raises $1.20 to $2.20
Münchner der 1. is disconnected 
z00mba: raises $5.30 to $7.50
MakoEv: folds 
Xenicide: folds 
Manifestorr: folds 
Uncalled bet ($5.30) returned to z00mba
z00mba collected $5.90 from pot
z00mba: doesn't show hand 
*** SUMMARY ***
Total pot $5.90 | Rake $0 
Seat 1: Xenicide (big blind) folded before Flop
Seat 2: Münchner der 1. folded before Flop (didn't bet)
Seat 3: tukeiron folded before Flop (didn't bet)
Seat 4: Manifestorr folded before Flop
Seat 5: z00mba (button) collected ($5.90)
Seat 6: MakoEv (small blind) folded before Flop



PokerStars Hand #254418935649:  Hold'em No Limit ($0.50/$1.00 USD) - 2025/01/17 19:57:07 WET [2025/01/17 14:57:07 ET]
Table 'Maasym III' 6-max Seat #6 is the button
Seat 2: Münchner der 1. ($43.70 in chips) is sitting out
Seat 1: Xenicide ($100 in chips) 
Seat 3: tukeiron ($100 in chips) 
Seat 4: Manifestorr ($100 in chips) 
Seat 5: z00mba ($106.90 in chips) 
Seat 6: MakoEv ($100 in chips) 
Xenicide: posts small blind $0.50
tukeiron: posts big blind $1
*** HOLE CARDS ***
Manifestorr: folds 
z00mba: folds 
MakoEv: raises $1.50 to $2.50
Xenicide: folds 
tukeiron: raises $10.50 to $13
MakoEv: folds 
Uncalled bet ($10.50) returned to tukeiron
tukeiron collected $5.50 from pot
*** SUMMARY ***
Total pot $5.50 | Rake $0 
Seat 2: Münchner der 1.
Seat 1: Xenicide (small blind) folded before Flop
Seat 3: tukeiron (big blind) collected ($5.50)
Seat 4: Manifestorr folded before Flop (didn't bet)
Seat 5: z00mba folded before Flop (didn't bet)
Seat 6: MakoEv (button) folded before Flop



PokerStars Hand #254418942199:  Hold'em No Limit ($0.50/$1.00 USD) - 2025/01/17 19:57:39 WET [2025/01/17 14:57:39 ET]
Table 'Maasym III' 6-max Seat #1 is the button
Seat 2: Münchner der 1. ($43.70 in chips) is sitting out
Seat 4: Manifestorr ($100 in chips) is sitting out
Seat 1: Xenicide ($100 in chips) 
Seat 3: tukeiron ($103 in chips) 
Seat 5: z00mba ($106.90 in chips) 
Seat 6: MakoEv ($100 in chips) 
tukeiron: posts small blind $0.50
Manifestorr: is sitting out 
z00mba: posts big blind $1
*** HOLE CARDS ***
MakoEv: folds 
Xenicide: raises $1.25 to $2.25
Manifestorr leaves the table
tukeiron: folds 
z00mba: folds 
Uncalled bet ($1.25) returned to Xenicide
Münchner der 1. leaves the table
Xenicide collected $2.50 from pot
chinokevin13 joins the table at seat #4 
*** SUMMARY ***
Total pot $2.50 | Rake $0 
Seat 2: Münchner der 1.
Seat 4: Manifestorr
Seat 1: Xenicide (button) collected ($2.50)
Seat 3: tukeiron (small blind) folded before Flop
Seat 5: z00mba (big blind) folded before Flop
Seat 6: MakoEv folded before Flop (didn't bet)



PokerStars Hand #254418946467:  Hold'em No Limit ($0.50/$1.00 USD) - 2025/01/17 19:57:59 WET [2025/01/17 14:57:59 ET]
Table 'Maasym III' 6-max Seat #3 is the button
Seat 4: chinokevin13 ($100 in chips) is sitting out
Seat 1: Xenicide ($101.50 in chips) 
Seat 3: tukeiron ($102.50 in chips) 
Seat 6: MakoEv ($100 in chips) 
MakoEv: posts small blind $0.50
z00mba leaves the table
Xenicide: posts big blind $1
*** HOLE CARDS ***
tukeiron: raises $1.50 to $2.50
MakoEv: raises $8.50 to $11
Xenicide: folds 
chinokevin13 leaves the table
tukeiron: folds 
Uncalled bet ($8.50) returned to MakoEv
MakoEv collected $6 from pot
MakoEv: doesn't show hand 
*** SUMMARY ***
Total pot $6 | Rake $0 
Seat 4: chinokevin13
Seat 1: Xenicide (big blind) folded before Flop
Seat 3: tukeiron (button) folded before Flop
Seat 6: MakoEv (small blind) collected ($6)



PokerStars Hand #254418949309:  Hold'em No Limit ($0.50/$1.00 USD) - 2025/01/17 19:58:13 WET [2025/01/17 14:58:13 ET]
Table 'Maasym III' 6-max Seat #6 is the button
Seat 1: Xenicide ($100.50 in chips) 
Seat 3: tukeiron ($100 in chips) 
Seat 6: MakoEv ($103.50 in chips) 
Xenicide: posts small blind $0.50
tukeiron: posts big blind $1
*** HOLE CARDS ***
MakoEv: raises $1.50 to $2.50
Xenicide: folds 
tukeiron: folds 
Uncalled bet ($1.50) returned to MakoEv
MakoEv collected $2.50 from pot
MakoEv: doesn't show hand 
*** SUMMARY ***
Total pot $2.50 | Rake $0 
Seat 1: Xenicide (small blind) folded before Flop
Seat 3: tukeiron (big blind) folded before Flop
Seat 6: MakoEv (button) collected ($2.50)



