PokerStars Hand #254423170953:  Hold'em No Limit ($0.50/$1.00 USD) - 2025/01/17 23:54:23 WET [2025/01/17 18:54:23 ET]
Table 'Lydina III' 6-max Seat #3 is the button
Seat 1: equilibrium_tv ($10 in chips) 
Seat 2: p0pa4poker ($10 in chips) 
Seat 3: Amara2009 ($20.57 in chips) 
Seat 4: EvilReality ($100 in chips) 
Seat 5: Manifestorr ($100 in chips) 
Seat 6: MakoEv ($100 in chips) 
EvilReality: posts small blind $0.50
Manifestorr: posts big blind $1
*** HOLE CARDS ***
MakoEv: folds 
equilibrium_tv: folds 
p0pa4poker: folds 
Amara2009: raises $1 to $2
EvilReality: folds 
Manifestorr: folds 
Uncalled bet ($1) returned to Amara2009
Amara2009 collected $2.50 from pot
*** SUMMARY ***
Total pot $2.50 | Rake $0 
Seat 1: equilibrium_tv folded before Flop (didn't bet)
Seat 2: p0pa4poker folded before Flop (didn't bet)
Seat 3: Amara2009 (button) collected ($2.50)
Seat 4: EvilReality (small blind) folded before Flop
Seat 5: Manifestorr (big blind) folded before Flop
Seat 6: MakoEv folded before Flop (didn't bet)



PokerStars Hand #254423177227:  Hold'em No Limit ($0.50/$1.00 USD) - 2025/01/17 23:54:49 WET [2025/01/17 18:54:49 ET]
Table 'Lydina III' 6-max Seat #4 is the button
Seat 1: equilibrium_tv ($10 in chips) 
Seat 2: p0pa4poker ($100 in chips) 
Seat 3: Amara2009 ($22.07 in chips) 
Seat 4: EvilReality ($100 in chips) 
Seat 5: Manifestorr ($100 in chips) 
Seat 6: MakoEv ($100 in chips) 
Manifestorr: posts small blind $0.50
MakoEv: posts big blind $1
*** HOLE CARDS ***
equilibrium_tv: raises $9 to $10 and is all-in
p0pa4poker: folds 
Amara2009: folds 
EvilReality: folds 
Manifestorr: folds 
MakoEv: folds 
Uncalled bet ($9) returned to equilibrium_tv
equilibrium_tv collected $2.50 from pot
*** SUMMARY ***
Total pot $2.50 | Rake $0 
Seat 1: equilibrium_tv collected ($2.50)
Seat 2: p0pa4poker folded before Flop (didn't bet)
Seat 3: Amara2009 folded before Flop (didn't bet)
Seat 4: EvilReality (button) folded before Flop (didn't bet)
Seat 5: Manifestorr (small blind) folded before Flop
Seat 6: MakoEv (big blind) folded before Flop



PokerStars Hand #254423183954:  Hold'em No Limit ($0.50/$1.00 USD) - 2025/01/17 23:55:17 WET [2025/01/17 18:55:17 ET]
Table 'Lydina III' 6-max Seat #5 is the button
Seat 1: equilibrium_tv ($11.50 in chips) 
Seat 2: p0pa4poker ($100 in chips) 
Seat 3: Amara2009 ($22.07 in chips) 
Seat 4: EvilReality ($100 in chips) 
Seat 5: Manifestorr ($100 in chips) 
Seat 6: MakoEv ($100 in chips) 
MakoEv: posts small blind $0.50
equilibrium_tv: posts big blind $1
*** HOLE CARDS ***
p0pa4poker: folds 
Amara2009: calls $1
EvilReality: folds 
Manifestorr: raises $3 to $4
MakoEv: folds 
equilibrium_tv: folds 
Amara2009: raises $3 to $7
Manifestorr: folds 
Uncalled bet ($3) returned to Amara2009
equilibrium_tv leaves the table
Amara2009 collected $9.50 from pot
*** SUMMARY ***
Total pot $9.50 | Rake $0 
Seat 1: equilibrium_tv (big blind) folded before Flop
Seat 2: p0pa4poker folded before Flop (didn't bet)
Seat 3: Amara2009 collected ($9.50)
Seat 4: EvilReality folded before Flop (didn't bet)
Seat 5: Manifestorr (button) folded before Flop
Seat 6: MakoEv (small blind) folded before Flop



PokerStars Hand #254423191713:  Hold'em No Limit ($0.50/$1.00 USD) - 2025/01/17 23:55:58 WET [2025/01/17 18:55:58 ET]
Table 'Lydina III' 6-max Seat #6 is the button
Seat 2: p0pa4poker ($100 in chips) 
Seat 3: Amara2009 ($27.57 in chips) 
Seat 4: EvilReality ($100 in chips) 
Seat 5: Manifestorr ($100 in chips) 
Seat 6: MakoEv ($100 in chips) 
p0pa4poker: posts small blind $0.50
Amara2009: posts big blind $1
*** HOLE CARDS ***
EvilReality: raises $1.50 to $2.50
Manifestorr: folds 
MakoEv: folds 
p0pa4poker: folds 
Amara2009: calls $1.50
*** FLOP *** [4c 3c 3s]
Amara2009: checks 
EvilReality: bets $3.91
Amara2009: folds 
Uncalled bet ($3.91) returned to EvilReality
EvilReality collected $5.22 from pot
EvilReality: doesn't show hand 
*** SUMMARY ***
Total pot $5.50 | Rake $0.28 
Board [4c 3c 3s]
Seat 2: p0pa4poker (small blind) folded before Flop
Seat 3: Amara2009 (big blind) folded on the Flop
Seat 4: EvilReality collected ($5.22)
Seat 5: Manifestorr folded before Flop (didn't bet)
Seat 6: MakoEv (button) folded before Flop (didn't bet)



PokerStars Hand #254423197537:  Hold'em No Limit ($0.50/$1.00 USD) - 2025/01/17 23:56:28 WET [2025/01/17 18:56:28 ET]
Table 'Lydina III' 6-max Seat #2 is the button
Seat 2: p0pa4poker ($100 in chips) 
Seat 3: Amara2009 ($25.07 in chips) 
Seat 4: EvilReality ($102.72 in chips) 
Seat 5: Manifestorr ($100 in chips) 
Seat 6: MakoEv ($100 in chips) 
Amara2009: posts small blind $0.50
EvilReality: posts big blind $1
*** HOLE CARDS ***
Manifestorr: folds 
MakoEv: raises $1.50 to $2.50
p0pa4poker: folds 
Amara2009: folds 
EvilReality: folds 
Uncalled bet ($1.50) returned to MakoEv
MakoEv collected $2.50 from pot
MakoEv: doesn't show hand 
*** SUMMARY ***
Total pot $2.50 | Rake $0 
Seat 2: p0pa4poker (button) folded before Flop (didn't bet)
Seat 3: Amara2009 (small blind) folded before Flop
Seat 4: EvilReality (big blind) folded before Flop
Seat 5: Manifestorr folded before Flop (didn't bet)
Seat 6: MakoEv collected ($2.50)



PokerStars Hand #254423200455:  Hold'em No Limit ($0.50/$1.00 USD) - 2025/01/17 23:56:43 WET [2025/01/17 18:56:43 ET]
Table 'Lydina III' 6-max Seat #3 is the button
Seat 5: Manifestorr ($100 in chips) is sitting out
Seat 2: p0pa4poker ($100 in chips) 
Seat 3: Amara2009 ($24.57 in chips) 
Seat 4: EvilReality ($101.72 in chips) 
Seat 6: MakoEv ($101.50 in chips) 
EvilReality: posts small blind $0.50
Manifestorr: is sitting out 
MakoEv: posts big blind $1
*** HOLE CARDS ***
p0pa4poker: raises $1.30 to $2.30
Amara2009: folds 
EvilReality: folds 
Manifestorr leaves the table
MakoEv: folds 
Uncalled bet ($1.30) returned to p0pa4poker
p0pa4poker collected $2.50 from pot
p0pa4poker: doesn't show hand 
*** SUMMARY ***
Total pot $2.50 | Rake $0 
Seat 5: Manifestorr
Seat 2: p0pa4poker collected ($2.50)
Seat 3: Amara2009 (button) folded before Flop (didn't bet)
Seat 4: EvilReality (small blind) folded before Flop
Seat 6: MakoEv (big blind) folded before Flop



PokerStars Hand #254423203402:  Hold'em No Limit ($0.50/$1.00 USD) - 2025/01/17 23:56:58 WET [2025/01/17 18:56:58 ET]
Table 'Lydina III' 6-max Seat #4 is the button
Seat 2: p0pa4poker ($101.50 in chips) 
Seat 3: Amara2009 ($24.57 in chips) 
Seat 4: EvilReality ($101.22 in chips) 
Seat 6: MakoEv ($100.50 in chips) 
MakoEv: posts small blind $0.50
p0pa4poker: posts big blind $1
*** HOLE CARDS ***
Amara2009: folds 
EvilReality: raises $1.50 to $2.50
Sadyhov V.V. joins the table at seat #5 
MakoEv: folds 
p0pa4poker: folds 
Uncalled bet ($1.50) returned to EvilReality
EvilReality collected $2.50 from pot
EvilReality: doesn't show hand 
*** SUMMARY ***
Total pot $2.50 | Rake $0 
Seat 2: p0pa4poker (big blind) folded before Flop
Seat 3: Amara2009 folded before Flop (didn't bet)
Seat 4: EvilReality (button) collected ($2.50)
Seat 6: MakoEv (small blind) folded before Flop



PokerStars Hand #254423211181:  Hold'em No Limit ($0.50/$1.00 USD) - 2025/01/17 23:57:38 WET [2025/01/17 18:57:38 ET]
Table 'Lydina III' 6-max Seat #6 is the button
Seat 5: Sadyhov V.V. ($100 in chips) is sitting out
Seat 2: p0pa4poker ($100.50 in chips) 
Seat 3: Amara2009 ($24.57 in chips) 
Seat 4: EvilReality ($102.72 in chips) 
Seat 6: MakoEv ($100 in chips) 
p0pa4poker: posts small blind $0.50
Amara2009: posts big blind $1
Sadyhov V.V.: sits out 
*** HOLE CARDS ***
EvilReality: folds 
MakoEv: folds 
p0pa4poker: calls $0.50
Amara2009: checks 
*** FLOP *** [Qd Jh Th]
p0pa4poker: bets $2
Amara2009: folds 
Uncalled bet ($2) returned to p0pa4poker
p0pa4poker collected $1.90 from pot
p0pa4poker: doesn't show hand 
MakoEv leaves the table
*** SUMMARY ***
Total pot $2 | Rake $0.10 
Board [Qd Jh Th]
Seat 5: Sadyhov V.V.
Seat 2: p0pa4poker (small blind) collected ($1.90)
Seat 3: Amara2009 (big blind) folded on the Flop
Seat 4: EvilReality folded before Flop (didn't bet)
Seat 6: MakoEv (button) folded before Flop (didn't bet)



PokerStars Hand #254423218231:  Hold'em No Limit ($0.50/$1.00 USD) - 2025/01/17 23:58:14 WET [2025/01/17 18:58:14 ET]
Table 'Lydina III' 6-max Seat #2 is the button
Seat 4: EvilReality ($102.72 in chips) is sitting out
Seat 2: p0pa4poker ($101.40 in chips) 
Seat 3: Amara2009 ($23.57 in chips) 
Seat 5: Sadyhov V.V. ($100 in chips) 
Amara2009: posts small blind $0.50
EvilReality: is sitting out 
Sadyhov V.V.: posts big blind $1
*** HOLE CARDS ***
p0pa4poker: folds 
Amara2009: folds 
Uncalled bet ($0.50) returned to Sadyhov V.V.
Sadyhov V.V. collected $1 from pot
Sadyhov V.V.: doesn't show hand 
*** SUMMARY ***
Total pot $1 | Rake $0 
Seat 4: EvilReality
Seat 2: p0pa4poker (button) folded before Flop (didn't bet)
Seat 3: Amara2009 (small blind) folded before Flop
Seat 5: Sadyhov V.V. (big blind) collected ($1)



PokerStars Hand #254423219889:  Hold'em No Limit ($0.50/$1.00 USD) - 2025/01/17 23:58:23 WET [2025/01/17 18:58:23 ET]
Table 'Lydina III' 6-max Seat #5 is the button
Seat 2: p0pa4poker ($101.40 in chips) is sitting out
Seat 3: Amara2009 ($23.07 in chips) 
Seat 5: Sadyhov V.V. ($100.50 in chips) 
EvilReality leaves the table
Sadyhov V.V.: posts small blind $0.50
p0pa4poker: is sitting out 
Amara2009: posts big blind $1
*** HOLE CARDS ***
p0pa4poker leaves the table
Sadyhov V.V.: calls $0.50
Amara2009: checks 
*** FLOP *** [5c 9s 4d]
Amara2009: checks 
Sadyhov V.V.: bets $1
rrrro joins the table at seat #4 
Amara2009: calls $1
*** TURN *** [5c 9s 4d] [Ks]
Amara2009: checks 
Sadyhov V.V.: checks 
*** RIVER *** [5c 9s 4d Ks] [6d]
Amara2009: checks 
Sadyhov V.V.: bets $7.50
Amara2009: folds 
Uncalled bet ($7.50) returned to Sadyhov V.V.
neirfyS joins the table at seat #6 
Sadyhov V.V. collected $3.80 from pot
Sadyhov V.V.: doesn't show hand 
*** SUMMARY ***
Total pot $4 | Rake $0.20 
Board [5c 9s 4d Ks 6d]
Seat 2: p0pa4poker
Seat 3: Amara2009 (big blind) folded on the River
Seat 5: Sadyhov V.V. (button) (small blind) collected ($3.80)



PokerStars Hand #254423231779:  Hold'em No Limit ($0.50/$1.00 USD) - 2025/01/17 23:59:24 WET [2025/01/17 18:59:24 ET]
Table 'Lydina III' 6-max Seat #3 is the button
Seat 4: rrrro ($100 in chips) is sitting out
Seat 3: Amara2009 ($21.07 in chips) 
Seat 5: Sadyhov V.V. ($102.30 in chips) 
Seat 6: neirfyS ($16 in chips) 
Sadyhov V.V.: posts small blind $0.50
neirfyS: posts big blind $1
*** HOLE CARDS ***
Amara2009: calls $1
Sadyhov V.V.: folds 
neirfyS: checks 
*** FLOP *** [Js 3c 9h]
neirfyS: checks 
Amara2009: checks 
*** TURN *** [Js 3c 9h] [7c]
neirfyS: checks 
Amara2009: checks 
*** RIVER *** [Js 3c 9h 7c] [Ts]
neirfyS: checks 
Amara2009: checks 
*** SHOW DOWN ***
neirfyS: shows [2d 3d] (a pair of Threes)
Amara2009: shows [8c Ks] (a straight, Seven to Jack)
Amara2009 collected $2.35 from pot
*** SUMMARY ***
Total pot $2.50 | Rake $0.15 
Board [Js 3c 9h 7c Ts]
Seat 4: rrrro
Seat 3: Amara2009 (button) showed [8c Ks] and won ($2.35) with a straight, Seven to Jack
Seat 5: Sadyhov V.V. (small blind) folded before Flop
Seat 6: neirfyS (big blind) showed [2d 3d] and lost with a pair of Threes



PokerStars Hand #254423237921:  Hold'em No Limit ($0.50/$1.00 USD) - 2025/01/17 23:59:55 WET [2025/01/17 18:59:55 ET]
Table 'Lydina III' 6-max Seat #5 is the button
Seat 4: rrrro ($100 in chips) is sitting out
Seat 3: Amara2009 ($22.42 in chips) 
Seat 5: Sadyhov V.V. ($101.80 in chips) 
Seat 6: neirfyS ($16 in chips) 
neirfyS: posts small blind $0.50
Amara2009: posts big blind $1
rrrro: sits out 
*** HOLE CARDS ***
Sadyhov V.V.: folds 
neirfyS: folds 
Uncalled bet ($0.50) returned to Amara2009
Amara2009 collected $1 from pot
*** SUMMARY ***
Total pot $1 | Rake $0 
Seat 4: rrrro
Seat 3: Amara2009 (big blind) collected ($1)
Seat 5: Sadyhov V.V. (button) folded before Flop (didn't bet)
Seat 6: neirfyS (small blind) folded before Flop



PokerStars Hand #254423240300:  Hold'em No Limit ($0.50/$1.00 USD) - 2025/01/17 0:00:08 WET [2025/01/17 19:00:08 ET]
Table 'Lydina III' 6-max Seat #6 is the button
Seat 3: Amara2009 ($22.92 in chips) 
Seat 4: rrrro ($100 in chips) 
Seat 5: Sadyhov V.V. ($101.80 in chips) 
Seat 6: neirfyS ($16 in chips) 
Amara2009: posts small blind $0.50
rrrro: posts big blind $1
*** HOLE CARDS ***
Sadyhov V.V.: raises $1.50 to $2.50
neirfyS: raises $13.50 to $16 and is all-in
Amara2009: folds 
rrrro: folds 
Sadyhov V.V.: folds 
Uncalled bet ($13.50) returned to neirfyS
neirfyS collected $6.50 from pot
neirfyS: doesn't show hand 
*** SUMMARY ***
Total pot $6.50 | Rake $0 
Seat 3: Amara2009 (small blind) folded before Flop
Seat 4: rrrro (big blind) folded before Flop
Seat 5: Sadyhov V.V. folded before Flop
Seat 6: neirfyS (button) collected ($6.50)



PokerStars Hand #254423247784:  Hold'em No Limit ($0.50/$1.00 USD) - 2025/01/17 0:00:44 WET [2025/01/17 19:00:44 ET]
Table 'Lydina III' 6-max Seat #3 is the button
Seat 3: Amara2009 ($22.42 in chips) 
Seat 4: rrrro ($100 in chips) 
Seat 5: Sadyhov V.V. ($100 in chips) 
Seat 6: neirfyS ($20 in chips) 
rrrro: posts small blind $0.50
Sadyhov V.V.: posts big blind $1
*** HOLE CARDS ***
neirfyS: raises $1 to $2
Amara2009: folds 
rrrro: folds 
Sadyhov V.V.: folds 
Uncalled bet ($1) returned to neirfyS
neirfyS collected $2.50 from pot
neirfyS: doesn't show hand 
*** SUMMARY ***
Total pot $2.50 | Rake $0 
Seat 3: Amara2009 (button) folded before Flop (didn't bet)
Seat 4: rrrro (small blind) folded before Flop
Seat 5: Sadyhov V.V. (big blind) folded before Flop
Seat 6: neirfyS collected ($2.50)



PokerStars Hand #254423250617:  Hold'em No Limit ($0.50/$1.00 USD) - 2025/01/17 0:00:57 WET [2025/01/17 19:00:57 ET]
Table 'Lydina III' 6-max Seat #4 is the button
Seat 3: Amara2009 ($22.42 in chips) 
Seat 4: rrrro ($100 in chips) 
Seat 5: Sadyhov V.V. ($100 in chips) 
Seat 6: neirfyS ($21.50 in chips) 
Sadyhov V.V.: posts small blind $0.50
neirfyS: posts big blind $1
*** HOLE CARDS ***
Amara2009: folds 
rrrro: raises $1.50 to $2.50
Sadyhov V.V.: folds 
neirfyS: folds 
Uncalled bet ($1.50) returned to rrrro
rrrro collected $2.50 from pot
rrrro: doesn't show hand 
*** SUMMARY ***
Total pot $2.50 | Rake $0 
Seat 3: Amara2009 folded before Flop (didn't bet)
Seat 4: rrrro (button) collected ($2.50)
Seat 5: Sadyhov V.V. (small blind) folded before Flop
Seat 6: neirfyS (big blind) folded before Flop



PokerStars Hand #254423253815:  Hold'em No Limit ($0.50/$1.00 USD) - 2025/01/17 0:01:11 WET [2025/01/17 19:01:11 ET]
Table 'Lydina III' 6-max Seat #5 is the button
Seat 3: Amara2009 ($22.42 in chips) 
Seat 4: rrrro ($101.50 in chips) 
Seat 5: Sadyhov V.V. ($100 in chips) 
Seat 6: neirfyS ($20.50 in chips) 
neirfyS: posts small blind $0.50
Amara2009: posts big blind $1
*** HOLE CARDS ***
rrrro: raises $1.30 to $2.30
Sadyhov V.V.: folds 
neirfyS: folds 
Amara2009: calls $1.30
*** FLOP *** [6c 6d 5c]
Amara2009: checks 
rrrro: bets $1.21
Amara2009: calls $1.21
*** TURN *** [6c 6d 5c] [Ad]
Amara2009: checks 
rrrro: bets $3.57
Amara2009: folds 
Uncalled bet ($3.57) returned to rrrro
rrrro collected $7.14 from pot
rrrro: doesn't show hand 
*** SUMMARY ***
Total pot $7.52 | Rake $0.38 
Board [6c 6d 5c Ad]
Seat 3: Amara2009 (big blind) folded on the Turn
Seat 4: rrrro collected ($7.14)
Seat 5: Sadyhov V.V. (button) folded before Flop (didn't bet)
Seat 6: neirfyS (small blind) folded before Flop



PokerStars Hand #254423264977:  Hold'em No Limit ($0.50/$1.00 USD) - 2025/01/17 0:01:58 WET [2025/01/17 19:01:58 ET]
Table 'Lydina III' 6-max Seat #6 is the button
Seat 3: Amara2009 ($18.91 in chips) 
Seat 4: rrrro ($105.13 in chips) 
Seat 5: Sadyhov V.V. ($100 in chips) 
Seat 6: neirfyS ($20 in chips) 
Amara2009: posts small blind $0.50
rrrro: posts big blind $1
*** HOLE CARDS ***
Sadyhov V.V.: folds 
neirfyS: folds 
Amara2009: raises $1 to $2
rrrro: folds 
Uncalled bet ($1) returned to Amara2009
Amara2009 collected $2 from pot
*** SUMMARY ***
Total pot $2 | Rake $0 
Seat 3: Amara2009 (small blind) collected ($2)
Seat 4: rrrro (big blind) folded before Flop
Seat 5: Sadyhov V.V. folded before Flop (didn't bet)
Seat 6: neirfyS (button) folded before Flop (didn't bet)



PokerStars Hand #254423268670:  Hold'em No Limit ($0.50/$1.00 USD) - 2025/01/17 0:02:13 WET [2025/01/17 19:02:13 ET]
Table 'Lydina III' 6-max Seat #3 is the button
Seat 3: Amara2009 ($19.91 in chips) 
Seat 4: rrrro ($104.13 in chips) 
Seat 5: Sadyhov V.V. ($100 in chips) 
Seat 6: neirfyS ($20 in chips) 
rrrro: posts small blind $0.50
Sadyhov V.V.: posts big blind $1
*** HOLE CARDS ***
neirfyS: folds 
Amara2009: calls $1
rrrro: calls $0.50
Sadyhov V.V.: checks 
*** FLOP *** [7d 9s 9d]
rrrro: bets $1
Sadyhov V.V.: calls $1
Amara2009: calls $1
*** TURN *** [7d 9s 9d] [As]
rrrro: checks 
Sadyhov V.V.: checks 
Amara2009: bets $5.70
rrrro: raises $11.30 to $17
Sadyhov V.V.: folds 
Amara2009: folds 
Uncalled bet ($11.30) returned to rrrro
rrrro collected $16.53 from pot
rrrro: doesn't show hand 
*** SUMMARY ***
Total pot $17.40 | Rake $0.87 
Board [7d 9s 9d As]
Seat 3: Amara2009 (button) folded on the Turn
Seat 4: rrrro (small blind) collected ($16.53)
Seat 5: Sadyhov V.V. (big blind) folded on the Turn
Seat 6: neirfyS folded before Flop (didn't bet)



PokerStars Hand #254423281653:  Hold'em No Limit ($0.50/$1.00 USD) - 2025/01/17 0:03:07 WET [2025/01/17 19:03:07 ET]
Table 'Lydina III' 6-max Seat #4 is the button
Seat 3: Amara2009 ($12.21 in chips) 
Seat 4: rrrro ($112.96 in chips) 
Seat 5: Sadyhov V.V. ($100 in chips) 
Seat 6: neirfyS ($20 in chips) 
Sadyhov V.V.: posts small blind $0.50
neirfyS: posts big blind $1
*** HOLE CARDS ***
Amara2009: folds 
rrrro: raises $1 to $2
Sadyhov V.V.: folds 
neirfyS: raises $18 to $20 and is all-in
rrrro: folds 
Uncalled bet ($18) returned to neirfyS
neirfyS collected $4.50 from pot
neirfyS: doesn't show hand 
*** SUMMARY ***
Total pot $4.50 | Rake $0 
Seat 3: Amara2009 folded before Flop (didn't bet)
Seat 4: rrrro (button) folded before Flop
Seat 5: Sadyhov V.V. (small blind) folded before Flop
Seat 6: neirfyS (big blind) collected ($4.50)



PokerStars Hand #254423288293:  Hold'em No Limit ($0.50/$1.00 USD) - 2025/01/17 0:03:34 WET [2025/01/17 19:03:34 ET]
Table 'Lydina III' 6-max Seat #5 is the button
Seat 3: Amara2009 ($12.21 in chips) 
Seat 4: rrrro ($110.96 in chips) 
Seat 5: Sadyhov V.V. ($100 in chips) 
Seat 6: neirfyS ($22.50 in chips) 
neirfyS: posts small blind $0.50
Amara2009: posts big blind $1
*** HOLE CARDS ***
rrrro: folds 
Sadyhov V.V.: folds 
neirfyS: raises $16 to $17
Amara2009: calls $11.21 and is all-in
Uncalled bet ($4.79) returned to neirfyS
*** FLOP *** [8d 6c 9d]
*** TURN *** [8d 6c 9d] [9h]
*** RIVER *** [8d 6c 9d 9h] [Td]
*** SHOW DOWN ***
neirfyS: shows [Js Th] (two pair, Tens and Nines)
Amara2009: shows [Qd Jc] (a straight, Eight to Queen)
Amara2009 collected $23.17 from pot
*** SUMMARY ***
Total pot $24.42 | Rake $1.25 
Board [8d 6c 9d 9h Td]
Seat 3: Amara2009 (big blind) showed [Qd Jc] and won ($23.17) with a straight, Eight to Queen
Seat 4: rrrro folded before Flop (didn't bet)
Seat 5: Sadyhov V.V. (button) folded before Flop (didn't bet)
Seat 6: neirfyS (small blind) showed [Js Th] and lost with two pair, Tens and Nines



PokerStars Hand #254423294069:  Hold'em No Limit ($0.50/$1.00 USD) - 2025/01/17 0:03:57 WET [2025/01/17 19:03:57 ET]
Table 'Lydina III' 6-max Seat #6 is the button
Seat 3: Amara2009 ($23.17 in chips) 
Seat 4: rrrro ($110.96 in chips) 
Seat 5: Sadyhov V.V. ($100 in chips) 
Seat 6: neirfyS ($16 in chips) 
Amara2009: posts small blind $0.50
rrrro: posts big blind $1
*** HOLE CARDS ***
Sadyhov V.V.: folds 
neirfyS: folds 
Amara2009: folds 
Uncalled bet ($0.50) returned to rrrro
rrrro collected $1 from pot
rrrro: doesn't show hand 
*** SUMMARY ***
Total pot $1 | Rake $0 
Seat 3: Amara2009 (small blind) folded before Flop
Seat 4: rrrro (big blind) collected ($1)
Seat 5: Sadyhov V.V. folded before Flop (didn't bet)
Seat 6: neirfyS (button) folded before Flop (didn't bet)



PokerStars Hand #254423297809:  Hold'em No Limit ($0.50/$1.00 USD) - 2025/01/17 0:04:12 WET [2025/01/17 19:04:12 ET]
Table 'Lydina III' 6-max Seat #3 is the button
Seat 3: Amara2009 ($22.67 in chips) 
Seat 4: rrrro ($111.46 in chips) 
Seat 5: Sadyhov V.V. ($100 in chips) 
Seat 6: neirfyS ($16 in chips) 
rrrro: posts small blind $0.50
Sadyhov V.V.: posts big blind $1
*** HOLE CARDS ***
neirfyS: raises $15 to $16 and is all-in
Amara2009: raises $6.67 to $22.67 and is all-in
rrrro: folds 
Sadyhov V.V.: folds 
Uncalled bet ($6.67) returned to Amara2009
*** FLOP *** [9s Ah 7s]
*** TURN *** [9s Ah 7s] [2c]
*** RIVER *** [9s Ah 7s 2c] [2d]
*** SHOW DOWN ***
neirfyS: shows [6c 6d] (two pair, Sixes and Deuces)
Amara2009: shows [Qc As] (two pair, Aces and Deuces)
Amara2009 collected $32.25 from pot
*** SUMMARY ***
Total pot $33.50 | Rake $1.25 
Board [9s Ah 7s 2c 2d]
Seat 3: Amara2009 (button) showed [Qc As] and won ($32.25) with two pair, Aces and Deuces
Seat 4: rrrro (small blind) folded before Flop
Seat 5: Sadyhov V.V. (big blind) folded before Flop
Seat 6: neirfyS showed [6c 6d] and lost with two pair, Sixes and Deuces



PokerStars Hand #254423303886:  Hold'em No Limit ($0.50/$1.00 USD) - 2025/01/17 0:04:38 WET [2025/01/17 19:04:38 ET]
Table 'Lydina III' 6-max Seat #4 is the button
Seat 3: Amara2009 ($38.92 in chips) 
Seat 4: rrrro ($110.96 in chips) 
Seat 5: Sadyhov V.V. ($100 in chips) 
Seat 6: neirfyS ($16 in chips) 
Sadyhov V.V.: posts small blind $0.50
neirfyS: posts big blind $1
*** HOLE CARDS ***
Amara2009: calls $1
rrrro: folds 
Sadyhov V.V.: folds 
neirfyS: raises $15 to $16 and is all-in
Amara2009: calls $15
*** FLOP *** [Qd 7s 3c]
*** TURN *** [Qd 7s 3c] [8s]
*** RIVER *** [Qd 7s 3c 8s] [9s]
*** SHOW DOWN ***
neirfyS: shows [Ks Jd] (high card King)
Amara2009: shows [Ah Jh] (high card Ace)
Amara2009 collected $31.25 from pot
*** SUMMARY ***
Total pot $32.50 | Rake $1.25 
Board [Qd 7s 3c 8s 9s]
Seat 3: Amara2009 showed [Ah Jh] and won ($31.25) with high card Ace
Seat 4: rrrro (button) folded before Flop (didn't bet)
Seat 5: Sadyhov V.V. (small blind) folded before Flop
Seat 6: neirfyS (big blind) showed [Ks Jd] and lost with high card King



PokerStars Hand #254423309679:  Hold'em No Limit ($0.50/$1.00 USD) - 2025/01/17 0:05:01 WET [2025/01/17 19:05:01 ET]
Table 'Lydina III' 6-max Seat #5 is the button
Seat 3: Amara2009 ($54.17 in chips) 
Seat 4: rrrro ($110.96 in chips) 
Seat 5: Sadyhov V.V. ($100 in chips) 
Seat 6: neirfyS ($16 in chips) 
neirfyS: posts small blind $0.50
Amara2009: posts big blind $1
*** HOLE CARDS ***
rrrro: folds 
Sadyhov V.V.: folds 
neirfyS: folds 
Uncalled bet ($0.50) returned to Amara2009
Amara2009 collected $1 from pot
*** SUMMARY ***
Total pot $1 | Rake $0 
Seat 3: Amara2009 (big blind) collected ($1)
Seat 4: rrrro folded before Flop (didn't bet)
Seat 5: Sadyhov V.V. (button) folded before Flop (didn't bet)
Seat 6: neirfyS (small blind) folded before Flop



PokerStars Hand #254423311865:  Hold'em No Limit ($0.50/$1.00 USD) - 2025/01/17 0:05:10 WET [2025/01/17 19:05:10 ET]
Table 'Lydina III' 6-max Seat #6 is the button
Seat 3: Amara2009 ($54.67 in chips) 
Seat 4: rrrro ($110.96 in chips) 
Seat 5: Sadyhov V.V. ($100 in chips) 
Seat 6: neirfyS ($16 in chips) 
Amara2009: posts small blind $0.50
rrrro: posts big blind $1
*** HOLE CARDS ***
Sadyhov V.V.: folds 
neirfyS: raises $1 to $2
Amara2009: calls $1.50
rrrro: folds 
*** FLOP *** [4s 2h 7c]
Amara2009: checks 
neirfyS: checks 
*** TURN *** [4s 2h 7c] [4d]
Amara2009: checks 
neirfyS: checks 
*** RIVER *** [4s 2h 7c 4d] [5d]
Amara2009: bets $3
neirfyS: calls $3
*** SHOW DOWN ***
Amara2009: shows [Js 6d] (a pair of Fours)
neirfyS: shows [Ks 9h] (a pair of Fours - King kicker)
neirfyS collected $10.45 from pot
*** SUMMARY ***
Total pot $11 | Rake $0.55 
Board [4s 2h 7c 4d 5d]
Seat 3: Amara2009 (small blind) showed [Js 6d] and lost with a pair of Fours
Seat 4: rrrro (big blind) folded before Flop
Seat 5: Sadyhov V.V. folded before Flop (didn't bet)
Seat 6: neirfyS (button) showed [Ks 9h] and won ($10.45) with a pair of Fours



PokerStars Hand #254423328634:  Hold'em No Limit ($0.50/$1.00 USD) - 2025/01/17 0:06:19 WET [2025/01/17 19:06:19 ET]
Table 'Lydina III' 6-max Seat #3 is the button
Seat 3: Amara2009 ($49.67 in chips) 
Seat 4: rrrro ($109.96 in chips) 
Seat 5: Sadyhov V.V. ($100 in chips) 
Seat 6: neirfyS ($21.45 in chips) 
rrrro: posts small blind $0.50
Sadyhov V.V.: posts big blind $1
*** HOLE CARDS ***
neirfyS: folds 
Amara2009: calls $1
rrrro: folds 
Sadyhov V.V.: checks 
*** FLOP *** [Th 4s Jh]
MauriFierro27 joins the table at seat #1 
Sadyhov V.V.: checks 
Amara2009: checks 
*** TURN *** [Th 4s Jh] [Qd]
Sadyhov V.V.: checks 
Amara2009: checks 
*** RIVER *** [Th 4s Jh Qd] [6d]
Sadyhov V.V.: checks 
Amara2009: checks 
*** SHOW DOWN ***
Sadyhov V.V.: shows [3s 2d] (high card Queen)
Amara2009: shows [4h As] (a pair of Fours)
Amara2009 collected $2.35 from pot
*** SUMMARY ***
Total pot $2.50 | Rake $0.15 
Board [Th 4s Jh Qd 6d]
Seat 3: Amara2009 (button) showed [4h As] and won ($2.35) with a pair of Fours
Seat 4: rrrro (small blind) folded before Flop
Seat 5: Sadyhov V.V. (big blind) showed [3s 2d] and lost with high card Queen
Seat 6: neirfyS folded before Flop (didn't bet)



PokerStars Hand #254423337516:  Hold'em No Limit ($0.50/$1.00 USD) - 2025/01/17 0:06:55 WET [2025/01/17 19:06:55 ET]
Table 'Lydina III' 6-max Seat #4 is the button
Seat 1: MauriFierro27 ($100 in chips) is sitting out
Seat 3: Amara2009 ($51.02 in chips) 
Seat 4: rrrro ($109.46 in chips) 
Seat 5: Sadyhov V.V. ($100 in chips) 
Seat 6: neirfyS ($21.45 in chips) 
Sadyhov V.V.: posts small blind $0.50
neirfyS: posts big blind $1
MauriFierro27: sits out 
*** HOLE CARDS ***
Amara2009: calls $1
rrrro: raises $3.50 to $4.50
Sadyhov V.V.: folds 
neirfyS: folds 
Amara2009: raises $4.50 to $9
rrrro: folds 
Uncalled bet ($4.50) returned to Amara2009
Amara2009 collected $10.50 from pot
*** SUMMARY ***
Total pot $10.50 | Rake $0 
Seat 1: MauriFierro27
Seat 3: Amara2009 collected ($10.50)
Seat 4: rrrro (button) folded before Flop
Seat 5: Sadyhov V.V. (small blind) folded before Flop
Seat 6: neirfyS (big blind) folded before Flop



PokerStars Hand #254423345648:  Hold'em No Limit ($0.50/$1.00 USD) - 2025/01/17 0:07:28 WET [2025/01/17 19:07:28 ET]
Table 'Lydina III' 6-max Seat #5 is the button
Seat 1: MauriFierro27 ($100 in chips) 
Seat 3: Amara2009 ($57.02 in chips) 
Seat 4: rrrro ($104.96 in chips) 
Seat 5: Sadyhov V.V. ($100 in chips) 
Seat 6: neirfyS ($20.45 in chips) 
neirfyS: posts small blind $0.50
MauriFierro27: posts big blind $1
*** HOLE CARDS ***
Amara2009: raises $1 to $2
rrrro: folds 
Sadyhov V.V.: folds 
neirfyS: folds 
MauriFierro27: calls $1
*** FLOP *** [9s Ah Qh]
MauriFierro27: checks 
Amara2009: bets $2.14
MauriFierro27: folds 
Uncalled bet ($2.14) returned to Amara2009
Amara2009 collected $4.22 from pot
*** SUMMARY ***
Total pot $4.50 | Rake $0.28 
Board [9s Ah Qh]
Seat 1: MauriFierro27 (big blind) folded on the Flop
Seat 3: Amara2009 collected ($4.22)
Seat 4: rrrro folded before Flop (didn't bet)
Seat 5: Sadyhov V.V. (button) folded before Flop (didn't bet)
Seat 6: neirfyS (small blind) folded before Flop



PokerStars Hand #254423353282:  Hold'em No Limit ($0.50/$1.00 USD) - 2025/01/17 0:08:00 WET [2025/01/17 19:08:00 ET]
Table 'Lydina III' 6-max Seat #6 is the button
Seat 1: MauriFierro27 ($100 in chips) 
Seat 3: Amara2009 ($59.24 in chips) 
Seat 4: rrrro ($104.96 in chips) 
Seat 5: Sadyhov V.V. ($100 in chips) 
Seat 6: neirfyS ($19.95 in chips) 
MauriFierro27: posts small blind $0.50
Amara2009: posts big blind $1
*** HOLE CARDS ***
natashaolivia joins the table at seat #2 
natashaolivia is disconnected 
rrrro: folds 
Sadyhov V.V.: folds 
neirfyS: raises $1.40 to $2.40
MauriFierro27: raises $9.10 to $11.50
Amara2009: folds 
neirfyS: folds 
Uncalled bet ($9.10) returned to MauriFierro27
MauriFierro27 collected $5.80 from pot
MauriFierro27: doesn't show hand 
*** SUMMARY ***
Total pot $5.80 | Rake $0 
Seat 1: MauriFierro27 (small blind) collected ($5.80)
Seat 3: Amara2009 (big blind) folded before Flop
Seat 4: rrrro folded before Flop (didn't bet)
Seat 5: Sadyhov V.V. folded before Flop (didn't bet)
Seat 6: neirfyS (button) folded before Flop



PokerStars Hand #254423361137:  Hold'em No Limit ($0.50/$1.00 USD) - 2025/01/17 0:08:32 WET [2025/01/17 19:08:32 ET]
Table 'Lydina III' 6-max Seat #1 is the button
Seat 2: natashaolivia ($10 in chips) is sitting out
Seat 1: MauriFierro27 ($103.40 in chips) 
Seat 3: Amara2009 ($58.24 in chips) 
Seat 4: rrrro ($104.96 in chips) 
Seat 5: Sadyhov V.V. ($100 in chips) 
Seat 6: neirfyS ($17.55 in chips) 
Amara2009: posts small blind $0.50
rrrro: posts big blind $1
*** HOLE CARDS ***
Sadyhov V.V.: folds 
neirfyS: raises $1 to $2
MauriFierro27: folds 
Amara2009: folds 
rrrro: folds 
Uncalled bet ($1) returned to neirfyS
neirfyS collected $2.50 from pot
neirfyS: doesn't show hand 
*** SUMMARY ***
Total pot $2.50 | Rake $0 
Seat 2: natashaolivia
Seat 1: MauriFierro27 (button) folded before Flop (didn't bet)
Seat 3: Amara2009 (small blind) folded before Flop
Seat 4: rrrro (big blind) folded before Flop
Seat 5: Sadyhov V.V. folded before Flop (didn't bet)
Seat 6: neirfyS collected ($2.50)



PokerStars Hand #254423365046:  Hold'em No Limit ($0.50/$1.00 USD) - 2025/01/17 0:08:48 WET [2025/01/17 19:08:48 ET]
Table 'Lydina III' 6-max Seat #3 is the button
Seat 1: MauriFierro27 ($103.40 in chips) 
Seat 2: natashaolivia ($10 in chips) 
Seat 3: Amara2009 ($57.74 in chips) 
Seat 4: rrrro ($103.96 in chips) 
Seat 5: Sadyhov V.V. ($100 in chips) 
Seat 6: neirfyS ($19.05 in chips) 
rrrro: posts small blind $0.50
Sadyhov V.V.: posts big blind $1
natashaolivia: posts big blind $1
*** HOLE CARDS ***
neirfyS: folds 
MauriFierro27: folds 
natashaolivia: checks 
Amara2009: calls $1
rrrro: folds 
Sadyhov V.V.: checks 
*** FLOP *** [6d 4s 4h]
Sadyhov V.V.: checks 
natashaolivia: checks 
Amara2009: checks 
*** TURN *** [6d 4s 4h] [Tc]
Sadyhov V.V.: checks 
natashaolivia: bets $1.66
Amara2009: folds 
Sadyhov V.V.: calls $1.66
*** RIVER *** [6d 4s 4h Tc] [Js]
Sadyhov V.V.: checks 
natashaolivia: bets $6.48
Sadyhov V.V.: folds 
Uncalled bet ($6.48) returned to natashaolivia
natashaolivia collected $6.48 from pot
natashaolivia: shows [4d 8c] (three of a kind, Fours)
*** SUMMARY ***
Total pot $6.82 | Rake $0.34 
Board [6d 4s 4h Tc Js]
Seat 1: MauriFierro27 folded before Flop (didn't bet)
Seat 2: natashaolivia collected ($6.48)
Seat 3: Amara2009 (button) folded on the Turn
Seat 4: rrrro (small blind) folded before Flop
Seat 5: Sadyhov V.V. (big blind) folded on the River
Seat 6: neirfyS folded before Flop (didn't bet)



PokerStars Hand #254423386544:  Hold'em No Limit ($0.50/$1.00 USD) - 2025/01/17 0:10:18 WET [2025/01/17 19:10:18 ET]
Table 'Lydina III' 6-max Seat #4 is the button
Seat 1: MauriFierro27 ($103.40 in chips) 
Seat 2: natashaolivia ($13.82 in chips) 
Seat 3: Amara2009 ($56.74 in chips) 
Seat 4: rrrro ($103.46 in chips) 
Seat 5: Sadyhov V.V. ($100 in chips) 
Seat 6: neirfyS ($19.05 in chips) 
Sadyhov V.V.: posts small blind $0.50
neirfyS: posts big blind $1
*** HOLE CARDS ***
MauriFierro27: folds 
natashaolivia: calls $1
Amara2009: folds 
rrrro: folds 
Sadyhov V.V.: folds 
neirfyS: checks 
*** FLOP *** [Td Ts 7c]
neirfyS: checks 
natashaolivia: checks 
*** TURN *** [Td Ts 7c] [4d]
neirfyS: checks 
natashaolivia: checks 
*** RIVER *** [Td Ts 7c 4d] [4c]
neirfyS: checks 
natashaolivia: checks 
*** SHOW DOWN ***
neirfyS: shows [9c Js] (two pair, Tens and Fours)
natashaolivia: shows [2s Jc] (two pair, Tens and Fours)
neirfyS collected $1.19 from pot
natashaolivia collected $1.19 from pot
*** SUMMARY ***
Total pot $2.50 | Rake $0.12 
Board [Td Ts 7c 4d 4c]
Seat 1: MauriFierro27 folded before Flop (didn't bet)
Seat 2: natashaolivia showed [2s Jc] and won ($1.19) with two pair, Tens and Fours
Seat 3: Amara2009 folded before Flop (didn't bet)
Seat 4: rrrro (button) folded before Flop (didn't bet)
Seat 5: Sadyhov V.V. (small blind) folded before Flop
Seat 6: neirfyS (big blind) showed [9c Js] and won ($1.19) with two pair, Tens and Fours



PokerStars Hand #254423399056:  Hold'em No Limit ($0.50/$1.00 USD) - 2025/01/17 0:11:10 WET [2025/01/17 19:11:10 ET]
Table 'Lydina III' 6-max Seat #5 is the button
Seat 1: MauriFierro27 ($103.40 in chips) 
Seat 2: natashaolivia ($14.01 in chips) 
Seat 3: Amara2009 ($56.74 in chips) 
Seat 4: rrrro ($103.46 in chips) 
Seat 5: Sadyhov V.V. ($100 in chips) 
Seat 6: neirfyS ($19.24 in chips) 
neirfyS: posts small blind $0.50
MauriFierro27: posts big blind $1
*** HOLE CARDS ***
natashaolivia: calls $1
Amara2009: folds 
rrrro: raises $2 to $3
Sadyhov V.V.: folds 
neirfyS: folds 
MauriFierro27: folds 
natashaolivia: calls $2
*** FLOP *** [As 8c Qs]
natashaolivia: checks 
rrrro: bets $1.78
natashaolivia: calls $1.78
*** TURN *** [As 8c Qs] [7d]
natashaolivia: bets $1
rrrro: calls $1
*** RIVER *** [As 8c Qs 7d] [3s]
natashaolivia: bets $8.23 and is all-in
rrrro: folds 
Uncalled bet ($8.23) returned to natashaolivia
natashaolivia collected $12.41 from pot
*** SUMMARY ***
Total pot $13.06 | Rake $0.65 
Board [As 8c Qs 7d 3s]
Seat 1: MauriFierro27 (big blind) folded before Flop
Seat 2: natashaolivia collected ($12.41)
Seat 3: Amara2009 folded before Flop (didn't bet)
Seat 4: rrrro folded on the River
Seat 5: Sadyhov V.V. (button) folded before Flop (didn't bet)
Seat 6: neirfyS (small blind) folded before Flop



PokerStars Hand #254423409673:  Hold'em No Limit ($0.50/$1.00 USD) - 2025/01/17 0:11:55 WET [2025/01/17 19:11:55 ET]
Table 'Lydina III' 6-max Seat #6 is the button
Seat 1: MauriFierro27 ($102.40 in chips) 
Seat 2: natashaolivia ($20.64 in chips) 
Seat 3: Amara2009 ($56.74 in chips) 
Seat 4: rrrro ($100 in chips) 
Seat 5: Sadyhov V.V. ($100 in chips) 
Seat 6: neirfyS ($18.74 in chips) 
MauriFierro27: posts small blind $0.50
natashaolivia: posts big blind $1
*** HOLE CARDS ***
Amara2009: calls $1
rrrro: folds 
Sadyhov V.V.: folds 
neirfyS: folds 
MauriFierro27: calls $0.50
natashaolivia: checks 
*** FLOP *** [Qd Tc As]
MauriFierro27: checks 
natashaolivia: checks 
Amara2009: checks 
*** TURN *** [Qd Tc As] [8c]
MauriFierro27: checks 
natashaolivia: checks 
Amara2009: checks 
*** RIVER *** [Qd Tc As 8c] [4s]
MauriFierro27: checks 
natashaolivia: checks 
Amara2009: bets $1.43
MauriFierro27: folds 
natashaolivia: folds 
Uncalled bet ($1.43) returned to Amara2009
Amara2009 collected $2.81 from pot
*** SUMMARY ***
Total pot $3 | Rake $0.19 
Board [Qd Tc As 8c 4s]
Seat 1: MauriFierro27 (small blind) folded on the River
Seat 2: natashaolivia (big blind) folded on the River
Seat 3: Amara2009 collected ($2.81)
Seat 4: rrrro folded before Flop (didn't bet)
Seat 5: Sadyhov V.V. folded before Flop (didn't bet)
Seat 6: neirfyS (button) folded before Flop (didn't bet)



PokerStars Hand #254423418311:  Hold'em No Limit ($0.50/$1.00 USD) - 2025/01/17 0:12:32 WET [2025/01/17 19:12:32 ET]
Table 'Lydina III' 6-max Seat #1 is the button
Seat 1: MauriFierro27 ($101.40 in chips) 
Seat 2: natashaolivia ($19.64 in chips) 
Seat 3: Amara2009 ($58.55 in chips) 
Seat 4: rrrro ($100 in chips) 
Seat 5: Sadyhov V.V. ($100 in chips) 
Seat 6: neirfyS ($18.74 in chips) 
natashaolivia: posts small blind $0.50
Amara2009: posts big blind $1
*** HOLE CARDS ***
rrrro: folds 
Sadyhov V.V.: folds 
neirfyS: folds 
MauriFierro27: raises $1.20 to $2.20
natashaolivia: calls $1.70
Amara2009: folds 
*** FLOP *** [6s Kd Qh]
natashaolivia: checks 
MauriFierro27: bets $1.69
natashaolivia: calls $1.69
*** TURN *** [6s Kd Qh] [4h]
natashaolivia: checks 
MauriFierro27: checks 
*** RIVER *** [6s Kd Qh 4h] [3s]
natashaolivia: checks 
MauriFierro27: checks 
*** SHOW DOWN ***
natashaolivia: shows [7s Tc] (high card King)
MauriFierro27: shows [3d Ah] (a pair of Threes)
MauriFierro27 collected $8.34 from pot
*** SUMMARY ***
Total pot $8.78 | Rake $0.44 
Board [6s Kd Qh 4h 3s]
Seat 1: MauriFierro27 (button) showed [3d Ah] and won ($8.34) with a pair of Threes
Seat 2: natashaolivia (small blind) showed [7s Tc] and lost with high card King
Seat 3: Amara2009 (big blind) folded before Flop
Seat 4: rrrro folded before Flop (didn't bet)
Seat 5: Sadyhov V.V. folded before Flop (didn't bet)
Seat 6: neirfyS folded before Flop (didn't bet)



PokerStars Hand #254423547677:  Hold'em No Limit ($0.50/$1.00 USD) - 2025/01/17 0:21:39 WET [2025/01/17 19:21:39 ET]
Table 'Lydina III' 6-max Seat #5 is the button
Seat 2: natashaolivia ($0 in chips) is sitting out
Seat 3: Amara2009 ($46.44 in chips) is sitting out
Seat 1: MauriFierro27 ($205.55 in chips) 
Seat 4: rrrro ($150.15 in chips) 
Seat 5: Nazareno1999 ($102.25 in chips) 
Seat 6: z00mba ($100 in chips) 
z00mba: posts small blind $0.50
MauriFierro27: posts big blind $1
*** HOLE CARDS ***
rrrro: folds 
Nazareno1999: raises $1.20 to $2.20
z00mba: folds 
MauriFierro27: calls $1.20
*** FLOP *** [6d Ks As]
MauriFierro27: checks 
Nazareno1999: bets $1.54
MauriFierro27: calls $1.54
*** TURN *** [6d Ks As] [5h]
MauriFierro27: checks 
Nazareno1999: bets $11.87
MauriFierro27: calls $11.87
*** RIVER *** [6d Ks As 5h] [4s]
MauriFierro27: checks 
Nazareno1999: bets $20.28
MauriFierro27: calls $20.28
*** SHOW DOWN ***
Nazareno1999: shows [Kh Kc] (three of a kind, Kings)
MauriFierro27: mucks hand 
Nazareno1999 collected $71.28 from pot
*** SUMMARY ***
Total pot $72.28 | Rake $1 
Board [6d Ks As 5h 4s]
Seat 2: natashaolivia
Seat 3: Amara2009
Seat 1: MauriFierro27 (big blind) mucked
Seat 4: rrrro folded before Flop (didn't bet)
Seat 5: Nazareno1999 (button) showed [Kh Kc] and won ($71.28) with three of a kind, Kings
Seat 6: z00mba (small blind) folded before Flop



PokerStars Hand #254423562325:  Hold'em No Limit ($0.50/$1.00 USD) - 2025/01/17 0:22:42 WET [2025/01/17 19:22:42 ET]
Table 'Lydina III' 6-max Seat #6 is the button
Seat 2: natashaolivia ($0 in chips) is sitting out
Seat 3: Amara2009 ($46.44 in chips) is sitting out
Seat 1: MauriFierro27 ($169.66 in chips) 
Seat 4: rrrro ($150.15 in chips) 
Seat 5: Nazareno1999 ($137.64 in chips) 
Seat 6: z00mba ($100 in chips) 
MauriFierro27: posts small blind $0.50
rrrro: posts big blind $1
*** HOLE CARDS ***
Nazareno1999: folds 
z00mba: raises $1.50 to $2.50
MauriFierro27: folds 
rrrro: folds 
Uncalled bet ($1.50) returned to z00mba
z00mba collected $2.50 from pot
z00mba: doesn't show hand 
*** SUMMARY ***
Total pot $2.50 | Rake $0 
Seat 2: natashaolivia
Seat 3: Amara2009
Seat 1: MauriFierro27 (small blind) folded before Flop
Seat 4: rrrro (big blind) folded before Flop
Seat 5: Nazareno1999 folded before Flop (didn't bet)
Seat 6: z00mba (button) collected ($2.50)



PokerStars Hand #254423566099:  Hold'em No Limit ($0.50/$1.00 USD) - 2025/01/17 0:22:58 WET [2025/01/17 19:22:58 ET]
Table 'Lydina III' 6-max Seat #1 is the button
Seat 2: natashaolivia ($0 in chips) is sitting out
Seat 3: Amara2009 ($46.44 in chips) is sitting out
Seat 1: MauriFierro27 ($169.16 in chips) 
Seat 4: rrrro ($149.15 in chips) 
Seat 5: Nazareno1999 ($137.64 in chips) 
Seat 6: z00mba ($101.50 in chips) 
rrrro: posts small blind $0.50
Nazareno1999: posts big blind $1
*** HOLE CARDS ***
z00mba: folds 
MauriFierro27: raises $1.20 to $2.20
rrrro: folds 
Nazareno1999: folds 
Uncalled bet ($1.20) returned to MauriFierro27
MauriFierro27 collected $2.50 from pot
MauriFierro27: doesn't show hand 
*** SUMMARY ***
Total pot $2.50 | Rake $0 
Seat 2: natashaolivia
Seat 3: Amara2009
Seat 1: MauriFierro27 (button) collected ($2.50)
Seat 4: rrrro (small blind) folded before Flop
Seat 5: Nazareno1999 (big blind) folded before Flop
Seat 6: z00mba folded before Flop (didn't bet)



PokerStars Hand #254423569880:  Hold'em No Limit ($0.50/$1.00 USD) - 2025/01/17 0:23:15 WET [2025/01/17 19:23:15 ET]
Table 'Lydina III' 6-max Seat #5 is the button
Seat 1: MauriFierro27 ($170.66 in chips) is sitting out
Seat 2: natashaolivia ($0 in chips) is sitting out
Seat 3: Amara2009 ($46.44 in chips) is sitting out
Seat 6: z00mba ($101.50 in chips) is sitting out
Seat 4: rrrro ($148.65 in chips) 
Seat 5: Nazareno1999 ($136.64 in chips) 
Nazareno1999: posts small blind $0.50
z00mba: is sitting out 
MauriFierro27: is sitting out 
rrrro: posts big blind $1
*** HOLE CARDS ***
MauriFierro27 leaves the table
Nazareno1999: folds 
Uncalled bet ($0.50) returned to rrrro
rrrro collected $1 from pot
natashaolivia leaves the table
rrrro: doesn't show hand 
*** SUMMARY ***
Total pot $1 | Rake $0 
Seat 1: MauriFierro27
Seat 2: natashaolivia
Seat 3: Amara2009
Seat 6: z00mba
Seat 4: rrrro (big blind) collected ($1)
Seat 5: Nazareno1999 (button) (small blind) folded before Flop



PokerStars Hand #254423571797:  Hold'em No Limit ($0.50/$1.00 USD) - 2025/01/17 0:23:23 WET [2025/01/17 19:23:23 ET]
Table 'Lydina III' 6-max Seat #4 is the button
Seat 3: Amara2009 ($46.44 in chips) is sitting out
Seat 6: z00mba ($101.50 in chips) is sitting out
Seat 4: rrrro ($149.15 in chips) 
Seat 5: Nazareno1999 ($136.14 in chips) 
rrrro: posts small blind $0.50
Nazareno1999: posts big blind $1
*** HOLE CARDS ***
z00mba leaves the table
rrrro: raises $1.50 to $2.50
Nazareno1999: folds 
Uncalled bet ($1.50) returned to rrrro
rrrro collected $2 from pot
rrrro: doesn't show hand 
*** SUMMARY ***
Total pot $2 | Rake $0 
Seat 3: Amara2009
Seat 6: z00mba
Seat 4: rrrro (button) (small blind) collected ($2)
Seat 5: Nazareno1999 (big blind) folded before Flop



