PokerStars Hand #254425776419:  Hold'em No Limit ($0.50/$1.00 USD) - 2025/01/17 2:55:02 WET [2025/01/17 21:55:02 ET]
Table 'Irus III' 6-max Seat #1 is the button
Seat 1: vezis3 ($100 in chips) 
Seat 2: Dbackhouse1 ($60.66 in chips) 
vezis3: posts small blind $0.50
Dbackhouse1: posts big blind $1
*** HOLE CARDS ***
vezis3: folds 
Uncalled bet ($0.50) returned to Dbackhouse1
Dbackhouse1 collected $1 from pot
*** SUMMARY ***
Total pot $1 | Rake $0 
Seat 1: vezis3 (button) (small blind) folded before Flop
Seat 2: Dbackhouse1 (big blind) collected ($1)



PokerStars Hand #254425777385:  Hold'em No Limit ($0.50/$1.00 USD) - 2025/01/17 2:55:08 WET [2025/01/17 21:55:08 ET]
Table 'Irus III' 6-max Seat #2 is the button
Seat 1: vezis3 ($100 in chips) 
Seat 2: Dbackhouse1 ($61.16 in chips) 
Dbackhouse1: posts small blind $0.50
vezis3: posts big blind $1
*** HOLE CARDS ***
Dbackhouse1: calls $0.50
vezis3: checks 
*** FLOP *** [Ac 4c 8h]
vezis3: checks 
Dbackhouse1: bets $1
vezis3: folds 
Uncalled bet ($1) returned to Dbackhouse1
Dbackhouse1 collected $1.90 from pot
*** SUMMARY ***
Total pot $2 | Rake $0.10 
Board [Ac 4c 8h]
Seat 1: vezis3 (big blind) folded on the Flop
Seat 2: Dbackhouse1 (button) (small blind) collected ($1.90)



PokerStars Hand #254425779652:  Hold'em No Limit ($0.50/$1.00 USD) - 2025/01/17 2:55:27 WET [2025/01/17 21:55:27 ET]
Table 'Irus III' 6-max Seat #1 is the button
Seat 1: vezis3 ($100 in chips) 
Seat 2: Dbackhouse1 ($62.06 in chips) 
vezis3: posts small blind $0.50
Dbackhouse1: posts big blind $1
*** HOLE CARDS ***
vezis3: raises $1 to $2
Dbackhouse1: folds 
Uncalled bet ($1) returned to vezis3
vezis3 collected $2 from pot
vezis3: doesn't show hand 
*** SUMMARY ***
Total pot $2 | Rake $0 
Seat 1: vezis3 (button) (small blind) collected ($2)
Seat 2: Dbackhouse1 (big blind) folded before Flop



PokerStars Hand #254425780384:  Hold'em No Limit ($0.50/$1.00 USD) - 2025/01/17 2:55:33 WET [2025/01/17 21:55:33 ET]
Table 'Irus III' 6-max Seat #2 is the button
Seat 1: vezis3 ($101 in chips) 
Seat 2: Dbackhouse1 ($61.06 in chips) 
Dbackhouse1: posts small blind $0.50
vezis3: posts big blind $1
*** HOLE CARDS ***
Dbackhouse1: raises $1 to $2
vezis3: raises $5 to $7
Dbackhouse1: folds 
Uncalled bet ($5) returned to vezis3
vezis3 collected $4 from pot
vezis3: doesn't show hand 
*** SUMMARY ***
Total pot $4 | Rake $0 
Seat 1: vezis3 (big blind) collected ($4)
Seat 2: Dbackhouse1 (button) (small blind) folded before Flop



PokerStars Hand #254425781725:  Hold'em No Limit ($0.50/$1.00 USD) - 2025/01/17 2:55:44 WET [2025/01/17 21:55:44 ET]
Table 'Irus III' 6-max Seat #1 is the button
Seat 1: vezis3 ($103 in chips) 
Seat 2: Dbackhouse1 ($59.06 in chips) 
vezis3: posts small blind $0.50
Dbackhouse1: posts big blind $1
*** HOLE CARDS ***
vezis3: raises $1 to $2
Dbackhouse1: calls $1
*** FLOP *** [As 5c 3d]
Dbackhouse1: checks 
vezis3: bets $1.60
Dbackhouse1: calls $1.60
*** TURN *** [As 5c 3d] [4c]
Dbackhouse1: checks 
vezis3: bets $7.52
Dbackhouse1: calls $7.52
*** RIVER *** [As 5c 3d 4c] [2d]
Dbackhouse1: checks 
vezis3: bets $23.36
Dbackhouse1: calls $23.36
*** SHOW DOWN ***
vezis3: shows [7d Kh] (a straight, Ace to Five)
Dbackhouse1: shows [Jc 8c] (a straight, Ace to Five)
Dbackhouse1 collected $33.98 from pot
vezis3 collected $33.98 from pot
*** SUMMARY ***
Total pot $68.96 | Rake $1 
Board [As 5c 3d 4c 2d]
Seat 1: vezis3 (button) (small blind) showed [7d Kh] and won ($33.98) with a straight, Ace to Five
Seat 2: Dbackhouse1 (big blind) showed [Jc 8c] and won ($33.98) with a straight, Ace to Five



PokerStars Hand #254425786232:  Hold'em No Limit ($0.50/$1.00 USD) - 2025/01/17 2:56:22 WET [2025/01/17 21:56:22 ET]
Table 'Irus III' 6-max Seat #2 is the button
Seat 1: vezis3 ($102.50 in chips) 
Seat 2: Dbackhouse1 ($58.56 in chips) 
Dbackhouse1: posts small blind $0.50
vezis3: posts big blind $1
*** HOLE CARDS ***
Dbackhouse1: raises $1 to $2
vezis3: folds 
Uncalled bet ($1) returned to Dbackhouse1
Dbackhouse1 collected $2 from pot
*** SUMMARY ***
Total pot $2 | Rake $0 
Seat 1: vezis3 (big blind) folded before Flop
Seat 2: Dbackhouse1 (button) (small blind) collected ($2)



PokerStars Hand #254425787524:  Hold'em No Limit ($0.50/$1.00 USD) - 2025/01/17 2:56:32 WET [2025/01/17 21:56:32 ET]
Table 'Irus III' 6-max Seat #1 is the button
Seat 1: vezis3 ($101.50 in chips) 
Seat 2: Dbackhouse1 ($59.56 in chips) 
vezis3: posts small blind $0.50
Dbackhouse1: posts big blind $1
*** HOLE CARDS ***
vezis3: raises $1 to $2
Dbackhouse1: calls $1
*** FLOP *** [4c Qh Ad]
Dbackhouse1: checks 
vezis3: bets $1.25
Dbackhouse1: folds 
Uncalled bet ($1.25) returned to vezis3
vezis3 collected $3.80 from pot
vezis3: doesn't show hand 
*** SUMMARY ***
Total pot $4 | Rake $0.20 
Board [4c Qh Ad]
Seat 1: vezis3 (button) (small blind) collected ($3.80)
Seat 2: Dbackhouse1 (big blind) folded on the Flop



PokerStars Hand #254425789340:  Hold'em No Limit ($0.50/$1.00 USD) - 2025/01/17 2:56:48 WET [2025/01/17 21:56:48 ET]
Table 'Irus III' 6-max Seat #2 is the button
Seat 1: vezis3 ($103.30 in chips) 
Seat 2: Dbackhouse1 ($57.56 in chips) 
Dbackhouse1: posts small blind $0.50
vezis3: posts big blind $1
*** HOLE CARDS ***
Dbackhouse1: folds 
Uncalled bet ($0.50) returned to vezis3
vezis3 collected $1 from pot
vezis3: doesn't show hand 
*** SUMMARY ***
Total pot $1 | Rake $0 
Seat 1: vezis3 (big blind) collected ($1)
Seat 2: Dbackhouse1 (button) (small blind) folded before Flop



PokerStars Hand #254425790823:  Hold'em No Limit ($0.50/$1.00 USD) - 2025/01/17 2:56:59 WET [2025/01/17 21:56:59 ET]
Table 'Irus III' 6-max Seat #1 is the button
Seat 1: vezis3 ($103.80 in chips) 
Seat 2: Dbackhouse1 ($57.06 in chips) 
vezis3: posts small blind $0.50
Dbackhouse1: posts big blind $1
*** HOLE CARDS ***
vezis3: folds 
Uncalled bet ($0.50) returned to Dbackhouse1
Dbackhouse1 collected $1 from pot
*** SUMMARY ***
Total pot $1 | Rake $0 
Seat 1: vezis3 (button) (small blind) folded before Flop
Seat 2: Dbackhouse1 (big blind) collected ($1)



PokerStars Hand #254425792004:  Hold'em No Limit ($0.50/$1.00 USD) - 2025/01/17 2:57:09 WET [2025/01/17 21:57:09 ET]
Table 'Irus III' 6-max Seat #2 is the button
Seat 1: vezis3 ($103.30 in chips) 
Seat 2: Dbackhouse1 ($57.56 in chips) 
Dbackhouse1: posts small blind $0.50
vezis3: posts big blind $1
*** HOLE CARDS ***
z00mba joins the table at seat #3 
Dbackhouse1: raises $1 to $2
vezis3: raises $5 to $7
Dbackhouse1: folds 
Uncalled bet ($5) returned to vezis3
Tibibacsi joins the table at seat #4 
vezis3 collected $4 from pot
vezis3: doesn't show hand 
*** SUMMARY ***
Total pot $4 | Rake $0 
Seat 1: vezis3 (big blind) collected ($4)
Seat 2: Dbackhouse1 (button) (small blind) folded before Flop



PokerStars Hand #254425795307:  Hold'em No Limit ($0.50/$1.00 USD) - 2025/01/17 2:57:36 WET [2025/01/17 21:57:36 ET]
Table 'Irus III' 6-max Seat #1 is the button
Seat 4: Tibibacsi ($100 in chips) is sitting out
Seat 1: vezis3 ($105.30 in chips) 
Seat 2: Dbackhouse1 ($55.56 in chips) 
Seat 3: z00mba ($100 in chips) 
Dbackhouse1: posts small blind $0.50
z00mba: posts big blind $1
Tibibacsi: sits out 
*** HOLE CARDS ***
vezis3: folds 
Dbackhouse1: folds 
Uncalled bet ($0.50) returned to z00mba
z00mba collected $1 from pot
z00mba: doesn't show hand 
*** SUMMARY ***
Total pot $1 | Rake $0 
Seat 4: Tibibacsi
Seat 1: vezis3 (button) folded before Flop (didn't bet)
Seat 2: Dbackhouse1 (small blind) folded before Flop
Seat 3: z00mba (big blind) collected ($1)



PokerStars Hand #254425796164:  Hold'em No Limit ($0.50/$1.00 USD) - 2025/01/17 2:57:43 WET [2025/01/17 21:57:43 ET]
Table 'Irus III' 6-max Seat #2 is the button
Seat 1: vezis3 ($105.30 in chips) 
Seat 2: Dbackhouse1 ($55.06 in chips) 
Seat 3: z00mba ($100.50 in chips) 
Seat 4: Tibibacsi ($100 in chips) 
z00mba: posts small blind $0.50
MaRKiToScoK joins the table at seat #5 
Tibibacsi: posts big blind $1
*** HOLE CARDS ***
vezis3: folds 
Dbackhouse1: raises $1.50 to $2.50
z00mba: folds 
Tibibacsi: folds 
Uncalled bet ($1.50) returned to Dbackhouse1
Dbackhouse1 collected $2.50 from pot
*** SUMMARY ***
Total pot $2.50 | Rake $0 
Seat 1: vezis3 folded before Flop (didn't bet)
Seat 2: Dbackhouse1 (button) collected ($2.50)
Seat 3: z00mba (small blind) folded before Flop
Seat 4: Tibibacsi (big blind) folded before Flop



PokerStars Hand #254425798209:  Hold'em No Limit ($0.50/$1.00 USD) - 2025/01/17 2:58:00 WET [2025/01/17 21:58:00 ET]
Table 'Irus III' 6-max Seat #3 is the button
Seat 1: vezis3 ($105.30 in chips) 
Seat 2: Dbackhouse1 ($56.56 in chips) 
Seat 3: z00mba ($100 in chips) 
Seat 4: Tibibacsi ($100 in chips) 
Seat 5: MaRKiToScoK ($100 in chips) 
Tibibacsi: posts small blind $0.50
MaRKiToScoK: posts big blind $1
*** HOLE CARDS ***
vezis3: folds 
Dbackhouse1: raises $1.50 to $2.50
z00mba: raises $5 to $7.50
Tibibacsi: folds 
MaRKiToScoK: folds 
Dbackhouse1: calls $5
*** FLOP *** [8c 4c 4d]
Dbackhouse1: checks 
z00mba: bets $5.02
Dbackhouse1: folds 
Uncalled bet ($5.02) returned to z00mba
z00mba collected $15.68 from pot
z00mba: doesn't show hand 
*** SUMMARY ***
Total pot $16.50 | Rake $0.82 
Board [8c 4c 4d]
Seat 1: vezis3 folded before Flop (didn't bet)
Seat 2: Dbackhouse1 folded on the Flop
Seat 3: z00mba (button) collected ($15.68)
Seat 4: Tibibacsi (small blind) folded before Flop
Seat 5: MaRKiToScoK (big blind) folded before Flop



PokerStars Hand #254425803156:  Hold'em No Limit ($0.50/$1.00 USD) - 2025/01/17 2:58:41 WET [2025/01/17 21:58:41 ET]
Table 'Irus III' 6-max Seat #4 is the button
Seat 1: vezis3 ($105.30 in chips) 
Seat 2: Dbackhouse1 ($49.06 in chips) 
Seat 3: z00mba ($108.18 in chips) 
Seat 4: Tibibacsi ($100 in chips) 
Seat 5: MaRKiToScoK ($100 in chips) 
MaRKiToScoK: posts small blind $0.50
vezis3: posts big blind $1
*** HOLE CARDS ***
Dbackhouse1: folds 
z00mba: folds 
Tibibacsi: folds 
MaRKiToScoK: raises $2 to $3
vezis3: calls $2
*** FLOP *** [Kh 2h Ts]
MaRKiToScoK: bets $1.88
vezis3: calls $1.88
*** TURN *** [Kh 2h Ts] [8s]
7bekon7 joins the table at seat #6 
MaRKiToScoK has timed out
MaRKiToScoK: checks 
vezis3: checks 
*** RIVER *** [Kh 2h Ts 8s] [9s]
MaRKiToScoK: checks 
vezis3: checks 
*** SHOW DOWN ***
MaRKiToScoK: shows [8c Kc] (two pair, Kings and Eights)
vezis3: mucks hand 
MaRKiToScoK collected $9.27 from pot
*** SUMMARY ***
Total pot $9.76 | Rake $0.49 
Board [Kh 2h Ts 8s 9s]
Seat 1: vezis3 (big blind) mucked
Seat 2: Dbackhouse1 folded before Flop (didn't bet)
Seat 3: z00mba folded before Flop (didn't bet)
Seat 4: Tibibacsi (button) folded before Flop (didn't bet)
Seat 5: MaRKiToScoK (small blind) showed [8c Kc] and won ($9.27) with two pair, Kings and Eights



PokerStars Hand #254425812471:  Hold'em No Limit ($0.50/$1.00 USD) - 2025/01/17 2:59:56 WET [2025/01/17 21:59:56 ET]
Table 'Irus III' 6-max Seat #5 is the button
Seat 6: 7bekon7 ($100 in chips) is sitting out
Seat 1: vezis3 ($100.42 in chips) 
Seat 2: Dbackhouse1 ($49.06 in chips) 
Seat 3: z00mba ($108.18 in chips) 
Seat 4: Tibibacsi ($100 in chips) 
Seat 5: MaRKiToScoK ($104.39 in chips) 
vezis3: posts small blind $0.50
Dbackhouse1: posts big blind $1
*** HOLE CARDS ***
z00mba: folds 
Tibibacsi: folds 
MaRKiToScoK: folds 
vezis3: raises $2 to $3
Dbackhouse1: calls $2
*** FLOP *** [4c 8h 6d]
vezis3: bets $1.88
Dbackhouse1: calls $1.88
*** TURN *** [4c 8h 6d] [3h]
vezis3: bets $7.14
Dbackhouse1: folds 
Uncalled bet ($7.14) returned to vezis3
vezis3 collected $9.27 from pot
vezis3: doesn't show hand 
*** SUMMARY ***
Total pot $9.76 | Rake $0.49 
Board [4c 8h 6d 3h]
Seat 6: 7bekon7
Seat 1: vezis3 (small blind) collected ($9.27)
Seat 2: Dbackhouse1 (big blind) folded on the Turn
Seat 3: z00mba folded before Flop (didn't bet)
Seat 4: Tibibacsi folded before Flop (didn't bet)
Seat 5: MaRKiToScoK (button) folded before Flop (didn't bet)



PokerStars Hand #254425816768:  Hold'em No Limit ($0.50/$1.00 USD) - 2025/01/17 3:00:30 WET [2025/01/17 22:00:30 ET]
Table 'Irus III' 6-max Seat #1 is the button
Seat 6: 7bekon7 ($100 in chips) is sitting out
Seat 1: vezis3 ($104.81 in chips) 
Seat 2: Dbackhouse1 ($44.18 in chips) 
Seat 3: z00mba ($108.18 in chips) 
Seat 4: Tibibacsi ($100 in chips) 
Seat 5: MaRKiToScoK ($104.39 in chips) 
Dbackhouse1: posts small blind $0.50
z00mba: posts big blind $1
7bekon7: sits out 
*** HOLE CARDS ***
Tibibacsi: folds 
MaRKiToScoK: folds 
vezis3: raises $1.40 to $2.40
Dbackhouse1: raises $5.80 to $8.20
z00mba: folds 
vezis3: folds 
Uncalled bet ($5.80) returned to Dbackhouse1
Dbackhouse1 collected $5.80 from pot
*** SUMMARY ***
Total pot $5.80 | Rake $0 
Seat 6: 7bekon7
Seat 1: vezis3 (button) folded before Flop
Seat 2: Dbackhouse1 (small blind) collected ($5.80)
Seat 3: z00mba (big blind) folded before Flop
Seat 4: Tibibacsi folded before Flop (didn't bet)
Seat 5: MaRKiToScoK folded before Flop (didn't bet)



PokerStars Hand #254425819851:  Hold'em No Limit ($0.50/$1.00 USD) - 2025/01/17 3:00:52 WET [2025/01/17 22:00:52 ET]
Table 'Irus III' 6-max Seat #2 is the button
Seat 6: 7bekon7 ($100 in chips) is sitting out
Seat 1: vezis3 ($102.41 in chips) 
Seat 2: Dbackhouse1 ($47.58 in chips) 
Seat 3: z00mba ($107.18 in chips) 
Seat 4: Tibibacsi ($100 in chips) 
Seat 5: MaRKiToScoK ($104.39 in chips) 
z00mba: posts small blind $0.50
Tibibacsi: posts big blind $1
7bekon7: sits out 
*** HOLE CARDS ***
MaRKiToScoK: folds 
vezis3: folds 
Dbackhouse1: folds 
z00mba: raises $2 to $3
Tibibacsi: folds 
Uncalled bet ($2) returned to z00mba
z00mba collected $2 from pot
z00mba: doesn't show hand 
*** SUMMARY ***
Total pot $2 | Rake $0 
Seat 6: 7bekon7
Seat 1: vezis3 folded before Flop (didn't bet)
Seat 2: Dbackhouse1 (button) folded before Flop (didn't bet)
Seat 3: z00mba (small blind) collected ($2)
Seat 4: Tibibacsi (big blind) folded before Flop
Seat 5: MaRKiToScoK folded before Flop (didn't bet)



PokerStars Hand #254425821401:  Hold'em No Limit ($0.50/$1.00 USD) - 2025/01/17 3:01:02 WET [2025/01/17 22:01:02 ET]
Table 'Irus III' 6-max Seat #3 is the button
Seat 6: 7bekon7 ($100 in chips) is sitting out
Seat 1: vezis3 ($102.41 in chips) 
Seat 2: Dbackhouse1 ($47.58 in chips) 
Seat 3: z00mba ($108.18 in chips) 
Seat 4: Tibibacsi ($100 in chips) 
Seat 5: MaRKiToScoK ($104.39 in chips) 
Tibibacsi: posts small blind $0.50
MaRKiToScoK: posts big blind $1
7bekon7: sits out 
*** HOLE CARDS ***
vezis3: folds 
Dbackhouse1: folds 
z00mba: folds 
Tibibacsi: folds 
Uncalled bet ($0.50) returned to MaRKiToScoK
MaRKiToScoK collected $1 from pot
*** SUMMARY ***
Total pot $1 | Rake $0 
Seat 6: 7bekon7
Seat 1: vezis3 folded before Flop (didn't bet)
Seat 2: Dbackhouse1 folded before Flop (didn't bet)
Seat 3: z00mba (button) folded before Flop (didn't bet)
Seat 4: Tibibacsi (small blind) folded before Flop
Seat 5: MaRKiToScoK (big blind) collected ($1)



PokerStars Hand #254425827175:  Hold'em No Limit ($0.50/$1.00 USD) - 2025/01/17 3:01:39 WET [2025/01/17 22:01:39 ET]
Table 'Irus III' 6-max Seat #4 is the button
Seat 1: vezis3 ($102.41 in chips) 
Seat 2: Dbackhouse1 ($47.58 in chips) 
Seat 3: z00mba ($108.18 in chips) 
Seat 4: Tibibacsi ($100 in chips) 
Seat 5: MaRKiToScoK ($104.89 in chips) 
Seat 6: 7bekon7 ($100 in chips) 
MaRKiToScoK: posts small blind $0.50
7bekon7: posts big blind $1
*** HOLE CARDS ***
vezis3: raises $1 to $2
Dbackhouse1: folds 
z00mba: folds 
Tibibacsi: folds 
MaRKiToScoK: folds 
7bekon7: folds 
Uncalled bet ($1) returned to vezis3
vezis3 collected $2.50 from pot
vezis3: doesn't show hand 
*** SUMMARY ***
Total pot $2.50 | Rake $0 
Seat 1: vezis3 collected ($2.50)
Seat 2: Dbackhouse1 folded before Flop (didn't bet)
Seat 3: z00mba folded before Flop (didn't bet)
Seat 4: Tibibacsi (button) folded before Flop (didn't bet)
Seat 5: MaRKiToScoK (small blind) folded before Flop
Seat 6: 7bekon7 (big blind) folded before Flop



PokerStars Hand #254425829349:  Hold'em No Limit ($0.50/$1.00 USD) - 2025/01/17 3:01:53 WET [2025/01/17 22:01:53 ET]
Table 'Irus III' 6-max Seat #5 is the button
Seat 1: vezis3 ($103.91 in chips) 
Seat 2: Dbackhouse1 ($47.58 in chips) 
Seat 3: z00mba ($108.18 in chips) 
Seat 4: Tibibacsi ($100 in chips) 
Seat 5: MaRKiToScoK ($104.39 in chips) 
Seat 6: 7bekon7 ($100 in chips) 
7bekon7: posts small blind $0.50
vezis3: posts big blind $1
*** HOLE CARDS ***
Dbackhouse1: folds 
z00mba: folds 
Tibibacsi: raises $1 to $2
MaRKiToScoK: folds 
7bekon7: folds 
vezis3: folds 
Uncalled bet ($1) returned to Tibibacsi
Tibibacsi collected $2.50 from pot
Tibibacsi: doesn't show hand 
*** SUMMARY ***
Total pot $2.50 | Rake $0 
Seat 1: vezis3 (big blind) folded before Flop
Seat 2: Dbackhouse1 folded before Flop (didn't bet)
Seat 3: z00mba folded before Flop (didn't bet)
Seat 4: Tibibacsi collected ($2.50)
Seat 5: MaRKiToScoK (button) folded before Flop (didn't bet)
Seat 6: 7bekon7 (small blind) folded before Flop



PokerStars Hand #254425832405:  Hold'em No Limit ($0.50/$1.00 USD) - 2025/01/17 3:02:13 WET [2025/01/17 22:02:13 ET]
Table 'Irus III' 6-max Seat #6 is the button
Seat 1: vezis3 ($102.91 in chips) 
Seat 2: Dbackhouse1 ($47.58 in chips) 
Seat 3: z00mba ($108.18 in chips) 
Seat 4: Tibibacsi ($101.50 in chips) 
Seat 5: MaRKiToScoK ($104.39 in chips) 
Seat 6: 7bekon7 ($100 in chips) 
vezis3: posts small blind $0.50
Dbackhouse1: posts big blind $1
*** HOLE CARDS ***
z00mba: folds 
Tibibacsi: raises $1.50 to $2.50
MaRKiToScoK: calls $2.50
7bekon7: raises $8.50 to $11
vezis3: folds 
Dbackhouse1: folds 
Tibibacsi: raises $14 to $25
MaRKiToScoK: folds 
7bekon7: calls $14
*** FLOP *** [3s 6h Js]
Tibibacsi: checks 
7bekon7: bets $12.88
Tibibacsi: calls $12.88
*** TURN *** [3s 6h Js] [Ad]
Tibibacsi: bets $19.32
7bekon7: folds 
Uncalled bet ($19.32) returned to Tibibacsi
Tibibacsi collected $77.26 from pot
Tibibacsi: doesn't show hand 
*** SUMMARY ***
Total pot $79.76 | Rake $2.50 
Board [3s 6h Js Ad]
Seat 1: vezis3 (small blind) folded before Flop
Seat 2: Dbackhouse1 (big blind) folded before Flop
Seat 3: z00mba folded before Flop (didn't bet)
Seat 4: Tibibacsi collected ($77.26)
Seat 5: MaRKiToScoK folded before Flop
Seat 6: 7bekon7 (button) folded on the Turn



PokerStars Hand #254425857832:  Hold'em No Limit ($0.50/$1.00 USD) - 2025/01/17 3:04:56 WET [2025/01/17 22:04:56 ET]
Table 'Irus III' 6-max Seat #1 is the button
Seat 1: vezis3 ($102.41 in chips) 
Seat 2: Dbackhouse1 ($46.58 in chips) 
Seat 3: z00mba ($108.18 in chips) 
Seat 4: Tibibacsi ($140.88 in chips) 
Seat 5: MaRKiToScoK ($101.89 in chips) 
Seat 6: 7bekon7 ($100 in chips) 
Dbackhouse1: posts small blind $0.50
z00mba: posts big blind $1
*** HOLE CARDS ***
Tibibacsi: folds 
MaRKiToScoK: folds 
7bekon7: folds 
vezis3: raises $1.40 to $2.40
Dbackhouse1: folds 
z00mba: folds 
Uncalled bet ($1.40) returned to vezis3
vezis3 collected $2.50 from pot
vezis3: doesn't show hand 
*** SUMMARY ***
Total pot $2.50 | Rake $0 
Seat 1: vezis3 (button) collected ($2.50)
Seat 2: Dbackhouse1 (small blind) folded before Flop
Seat 3: z00mba (big blind) folded before Flop
Seat 4: Tibibacsi folded before Flop (didn't bet)
Seat 5: MaRKiToScoK folded before Flop (didn't bet)
Seat 6: 7bekon7 folded before Flop (didn't bet)



PokerStars Hand #254425860681:  Hold'em No Limit ($0.50/$1.00 USD) - 2025/01/17 3:05:15 WET [2025/01/17 22:05:15 ET]
Table 'Irus III' 6-max Seat #2 is the button
Seat 1: vezis3 ($103.91 in chips) 
Seat 2: Dbackhouse1 ($46.08 in chips) 
Seat 3: z00mba ($107.18 in chips) 
Seat 4: Tibibacsi ($140.88 in chips) 
Seat 5: MaRKiToScoK ($101.89 in chips) 
Seat 6: 7bekon7 ($100 in chips) 
z00mba: posts small blind $0.50
Tibibacsi: posts big blind $1
*** HOLE CARDS ***
MaRKiToScoK: folds 
7bekon7: folds 
vezis3: raises $1.40 to $2.40
Dbackhouse1: folds 
z00mba: folds 
Tibibacsi: calls $1.40
*** FLOP *** [4h Kd 9c]
Tibibacsi: checks 
vezis3: bets $1.66
Tibibacsi: calls $1.66
*** TURN *** [4h Kd 9c] [Qd]
Tibibacsi: checks 
vezis3: bets $9.01
Tibibacsi: folds 
Uncalled bet ($9.01) returned to vezis3
vezis3 collected $8.19 from pot
vezis3: doesn't show hand 
*** SUMMARY ***
Total pot $8.62 | Rake $0.43 
Board [4h Kd 9c Qd]
Seat 1: vezis3 collected ($8.19)
Seat 2: Dbackhouse1 (button) folded before Flop (didn't bet)
Seat 3: z00mba (small blind) folded before Flop
Seat 4: Tibibacsi (big blind) folded on the Turn
Seat 5: MaRKiToScoK folded before Flop (didn't bet)
Seat 6: 7bekon7 folded before Flop (didn't bet)



PokerStars Hand #254425869263:  Hold'em No Limit ($0.50/$1.00 USD) - 2025/01/17 3:06:10 WET [2025/01/17 22:06:10 ET]
Table 'Irus III' 6-max Seat #3 is the button
Seat 1: vezis3 ($108.04 in chips) 
Seat 2: Dbackhouse1 ($46.08 in chips) 
Seat 3: z00mba ($106.68 in chips) 
Seat 4: Tibibacsi ($136.82 in chips) 
Seat 5: MaRKiToScoK ($101.89 in chips) 
Seat 6: 7bekon7 ($100 in chips) 
Tibibacsi: posts small blind $0.50
MaRKiToScoK: posts big blind $1
*** HOLE CARDS ***
7bekon7: folds 
vezis3: raises $1 to $2
Dbackhouse1: raises $5.50 to $7.50
z00mba: folds 
Tibibacsi: folds 
MaRKiToScoK: folds 
vezis3: raises $12.50 to $20
Dbackhouse1: calls $12.50
*** FLOP *** [Ad Kc 7s]
vezis3: checks 
Dbackhouse1: bets $19.71
vezis3: raises $19.71 to $39.42
Dbackhouse1: calls $6.37 and is all-in
Uncalled bet ($13.34) returned to vezis3
7bekon7 leaves the table
*** TURN *** [Ad Kc 7s] [Qs]
*** RIVER *** [Ad Kc 7s Qs] [8h]
*** SHOW DOWN ***
vezis3: shows [Kh Kd] (three of a kind, Kings)
Dbackhouse1: shows [Ts Ks] (a pair of Kings)
vezis3 collected $91.16 from pot
*** SUMMARY ***
Total pot $93.66 | Rake $2.50 
Board [Ad Kc 7s Qs 8h]
Seat 1: vezis3 showed [Kh Kd] and won ($91.16) with three of a kind, Kings
Seat 2: Dbackhouse1 showed [Ts Ks] and lost with a pair of Kings
Seat 3: z00mba (button) folded before Flop (didn't bet)
Seat 4: Tibibacsi (small blind) folded before Flop
Seat 5: MaRKiToScoK (big blind) folded before Flop
Seat 6: 7bekon7 folded before Flop (didn't bet)



PokerStars Hand #254425881582:  Hold'em No Limit ($0.50/$1.00 USD) - 2025/01/17 3:07:31 WET [2025/01/17 22:07:31 ET]
Table 'Irus III' 6-max Seat #4 is the button
Seat 2: Dbackhouse1 ($0 in chips) is sitting out
Seat 1: vezis3 ($153.12 in chips) 
Seat 3: z00mba ($106.68 in chips) 
Seat 4: Tibibacsi ($136.32 in chips) 
Seat 5: MaRKiToScoK ($100.89 in chips) 
MaRKiToScoK: posts small blind $0.50
vezis3: posts big blind $1
*** HOLE CARDS ***
z00mba: raises $1.50 to $2.50
Tibibacsi: raises $5 to $7.50
MaRKiToScoK: folds 
vezis3: raises $13.50 to $21
z00mba: folds 
Tibibacsi: folds 
Uncalled bet ($13.50) returned to vezis3
vezis3 collected $18 from pot
vezis3: doesn't show hand 
*** SUMMARY ***
Total pot $18 | Rake $0 
Seat 2: Dbackhouse1
Seat 1: vezis3 (big blind) collected ($18)
Seat 3: z00mba folded before Flop
Seat 4: Tibibacsi (button) folded before Flop
Seat 5: MaRKiToScoK (small blind) folded before Flop



PokerStars Hand #254425885817:  Hold'em No Limit ($0.50/$1.00 USD) - 2025/01/17 3:08:00 WET [2025/01/17 22:08:00 ET]
Table 'Irus III' 6-max Seat #5 is the button
Seat 1: vezis3 ($163.62 in chips) 
Seat 2: Dbackhouse1 ($82.63 in chips) 
Seat 3: z00mba ($104.18 in chips) 
Seat 4: Tibibacsi ($128.82 in chips) 
Seat 5: MaRKiToScoK ($100.39 in chips) 
vezis3: posts small blind $0.50
Dbackhouse1: posts big blind $1
*** HOLE CARDS ***
z00mba: raises $1.50 to $2.50
Tibibacsi: folds 
MaRKiToScoK: calls $2.50
vezis3: folds 
Dbackhouse1: calls $1.50
*** FLOP *** [8d 6c 5d]
Dbackhouse1: checks 
z00mba: checks 
Timonessb joins the table at seat #6 
MaRKiToScoK: checks 
*** TURN *** [8d 6c 5d] [Jh]
Dbackhouse1: bets $3.80
z00mba: calls $3.80
MaRKiToScoK: raises $14.25 to $18.05
Dbackhouse1: folds 
z00mba: raises $83.63 to $101.68 and is all-in
MaRKiToScoK: folds 
Uncalled bet ($83.63) returned to z00mba
z00mba collected $45.50 from pot
z00mba: doesn't show hand 
*** SUMMARY ***
Total pot $47.90 | Rake $2.40 
Board [8d 6c 5d Jh]
Seat 1: vezis3 (small blind) folded before Flop
Seat 2: Dbackhouse1 (big blind) folded on the Turn
Seat 3: z00mba collected ($45.50)
Seat 4: Tibibacsi folded before Flop (didn't bet)
Seat 5: MaRKiToScoK (button) folded on the Turn



PokerStars Hand #254425896761:  Hold'em No Limit ($0.50/$1.00 USD) - 2025/01/17 3:09:13 WET [2025/01/17 22:09:13 ET]
Table 'Irus III' 6-max Seat #1 is the button
Seat 6: Timonessb ($100 in chips) is sitting out
Seat 1: vezis3 ($163.12 in chips) 
Seat 2: Dbackhouse1 ($76.33 in chips) 
Seat 3: z00mba ($129.13 in chips) 
Seat 4: Tibibacsi ($128.82 in chips) 
Seat 5: MaRKiToScoK ($100 in chips) 
Dbackhouse1: posts small blind $0.50
z00mba: posts big blind $1
Timonessb: sits out 
*** HOLE CARDS ***
Tibibacsi: raises $1 to $2
MaRKiToScoK: folds 
vezis3: folds 
Dbackhouse1: raises $7 to $9
z00mba: folds 
Tibibacsi: folds 
Uncalled bet ($7) returned to Dbackhouse1
Dbackhouse1 collected $5 from pot
*** SUMMARY ***
Total pot $5 | Rake $0 
Seat 6: Timonessb
Seat 1: vezis3 (button) folded before Flop (didn't bet)
Seat 2: Dbackhouse1 (small blind) collected ($5)
Seat 3: z00mba (big blind) folded before Flop
Seat 4: Tibibacsi folded before Flop
Seat 5: MaRKiToScoK folded before Flop (didn't bet)



PokerStars Hand #254425900539:  Hold'em No Limit ($0.50/$1.00 USD) - 2025/01/17 3:09:38 WET [2025/01/17 22:09:38 ET]
Table 'Irus III' 6-max Seat #2 is the button
Seat 4: Tibibacsi ($126.82 in chips) is sitting out
Seat 6: Timonessb ($100 in chips) is sitting out
Seat 1: vezis3 ($163.12 in chips) 
Seat 2: Dbackhouse1 ($79.33 in chips) 
Seat 3: z00mba ($128.13 in chips) 
Seat 5: MaRKiToScoK ($100 in chips) 
z00mba: posts small blind $0.50
Tibibacsi: is sitting out 
MaRKiToScoK: posts big blind $1
Timonessb: sits out 
*** HOLE CARDS ***
vezis3: raises $1.40 to $2.40
Dbackhouse1: folds 
Tibibacsi leaves the table
z00mba: folds 
MaRKiToScoK: folds 
Uncalled bet ($1.40) returned to vezis3
vezis3 collected $2.50 from pot
vezis3: doesn't show hand 
*** SUMMARY ***
Total pot $2.50 | Rake $0 
Seat 4: Tibibacsi
Seat 6: Timonessb
Seat 1: vezis3 collected ($2.50)
Seat 2: Dbackhouse1 (button) folded before Flop (didn't bet)
Seat 3: z00mba (small blind) folded before Flop
Seat 5: MaRKiToScoK (big blind) folded before Flop



PokerStars Hand #254425903635:  Hold'em No Limit ($0.50/$1.00 USD) - 2025/01/17 3:09:59 WET [2025/01/17 22:09:59 ET]
Table 'Irus III' 6-max Seat #3 is the button
Seat 1: vezis3 ($164.62 in chips) 
Seat 2: Dbackhouse1 ($79.33 in chips) 
Seat 3: z00mba ($127.63 in chips) 
Seat 5: MaRKiToScoK ($100 in chips) 
Seat 6: Timonessb ($100 in chips) 
MaRKiToScoK: posts small blind $0.50
Timonessb: posts big blind $1
*** HOLE CARDS ***
vezis3: raises $1 to $2
Dbackhouse1: folds 
z00mba: folds 
rostickkin joins the table at seat #4 
MaRKiToScoK: folds 
Timonessb: raises $9 to $11
vezis3: calls $9
*** FLOP *** [8h Qs 7d]
Timonessb: checks 
vezis3: bets $8.98
Timonessb: calls $8.98
*** TURN *** [8h Qs 7d] [9h]
Timonessb: checks 
vezis3: bets $18
Timonessb: calls $18
*** RIVER *** [8h Qs 7d 9h] [Ks]
Timonessb: checks 
vezis3: bets $81.36
Timonessb: calls $62.02 and is all-in
Uncalled bet ($19.34) returned to vezis3
*** SHOW DOWN ***
vezis3: shows [Td Ad] (high card Ace)
Timonessb: shows [Js Jh] (a pair of Jacks)
Timonessb collected $198 from pot
*** SUMMARY ***
Total pot $200.50 | Rake $2.50 
Board [8h Qs 7d 9h Ks]
Seat 1: vezis3 showed [Td Ad] and lost with high card Ace
Seat 2: Dbackhouse1 folded before Flop (didn't bet)
Seat 3: z00mba (button) folded before Flop (didn't bet)
Seat 5: MaRKiToScoK (small blind) folded before Flop
Seat 6: Timonessb (big blind) showed [Js Jh] and won ($198) with a pair of Jacks



PokerStars Hand #254425914484:  Hold'em No Limit ($0.50/$1.00 USD) - 2025/01/17 3:11:13 WET [2025/01/17 22:11:13 ET]
Table 'Irus III' 6-max Seat #5 is the button
Seat 4: rostickkin ($100 in chips) is sitting out
Seat 1: vezis3 ($100 in chips) 
Seat 2: Dbackhouse1 ($79.33 in chips) 
Seat 3: z00mba ($127.63 in chips) 
Seat 5: MaRKiToScoK ($100 in chips) 
Seat 6: Timonessb ($198 in chips) 
Timonessb: posts small blind $0.50
vezis3: posts big blind $1
rostickkin: sits out 
*** HOLE CARDS ***
Dbackhouse1: folds 
z00mba: raises $1.50 to $2.50
MaRKiToScoK: folds 
Timonessb: folds 
vezis3: folds 
Uncalled bet ($1.50) returned to z00mba
z00mba collected $2.50 from pot
z00mba: doesn't show hand 
*** SUMMARY ***
Total pot $2.50 | Rake $0 
Seat 4: rostickkin
Seat 1: vezis3 (big blind) folded before Flop
Seat 2: Dbackhouse1 folded before Flop (didn't bet)
Seat 3: z00mba collected ($2.50)
Seat 5: MaRKiToScoK (button) folded before Flop (didn't bet)
Seat 6: Timonessb (small blind) folded before Flop



PokerStars Hand #254425916423:  Hold'em No Limit ($0.50/$1.00 USD) - 2025/01/17 3:11:26 WET [2025/01/17 22:11:26 ET]
Table 'Irus III' 6-max Seat #6 is the button
Seat 4: rostickkin ($100 in chips) is sitting out
Seat 1: vezis3 ($100 in chips) 
Seat 2: Dbackhouse1 ($79.33 in chips) 
Seat 3: z00mba ($129.13 in chips) 
Seat 5: MaRKiToScoK ($100 in chips) 
Seat 6: Timonessb ($197.50 in chips) 
vezis3: posts small blind $0.50
Dbackhouse1: posts big blind $1
rostickkin: sits out 
*** HOLE CARDS ***
z00mba: folds 
MaRKiToScoK: raises $1 to $2
Timonessb: calls $2
vezis3: folds 
Dbackhouse1: calls $1
*** FLOP *** [8h Qs Ac]
Dbackhouse1: checks 
MaRKiToScoK: checks 
Timonessb: checks 
*** TURN *** [8h Qs Ac] [Th]
Dbackhouse1: checks 
MaRKiToScoK: checks 
Timonessb: bets $4.14
Dbackhouse1: folds 
MaRKiToScoK: folds 
Uncalled bet ($4.14) returned to Timonessb
rostickkin leaves the table
Timonessb collected $6.18 from pot
Timonessb: doesn't show hand 
*** SUMMARY ***
Total pot $6.50 | Rake $0.32 
Board [8h Qs Ac Th]
Seat 4: rostickkin
Seat 1: vezis3 (small blind) folded before Flop
Seat 2: Dbackhouse1 (big blind) folded on the Turn
Seat 3: z00mba folded before Flop (didn't bet)
Seat 5: MaRKiToScoK folded on the Turn
Seat 6: Timonessb (button) collected ($6.18)



PokerStars Hand #254425922018:  Hold'em No Limit ($0.50/$1.00 USD) - 2025/01/17 3:12:04 WET [2025/01/17 22:12:04 ET]
Table 'Irus III' 6-max Seat #1 is the button
Seat 1: vezis3 ($100 in chips) 
Seat 2: Dbackhouse1 ($77.33 in chips) 
Seat 3: z00mba ($129.13 in chips) 
Seat 5: MaRKiToScoK ($100 in chips) 
Seat 6: Timonessb ($201.68 in chips) 
Dbackhouse1: posts small blind $0.50
z00mba: posts big blind $1
*** HOLE CARDS ***
MaRKiToScoK: raises $1 to $2
Timonessb: folds 
vezis3: folds 
Dbackhouse1: raises $5 to $7
machinedada23 joins the table at seat #4 
machinedada23 is disconnected 
z00mba: folds 
MaRKiToScoK: calls $5
*** FLOP *** [Qc 3d Ts]
Dbackhouse1: bets $5.13
MaRKiToScoK: folds 
Uncalled bet ($5.13) returned to Dbackhouse1
Dbackhouse1 collected $14.25 from pot
*** SUMMARY ***
Total pot $15 | Rake $0.75 
Board [Qc 3d Ts]
Seat 1: vezis3 (button) folded before Flop (didn't bet)
Seat 2: Dbackhouse1 (small blind) collected ($14.25)
Seat 3: z00mba (big blind) folded before Flop
Seat 5: MaRKiToScoK folded on the Flop
Seat 6: Timonessb folded before Flop (didn't bet)



PokerStars Hand #254425927878:  Hold'em No Limit ($0.50/$1.00 USD) - 2025/01/17 3:12:43 WET [2025/01/17 22:12:43 ET]
Table 'Irus III' 6-max Seat #2 is the button
Seat 1: vezis3 ($100 in chips) 
Seat 2: Dbackhouse1 ($84.58 in chips) 
Seat 3: z00mba ($128.13 in chips) 
Seat 4: machinedada23 ($100 in chips) 
Seat 5: MaRKiToScoK ($100 in chips) 
Seat 6: Timonessb ($201.68 in chips) 
z00mba: posts small blind $0.50
machinedada23: posts big blind $1
*** HOLE CARDS ***
MaRKiToScoK: folds 
Timonessb: raises $1.30 to $2.30
vezis3: folds 
Dbackhouse1: raises $6.10 to $8.40
z00mba: folds 
machinedada23: folds 
Timonessb: folds 
Uncalled bet ($6.10) returned to Dbackhouse1
Dbackhouse1 collected $6.10 from pot
*** SUMMARY ***
Total pot $6.10 | Rake $0 
Seat 1: vezis3 folded before Flop (didn't bet)
Seat 2: Dbackhouse1 (button) collected ($6.10)
Seat 3: z00mba (small blind) folded before Flop
Seat 4: machinedada23 (big blind) folded before Flop
Seat 5: MaRKiToScoK folded before Flop (didn't bet)
Seat 6: Timonessb folded before Flop



PokerStars Hand #254425930463:  Hold'em No Limit ($0.50/$1.00 USD) - 2025/01/17 3:13:01 WET [2025/01/17 22:13:01 ET]
Table 'Irus III' 6-max Seat #3 is the button
Seat 1: vezis3 ($100 in chips) 
Seat 2: Dbackhouse1 ($88.38 in chips) 
Seat 3: z00mba ($127.63 in chips) 
Seat 4: machinedada23 ($99 in chips) 
Seat 5: MaRKiToScoK ($100 in chips) 
Seat 6: Timonessb ($199.38 in chips) 
machinedada23: posts small blind $0.50
MaRKiToScoK: posts big blind $1
*** HOLE CARDS ***
Timonessb: raises $1.30 to $2.30
vezis3: folds 
Dbackhouse1: calls $2.30
z00mba: folds 
machinedada23: calls $1.80
MaRKiToScoK: raises $12.20 to $14.50
Timonessb: folds 
Dbackhouse1: folds 
machinedada23: folds 
Uncalled bet ($12.20) returned to MaRKiToScoK
MaRKiToScoK collected $9.20 from pot
*** SUMMARY ***
Total pot $9.20 | Rake $0 
Seat 1: vezis3 folded before Flop (didn't bet)
Seat 2: Dbackhouse1 folded before Flop
Seat 3: z00mba (button) folded before Flop (didn't bet)
Seat 4: machinedada23 (small blind) folded before Flop
Seat 5: MaRKiToScoK (big blind) collected ($9.20)
Seat 6: Timonessb folded before Flop



PokerStars Hand #254425936125:  Hold'em No Limit ($0.50/$1.00 USD) - 2025/01/17 3:13:39 WET [2025/01/17 22:13:39 ET]
Table 'Irus III' 6-max Seat #4 is the button
Seat 1: vezis3 ($100 in chips) 
Seat 2: Dbackhouse1 ($86.08 in chips) 
Seat 3: z00mba ($127.63 in chips) 
Seat 4: machinedada23 ($96.70 in chips) 
Seat 5: MaRKiToScoK ($106.90 in chips) 
Seat 6: Timonessb ($197.08 in chips) 
MaRKiToScoK: posts small blind $0.50
Timonessb: posts big blind $1
*** HOLE CARDS ***
vezis3: folds 
Dbackhouse1: folds 
z00mba: folds 
machinedada23: raises $2 to $3
MaRKiToScoK: folds 
Timonessb: folds 
Uncalled bet ($2) returned to machinedada23
machinedada23 collected $2.50 from pot
*** SUMMARY ***
Total pot $2.50 | Rake $0 
Seat 1: vezis3 folded before Flop (didn't bet)
Seat 2: Dbackhouse1 folded before Flop (didn't bet)
Seat 3: z00mba folded before Flop (didn't bet)
Seat 4: machinedada23 (button) collected ($2.50)
Seat 5: MaRKiToScoK (small blind) folded before Flop
Seat 6: Timonessb (big blind) folded before Flop



PokerStars Hand #254425937937:  Hold'em No Limit ($0.50/$1.00 USD) - 2025/01/17 3:13:52 WET [2025/01/17 22:13:52 ET]
Table 'Irus III' 6-max Seat #5 is the button
Seat 1: vezis3 ($100 in chips) 
Seat 2: Dbackhouse1 ($86.08 in chips) 
Seat 3: z00mba ($127.63 in chips) 
Seat 4: machinedada23 ($98.20 in chips) 
Seat 5: MaRKiToScoK ($106.40 in chips) 
Seat 6: Timonessb ($196.08 in chips) 
Timonessb: posts small blind $0.50
vezis3: posts big blind $1
*** HOLE CARDS ***
Dbackhouse1: raises $1 to $2
z00mba: folds 
machinedada23: folds 
MaRKiToScoK: folds 
Timonessb: folds 
vezis3: raises $10 to $12
Dbackhouse1: folds 
Uncalled bet ($10) returned to vezis3
vezis3 collected $4.50 from pot
vezis3: doesn't show hand 
*** SUMMARY ***
Total pot $4.50 | Rake $0 
Seat 1: vezis3 (big blind) collected ($4.50)
Seat 2: Dbackhouse1 folded before Flop
Seat 3: z00mba folded before Flop (didn't bet)
Seat 4: machinedada23 folded before Flop (didn't bet)
Seat 5: MaRKiToScoK (button) folded before Flop (didn't bet)
Seat 6: Timonessb (small blind) folded before Flop



PokerStars Hand #254425940566:  Hold'em No Limit ($0.50/$1.00 USD) - 2025/01/17 3:14:10 WET [2025/01/17 22:14:10 ET]
Table 'Irus III' 6-max Seat #6 is the button
Seat 1: vezis3 ($102.50 in chips) 
Seat 2: Dbackhouse1 ($84.08 in chips) 
Seat 3: z00mba ($127.63 in chips) 
Seat 4: machinedada23 ($98.20 in chips) 
Seat 5: MaRKiToScoK ($106.40 in chips) 
Seat 6: Timonessb ($195.58 in chips) 
vezis3: posts small blind $0.50
Dbackhouse1: posts big blind $1
*** HOLE CARDS ***
z00mba: folds 
machinedada23: raises $2 to $3
MaRKiToScoK: folds 
Timonessb: raises $6 to $9
vezis3: folds 
Dbackhouse1: folds 
machinedada23: calls $6
*** FLOP *** [8s Ks 2d]
machinedada23: checks 
Timonessb: bets $9.45
machinedada23: calls $9.45
*** TURN *** [8s Ks 2d] [Kc]
machinedada23: checks 
Timonessb: checks 
*** RIVER *** [8s Ks 2d Kc] [5d]
machinedada23: bets $36.48
Timonessb: folds 
Uncalled bet ($36.48) returned to machinedada23
machinedada23 collected $36.48 from pot
*** SUMMARY ***
Total pot $38.40 | Rake $1.92 
Board [8s Ks 2d Kc 5d]
Seat 1: vezis3 (small blind) folded before Flop
Seat 2: Dbackhouse1 (big blind) folded before Flop
Seat 3: z00mba folded before Flop (didn't bet)
Seat 4: machinedada23 collected ($36.48)
Seat 5: MaRKiToScoK folded before Flop (didn't bet)
Seat 6: Timonessb (button) folded on the River



PokerStars Hand #254425947938:  Hold'em No Limit ($0.50/$1.00 USD) - 2025/01/17 3:15:00 WET [2025/01/17 22:15:00 ET]
Table 'Irus III' 6-max Seat #1 is the button
Seat 1: vezis3 ($102 in chips) 
Seat 2: Dbackhouse1 ($83.08 in chips) 
Seat 3: z00mba ($127.63 in chips) 
Seat 4: machinedada23 ($116.23 in chips) 
Seat 5: MaRKiToScoK ($106.40 in chips) 
Seat 6: Timonessb ($177.13 in chips) 
Dbackhouse1: posts small blind $0.50
z00mba: posts big blind $1
*** HOLE CARDS ***
machinedada23: folds 
MaRKiToScoK: folds 
Timonessb: folds 
vezis3: folds 
Dbackhouse1: raises $1 to $2
z00mba: calls $1
*** FLOP *** [9c Qh Jh]
Dbackhouse1: checks 
z00mba: bets $1.50
Dbackhouse1: folds 
Uncalled bet ($1.50) returned to z00mba
z00mba collected $3.80 from pot
z00mba: doesn't show hand 
*** SUMMARY ***
Total pot $4 | Rake $0.20 
Board [9c Qh Jh]
Seat 1: vezis3 (button) folded before Flop (didn't bet)
Seat 2: Dbackhouse1 (small blind) folded on the Flop
Seat 3: z00mba (big blind) collected ($3.80)
Seat 4: machinedada23 folded before Flop (didn't bet)
Seat 5: MaRKiToScoK folded before Flop (didn't bet)
Seat 6: Timonessb folded before Flop (didn't bet)



PokerStars Hand #254425951652:  Hold'em No Limit ($0.50/$1.00 USD) - 2025/01/17 3:15:26 WET [2025/01/17 22:15:26 ET]
Table 'Irus III' 6-max Seat #2 is the button
Seat 1: vezis3 ($102 in chips) 
Seat 2: Dbackhouse1 ($81.08 in chips) 
Seat 3: z00mba ($129.43 in chips) 
Seat 4: machinedada23 ($116.23 in chips) 
Seat 5: MaRKiToScoK ($106.40 in chips) 
Seat 6: Timonessb ($177.13 in chips) 
z00mba: posts small blind $0.50
machinedada23: posts big blind $1
*** HOLE CARDS ***
MaRKiToScoK: folds 
Timonessb: folds 
vezis3: folds 
Dbackhouse1: raises $1.50 to $2.50
z00mba: folds 
machinedada23: raises $5.50 to $8
Dbackhouse1: calls $5.50
*** FLOP *** [4s Tc 7d]
machinedada23: bets $15
Dbackhouse1: folds 
Uncalled bet ($15) returned to machinedada23
machinedada23 collected $15.68 from pot
machinedada23: doesn't show hand 
*** SUMMARY ***
Total pot $16.50 | Rake $0.82 
Board [4s Tc 7d]
Seat 1: vezis3 folded before Flop (didn't bet)
Seat 2: Dbackhouse1 (button) folded on the Flop
Seat 3: z00mba (small blind) folded before Flop
Seat 4: machinedada23 (big blind) collected ($15.68)
Seat 5: MaRKiToScoK folded before Flop (didn't bet)
Seat 6: Timonessb folded before Flop (didn't bet)



PokerStars Hand #254425956822:  Hold'em No Limit ($0.50/$1.00 USD) - 2025/01/17 3:16:01 WET [2025/01/17 22:16:01 ET]
Table 'Irus III' 6-max Seat #3 is the button
Seat 1: vezis3 ($102 in chips) 
Seat 2: Dbackhouse1 ($73.08 in chips) 
Seat 3: z00mba ($128.93 in chips) 
Seat 4: machinedada23 ($123.91 in chips) 
Seat 5: MaRKiToScoK ($106.40 in chips) 
Seat 6: Timonessb ($177.13 in chips) 
machinedada23: posts small blind $0.50
MaRKiToScoK: posts big blind $1
*** HOLE CARDS ***
Timonessb: folds 
vezis3: raises $1.40 to $2.40
Dbackhouse1: folds 
z00mba: folds 
machinedada23: folds 
MaRKiToScoK: folds 
Uncalled bet ($1.40) returned to vezis3
vezis3 collected $2.50 from pot
vezis3: doesn't show hand 
*** SUMMARY ***
Total pot $2.50 | Rake $0 
Seat 1: vezis3 collected ($2.50)
Seat 2: Dbackhouse1 folded before Flop (didn't bet)
Seat 3: z00mba (button) folded before Flop (didn't bet)
Seat 4: machinedada23 (small blind) folded before Flop
Seat 5: MaRKiToScoK (big blind) folded before Flop
Seat 6: Timonessb folded before Flop (didn't bet)



PokerStars Hand #254425959192:  Hold'em No Limit ($0.50/$1.00 USD) - 2025/01/17 3:16:18 WET [2025/01/17 22:16:18 ET]
Table 'Irus III' 6-max Seat #4 is the button
Seat 1: vezis3 ($103.50 in chips) 
Seat 2: Dbackhouse1 ($73.08 in chips) 
Seat 3: z00mba ($128.93 in chips) 
Seat 4: machinedada23 ($123.41 in chips) 
Seat 5: MaRKiToScoK ($105.40 in chips) 
Seat 6: Timonessb ($177.13 in chips) 
MaRKiToScoK: posts small blind $0.50
Timonessb: posts big blind $1
*** HOLE CARDS ***
vezis3: folds 
Dbackhouse1: folds 
z00mba: folds 
machinedada23: raises $1 to $2
MaRKiToScoK: folds 
Timonessb: raises $9 to $11
machinedada23: folds 
Uncalled bet ($9) returned to Timonessb
Timonessb collected $4.50 from pot
Timonessb: doesn't show hand 
*** SUMMARY ***
Total pot $4.50 | Rake $0 
Seat 1: vezis3 folded before Flop (didn't bet)
Seat 2: Dbackhouse1 folded before Flop (didn't bet)
Seat 3: z00mba folded before Flop (didn't bet)
Seat 4: machinedada23 (button) folded before Flop
Seat 5: MaRKiToScoK (small blind) folded before Flop
Seat 6: Timonessb (big blind) collected ($4.50)



PokerStars Hand #254425962842:  Hold'em No Limit ($0.50/$1.00 USD) - 2025/01/17 3:16:42 WET [2025/01/17 22:16:42 ET]
Table 'Irus III' 6-max Seat #5 is the button
Seat 1: vezis3 ($103.50 in chips) 
Seat 2: Dbackhouse1 ($73.08 in chips) 
Seat 3: z00mba ($128.93 in chips) 
Seat 4: machinedada23 ($121.41 in chips) 
Seat 5: MaRKiToScoK ($104.90 in chips) 
Seat 6: Timonessb ($179.63 in chips) 
Timonessb: posts small blind $0.50
vezis3: posts big blind $1
*** HOLE CARDS ***
Dbackhouse1: raises $1 to $2
z00mba: folds 
machinedada23: folds 
MaRKiToScoK: calls $2
Timonessb: folds 
vezis3: folds 
*** FLOP *** [7h 3d 9c]
Dbackhouse1: bets $2.61
MaRKiToScoK: calls $2.61
*** TURN *** [7h 3d 9c] [7c]
Dbackhouse1: bets $3.09
MaRKiToScoK: calls $3.09
*** RIVER *** [7h 3d 9c 7c] [Qc]
Dbackhouse1: checks 
MaRKiToScoK: bets $24.09
Dbackhouse1: folds 
Uncalled bet ($24.09) returned to MaRKiToScoK
MaRKiToScoK collected $16.06 from pot
*** SUMMARY ***
Total pot $16.90 | Rake $0.84 
Board [7h 3d 9c 7c Qc]
Seat 1: vezis3 (big blind) folded before Flop
Seat 2: Dbackhouse1 folded on the River
Seat 3: z00mba folded before Flop (didn't bet)
Seat 4: machinedada23 folded before Flop (didn't bet)
Seat 5: MaRKiToScoK (button) collected ($16.06)
Seat 6: Timonessb (small blind) folded before Flop



PokerStars Hand #254425973897:  Hold'em No Limit ($0.50/$1.00 USD) - 2025/01/17 3:17:58 WET [2025/01/17 22:17:58 ET]
Table 'Irus III' 6-max Seat #6 is the button
Seat 1: vezis3 ($102.50 in chips) 
Seat 2: Dbackhouse1 ($65.38 in chips) 
Seat 3: z00mba ($128.93 in chips) 
Seat 4: machinedada23 ($121.41 in chips) 
Seat 5: MaRKiToScoK ($113.26 in chips) 
Seat 6: Timonessb ($179.13 in chips) 
vezis3: posts small blind $0.50
Dbackhouse1: posts big blind $1
*** HOLE CARDS ***
z00mba: folds 
machinedada23: raises $2 to $3
MaRKiToScoK: folds 
Timonessb: calls $3
vezis3: folds 
Dbackhouse1: calls $2
*** FLOP *** [Ts Tc Kd]
Dbackhouse1: checks 
machinedada23: checks 
Timonessb: checks 
*** TURN *** [Ts Tc Kd] [6s]
Dbackhouse1: checks 
machinedada23: checks 
Timonessb: checks 
*** RIVER *** [Ts Tc Kd 6s] [5h]
Dbackhouse1: bets $4.51
machinedada23: folds 
Timonessb: folds 
Uncalled bet ($4.51) returned to Dbackhouse1
Dbackhouse1 collected $9.02 from pot
*** SUMMARY ***
Total pot $9.50 | Rake $0.48 
Board [Ts Tc Kd 6s 5h]
Seat 1: vezis3 (small blind) folded before Flop
Seat 2: Dbackhouse1 (big blind) collected ($9.02)
Seat 3: z00mba folded before Flop (didn't bet)
Seat 4: machinedada23 folded on the River
Seat 5: MaRKiToScoK folded before Flop (didn't bet)
Seat 6: Timonessb (button) folded on the River



PokerStars Hand #254425980289:  Hold'em No Limit ($0.50/$1.00 USD) - 2025/01/17 3:18:42 WET [2025/01/17 22:18:42 ET]
Table 'Irus III' 6-max Seat #1 is the button
Seat 3: z00mba ($128.93 in chips) is sitting out
Seat 1: vezis3 ($102 in chips) 
Seat 2: Dbackhouse1 ($71.40 in chips) 
Seat 4: machinedada23 ($118.41 in chips) 
Seat 5: MaRKiToScoK ($113.26 in chips) 
Seat 6: Timonessb ($176.13 in chips) 
Dbackhouse1: posts small blind $0.50
z00mba: is sitting out 
machinedada23: posts big blind $1
*** HOLE CARDS ***
MaRKiToScoK: folds 
Timonessb: folds 
vezis3: raises $1.40 to $2.40
Dbackhouse1: folds 
machinedada23: calls $1.40
*** FLOP *** [Jd 2c 6h]
machinedada23: checks 
vezis3: checks 
*** TURN *** [Jd 2c 6h] [8d]
machinedada23: checks 
vezis3: checks 
*** RIVER *** [Jd 2c 6h 8d] [2d]
machinedada23: checks 
vezis3: checks 
*** SHOW DOWN ***
machinedada23: shows [4d As] (a pair of Deuces)
vezis3: shows [5h Ad] (a pair of Deuces)
machinedada23 collected $2.52 from pot
vezis3 collected $2.52 from pot
*** SUMMARY ***
Total pot $5.30 | Rake $0.26 
Board [Jd 2c 6h 8d 2d]
Seat 3: z00mba
Seat 1: vezis3 (button) showed [5h Ad] and won ($2.52) with a pair of Deuces
Seat 2: Dbackhouse1 (small blind) folded before Flop
Seat 4: machinedada23 (big blind) showed [4d As] and won ($2.52) with a pair of Deuces
Seat 5: MaRKiToScoK folded before Flop (didn't bet)
Seat 6: Timonessb folded before Flop (didn't bet)



PokerStars Hand #254425983925:  Hold'em No Limit ($0.50/$1.00 USD) - 2025/01/17 3:19:07 WET [2025/01/17 22:19:07 ET]
Table 'Irus III' 6-max Seat #2 is the button
Seat 3: z00mba ($128.93 in chips) is sitting out
Seat 1: vezis3 ($102.12 in chips) 
Seat 2: Dbackhouse1 ($70.90 in chips) 
Seat 4: machinedada23 ($118.53 in chips) 
Seat 5: MaRKiToScoK ($113.26 in chips) 
Seat 6: Timonessb ($176.13 in chips) 
machinedada23: posts small blind $0.50
MaRKiToScoK: posts big blind $1
*** HOLE CARDS ***
Timonessb: folds 
vezis3: folds 
Dbackhouse1: folds 
machinedada23: raises $2 to $3
MaRKiToScoK: calls $2
*** FLOP *** [8d 9s Kh]
machinedada23: bets $2.85
MaRKiToScoK: folds 
Uncalled bet ($2.85) returned to machinedada23
machinedada23 collected $5.70 from pot
machinedada23: doesn't show hand 
*** SUMMARY ***
Total pot $6 | Rake $0.30 
Board [8d 9s Kh]
Seat 3: z00mba
Seat 1: vezis3 folded before Flop (didn't bet)
Seat 2: Dbackhouse1 (button) folded before Flop (didn't bet)
Seat 4: machinedada23 (small blind) collected ($5.70)
Seat 5: MaRKiToScoK (big blind) folded on the Flop
Seat 6: Timonessb folded before Flop (didn't bet)



PokerStars Hand #254425990121:  Hold'em No Limit ($0.50/$1.00 USD) - 2025/01/17 3:19:49 WET [2025/01/17 22:19:49 ET]
Table 'Irus III' 6-max Seat #4 is the button
Seat 3: z00mba ($128.93 in chips) is sitting out
Seat 1: vezis3 ($102.12 in chips) 
Seat 2: Dbackhouse1 ($70.90 in chips) 
Seat 4: machinedada23 ($121.23 in chips) 
Seat 5: MaRKiToScoK ($110.26 in chips) 
Seat 6: Timonessb ($176.13 in chips) 
MaRKiToScoK: posts small blind $0.50
Timonessb: posts big blind $1
*** HOLE CARDS ***
vezis3: folds 
Dbackhouse1: raises $1.50 to $2.50
machinedada23: folds 
MaRKiToScoK: folds 
Timonessb: calls $1.50
*** FLOP *** [9d 9c 4h]
Timonessb: checks 
Dbackhouse1: bets $2.61
Timonessb: folds 
Uncalled bet ($2.61) returned to Dbackhouse1
Dbackhouse1 collected $5.22 from pot
*** SUMMARY ***
Total pot $5.50 | Rake $0.28 
Board [9d 9c 4h]
Seat 3: z00mba
Seat 1: vezis3 folded before Flop (didn't bet)
Seat 2: Dbackhouse1 collected ($5.22)
Seat 4: machinedada23 (button) folded before Flop (didn't bet)
Seat 5: MaRKiToScoK (small blind) folded before Flop
Seat 6: Timonessb (big blind) folded on the Flop



PokerStars Hand #254425993048:  Hold'em No Limit ($0.50/$1.00 USD) - 2025/01/17 3:20:09 WET [2025/01/17 22:20:09 ET]
Table 'Irus III' 6-max Seat #5 is the button
Seat 3: z00mba ($128.93 in chips) is sitting out
Seat 1: vezis3 ($102.12 in chips) 
Seat 2: Dbackhouse1 ($73.62 in chips) 
Seat 4: machinedada23 ($121.23 in chips) 
Seat 5: MaRKiToScoK ($109.76 in chips) 
Seat 6: Timonessb ($173.63 in chips) 
Timonessb: posts small blind $0.50
vezis3: posts big blind $1
*** HOLE CARDS ***
Dbackhouse1: folds 
machinedada23: raises $2 to $3
MaRKiToScoK: folds 
Timonessb: folds 
vezis3: calls $2
*** FLOP *** [7d Ts Jc]
vezis3: checks 
machinedada23: bets $3.09
vezis3: calls $3.09
*** TURN *** [7d Ts Jc] [9s]
vezis3: checks 
machinedada23: bets $12.05
vezis3: calls $12.05
*** RIVER *** [7d Ts Jc 9s] [8d]
vezis3: checks 
machinedada23: bets $34.94
vezis3: calls $34.94
*** SHOW DOWN ***
machinedada23: shows [Qc Ad] (a straight, Eight to Queen)
vezis3: mucks hand 
machinedada23 collected $104.16 from pot
*** SUMMARY ***
Total pot $106.66 | Rake $2.50 
Board [7d Ts Jc 9s 8d]
Seat 3: z00mba
Seat 1: vezis3 (big blind) mucked
Seat 2: Dbackhouse1 folded before Flop (didn't bet)
Seat 4: machinedada23 showed [Qc Ad] and won ($104.16) with a straight, Eight to Queen
Seat 5: MaRKiToScoK (button) folded before Flop (didn't bet)
Seat 6: Timonessb (small blind) folded before Flop



PokerStars Hand #254425998535:  Hold'em No Limit ($0.50/$1.00 USD) - 2025/01/17 3:20:47 WET [2025/01/17 22:20:47 ET]
Table 'Irus III' 6-max Seat #6 is the button
Seat 3: z00mba ($128.93 in chips) is sitting out
Seat 1: vezis3 ($100 in chips) 
Seat 2: Dbackhouse1 ($73.62 in chips) 
Seat 4: machinedada23 ($172.31 in chips) 
Seat 5: MaRKiToScoK ($109.76 in chips) 
Seat 6: Timonessb ($173.13 in chips) 
vezis3: posts small blind $0.50
Dbackhouse1: posts big blind $1
*** HOLE CARDS ***
machinedada23: folds 
MaRKiToScoK: raises $1.25 to $2.25
Timonessb: folds 
vezis3: folds 
Dbackhouse1: folds 
Uncalled bet ($1.25) returned to MaRKiToScoK
MaRKiToScoK collected $2.50 from pot
*** SUMMARY ***
Total pot $2.50 | Rake $0 
Seat 3: z00mba
Seat 1: vezis3 (small blind) folded before Flop
Seat 2: Dbackhouse1 (big blind) folded before Flop
Seat 4: machinedada23 folded before Flop (didn't bet)
Seat 5: MaRKiToScoK collected ($2.50)
Seat 6: Timonessb (button) folded before Flop (didn't bet)



PokerStars Hand #254426001016:  Hold'em No Limit ($0.50/$1.00 USD) - 2025/01/17 3:21:03 WET [2025/01/17 22:21:03 ET]
Table 'Irus III' 6-max Seat #1 is the button
Seat 3: z00mba ($128.93 in chips) is sitting out
Seat 1: vezis3 ($100 in chips) 
Seat 2: Dbackhouse1 ($72.62 in chips) 
Seat 4: machinedada23 ($172.31 in chips) 
Seat 5: MaRKiToScoK ($111.26 in chips) 
Seat 6: Timonessb ($173.13 in chips) 
Dbackhouse1: posts small blind $0.50
machinedada23: posts big blind $1
*** HOLE CARDS ***
MaRKiToScoK: folds 
Timonessb: folds 
vezis3: raises $1.40 to $2.40
Dbackhouse1: folds 
machinedada23: calls $1.40
*** FLOP *** [3c Jc 9s]
machinedada23: checks 
vezis3: bets $1.66
machinedada23: calls $1.66
*** TURN *** [3c Jc 9s] [8s]
machinedada23: checks 
vezis3: checks 
*** RIVER *** [3c Jc 9s 8s] [Jh]
machinedada23: bets $8.19
vezis3: calls $8.19
*** SHOW DOWN ***
machinedada23: shows [Qs Jd] (three of a kind, Jacks)
vezis3: mucks hand 
machinedada23 collected $23.75 from pot
*** SUMMARY ***
Total pot $25 | Rake $1.25 
Board [3c Jc 9s 8s Jh]
Seat 3: z00mba
Seat 1: vezis3 (button) mucked
Seat 2: Dbackhouse1 (small blind) folded before Flop
Seat 4: machinedada23 (big blind) showed [Qs Jd] and won ($23.75) with three of a kind, Jacks
Seat 5: MaRKiToScoK folded before Flop (didn't bet)
Seat 6: Timonessb folded before Flop (didn't bet)



PokerStars Hand #254426005411:  Hold'em No Limit ($0.50/$1.00 USD) - 2025/01/17 3:21:34 WET [2025/01/17 22:21:34 ET]
Table 'Irus III' 6-max Seat #2 is the button
Seat 3: z00mba ($128.93 in chips) is sitting out
Seat 1: vezis3 ($100 in chips) 
Seat 2: Dbackhouse1 ($72.12 in chips) 
Seat 4: machinedada23 ($183.81 in chips) 
Seat 5: MaRKiToScoK ($111.26 in chips) 
Seat 6: Timonessb ($173.13 in chips) 
machinedada23: posts small blind $0.50
MaRKiToScoK: posts big blind $1
*** HOLE CARDS ***
Timonessb: folds 
vezis3: raises $1.40 to $2.40
Dbackhouse1: calls $2.40
machinedada23: calls $1.90
MaRKiToScoK: folds 
*** FLOP *** [8s As Ac]
machinedada23: checks 
vezis3: checks 
Dbackhouse1: checks 
*** TURN *** [8s As Ac] [8c]
machinedada23: bets $3.90
vezis3: folds 
Dbackhouse1: calls $3.90
*** RIVER *** [8s As Ac 8c] [3h]
machinedada23: bets $10
Dbackhouse1: folds 
Uncalled bet ($10) returned to machinedada23
machinedada23 collected $15.20 from pot
*** SUMMARY ***
Total pot $16 | Rake $0.80 
Board [8s As Ac 8c 3h]
Seat 3: z00mba
Seat 1: vezis3 folded on the Turn
Seat 2: Dbackhouse1 (button) folded on the River
Seat 4: machinedada23 (small blind) collected ($15.20)
Seat 5: MaRKiToScoK (big blind) folded before Flop
Seat 6: Timonessb folded before Flop (didn't bet)



PokerStars Hand #254426013747:  Hold'em No Limit ($0.50/$1.00 USD) - 2025/01/17 3:22:31 WET [2025/01/17 22:22:31 ET]
Table 'Irus III' 6-max Seat #4 is the button
Seat 3: z00mba ($128.93 in chips) is sitting out
Seat 1: vezis3 ($100 in chips) 
Seat 2: Dbackhouse1 ($65.82 in chips) 
Seat 4: machinedada23 ($192.71 in chips) 
Seat 5: MaRKiToScoK ($110.26 in chips) 
Seat 6: Timonessb ($173.13 in chips) 
MaRKiToScoK: posts small blind $0.50
Timonessb: posts big blind $1
z00mba: sits out 
*** HOLE CARDS ***
vezis3: folds 
Dbackhouse1: folds 
machinedada23: raises $2 to $3
MaRKiToScoK: folds 
Timonessb: folds 
Uncalled bet ($2) returned to machinedada23
machinedada23 collected $2.50 from pot
*** SUMMARY ***
Total pot $2.50 | Rake $0 
Seat 3: z00mba
Seat 1: vezis3 folded before Flop (didn't bet)
Seat 2: Dbackhouse1 folded before Flop (didn't bet)
Seat 4: machinedada23 (button) collected ($2.50)
Seat 5: MaRKiToScoK (small blind) folded before Flop
Seat 6: Timonessb (big blind) folded before Flop



PokerStars Hand #254426016535:  Hold'em No Limit ($0.50/$1.00 USD) - 2025/01/17 3:22:50 WET [2025/01/17 22:22:50 ET]
Table 'Irus III' 6-max Seat #5 is the button
Seat 3: z00mba ($128.93 in chips) is sitting out
Seat 1: vezis3 ($100 in chips) 
Seat 2: Dbackhouse1 ($65.82 in chips) 
Seat 4: machinedada23 ($194.21 in chips) 
Seat 5: MaRKiToScoK ($109.76 in chips) 
Seat 6: Timonessb ($172.13 in chips) 
Timonessb: posts small blind $0.50
vezis3: posts big blind $1
z00mba: sits out 
*** HOLE CARDS ***
Dbackhouse1: raises $1 to $2
machinedada23: calls $2
MaRKiToScoK: folds 
Timonessb: folds 
vezis3: folds 
*** FLOP *** [Td 4s 4c]
Dbackhouse1: bets $2.61
machinedada23: calls $2.61
*** TURN *** [Td 4s 4c] [2d]
Dbackhouse1: bets $5.09
machinedada23: calls $5.09
*** RIVER *** [Td 4s 4c 2d] [2s]
Dbackhouse1: bets $6
machinedada23: raises $8 to $14
Dbackhouse1: calls $8
*** SHOW DOWN ***
machinedada23: shows [Kd Qd] (two pair, Fours and Deuces)
Dbackhouse1: shows [9c Ts] (two pair, Tens and Fours)
Dbackhouse1 collected $46.46 from pot
*** SUMMARY ***
Total pot $48.90 | Rake $2.44 
Board [Td 4s 4c 2d 2s]
Seat 3: z00mba
Seat 1: vezis3 (big blind) folded before Flop
Seat 2: Dbackhouse1 showed [9c Ts] and won ($46.46) with two pair, Tens and Fours
Seat 4: machinedada23 showed [Kd Qd] and lost with two pair, Fours and Deuces
Seat 5: MaRKiToScoK (button) folded before Flop (didn't bet)
Seat 6: Timonessb (small blind) folded before Flop



PokerStars Hand #254426027193:  Hold'em No Limit ($0.50/$1.00 USD) - 2025/01/17 3:24:03 WET [2025/01/17 22:24:03 ET]
Table 'Irus III' 6-max Seat #6 is the button
Seat 3: z00mba ($128.93 in chips) is sitting out
Seat 1: vezis3 ($100 in chips) 
Seat 2: Dbackhouse1 ($88.58 in chips) 
Seat 4: machinedada23 ($170.51 in chips) 
Seat 5: MaRKiToScoK ($109.76 in chips) 
Seat 6: Timonessb ($171.63 in chips) 
vezis3: posts small blind $0.50
Dbackhouse1: posts big blind $1
z00mba: sits out 
*** HOLE CARDS ***
machinedada23: raises $2 to $3
MaRKiToScoK: folds 
Timonessb: folds 
vezis3: calls $2.50
Dbackhouse1: raises $9 to $12
machinedada23: folds 
vezis3: folds 
Uncalled bet ($9) returned to Dbackhouse1
Dbackhouse1 collected $9 from pot
*** SUMMARY ***
Total pot $9 | Rake $0 
Seat 3: z00mba
Seat 1: vezis3 (small blind) folded before Flop
Seat 2: Dbackhouse1 (big blind) collected ($9)
Seat 4: machinedada23 folded before Flop
Seat 5: MaRKiToScoK folded before Flop (didn't bet)
Seat 6: Timonessb (button) folded before Flop (didn't bet)



PokerStars Hand #254426030574:  Hold'em No Limit ($0.50/$1.00 USD) - 2025/01/17 3:24:26 WET [2025/01/17 22:24:26 ET]
Table 'Irus III' 6-max Seat #1 is the button
Seat 1: vezis3 ($100 in chips) 
Seat 2: Dbackhouse1 ($94.58 in chips) 
Seat 3: z00mba ($128.93 in chips) 
Seat 4: machinedada23 ($167.51 in chips) 
Seat 5: MaRKiToScoK ($109.76 in chips) 
Seat 6: Timonessb ($171.63 in chips) 
Dbackhouse1: posts small blind $0.50
z00mba: posts big blind $1
*** HOLE CARDS ***
machinedada23: raises $2 to $3
MaRKiToScoK: folds 
Timonessb: folds 
vezis3: folds 
Dbackhouse1: folds 
z00mba: calls $2
*** FLOP *** [7d 8c Ah]
z00mba: checks 
machinedada23: bets $3.09
z00mba: raises $6.91 to $10
machinedada23: calls $6.91
*** TURN *** [7d 8c Ah] [Kd]
z00mba: bets $12.84
machinedada23: folds 
Uncalled bet ($12.84) returned to z00mba
z00mba collected $25.18 from pot
z00mba: doesn't show hand 
*** SUMMARY ***
Total pot $26.50 | Rake $1.32 
Board [7d 8c Ah Kd]
Seat 1: vezis3 (button) folded before Flop (didn't bet)
Seat 2: Dbackhouse1 (small blind) folded before Flop
Seat 3: z00mba (big blind) collected ($25.18)
Seat 4: machinedada23 folded on the Turn
Seat 5: MaRKiToScoK folded before Flop (didn't bet)
Seat 6: Timonessb folded before Flop (didn't bet)



PokerStars Hand #254426036803:  Hold'em No Limit ($0.50/$1.00 USD) - 2025/01/17 3:25:09 WET [2025/01/17 22:25:09 ET]
Table 'Irus III' 6-max Seat #2 is the button
Seat 1: vezis3 ($100 in chips) 
Seat 2: Dbackhouse1 ($94.08 in chips) 
Seat 3: z00mba ($141.11 in chips) 
Seat 4: machinedada23 ($154.51 in chips) 
Seat 5: MaRKiToScoK ($109.76 in chips) 
Seat 6: Timonessb ($171.63 in chips) 
z00mba: posts small blind $0.50
machinedada23: posts big blind $1
*** HOLE CARDS ***
MaRKiToScoK: folds 
Timonessb: raises $1.50 to $2.50
vezis3: raises $5.50 to $8
Dbackhouse1: folds 
z00mba: folds 
machinedada23: folds 
Timonessb: folds 
Uncalled bet ($5.50) returned to vezis3
machinedada23 leaves the table
vezis3 collected $6.50 from pot
vezis3: doesn't show hand 
*** SUMMARY ***
Total pot $6.50 | Rake $0 
Seat 1: vezis3 collected ($6.50)
Seat 2: Dbackhouse1 (button) folded before Flop (didn't bet)
Seat 3: z00mba (small blind) folded before Flop
Seat 4: machinedada23 (big blind) folded before Flop
Seat 5: MaRKiToScoK folded before Flop (didn't bet)
Seat 6: Timonessb folded before Flop



PokerStars Hand #254426039888:  Hold'em No Limit ($0.50/$1.00 USD) - 2025/01/17 3:25:30 WET [2025/01/17 22:25:30 ET]
Table 'Irus III' 6-max Seat #3 is the button
Seat 1: vezis3 ($104 in chips) 
Seat 2: Dbackhouse1 ($94.08 in chips) 
Seat 3: z00mba ($140.61 in chips) 
Seat 5: MaRKiToScoK ($109.76 in chips) 
Seat 6: Timonessb ($169.13 in chips) 
MaRKiToScoK: posts small blind $0.50
Timonessb: posts big blind $1
*** HOLE CARDS ***
vezis3: raises $1 to $2
Dbackhouse1: calls $2
z00mba: folds 
MaRKiToScoK: folds 
Timonessb: folds 
*** FLOP *** [Ac Qs Ad]
vezis3: bets $1.72
Dbackhouse1: folds 
Uncalled bet ($1.72) returned to vezis3
vezis3 collected $5.22 from pot
vezis3: doesn't show hand 
*** SUMMARY ***
Total pot $5.50 | Rake $0.28 
Board [Ac Qs Ad]
Seat 1: vezis3 collected ($5.22)
Seat 2: Dbackhouse1 folded on the Flop
Seat 3: z00mba (button) folded before Flop (didn't bet)
Seat 5: MaRKiToScoK (small blind) folded before Flop
Seat 6: Timonessb (big blind) folded before Flop



PokerStars Hand #254426044987:  Hold'em No Limit ($0.50/$1.00 USD) - 2025/01/17 3:26:06 WET [2025/01/17 22:26:06 ET]
Table 'Irus III' 6-max Seat #5 is the button
Seat 1: vezis3 ($107.22 in chips) 
Seat 2: Dbackhouse1 ($92.08 in chips) 
Seat 3: z00mba ($140.61 in chips) 
Seat 5: MaRKiToScoK ($109.26 in chips) 
Seat 6: Timonessb ($168.13 in chips) 
Timonessb: posts small blind $0.50
vezis3: posts big blind $1
*** HOLE CARDS ***
Dbackhouse1: folds 
z00mba: folds 
MaRKiToScoK: folds 
Timonessb: folds 
Uncalled bet ($0.50) returned to vezis3
fullboatQA joins the table at seat #4 
vezis3 collected $1 from pot
vezis3: doesn't show hand 
*** SUMMARY ***
Total pot $1 | Rake $0 
Seat 1: vezis3 (big blind) collected ($1)
Seat 2: Dbackhouse1 folded before Flop (didn't bet)
Seat 3: z00mba folded before Flop (didn't bet)
Seat 5: MaRKiToScoK (button) folded before Flop (didn't bet)
Seat 6: Timonessb (small blind) folded before Flop



PokerStars Hand #254426047207:  Hold'em No Limit ($0.50/$1.00 USD) - 2025/01/17 3:26:21 WET [2025/01/17 22:26:21 ET]
Table 'Irus III' 6-max Seat #6 is the button
Seat 1: vezis3 ($107.72 in chips) 
Seat 2: Dbackhouse1 ($92.08 in chips) 
Seat 3: z00mba ($140.61 in chips) 
Seat 4: fullboatQA ($10 in chips) 
Seat 5: MaRKiToScoK ($109.26 in chips) 
Seat 6: Timonessb ($167.63 in chips) 
vezis3: posts small blind $0.50
Dbackhouse1: posts big blind $1
fullboatQA is connected 
fullboatQA: posts big blind $1
*** HOLE CARDS ***
z00mba: raises $3 to $4
fullboatQA: raises $6 to $10 and is all-in
MaRKiToScoK: folds 
Timonessb: folds 
vezis3: folds 
Dbackhouse1: folds 
z00mba: calls $6
*** FLOP *** [5d 9c Ac]
*** TURN *** [5d 9c Ac] [Ks]
*** RIVER *** [5d 9c Ac Ks] [5s]
*** SHOW DOWN ***
z00mba: shows [Jc Kc] (two pair, Kings and Fives)
fullboatQA: shows [3d 3h] (two pair, Fives and Threes)
z00mba collected $20.42 from pot
*** SUMMARY ***
Total pot $21.50 | Rake $1.08 
Board [5d 9c Ac Ks 5s]
Seat 1: vezis3 (small blind) folded before Flop
Seat 2: Dbackhouse1 (big blind) folded before Flop
Seat 3: z00mba showed [Jc Kc] and won ($20.42) with two pair, Kings and Fives
Seat 4: fullboatQA showed [3d 3h] and lost with two pair, Fives and Threes
Seat 5: MaRKiToScoK folded before Flop (didn't bet)
Seat 6: Timonessb (button) folded before Flop (didn't bet)



PokerStars Hand #254426052163:  Hold'em No Limit ($0.50/$1.00 USD) - 2025/01/17 3:26:56 WET [2025/01/17 22:26:56 ET]
Table 'Irus III' 6-max Seat #1 is the button
Seat 4: fullboatQA ($0 in chips) is sitting out
Seat 1: vezis3 ($107.22 in chips) 
Seat 2: Dbackhouse1 ($91.08 in chips) 
Seat 3: z00mba ($151.03 in chips) 
Seat 5: MaRKiToScoK ($109.26 in chips) 
Seat 6: Timonessb ($167.63 in chips) 
Dbackhouse1: posts small blind $0.50
z00mba: posts big blind $1
*** HOLE CARDS ***
MaRKiToScoK: folds 
Timonessb: raises $1.30 to $2.30
vezis3: calls $2.30
Dbackhouse1: folds 
fullboatQA leaves the table
z00mba: calls $1.30
*** FLOP *** [Ts 4c Qc]
z00mba: checks 
Timonessb: checks 
vezis3: bets $2.95
z00mba: calls $2.95
Timonessb: folds 
*** TURN *** [Ts 4c Qc] [7d]
z00mba: checks 
vezis3: checks 
*** RIVER *** [Ts 4c Qc 7d] [Td]
z00mba: checks 
vezis3: checks 
*** SHOW DOWN ***
z00mba: shows [9c Ks] (a pair of Tens)
vezis3: shows [Ac 8c] (a pair of Tens - Ace kicker)
vezis3 collected $12.64 from pot
*** SUMMARY ***
Total pot $13.30 | Rake $0.66 
Board [Ts 4c Qc 7d Td]
Seat 4: fullboatQA
Seat 1: vezis3 (button) showed [Ac 8c] and won ($12.64) with a pair of Tens
Seat 2: Dbackhouse1 (small blind) folded before Flop
Seat 3: z00mba (big blind) showed [9c Ks] and lost with a pair of Tens
Seat 5: MaRKiToScoK folded before Flop (didn't bet)
Seat 6: Timonessb folded on the Flop



PokerStars Hand #254426058800:  Hold'em No Limit ($0.50/$1.00 USD) - 2025/01/17 3:27:43 WET [2025/01/17 22:27:43 ET]
Table 'Irus III' 6-max Seat #2 is the button
Seat 1: vezis3 ($114.61 in chips) 
Seat 2: Dbackhouse1 ($90.58 in chips) 
Seat 3: z00mba ($145.78 in chips) 
Seat 5: MaRKiToScoK ($109.26 in chips) 
Seat 6: Timonessb ($165.33 in chips) 
z00mba: posts small blind $0.50
MaRKiToScoK: posts big blind $1
*** HOLE CARDS ***
Timonessb: raises $1.50 to $2.50
vezis3: folds 
Dbackhouse1: calls $2.50
z00mba: folds 
MaRKiToScoK: calls $1.50
*** FLOP *** [Qc 4c 4s]
MaRKiToScoK: checks 
Timonessb: bets $2.51
Dbackhouse1: calls $2.51
MaRKiToScoK: folds 
*** TURN *** [Qc 4c 4s] [Kh]
fetpojken joins the table at seat #4 
fetpojken is disconnected 
Timonessb: bets $9.50
Dbackhouse1: folds 
Uncalled bet ($9.50) returned to Timonessb
Timonessb collected $12.37 from pot
Timonessb: doesn't show hand 
*** SUMMARY ***
Total pot $13.02 | Rake $0.65 
Board [Qc 4c 4s Kh]
Seat 1: vezis3 folded before Flop (didn't bet)
Seat 2: Dbackhouse1 (button) folded on the Turn
Seat 3: z00mba (small blind) folded before Flop
Seat 5: MaRKiToScoK (big blind) folded on the Flop
Seat 6: Timonessb collected ($12.37)



PokerStars Hand #254426065423:  Hold'em No Limit ($0.50/$1.00 USD) - 2025/01/17 3:28:30 WET [2025/01/17 22:28:30 ET]
Table 'Irus III' 6-max Seat #3 is the button
Seat 4: fetpojken ($14.60 in chips) is sitting out
Seat 1: vezis3 ($114.61 in chips) 
Seat 2: Dbackhouse1 ($85.57 in chips) 
Seat 3: z00mba ($145.28 in chips) 
Seat 5: MaRKiToScoK ($106.76 in chips) 
Seat 6: Timonessb ($172.69 in chips) 
MaRKiToScoK: posts small blind $0.50
Timonessb: posts big blind $1
*** HOLE CARDS ***
vezis3: raises $1 to $2
Dbackhouse1: folds 
z00mba: folds 
MaRKiToScoK: folds 
Timonessb: folds 
Uncalled bet ($1) returned to vezis3
vezis3 collected $2.50 from pot
vezis3: doesn't show hand 
*** SUMMARY ***
Total pot $2.50 | Rake $0 
Seat 4: fetpojken
Seat 1: vezis3 collected ($2.50)
Seat 2: Dbackhouse1 folded before Flop (didn't bet)
Seat 3: z00mba (button) folded before Flop (didn't bet)
Seat 5: MaRKiToScoK (small blind) folded before Flop
Seat 6: Timonessb (big blind) folded before Flop



PokerStars Hand #254426067596:  Hold'em No Limit ($0.50/$1.00 USD) - 2025/01/17 3:28:45 WET [2025/01/17 22:28:45 ET]
Table 'Irus III' 6-max Seat #5 is the button
Seat 1: vezis3 ($116.11 in chips) 
Seat 2: Dbackhouse1 ($85.57 in chips) 
Seat 3: z00mba ($145.28 in chips) 
Seat 4: fetpojken ($14.60 in chips) 
Seat 5: MaRKiToScoK ($106.26 in chips) 
Seat 6: Timonessb ($171.69 in chips) 
Timonessb: posts small blind $0.50
vezis3: posts big blind $1
fetpojken: posts big blind $1
*** HOLE CARDS ***
Dbackhouse1: raises $1.50 to $2.50
z00mba: folds 
fetpojken: raises $12.10 to $14.60 and is all-in
MaRKiToScoK: folds 
Timonessb: folds 
vezis3: folds 
Dbackhouse1: calls $12.10
*** FLOP *** [6d Ah 7c]
*** TURN *** [6d Ah 7c] [7h]
*** RIVER *** [6d Ah 7c 7h] [9h]
*** SHOW DOWN ***
Dbackhouse1: shows [Qs Kc] (a pair of Sevens)
fetpojken: shows [4c 4s] (two pair, Sevens and Fours)
fetpojken collected $29.16 from pot
*** SUMMARY ***
Total pot $30.70 | Rake $1.54 
Board [6d Ah 7c 7h 9h]
Seat 1: vezis3 (big blind) folded before Flop
Seat 2: Dbackhouse1 showed [Qs Kc] and lost with a pair of Sevens
Seat 3: z00mba folded before Flop (didn't bet)
Seat 4: fetpojken showed [4c 4s] and won ($29.16) with two pair, Sevens and Fours
Seat 5: MaRKiToScoK (button) folded before Flop (didn't bet)
Seat 6: Timonessb (small blind) folded before Flop



PokerStars Hand #254426074601:  Hold'em No Limit ($0.50/$1.00 USD) - 2025/01/17 3:29:35 WET [2025/01/17 22:29:35 ET]
Table 'Irus III' 6-max Seat #6 is the button
Seat 1: vezis3 ($115.11 in chips) 
Seat 2: Dbackhouse1 ($70.97 in chips) 
Seat 3: z00mba ($145.28 in chips) 
Seat 4: fetpojken ($29.16 in chips) 
Seat 5: MaRKiToScoK ($106.26 in chips) 
Seat 6: Timonessb ($171.19 in chips) 
vezis3: posts small blind $0.50
Dbackhouse1: posts big blind $1
*** HOLE CARDS ***
z00mba: folds 
fetpojken: calls $1
MaRKiToScoK: folds 
Timonessb: folds 
vezis3: folds 
Dbackhouse1: raises $2.50 to $3.50
fetpojken: calls $2.50
*** FLOP *** [7c 2d 3h]
Dbackhouse1: bets $7.12
fetpojken: folds 
Uncalled bet ($7.12) returned to Dbackhouse1
Dbackhouse1 collected $7.12 from pot
Dbackhouse1: shows [7s 2s] (two pair, Sevens and Deuces)
*** SUMMARY ***
Total pot $7.50 | Rake $0.38 
Board [7c 2d 3h]
Seat 1: vezis3 (small blind) folded before Flop
Seat 2: Dbackhouse1 (big blind) collected ($7.12)
Seat 3: z00mba folded before Flop (didn't bet)
Seat 4: fetpojken folded on the Flop
Seat 5: MaRKiToScoK folded before Flop (didn't bet)
Seat 6: Timonessb (button) folded before Flop (didn't bet)



PokerStars Hand #254426078544:  Hold'em No Limit ($0.50/$1.00 USD) - 2025/01/17 3:30:03 WET [2025/01/17 22:30:03 ET]
Table 'Irus III' 6-max Seat #1 is the button
Seat 1: vezis3 ($114.61 in chips) 
Seat 2: Dbackhouse1 ($74.59 in chips) 
Seat 3: z00mba ($145.28 in chips) 
Seat 4: fetpojken ($25.66 in chips) 
Seat 5: MaRKiToScoK ($106.26 in chips) 
Seat 6: Timonessb ($171.19 in chips) 
Dbackhouse1: posts small blind $0.50
z00mba: posts big blind $1
*** HOLE CARDS ***
fetpojken: folds 
MaRKiToScoK: folds 
Timonessb: folds 
vezis3: raises $1.40 to $2.40
Dbackhouse1: calls $1.90
z00mba: raises $11.10 to $13.50
vezis3: folds 
Dbackhouse1: calls $11.10
*** FLOP *** [Ts 3s Kd]
Dbackhouse1: checks 
z00mba: checks 
*** TURN *** [Ts 3s Kd] [2s]
Dbackhouse1: checks 
z00mba: bets $14.24
Dbackhouse1: calls $14.24
*** RIVER *** [Ts 3s Kd 2s] [3c]
Dbackhouse1: checks 
z00mba: bets $69.23
Dbackhouse1: folds 
Uncalled bet ($69.23) returned to z00mba
z00mba collected $55.38 from pot
z00mba: doesn't show hand 
*** SUMMARY ***
Total pot $57.88 | Rake $2.50 
Board [Ts 3s Kd 2s 3c]
Seat 1: vezis3 (button) folded before Flop
Seat 2: Dbackhouse1 (small blind) folded on the River
Seat 3: z00mba (big blind) collected ($55.38)
Seat 4: fetpojken folded before Flop (didn't bet)
Seat 5: MaRKiToScoK folded before Flop (didn't bet)
Seat 6: Timonessb folded before Flop (didn't bet)



PokerStars Hand #254426091819:  Hold'em No Limit ($0.50/$1.00 USD) - 2025/01/17 3:31:36 WET [2025/01/17 22:31:36 ET]
Table 'Irus III' 6-max Seat #2 is the button
Seat 1: vezis3 ($112.21 in chips) 
Seat 2: Dbackhouse1 ($46.85 in chips) 
Seat 3: z00mba ($172.92 in chips) 
Seat 4: fetpojken ($25.66 in chips) 
Seat 5: MaRKiToScoK ($106.26 in chips) 
Seat 6: Timonessb ($171.19 in chips) 
z00mba: posts small blind $0.50
fetpojken: posts big blind $1
*** HOLE CARDS ***
MaRKiToScoK: folds 
Timonessb: raises $1.30 to $2.30
vezis3: folds 
Dbackhouse1: folds 
z00mba: folds 
fetpojken: calls $1.30
*** FLOP *** [Jc 8d 8c]
fetpojken: checks 
Timonessb: bets $2.47
fetpojken: raises $2.47 to $4.94
Timonessb: raises $163.95 to $168.89 and is all-in
fetpojken: folds 
Uncalled bet ($163.95) returned to Timonessb
Timonessb collected $14.23 from pot
Timonessb: doesn't show hand 
*** SUMMARY ***
Total pot $14.98 | Rake $0.75 
Board [Jc 8d 8c]
Seat 1: vezis3 folded before Flop (didn't bet)
Seat 2: Dbackhouse1 (button) folded before Flop (didn't bet)
Seat 3: z00mba (small blind) folded before Flop
Seat 4: fetpojken (big blind) folded on the Flop
Seat 5: MaRKiToScoK folded before Flop (didn't bet)
Seat 6: Timonessb collected ($14.23)



PokerStars Hand #254426097328:  Hold'em No Limit ($0.50/$1.00 USD) - 2025/01/17 3:32:15 WET [2025/01/17 22:32:15 ET]
Table 'Irus III' 6-max Seat #3 is the button
Seat 1: vezis3 ($112.21 in chips) 
Seat 2: Dbackhouse1 ($46.85 in chips) 
Seat 3: z00mba ($172.42 in chips) 
Seat 4: fetpojken ($18.42 in chips) 
Seat 5: MaRKiToScoK ($106.26 in chips) 
Seat 6: Timonessb ($178.18 in chips) 
fetpojken: posts small blind $0.50
MaRKiToScoK: posts big blind $1
*** HOLE CARDS ***
Timonessb: folds 
vezis3: folds 
Dbackhouse1: folds 
z00mba: folds 
fetpojken: calls $0.50
MaRKiToScoK: raises $6.50 to $7.50
fetpojken: folds 
Uncalled bet ($6.50) returned to MaRKiToScoK
MaRKiToScoK collected $2 from pot
*** SUMMARY ***
Total pot $2 | Rake $0 
Seat 1: vezis3 folded before Flop (didn't bet)
Seat 2: Dbackhouse1 folded before Flop (didn't bet)
Seat 3: z00mba (button) folded before Flop (didn't bet)
Seat 4: fetpojken (small blind) folded before Flop
Seat 5: MaRKiToScoK (big blind) collected ($2)
Seat 6: Timonessb folded before Flop (didn't bet)



PokerStars Hand #254426100389:  Hold'em No Limit ($0.50/$1.00 USD) - 2025/01/17 3:32:36 WET [2025/01/17 22:32:36 ET]
Table 'Irus III' 6-max Seat #4 is the button
Seat 1: vezis3 ($112.21 in chips) 
Seat 2: Dbackhouse1 ($46.85 in chips) 
Seat 3: z00mba ($172.42 in chips) 
Seat 4: fetpojken ($17.42 in chips) 
Seat 5: MaRKiToScoK ($107.26 in chips) 
Seat 6: Timonessb ($178.18 in chips) 
MaRKiToScoK: posts small blind $0.50
Timonessb: posts big blind $1
*** HOLE CARDS ***
vezis3: raises $1.40 to $2.40
Dbackhouse1: folds 
z00mba: raises $5.10 to $7.50
fetpojken: raises $8.50 to $16
MaRKiToScoK: folds 
Timonessb: folds 
vezis3: folds 
z00mba: raises $8.50 to $24.50
fetpojken: calls $1.42 and is all-in
Uncalled bet ($7.08) returned to z00mba
*** FLOP *** [9d Qh Td]
*** TURN *** [9d Qh Td] [9s]
*** RIVER *** [9d Qh Td 9s] [2d]
*** SHOW DOWN ***
z00mba: shows [Jc Ad] (a pair of Nines)
fetpojken: shows [Kd Ac] (a pair of Nines - Ace+King kicker)
fetpojken collected $36.80 from pot
*** SUMMARY ***
Total pot $38.74 | Rake $1.94 
Board [9d Qh Td 9s 2d]
Seat 1: vezis3 folded before Flop
Seat 2: Dbackhouse1 folded before Flop (didn't bet)
Seat 3: z00mba showed [Jc Ad] and lost with a pair of Nines
Seat 4: fetpojken (button) showed [Kd Ac] and won ($36.80) with a pair of Nines
Seat 5: MaRKiToScoK (small blind) folded before Flop
Seat 6: Timonessb (big blind) folded before Flop



PokerStars Hand #254426106697:  Hold'em No Limit ($0.50/$1.00 USD) - 2025/01/17 3:33:22 WET [2025/01/17 22:33:22 ET]
Table 'Irus III' 6-max Seat #5 is the button
Seat 1: vezis3 ($109.81 in chips) 
Seat 2: Dbackhouse1 ($46.85 in chips) 
Seat 3: z00mba ($155 in chips) 
Seat 4: fetpojken ($36.80 in chips) 
Seat 5: MaRKiToScoK ($106.76 in chips) 
Seat 6: Timonessb ($177.18 in chips) 
Timonessb: posts small blind $0.50
vezis3: posts big blind $1
*** HOLE CARDS ***
Dbackhouse1: folds 
z00mba: raises $1.50 to $2.50
fetpojken: folds 
MaRKiToScoK: folds 
Timonessb: folds 
vezis3: folds 
Uncalled bet ($1.50) returned to z00mba
z00mba collected $2.50 from pot
z00mba: doesn't show hand 
*** SUMMARY ***
Total pot $2.50 | Rake $0 
Seat 1: vezis3 (big blind) folded before Flop
Seat 2: Dbackhouse1 folded before Flop (didn't bet)
Seat 3: z00mba collected ($2.50)
Seat 4: fetpojken folded before Flop (didn't bet)
Seat 5: MaRKiToScoK (button) folded before Flop (didn't bet)
Seat 6: Timonessb (small blind) folded before Flop



PokerStars Hand #254426108748:  Hold'em No Limit ($0.50/$1.00 USD) - 2025/01/17 3:33:37 WET [2025/01/17 22:33:37 ET]
Table 'Irus III' 6-max Seat #6 is the button
Seat 1: vezis3 ($108.81 in chips) 
Seat 2: Dbackhouse1 ($46.85 in chips) 
Seat 3: z00mba ($156.50 in chips) 
Seat 4: fetpojken ($36.80 in chips) 
Seat 5: MaRKiToScoK ($106.76 in chips) 
Seat 6: Timonessb ($176.68 in chips) 
vezis3: posts small blind $0.50
Dbackhouse1: posts big blind $1
*** HOLE CARDS ***
z00mba: folds 
fetpojken: folds 
MaRKiToScoK: folds 
Timonessb: raises $1.50 to $2.50
vezis3: folds 
Dbackhouse1: folds 
Uncalled bet ($1.50) returned to Timonessb
Timonessb collected $2.50 from pot
Timonessb: doesn't show hand 
*** SUMMARY ***
Total pot $2.50 | Rake $0 
Seat 1: vezis3 (small blind) folded before Flop
Seat 2: Dbackhouse1 (big blind) folded before Flop
Seat 3: z00mba folded before Flop (didn't bet)
Seat 4: fetpojken folded before Flop (didn't bet)
Seat 5: MaRKiToScoK folded before Flop (didn't bet)
Seat 6: Timonessb (button) collected ($2.50)



PokerStars Hand #254426113255:  Hold'em No Limit ($0.50/$1.00 USD) - 2025/01/17 3:34:09 WET [2025/01/17 22:34:09 ET]
Table 'Irus III' 6-max Seat #1 is the button
Seat 1: vezis3 ($108.31 in chips) 
Seat 2: Dbackhouse1 ($45.85 in chips) 
Seat 3: z00mba ($156.50 in chips) 
Seat 4: fetpojken ($36.80 in chips) 
Seat 5: MaRKiToScoK ($106.76 in chips) 
Seat 6: Timonessb ($178.18 in chips) 
Dbackhouse1: posts small blind $0.50
z00mba: posts big blind $1
*** HOLE CARDS ***
fetpojken: folds 
MaRKiToScoK: folds 
Timonessb: raises $1.30 to $2.30
vezis3: folds 
Dbackhouse1: calls $1.80
z00mba: calls $1.30
*** FLOP *** [4h 6s 8s]
Dbackhouse1: checks 
z00mba: checks 
Timonessb: bets $4.40
Dbackhouse1: folds 
z00mba: folds 
Uncalled bet ($4.40) returned to Timonessb
Timonessb collected $6.56 from pot
Timonessb: doesn't show hand 
*** SUMMARY ***
Total pot $6.90 | Rake $0.34 
Board [4h 6s 8s]
Seat 1: vezis3 (button) folded before Flop (didn't bet)
Seat 2: Dbackhouse1 (small blind) folded on the Flop
Seat 3: z00mba (big blind) folded on the Flop
Seat 4: fetpojken folded before Flop (didn't bet)
Seat 5: MaRKiToScoK folded before Flop (didn't bet)
Seat 6: Timonessb collected ($6.56)



PokerStars Hand #254426119294:  Hold'em No Limit ($0.50/$1.00 USD) - 2025/01/17 3:34:52 WET [2025/01/17 22:34:52 ET]
Table 'Irus III' 6-max Seat #2 is the button
Seat 1: vezis3 ($108.31 in chips) 
Seat 2: Dbackhouse1 ($43.55 in chips) 
Seat 3: z00mba ($154.20 in chips) 
Seat 4: fetpojken ($36.80 in chips) 
Seat 5: MaRKiToScoK ($106.76 in chips) 
Seat 6: Timonessb ($182.44 in chips) 
z00mba: posts small blind $0.50
fetpojken: posts big blind $1
*** HOLE CARDS ***
MaRKiToScoK: raises $1.50 to $2.50
Timonessb: folds 
vezis3: folds 
Dbackhouse1: folds 
z00mba: folds 
fetpojken: calls $1.50
*** FLOP *** [2h Jc 4s]
fetpojken: checks 
MaRKiToScoK: bets $1.72
fetpojken: calls $1.72
*** TURN *** [2h Jc 4s] [Qc]
fetpojken: checks 
MaRKiToScoK: bets $8.49
fetpojken: calls $8.49
*** RIVER *** [2h Jc 4s Qc] [7h]
fetpojken: checks 
MaRKiToScoK: bets $24.62
fetpojken: calls $24.09 and is all-in
Uncalled bet ($0.53) returned to MaRKiToScoK
*** SHOW DOWN ***
MaRKiToScoK: shows [Ad Ac] (a pair of Aces)
fetpojken: shows [Qh Ah] (a pair of Queens)
MaRKiToScoK collected $71.60 from pot
*** SUMMARY ***
Total pot $74.10 | Rake $2.50 
Board [2h Jc 4s Qc 7h]
Seat 1: vezis3 folded before Flop (didn't bet)
Seat 2: Dbackhouse1 (button) folded before Flop (didn't bet)
Seat 3: z00mba (small blind) folded before Flop
Seat 4: fetpojken (big blind) showed [Qh Ah] and lost with a pair of Queens
Seat 5: MaRKiToScoK showed [Ad Ac] and won ($71.60) with a pair of Aces
Seat 6: Timonessb folded before Flop (didn't bet)



PokerStars Hand #254426128316:  Hold'em No Limit ($0.50/$1.00 USD) - 2025/01/17 3:35:58 WET [2025/01/17 22:35:58 ET]
Table 'Irus III' 6-max Seat #3 is the button
Seat 4: fetpojken ($0 in chips) is sitting out
Seat 1: vezis3 ($108.31 in chips) 
Seat 2: Dbackhouse1 ($43.55 in chips) 
Seat 3: z00mba ($153.70 in chips) 
Seat 5: MaRKiToScoK ($141.56 in chips) 
Seat 6: Timonessb ($182.44 in chips) 
MaRKiToScoK: posts small blind $0.50
Timonessb: posts big blind $1
*** HOLE CARDS ***
vezis3: folds 
Dbackhouse1: folds 
z00mba: raises $1.50 to $2.50
MaRKiToScoK: raises $8.50 to $11
Timonessb: folds 
z00mba: calls $8.50
*** FLOP *** [2d 6c Qc]
MaRKiToScoK: bets $7.21
z00mba: folds 
Uncalled bet ($7.21) returned to MaRKiToScoK
MaRKiToScoK collected $21.85 from pot
*** SUMMARY ***
Total pot $23 | Rake $1.15 
Board [2d 6c Qc]
Seat 4: fetpojken
Seat 1: vezis3 folded before Flop (didn't bet)
Seat 2: Dbackhouse1 folded before Flop (didn't bet)
Seat 3: z00mba (button) folded on the Flop
Seat 5: MaRKiToScoK (small blind) collected ($21.85)
Seat 6: Timonessb (big blind) folded before Flop



PokerStars Hand #254426133244:  Hold'em No Limit ($0.50/$1.00 USD) - 2025/01/17 3:36:34 WET [2025/01/17 22:36:34 ET]
Table 'Irus III' 6-max Seat #5 is the button
Seat 4: fetpojken ($0 in chips) is sitting out
Seat 1: vezis3 ($108.31 in chips) 
Seat 2: Dbackhouse1 ($43.55 in chips) 
Seat 3: z00mba ($142.70 in chips) 
Seat 5: MaRKiToScoK ($152.41 in chips) 
Seat 6: Timonessb ($181.44 in chips) 
Timonessb: posts small blind $0.50
vezis3: posts big blind $1
*** HOLE CARDS ***
Dbackhouse1: raises $1 to $2
z00mba: folds 
MaRKiToScoK: folds 
Timonessb: folds 
vezis3: folds 
Uncalled bet ($1) returned to Dbackhouse1
Dbackhouse1 collected $2.50 from pot
*** SUMMARY ***
Total pot $2.50 | Rake $0 
Seat 4: fetpojken
Seat 1: vezis3 (big blind) folded before Flop
Seat 2: Dbackhouse1 collected ($2.50)
Seat 3: z00mba folded before Flop (didn't bet)
Seat 5: MaRKiToScoK (button) folded before Flop (didn't bet)
Seat 6: Timonessb (small blind) folded before Flop



PokerStars Hand #254426134354:  Hold'em No Limit ($0.50/$1.00 USD) - 2025/01/17 3:36:42 WET [2025/01/17 22:36:42 ET]
Table 'Irus III' 6-max Seat #6 is the button
Seat 4: fetpojken ($0 in chips) is sitting out
Seat 1: vezis3 ($107.31 in chips) 
Seat 2: Dbackhouse1 ($45.05 in chips) 
Seat 3: z00mba ($142.70 in chips) 
Seat 5: MaRKiToScoK ($152.41 in chips) 
Seat 6: Timonessb ($180.94 in chips) 
vezis3: posts small blind $0.50
Dbackhouse1: posts big blind $1
*** HOLE CARDS ***
z00mba: folds 
MaRKiToScoK: folds 
Timonessb: folds 
vezis3: folds 
Uncalled bet ($0.50) returned to Dbackhouse1
Dbackhouse1 collected $1 from pot
*** SUMMARY ***
Total pot $1 | Rake $0 
Seat 4: fetpojken
Seat 1: vezis3 (small blind) folded before Flop
Seat 2: Dbackhouse1 (big blind) collected ($1)
Seat 3: z00mba folded before Flop (didn't bet)
Seat 5: MaRKiToScoK folded before Flop (didn't bet)
Seat 6: Timonessb (button) folded before Flop (didn't bet)



PokerStars Hand #254426135629:  Hold'em No Limit ($0.50/$1.00 USD) - 2025/01/17 3:36:51 WET [2025/01/17 22:36:51 ET]
Table 'Irus III' 6-max Seat #1 is the button
Seat 4: fetpojken ($0 in chips) is sitting out
Seat 1: vezis3 ($106.81 in chips) 
Seat 2: Dbackhouse1 ($45.55 in chips) 
Seat 3: z00mba ($142.70 in chips) 
Seat 5: MaRKiToScoK ($152.41 in chips) 
Seat 6: Timonessb ($180.94 in chips) 
Dbackhouse1: posts small blind $0.50
z00mba: posts big blind $1
*** HOLE CARDS ***
MaRKiToScoK: folds 
Timonessb: raises $1.50 to $2.50
vezis3: folds 
Dbackhouse1: folds 
z00mba: calls $1.50
*** FLOP *** [3s 6h Qs]
z00mba: checks 
Timonessb: checks 
*** TURN *** [3s 6h Qs] [Th]
z00mba: checks 
Timonessb: bets $5.38
z00mba: folds 
Uncalled bet ($5.38) returned to Timonessb
Timonessb collected $5.22 from pot
Timonessb: doesn't show hand 
*** SUMMARY ***
Total pot $5.50 | Rake $0.28 
Board [3s 6h Qs Th]
Seat 4: fetpojken
Seat 1: vezis3 (button) folded before Flop (didn't bet)
Seat 2: Dbackhouse1 (small blind) folded before Flop
Seat 3: z00mba (big blind) folded on the Turn
Seat 5: MaRKiToScoK folded before Flop (didn't bet)
Seat 6: Timonessb collected ($5.22)



PokerStars Hand #254426140621:  Hold'em No Limit ($0.50/$1.00 USD) - 2025/01/17 3:37:27 WET [2025/01/17 22:37:27 ET]
Table 'Irus III' 6-max Seat #2 is the button
Seat 1: vezis3 ($106.81 in chips) 
Seat 2: Dbackhouse1 ($45.05 in chips) 
Seat 3: z00mba ($140.20 in chips) 
Seat 4: fetpojken ($13.86 in chips) 
Seat 5: MaRKiToScoK ($152.41 in chips) 
Seat 6: Timonessb ($183.66 in chips) 
z00mba: posts small blind $0.50
fetpojken: posts big blind $1
*** HOLE CARDS ***
MaRKiToScoK: folds 
Timonessb: folds 
vezis3: folds 
Dbackhouse1: folds 
z00mba: folds 
Uncalled bet ($0.50) returned to fetpojken
fetpojken collected $1 from pot
*** SUMMARY ***
Total pot $1 | Rake $0 
Seat 1: vezis3 folded before Flop (didn't bet)
Seat 2: Dbackhouse1 (button) folded before Flop (didn't bet)
Seat 3: z00mba (small blind) folded before Flop
Seat 4: fetpojken (big blind) collected ($1)
Seat 5: MaRKiToScoK folded before Flop (didn't bet)
Seat 6: Timonessb folded before Flop (didn't bet)



PokerStars Hand #254426141951:  Hold'em No Limit ($0.50/$1.00 USD) - 2025/01/17 3:37:37 WET [2025/01/17 22:37:37 ET]
Table 'Irus III' 6-max Seat #3 is the button
Seat 5: MaRKiToScoK ($152.41 in chips) is sitting out
Seat 1: vezis3 ($106.81 in chips) 
Seat 2: Dbackhouse1 ($45.05 in chips) 
Seat 3: z00mba ($139.70 in chips) 
Seat 4: fetpojken ($14.36 in chips) 
Seat 6: Timonessb ($183.66 in chips) 
fetpojken: posts small blind $0.50
MaRKiToScoK: is sitting out 
Timonessb: posts big blind $1
*** HOLE CARDS ***
vezis3: raises $1 to $2
Dbackhouse1: calls $2
z00mba: folds 
fetpojken: folds 
Timonessb: calls $1
*** FLOP *** [Qd 3h 6s]
Timonessb: checks 
vezis3: bets $2.04
Dbackhouse1: calls $2.04
Timonessb: folds 
*** TURN *** [Qd 3h 6s] [Ac]
vezis3: checks 
Dbackhouse1: checks 
*** RIVER *** [Qd 3h 6s Ac] [4h]
vezis3: checks 
Dbackhouse1: bets $10.05
vezis3: calls $10.05
*** SHOW DOWN ***
Dbackhouse1: shows [4s 3s] (two pair, Fours and Threes)
vezis3: mucks hand 
Dbackhouse1 collected $29.15 from pot
*** SUMMARY ***
Total pot $30.68 | Rake $1.53 
Board [Qd 3h 6s Ac 4h]
Seat 5: MaRKiToScoK
Seat 1: vezis3 mucked
Seat 2: Dbackhouse1 showed [4s 3s] and won ($29.15) with two pair, Fours and Threes
Seat 3: z00mba (button) folded before Flop (didn't bet)
Seat 4: fetpojken (small blind) folded before Flop
Seat 6: Timonessb (big blind) folded on the Flop



PokerStars Hand #254426148447:  Hold'em No Limit ($0.50/$1.00 USD) - 2025/01/17 3:38:25 WET [2025/01/17 22:38:25 ET]
Table 'Irus III' 6-max Seat #4 is the button
Seat 5: MaRKiToScoK ($152.41 in chips) is sitting out
Seat 1: vezis3 ($100 in chips) 
Seat 2: Dbackhouse1 ($60.11 in chips) 
Seat 3: z00mba ($139.70 in chips) 
Seat 4: fetpojken ($13.86 in chips) 
Seat 6: Timonessb ($181.66 in chips) 
Timonessb: posts small blind $0.50
vezis3: posts big blind $1
*** HOLE CARDS ***
Dbackhouse1: raises $1 to $2
z00mba: folds 
fetpojken: folds 
Timonessb: folds 
vezis3: calls $1
*** FLOP *** [3h 6d Qh]
vezis3: checks 
Dbackhouse1: bets $2.14
vezis3: folds 
Uncalled bet ($2.14) returned to Dbackhouse1
Dbackhouse1 collected $4.28 from pot
*** SUMMARY ***
Total pot $4.50 | Rake $0.22 
Board [3h 6d Qh]
Seat 5: MaRKiToScoK
Seat 1: vezis3 (big blind) folded on the Flop
Seat 2: Dbackhouse1 collected ($4.28)
Seat 3: z00mba folded before Flop (didn't bet)
Seat 4: fetpojken (button) folded before Flop (didn't bet)
Seat 6: Timonessb (small blind) folded before Flop



PokerStars Hand #254426152166:  Hold'em No Limit ($0.50/$1.00 USD) - 2025/01/17 3:38:52 WET [2025/01/17 22:38:52 ET]
Table 'Irus III' 6-max Seat #6 is the button
Seat 5: MaRKiToScoK ($152.41 in chips) is sitting out
Seat 1: vezis3 ($100 in chips) 
Seat 2: Dbackhouse1 ($62.39 in chips) 
Seat 3: z00mba ($139.70 in chips) 
Seat 4: fetpojken ($13.86 in chips) 
Seat 6: Timonessb ($181.16 in chips) 
vezis3: posts small blind $0.50
Dbackhouse1: posts big blind $1
*** HOLE CARDS ***
z00mba: folds 
fetpojken: calls $1
Timonessb: raises $3 to $4
vezis3: folds 
Dbackhouse1: folds 
fetpojken: calls $3
*** FLOP *** [Td As Kh]
fetpojken: checks 
Timonessb: bets $2.25
fetpojken: folds 
Uncalled bet ($2.25) returned to Timonessb
Timonessb collected $9.02 from pot
Timonessb: doesn't show hand 
*** SUMMARY ***
Total pot $9.50 | Rake $0.48 
Board [Td As Kh]
Seat 5: MaRKiToScoK
Seat 1: vezis3 (small blind) folded before Flop
Seat 2: Dbackhouse1 (big blind) folded before Flop
Seat 3: z00mba folded before Flop (didn't bet)
Seat 4: fetpojken folded on the Flop
Seat 6: Timonessb (button) collected ($9.02)



PokerStars Hand #254426157674:  Hold'em No Limit ($0.50/$1.00 USD) - 2025/01/17 3:39:33 WET [2025/01/17 22:39:33 ET]
Table 'Irus III' 6-max Seat #1 is the button
Seat 5: MaRKiToScoK ($152.41 in chips) is sitting out
Seat 1: vezis3 ($100 in chips) 
Seat 2: Dbackhouse1 ($61.39 in chips) 
Seat 3: z00mba ($139.70 in chips) 
Seat 4: fetpojken ($9.86 in chips) 
Seat 6: Timonessb ($186.18 in chips) 
Dbackhouse1: posts small blind $0.50
z00mba: posts big blind $1
MaRKiToScoK: sits out 
*** HOLE CARDS ***
fetpojken: folds 
Timonessb: raises $1.30 to $2.30
vezis3: raises $5.70 to $8
Dbackhouse1: folds 
z00mba: folds 
Timonessb: folds 
Uncalled bet ($5.70) returned to vezis3
vezis3 collected $6.10 from pot
vezis3: doesn't show hand 
*** SUMMARY ***
Total pot $6.10 | Rake $0 
Seat 5: MaRKiToScoK
Seat 1: vezis3 (button) collected ($6.10)
Seat 2: Dbackhouse1 (small blind) folded before Flop
Seat 3: z00mba (big blind) folded before Flop
Seat 4: fetpojken folded before Flop (didn't bet)
Seat 6: Timonessb folded before Flop



PokerStars Hand #254426159771:  Hold'em No Limit ($0.50/$1.00 USD) - 2025/01/17 3:39:48 WET [2025/01/17 22:39:48 ET]
Table 'Irus III' 6-max Seat #2 is the button
Seat 5: MaRKiToScoK ($152.41 in chips) is sitting out
Seat 1: vezis3 ($103.80 in chips) 
Seat 2: Dbackhouse1 ($60.89 in chips) 
Seat 3: z00mba ($138.70 in chips) 
Seat 4: fetpojken ($9.86 in chips) 
Seat 6: Timonessb ($183.88 in chips) 
z00mba: posts small blind $0.50
fetpojken: posts big blind $1
MaRKiToScoK: sits out 
*** HOLE CARDS ***
Timonessb: raises $1.50 to $2.50
vezis3: folds 
Dbackhouse1: calls $2.50
z00mba: folds 
fetpojken: calls $1.50
*** FLOP *** [7s 3c Ah]
fetpojken: checks 
Timonessb: bets $2.51
Dbackhouse1: calls $2.51
fetpojken: folds 
*** TURN *** [7s 3c Ah] [3s]
Timonessb: checks 
Dbackhouse1: bets $4.19
Timonessb: calls $4.19
*** RIVER *** [7s 3c Ah 3s] [3d]
Timonessb: checks 
Dbackhouse1: bets $10.17
Timonessb: calls $10.17
*** SHOW DOWN ***
Dbackhouse1: shows [Th Ad] (a full house, Threes full of Aces)
Timonessb: mucks hand 
Dbackhouse1 collected $39.65 from pot
*** SUMMARY ***
Total pot $41.74 | Rake $2.09 
Board [7s 3c Ah 3s 3d]
Seat 5: MaRKiToScoK
Seat 1: vezis3 folded before Flop (didn't bet)
Seat 2: Dbackhouse1 (button) showed [Th Ad] and won ($39.65) with a full house, Threes full of Aces
Seat 3: z00mba (small blind) folded before Flop
Seat 4: fetpojken (big blind) folded on the Flop
Seat 6: Timonessb mucked



PokerStars Hand #254426168282:  Hold'em No Limit ($0.50/$1.00 USD) - 2025/01/17 3:40:51 WET [2025/01/17 22:40:51 ET]
Table 'Irus III' 6-max Seat #3 is the button
Seat 1: vezis3 ($103.80 in chips) 
Seat 2: Dbackhouse1 ($81.17 in chips) 
Seat 3: z00mba ($138.20 in chips) 
Seat 4: fetpojken ($7.36 in chips) 
Seat 5: MaRKiToScoK ($152.41 in chips) 
Seat 6: Timonessb ($164.51 in chips) 
fetpojken: posts small blind $0.50
MaRKiToScoK: posts big blind $1
*** HOLE CARDS ***
Timonessb: raises $1.30 to $2.30
vezis3: folds 
Dbackhouse1: folds 
z00mba: folds 
fetpojken: calls $1.80
MaRKiToScoK: calls $1.30
*** FLOP *** [2h Qs Ad]
fetpojken: checks 
MaRKiToScoK: checks 
Timonessb: bets $2.16
fetpojken: raises $2.90 to $5.06 and is all-in
MaRKiToScoK: folds 
Timonessb: calls $2.90
*** TURN *** [2h Qs Ad] [Ac]
*** RIVER *** [2h Qs Ad Ac] [2d]
*** SHOW DOWN ***
fetpojken: shows [Td As] (a full house, Aces full of Deuces)
Timonessb: shows [Qc Ts] (two pair, Aces and Queens)
fetpojken collected $16.17 from pot
Timonessb cashed out the hand for $1.45 | Cash Out Fee $0.03
*** SUMMARY ***
Total pot $17.02 | Rake $0.85 
Board [2h Qs Ad Ac 2d]
Seat 1: vezis3 folded before Flop (didn't bet)
Seat 2: Dbackhouse1 folded before Flop (didn't bet)
Seat 3: z00mba (button) folded before Flop (didn't bet)
Seat 4: fetpojken (small blind) showed [Td As] and won ($16.17) with a full house, Aces full of Deuces
Seat 5: MaRKiToScoK (big blind) folded on the Flop
Seat 6: Timonessb showed [Qc Ts] and lost with two pair, Aces and Queens (cashed out).



PokerStars Hand #254426174581:  Hold'em No Limit ($0.50/$1.00 USD) - 2025/01/17 3:41:37 WET [2025/01/17 22:41:37 ET]
Table 'Irus III' 6-max Seat #4 is the button
Seat 1: vezis3 ($103.80 in chips) 
Seat 2: Dbackhouse1 ($81.17 in chips) 
Seat 3: z00mba ($138.20 in chips) 
Seat 4: fetpojken ($16.17 in chips) 
Seat 5: MaRKiToScoK ($150.11 in chips) 
Seat 6: Timonessb ($158.60 in chips) 
MaRKiToScoK: posts small blind $0.50
Timonessb: posts big blind $1
*** HOLE CARDS ***
vezis3: folds 
Dbackhouse1: folds 
z00mba: raises $1.50 to $2.50
fetpojken: folds 
MaRKiToScoK: folds 
Timonessb: calls $1.50
*** FLOP *** [4h Ac 6h]
Timonessb: checks 
z00mba: checks 
*** TURN *** [4h Ac 6h] [Kh]
Timonessb: checks 
z00mba: bets $3.81
Timonessb: calls $3.81
*** RIVER *** [4h Ac 6h Kh] [Js]
Timonessb: checks 
z00mba: checks 
*** SHOW DOWN ***
Timonessb: shows [Qh Ah] (a flush, Ace high)
z00mba: mucks hand 
Timonessb collected $12.46 from pot
*** SUMMARY ***
Total pot $13.12 | Rake $0.66 
Board [4h Ac 6h Kh Js]
Seat 1: vezis3 folded before Flop (didn't bet)
Seat 2: Dbackhouse1 folded before Flop (didn't bet)
Seat 3: z00mba mucked
Seat 4: fetpojken (button) folded before Flop (didn't bet)
Seat 5: MaRKiToScoK (small blind) folded before Flop
Seat 6: Timonessb (big blind) showed [Qh Ah] and won ($12.46) with a flush, Ace high



PokerStars Hand #254426178430:  Hold'em No Limit ($0.50/$1.00 USD) - 2025/01/17 3:42:05 WET [2025/01/17 22:42:05 ET]
Table 'Irus III' 6-max Seat #5 is the button
Seat 1: vezis3 ($103.80 in chips) 
Seat 2: Dbackhouse1 ($81.17 in chips) 
Seat 3: z00mba ($131.89 in chips) 
Seat 4: fetpojken ($16.17 in chips) 
Seat 5: MaRKiToScoK ($149.61 in chips) 
Seat 6: Timonessb ($164.75 in chips) 
Timonessb: posts small blind $0.50
vezis3: posts big blind $1
*** HOLE CARDS ***
Dbackhouse1: raises $1 to $2
z00mba: folds 
fetpojken: folds 
MaRKiToScoK: raises $4.50 to $6.50
Timonessb: folds 
vezis3: folds 
Dbackhouse1: calls $4.50
*** FLOP *** [Td 8d Ks]
Dbackhouse1: checks 
MaRKiToScoK: checks 
*** TURN *** [Td 8d Ks] [7c]
Dbackhouse1: checks 
MaRKiToScoK: checks 
*** RIVER *** [Td 8d Ks 7c] [5h]
Dbackhouse1: bets $13.78
MaRKiToScoK: calls $13.78
*** SHOW DOWN ***
Dbackhouse1: shows [6c 4c] (a straight, Four to Eight)
MaRKiToScoK: mucks hand 
Dbackhouse1 collected $39.96 from pot
*** SUMMARY ***
Total pot $42.06 | Rake $2.10 
Board [Td 8d Ks 7c 5h]
Seat 1: vezis3 (big blind) folded before Flop
Seat 2: Dbackhouse1 showed [6c 4c] and won ($39.96) with a straight, Four to Eight
Seat 3: z00mba folded before Flop (didn't bet)
Seat 4: fetpojken folded before Flop (didn't bet)
Seat 5: MaRKiToScoK (button) mucked
Seat 6: Timonessb (small blind) folded before Flop



PokerStars Hand #254426185090:  Hold'em No Limit ($0.50/$1.00 USD) - 2025/01/17 3:42:54 WET [2025/01/17 22:42:54 ET]
Table 'Irus III' 6-max Seat #6 is the button
Seat 1: vezis3 ($102.80 in chips) 
Seat 2: Dbackhouse1 ($100.85 in chips) 
Seat 3: z00mba ($131.89 in chips) 
Seat 4: fetpojken ($16.17 in chips) 
Seat 5: MaRKiToScoK ($129.33 in chips) 
Seat 6: Timonessb ($164.25 in chips) 
vezis3: posts small blind $0.50
Dbackhouse1: posts big blind $1
*** HOLE CARDS ***
z00mba: folds 
fetpojken: calls $1
MaRKiToScoK: raises $2.50 to $3.50
Timonessb: folds 
vezis3: folds 
Dbackhouse1: folds 
fetpojken: calls $2.50
*** FLOP *** [3c Ah 4c]
fetpojken: checks 
MaRKiToScoK: bets $2.67
fetpojken: folds 
Uncalled bet ($2.67) returned to MaRKiToScoK
MaRKiToScoK collected $8.08 from pot
*** SUMMARY ***
Total pot $8.50 | Rake $0.42 
Board [3c Ah 4c]
Seat 1: vezis3 (small blind) folded before Flop
Seat 2: Dbackhouse1 (big blind) folded before Flop
Seat 3: z00mba folded before Flop (didn't bet)
Seat 4: fetpojken folded on the Flop
Seat 5: MaRKiToScoK collected ($8.08)
Seat 6: Timonessb (button) folded before Flop (didn't bet)



PokerStars Hand #254426189061:  Hold'em No Limit ($0.50/$1.00 USD) - 2025/01/17 3:43:23 WET [2025/01/17 22:43:23 ET]
Table 'Irus III' 6-max Seat #1 is the button
Seat 1: vezis3 ($102.30 in chips) 
Seat 2: Dbackhouse1 ($99.85 in chips) 
Seat 3: z00mba ($131.89 in chips) 
Seat 4: fetpojken ($12.67 in chips) 
Seat 5: MaRKiToScoK ($133.91 in chips) 
Seat 6: Timonessb ($164.25 in chips) 
Dbackhouse1: posts small blind $0.50
z00mba: posts big blind $1
*** HOLE CARDS ***
fetpojken: folds 
MaRKiToScoK: raises $1 to $2
Timonessb: folds 
vezis3: folds 
Dbackhouse1: folds 
z00mba: folds 
Uncalled bet ($1) returned to MaRKiToScoK
MaRKiToScoK collected $2.50 from pot
*** SUMMARY ***
Total pot $2.50 | Rake $0 
Seat 1: vezis3 (button) folded before Flop (didn't bet)
Seat 2: Dbackhouse1 (small blind) folded before Flop
Seat 3: z00mba (big blind) folded before Flop
Seat 4: fetpojken folded before Flop (didn't bet)
Seat 5: MaRKiToScoK collected ($2.50)
Seat 6: Timonessb folded before Flop (didn't bet)



