PokerStars Hand #254410893579:  Hold'em No Limit ($0.50/$1.00 USD) - 2025/01/17 6:16:23 WET [2025/01/17 1:16:23 ET]
Table 'Montague III' 6-max Seat #1 is the button
Seat 1: steelNike ($10 in chips) 
Seat 2: ptolejmus ($10 in chips) 
Seat 6: reeqar ($100 in chips) 
ptolejmus: posts small blind $0.50
reeqar: posts big blind $1
*** HOLE CARDS ***
steelNike: folds 
ptolejmus: folds 
Uncalled bet ($0.50) returned to reeqar
reeqar collected $1 from pot
reeqar: doesn't show hand 
*** SUMMARY ***
Total pot $1 | Rake $0 
Seat 1: steelNike (button) folded before Flop (didn't bet)
Seat 2: ptolejmus (small blind) folded before Flop
Seat 6: reeqar (big blind) collected ($1)



PokerStars Hand #254410894171:  Hold'em No Limit ($0.50/$1.00 USD) - 2025/01/17 6:16:31 WET [2025/01/17 1:16:31 ET]
Table 'Montague III' 6-max Seat #2 is the button
Seat 1: steelNike ($10 in chips) 
Seat 2: ptolejmus ($10 in chips) 
Seat 6: reeqar ($100.50 in chips) 
reeqar: posts small blind $0.50
steelNike: posts big blind $1
*** HOLE CARDS ***
ptolejmus: folds 
reeqar: folds 
Uncalled bet ($0.50) returned to steelNike
steelNike collected $1 from pot
Jamesx1998 joins the table at seat #3 
Jamesx1998 is disconnected 
*** SUMMARY ***
Total pot $1 | Rake $0 
Seat 1: steelNike (big blind) collected ($1)
Seat 2: ptolejmus (button) folded before Flop (didn't bet)
Seat 6: reeqar (small blind) folded before Flop



PokerStars Hand #254410894746:  Hold'em No Limit ($0.50/$1.00 USD) - 2025/01/17 6:16:38 WET [2025/01/17 1:16:38 ET]
Table 'Montague III' 6-max Seat #6 is the button
Seat 3: Jamesx1998 ($100 in chips) is sitting out
Seat 1: steelNike ($10.50 in chips) 
Seat 2: ptolejmus ($10 in chips) 
Seat 6: reeqar ($100 in chips) 
steelNike: posts small blind $0.50
ptolejmus: posts big blind $1
Jamesx1998: sits out 
*** HOLE CARDS ***
MoRsCeReBruM joins the table at seat #4 
reeqar: folds 
b2k-Snick joins the table at seat #5 
steelNike: raises $1 to $2
Jamesx1998 leaves the table
ptolejmus: folds 
Uncalled bet ($1) returned to steelNike
steelNike collected $2 from pot
*** SUMMARY ***
Total pot $2 | Rake $0 
Seat 3: Jamesx1998
Seat 1: steelNike (small blind) collected ($2)
Seat 2: ptolejmus (big blind) folded before Flop
Seat 6: reeqar (button) folded before Flop (didn't bet)



PokerStars Hand #254410898658:  Hold'em No Limit ($0.50/$1.00 USD) - 2025/01/17 6:17:31 WET [2025/01/17 1:17:31 ET]
Table 'Montague III' 6-max Seat #1 is the button
Seat 5: b2k-Snick ($100 in chips) is sitting out
Seat 1: steelNike ($11.50 in chips) 
Seat 2: ptolejmus ($10 in chips) 
Seat 4: MoRsCeReBruM ($100 in chips) 
Seat 6: reeqar ($100 in chips) 
ptolejmus: posts small blind $0.50
MoRsCeReBruM: posts big blind $1
b2k-Snick: sits out 
*** HOLE CARDS ***
reeqar: folds 
steelNike: raises $10.50 to $11.50 and is all-in
ptolejmus: folds 
MoRsCeReBruM: folds 
Uncalled bet ($10.50) returned to steelNike
steelNike collected $2.50 from pot
*** SUMMARY ***
Total pot $2.50 | Rake $0 
Seat 5: b2k-Snick
Seat 1: steelNike (button) collected ($2.50)
Seat 2: ptolejmus (small blind) folded before Flop
Seat 4: MoRsCeReBruM (big blind) folded before Flop
Seat 6: reeqar folded before Flop (didn't bet)



PokerStars Hand #254410900935:  Hold'em No Limit ($0.50/$1.00 USD) - 2025/01/17 6:18:01 WET [2025/01/17 1:18:01 ET]
Table 'Montague III' 6-max Seat #2 is the button
Seat 1: steelNike ($13 in chips) 
Seat 2: ptolejmus ($10 in chips) 
Seat 4: MoRsCeReBruM ($100 in chips) 
Seat 5: b2k-Snick ($100 in chips) 
Seat 6: reeqar ($100 in chips) 
MoRsCeReBruM: posts small blind $0.50
b2k-Snick: posts big blind $1
*** HOLE CARDS ***
reeqar: folds 
steelNike: folds 
reeqar leaves the table
ptolejmus: folds 
MoRsCeReBruM: folds 
Uncalled bet ($0.50) returned to b2k-Snick
b2k-Snick collected $1 from pot
b2k-Snick: doesn't show hand 
*** SUMMARY ***
Total pot $1 | Rake $0 
Seat 1: steelNike folded before Flop (didn't bet)
Seat 2: ptolejmus (button) folded before Flop (didn't bet)
Seat 4: MoRsCeReBruM (small blind) folded before Flop
Seat 5: b2k-Snick (big blind) collected ($1)
Seat 6: reeqar folded before Flop (didn't bet)



PokerStars Hand #254410902336:  Hold'em No Limit ($0.50/$1.00 USD) - 2025/01/17 6:18:20 WET [2025/01/17 1:18:20 ET]
Table 'Montague III' 6-max Seat #4 is the button
Seat 1: steelNike ($13 in chips) is sitting out
Seat 2: ptolejmus ($10 in chips) 
Seat 4: MoRsCeReBruM ($100 in chips) 
Seat 5: b2k-Snick ($100.50 in chips) 
b2k-Snick: posts small blind $0.50
steelNike: is sitting out 
ptolejmus: posts big blind $1
*** HOLE CARDS ***
MoRsCeReBruM: raises $1.50 to $2.50
steelNike leaves the table
b2k-Snick: raises $9.50 to $12
ptolejmus: folds 
MoRsCeReBruM: folds 
Uncalled bet ($9.50) returned to b2k-Snick
b2k-Snick collected $6 from pot
b2k-Snick: doesn't show hand 
*** SUMMARY ***
Total pot $6 | Rake $0 
Seat 1: steelNike
Seat 2: ptolejmus (big blind) folded before Flop
Seat 4: MoRsCeReBruM (button) folded before Flop
Seat 5: b2k-Snick (small blind) collected ($6)



PokerStars Hand #254410942932:  Hold'em No Limit ($0.50/$1.00 USD) - 2025/01/17 6:27:29 WET [2025/01/17 1:27:29 ET]
Table 'Montague III' 6-max Seat #6 is the button
Seat 5: b2k-Snick ($104 in chips) is sitting out
Seat 1: vezis3 ($100 in chips) 
Seat 6: pngsix ($40.26 in chips) 
pngsix: posts small blind $0.50
vezis3: posts big blind $1
*** HOLE CARDS ***
pngsix: calls $0.50
vezis3: checks 
*** FLOP *** [4h 8s Kd]
vezis3: checks 
pngsix: checks 
*** TURN *** [4h 8s Kd] [5h]
vezis3: checks 
pngsix: checks 
*** RIVER *** [4h 8s Kd 5h] [2c]
vezis3: checks 
pngsix: checks 
*** SHOW DOWN ***
vezis3: shows [9h 3c] (high card King)
pngsix: shows [Jc Qh] (high card King - Queen kicker)
pngsix collected $1.90 from pot
*** SUMMARY ***
Total pot $2 | Rake $0.10 
Board [4h 8s Kd 5h 2c]
Seat 5: b2k-Snick
Seat 1: vezis3 (big blind) showed [9h 3c] and lost with high card King
Seat 6: pngsix (button) (small blind) showed [Jc Qh] and won ($1.90) with high card King



PokerStars Hand #254410945180:  Hold'em No Limit ($0.50/$1.00 USD) - 2025/01/17 6:28:00 WET [2025/01/17 1:28:00 ET]
Table 'Montague III' 6-max Seat #6 is the button
Seat 1: vezis3 ($100 in chips) 
Seat 5: b2k-Snick ($104 in chips) 
Seat 6: pngsix ($41.16 in chips) 
vezis3: posts small blind $0.50
b2k-Snick: posts big blind $1
*** HOLE CARDS ***
p0pa4poker joins the table at seat #2 
pngsix: calls $1
vezis3: raises $3 to $4
b2k-Snick: raises $7 to $11
pngsix: folds 
vezis3: folds 
Uncalled bet ($7) returned to b2k-Snick
b2k-Snick collected $9 from pot
b2k-Snick: doesn't show hand 
*** SUMMARY ***
Total pot $9 | Rake $0 
Seat 1: vezis3 (small blind) folded before Flop
Seat 5: b2k-Snick (big blind) collected ($9)
Seat 6: pngsix (button) folded before Flop



PokerStars Hand #254410947739:  Hold'em No Limit ($0.50/$1.00 USD) - 2025/01/17 6:28:35 WET [2025/01/17 1:28:35 ET]
Table 'Montague III' 6-max Seat #1 is the button
Seat 2: p0pa4poker ($50 in chips) is sitting out
Seat 1: vezis3 ($100 in chips) 
Seat 5: b2k-Snick ($109 in chips) 
Seat 6: pngsix ($40.16 in chips) 
b2k-Snick: posts small blind $0.50
pngsix: posts big blind $1
*** HOLE CARDS ***
vezis3: folds 
b2k-Snick: folds 
Uncalled bet ($0.50) returned to pngsix
pngsix collected $1 from pot
pngsix: doesn't show hand 
*** SUMMARY ***
Total pot $1 | Rake $0 
Seat 2: p0pa4poker
Seat 1: vezis3 (button) folded before Flop (didn't bet)
Seat 5: b2k-Snick (small blind) folded before Flop
Seat 6: pngsix (big blind) collected ($1)



PokerStars Hand #254410948522:  Hold'em No Limit ($0.50/$1.00 USD) - 2025/01/17 6:28:46 WET [2025/01/17 1:28:46 ET]
Table 'Montague III' 6-max Seat #5 is the button
Seat 2: p0pa4poker ($50 in chips) is sitting out
Seat 1: vezis3 ($100 in chips) 
Seat 5: b2k-Snick ($108.50 in chips) 
Seat 6: pngsix ($40.66 in chips) 
pngsix: posts small blind $0.50
vezis3: posts big blind $1
p0pa4poker: sits out 
*** HOLE CARDS ***
b2k-Snick: raises $1.50 to $2.50
pngsix: folds 
vezis3: folds 
Uncalled bet ($1.50) returned to b2k-Snick
b2k-Snick collected $2.50 from pot
b2k-Snick: doesn't show hand 
*** SUMMARY ***
Total pot $2.50 | Rake $0 
Seat 2: p0pa4poker
Seat 1: vezis3 (big blind) folded before Flop
Seat 5: b2k-Snick (button) collected ($2.50)
Seat 6: pngsix (small blind) folded before Flop



PokerStars Hand #254410949516:  Hold'em No Limit ($0.50/$1.00 USD) - 2025/01/17 6:28:59 WET [2025/01/17 1:28:59 ET]
Table 'Montague III' 6-max Seat #6 is the button
Seat 1: vezis3 ($100 in chips) 
Seat 2: p0pa4poker ($50 in chips) 
Seat 5: b2k-Snick ($110 in chips) 
Seat 6: pngsix ($40.16 in chips) 
vezis3: posts small blind $0.50
p0pa4poker: posts big blind $1
*** HOLE CARDS ***
b2k-Snick: folds 
pngsix: calls $1
vezis3: folds 
amphii joins the table at seat #3 
p0pa4poker: checks 
*** FLOP *** [Kh Kc Tc]
p0pa4poker: checks 
pngsix: checks 
*** TURN *** [Kh Kc Tc] [Jc]
p0pa4poker: bets $2
pngsix: folds 
Uncalled bet ($2) returned to p0pa4poker
p0pa4poker collected $2.38 from pot
p0pa4poker: doesn't show hand 
*** SUMMARY ***
Total pot $2.50 | Rake $0.12 
Board [Kh Kc Tc Jc]
Seat 1: vezis3 (small blind) folded before Flop
Seat 2: p0pa4poker (big blind) collected ($2.38)
Seat 5: b2k-Snick folded before Flop (didn't bet)
Seat 6: pngsix (button) folded on the Turn



PokerStars Hand #254410953830:  Hold'em No Limit ($0.50/$1.00 USD) - 2025/01/17 6:29:59 WET [2025/01/17 1:29:59 ET]
Table 'Montague III' 6-max Seat #1 is the button
Seat 1: vezis3 ($100 in chips) 
Seat 2: p0pa4poker ($91.38 in chips) 
Seat 3: amphii ($20 in chips) 
Seat 5: b2k-Snick ($110 in chips) 
Seat 6: pngsix ($39.16 in chips) 
p0pa4poker: posts small blind $0.50
amphii: posts big blind $1
*** HOLE CARDS ***
b2k-Snick: folds 
pngsix: calls $1
MaRKiToScoK joins the table at seat #4 
vezis3: folds 
p0pa4poker: folds 
amphii: checks 
*** FLOP *** [9d Qh Tc]
amphii: checks 
pngsix: checks 
*** TURN *** [9d Qh Tc] [6s]
amphii: checks 
pngsix: checks 
*** RIVER *** [9d Qh Tc 6s] [Js]
amphii: checks 
pngsix: checks 
*** SHOW DOWN ***
amphii: shows [2c 8s] (a straight, Eight to Queen)
pngsix: mucks hand 
amphii collected $2.38 from pot
*** SUMMARY ***
Total pot $2.50 | Rake $0.12 
Board [9d Qh Tc 6s Js]
Seat 1: vezis3 (button) folded before Flop (didn't bet)
Seat 2: p0pa4poker (small blind) folded before Flop
Seat 3: amphii (big blind) showed [2c 8s] and won ($2.38) with a straight, Eight to Queen
Seat 5: b2k-Snick folded before Flop (didn't bet)
Seat 6: pngsix mucked



PokerStars Hand #254410957078:  Hold'em No Limit ($0.50/$1.00 USD) - 2025/01/17 6:30:44 WET [2025/01/17 1:30:44 ET]
Table 'Montague III' 6-max Seat #2 is the button
Seat 1: vezis3 ($100 in chips) 
Seat 2: p0pa4poker ($90.88 in chips) 
Seat 3: amphii ($21.38 in chips) 
Seat 4: MaRKiToScoK ($100 in chips) 
Seat 5: b2k-Snick ($110 in chips) 
Seat 6: pngsix ($38.16 in chips) 
amphii: posts small blind $0.50
MaRKiToScoK: posts big blind $1
*** HOLE CARDS ***
b2k-Snick: folds 
pngsix: folds 
vezis3: raises $1.40 to $2.40
p0pa4poker: folds 
amphii: folds 
MaRKiToScoK: calls $1.40
*** FLOP *** [3c Ah 6d]
MaRKiToScoK: checks 
vezis3: checks 
*** TURN *** [3c Ah 6d] [9s]
MaRKiToScoK: checks 
vezis3: checks 
*** RIVER *** [3c Ah 6d 9s] [Ks]
MaRKiToScoK: checks 
vezis3: checks 
*** SHOW DOWN ***
MaRKiToScoK: shows [6s Js] (a pair of Sixes)
vezis3: shows [7d 7s] (a pair of Sevens)
vezis3 collected $5.04 from pot
*** SUMMARY ***
Total pot $5.30 | Rake $0.26 
Board [3c Ah 6d 9s Ks]
Seat 1: vezis3 showed [7d 7s] and won ($5.04) with a pair of Sevens
Seat 2: p0pa4poker (button) folded before Flop (didn't bet)
Seat 3: amphii (small blind) folded before Flop
Seat 4: MaRKiToScoK (big blind) showed [6s Js] and lost with a pair of Sixes
Seat 5: b2k-Snick folded before Flop (didn't bet)
Seat 6: pngsix folded before Flop (didn't bet)



PokerStars Hand #254410960005:  Hold'em No Limit ($0.50/$1.00 USD) - 2025/01/17 6:31:25 WET [2025/01/17 1:31:25 ET]
Table 'Montague III' 6-max Seat #3 is the button
Seat 1: vezis3 ($102.64 in chips) 
Seat 2: p0pa4poker ($90.88 in chips) 
Seat 3: amphii ($20.88 in chips) 
Seat 4: MaRKiToScoK ($100 in chips) 
Seat 5: b2k-Snick ($110 in chips) 
Seat 6: pngsix ($38.16 in chips) 
MaRKiToScoK: posts small blind $0.50
b2k-Snick: posts big blind $1
*** HOLE CARDS ***
pngsix: calls $1
vezis3: folds 
p0pa4poker: folds 
amphii: raises $2.50 to $3.50
MaRKiToScoK: folds 
b2k-Snick: calls $2.50
pngsix: folds 
*** FLOP *** [Tc 2c 6h]
b2k-Snick: checks 
amphii: bets $4.20
b2k-Snick: raises $102.30 to $106.50 and is all-in
amphii: calls $13.18 and is all-in
Uncalled bet ($89.12) returned to b2k-Snick
*** TURN *** [Tc 2c 6h] [9h]
*** RIVER *** [Tc 2c 6h 9h] [3c]
*** SHOW DOWN ***
b2k-Snick: shows [Ts Ac] (a pair of Tens)
amphii: shows [Jc Jh] (a pair of Jacks)
amphii collected $41.10 from pot
*** SUMMARY ***
Total pot $43.26 | Rake $2.16 
Board [Tc 2c 6h 9h 3c]
Seat 1: vezis3 folded before Flop (didn't bet)
Seat 2: p0pa4poker folded before Flop (didn't bet)
Seat 3: amphii (button) showed [Jc Jh] and won ($41.10) with a pair of Jacks
Seat 4: MaRKiToScoK (small blind) folded before Flop
Seat 5: b2k-Snick (big blind) showed [Ts Ac] and lost with a pair of Tens
Seat 6: pngsix folded before Flop



PokerStars Hand #254410962763:  Hold'em No Limit ($0.50/$1.00 USD) - 2025/01/17 6:32:03 WET [2025/01/17 1:32:03 ET]
Table 'Montague III' 6-max Seat #4 is the button
Seat 1: vezis3 ($102.64 in chips) 
Seat 2: p0pa4poker ($90.88 in chips) 
Seat 3: amphii ($41.10 in chips) 
Seat 4: MaRKiToScoK ($100 in chips) 
Seat 5: b2k-Snick ($100 in chips) 
Seat 6: pngsix ($37.16 in chips) 
b2k-Snick: posts small blind $0.50
pngsix: posts big blind $1
*** HOLE CARDS ***
vezis3: raises $1 to $2
p0pa4poker: folds 
amphii: raises $2.50 to $4.50
MaRKiToScoK: folds 
b2k-Snick: folds 
pngsix: folds 
vezis3: calls $2.50
*** FLOP *** [2s 8h 4s]
vezis3: checks 
amphii: bets $5.19
vezis3: folds 
Uncalled bet ($5.19) returned to amphii
amphii collected $9.98 from pot
amphii: doesn't show hand 
*** SUMMARY ***
Total pot $10.50 | Rake $0.52 
Board [2s 8h 4s]
Seat 1: vezis3 folded on the Flop
Seat 2: p0pa4poker folded before Flop (didn't bet)
Seat 3: amphii collected ($9.98)
Seat 4: MaRKiToScoK (button) folded before Flop (didn't bet)
Seat 5: b2k-Snick (small blind) folded before Flop
Seat 6: pngsix (big blind) folded before Flop



PokerStars Hand #254410965824:  Hold'em No Limit ($0.50/$1.00 USD) - 2025/01/17 6:32:47 WET [2025/01/17 1:32:47 ET]
Table 'Montague III' 6-max Seat #5 is the button
Seat 1: vezis3 ($100 in chips) 
Seat 2: p0pa4poker ($90.88 in chips) 
Seat 3: amphii ($46.58 in chips) 
Seat 4: MaRKiToScoK ($100 in chips) 
Seat 5: b2k-Snick ($100 in chips) 
Seat 6: pngsix ($36.16 in chips) 
pngsix: posts small blind $0.50
vezis3: posts big blind $1
*** HOLE CARDS ***
p0pa4poker: folds 
amphii: folds 
MaRKiToScoK: raises $1.25 to $2.25
b2k-Snick: folds 
pngsix: folds 
vezis3: calls $1.25
*** FLOP *** [Ad 6s 9s]
vezis3: checks 
MaRKiToScoK: bets $6.32
vezis3: folds 
Uncalled bet ($6.32) returned to MaRKiToScoK
MaRKiToScoK collected $4.75 from pot
*** SUMMARY ***
Total pot $5 | Rake $0.25 
Board [Ad 6s 9s]
Seat 1: vezis3 (big blind) folded on the Flop
Seat 2: p0pa4poker folded before Flop (didn't bet)
Seat 3: amphii folded before Flop (didn't bet)
Seat 4: MaRKiToScoK collected ($4.75)
Seat 5: b2k-Snick (button) folded before Flop (didn't bet)
Seat 6: pngsix (small blind) folded before Flop



PokerStars Hand #254410968847:  Hold'em No Limit ($0.50/$1.00 USD) - 2025/01/17 6:33:28 WET [2025/01/17 1:33:28 ET]
Table 'Montague III' 6-max Seat #6 is the button
Seat 2: p0pa4poker ($90.88 in chips) is sitting out
Seat 1: vezis3 ($100 in chips) 
Seat 3: amphii ($46.58 in chips) 
Seat 4: MaRKiToScoK ($102.50 in chips) 
Seat 5: b2k-Snick ($100 in chips) 
Seat 6: pngsix ($35.66 in chips) 
vezis3: posts small blind $0.50
p0pa4poker: is sitting out 
amphii: posts big blind $1
*** HOLE CARDS ***
MaRKiToScoK: folds 
p0pa4poker leaves the table
b2k-Snick: folds 
pngsix: calls $1
vezis3: folds 
amphii: checks 
*** FLOP *** [4s 6c 4h]
amphii: checks 
pngsix: checks 
*** TURN *** [4s 6c 4h] [Qd]
amphii: checks 
pngsix: checks 
*** RIVER *** [4s 6c 4h Qd] [9s]
amphii: checks 
pngsix: checks 
*** SHOW DOWN ***
amphii: shows [Jc 3c] (a pair of Fours)
pngsix: shows [Kd 3d] (a pair of Fours - King kicker)
pngsix collected $2.38 from pot
*** SUMMARY ***
Total pot $2.50 | Rake $0.12 
Board [4s 6c 4h Qd 9s]
Seat 2: p0pa4poker
Seat 1: vezis3 (small blind) folded before Flop
Seat 3: amphii (big blind) showed [Jc 3c] and lost with a pair of Fours
Seat 4: MaRKiToScoK folded before Flop (didn't bet)
Seat 5: b2k-Snick folded before Flop (didn't bet)
Seat 6: pngsix (button) showed [Kd 3d] and won ($2.38) with a pair of Fours



PokerStars Hand #254410971075:  Hold'em No Limit ($0.50/$1.00 USD) - 2025/01/17 6:33:59 WET [2025/01/17 1:33:59 ET]
Table 'Montague III' 6-max Seat #1 is the button
Seat 1: vezis3 ($100 in chips) 
Seat 3: amphii ($45.58 in chips) 
Seat 4: MaRKiToScoK ($102.50 in chips) 
Seat 5: b2k-Snick ($100 in chips) 
Seat 6: pngsix ($37.04 in chips) 
amphii: posts small blind $0.50
MaRKiToScoK: posts big blind $1
*** HOLE CARDS ***
b2k-Snick: raises $1.10 to $2.10
pngsix: folds 
vezis3: folds 
amphii: folds 
MaRKiToScoK: folds 
Uncalled bet ($1.10) returned to b2k-Snick
b2k-Snick collected $2.50 from pot
b2k-Snick: doesn't show hand 
*** SUMMARY ***
Total pot $2.50 | Rake $0 
Seat 1: vezis3 (button) folded before Flop (didn't bet)
Seat 3: amphii (small blind) folded before Flop
Seat 4: MaRKiToScoK (big blind) folded before Flop
Seat 5: b2k-Snick collected ($2.50)
Seat 6: pngsix folded before Flop (didn't bet)



PokerStars Hand #254410972422:  Hold'em No Limit ($0.50/$1.00 USD) - 2025/01/17 6:34:17 WET [2025/01/17 1:34:17 ET]
Table 'Montague III' 6-max Seat #3 is the button
Seat 5: b2k-Snick ($101.50 in chips) is sitting out
Seat 1: vezis3 ($100 in chips) 
Seat 3: amphii ($45.08 in chips) 
Seat 4: MaRKiToScoK ($101.50 in chips) 
Seat 6: pngsix ($37.04 in chips) 
MaRKiToScoK: posts small blind $0.50
b2k-Snick: is sitting out 
b2k-Snick leaves the table
pngsix: posts big blind $1
*** HOLE CARDS ***
vezis3: folds 
amphii: folds 
MaRKiToScoK: raises $2 to $3
pngsix: folds 
Uncalled bet ($2) returned to MaRKiToScoK
MaRKiToScoK collected $2 from pot
*** SUMMARY ***
Total pot $2 | Rake $0 
Seat 5: b2k-Snick
Seat 1: vezis3 folded before Flop (didn't bet)
Seat 3: amphii (button) folded before Flop (didn't bet)
Seat 4: MaRKiToScoK (small blind) collected ($2)
Seat 6: pngsix (big blind) folded before Flop



PokerStars Hand #254410973234:  Hold'em No Limit ($0.50/$1.00 USD) - 2025/01/17 6:34:27 WET [2025/01/17 1:34:27 ET]
Table 'Montague III' 6-max Seat #4 is the button
Seat 1: vezis3 ($100 in chips) 
Seat 3: amphii ($45.08 in chips) 
Seat 4: MaRKiToScoK ($102.50 in chips) 
Seat 6: pngsix ($36.04 in chips) 
pngsix: posts small blind $0.50
vezis3: posts big blind $1
*** HOLE CARDS ***
amphii: raises $1.30 to $2.30
MaRKiToScoK: folds 
pngsix: folds 
vezis3: raises $9.70 to $12
amphii: folds 
Uncalled bet ($9.70) returned to vezis3
vezis3 collected $5.10 from pot
vezis3: doesn't show hand 
*** SUMMARY ***
Total pot $5.10 | Rake $0 
Seat 1: vezis3 (big blind) collected ($5.10)
Seat 3: amphii folded before Flop
Seat 4: MaRKiToScoK (button) folded before Flop (didn't bet)
Seat 6: pngsix (small blind) folded before Flop



PokerStars Hand #254410974614:  Hold'em No Limit ($0.50/$1.00 USD) - 2025/01/17 6:34:47 WET [2025/01/17 1:34:47 ET]
Table 'Montague III' 6-max Seat #6 is the button
Seat 1: vezis3 ($102.80 in chips) 
Seat 3: amphii ($42.78 in chips) 
Seat 4: MaRKiToScoK ($102.50 in chips) 
Seat 6: pngsix ($35.54 in chips) 
vezis3: posts small blind $0.50
amphii: posts big blind $1
*** HOLE CARDS ***
MaRKiToScoK: folds 
pngsix: calls $1
vezis3: raises $3 to $4
amphii: calls $3
pngsix: calls $3
*** FLOP *** [2h 2c Jh]
vezis3: checks 
amphii: bets $2.85
ptolejmus joins the table at seat #2 
pngsix: folds 
vezis3: calls $2.85
*** TURN *** [2h 2c Jh] [9s]
vezis3: checks 
amphii: bets $12.62
vezis3: calls $12.62
*** RIVER *** [2h 2c Jh 9s] [9h]
vezis3: checks 
amphii: bets $23.31 and is all-in
vezis3: calls $23.31
*** SHOW DOWN ***
amphii: shows [Th Qh] (a flush, Queen high)
vezis3: shows [Jd 5d] (two pair, Jacks and Nines)
amphii collected $88.56 from pot
*** SUMMARY ***
Total pot $89.56 | Rake $1 
Board [2h 2c Jh 9s 9h]
Seat 1: vezis3 (small blind) showed [Jd 5d] and lost with two pair, Jacks and Nines
Seat 3: amphii (big blind) showed [Th Qh] and won ($88.56) with a flush, Queen high
Seat 4: MaRKiToScoK folded before Flop (didn't bet)
Seat 6: pngsix (button) folded on the Flop



PokerStars Hand #254410978162:  Hold'em No Limit ($0.50/$1.00 USD) - 2025/01/17 6:35:35 WET [2025/01/17 1:35:35 ET]
Table 'Montague III' 6-max Seat #1 is the button
Seat 2: ptolejmus ($10 in chips) is sitting out
Seat 1: vezis3 ($100 in chips) 
Seat 3: amphii ($88.56 in chips) 
Seat 4: MaRKiToScoK ($102.50 in chips) 
Seat 6: pngsix ($31.54 in chips) 
amphii: posts small blind $0.50
MaRKiToScoK: posts big blind $1
*** HOLE CARDS ***
pngsix: folds 
vezis3: folds 
amphii: raises $2 to $3
MaRKiToScoK: calls $2
*** FLOP *** [8h Js 6h]
amphii: checks 
MaRKiToScoK: checks 
*** TURN *** [8h Js 6h] [9h]
amphii: checks 
MaRKiToScoK: checks 
*** RIVER *** [8h Js 6h 9h] [7h]
amphii: bets $1.42
MaRKiToScoK: calls $1.42
*** SHOW DOWN ***
amphii: shows [5c 4c] (a straight, Five to Nine)
MaRKiToScoK: shows [3c 5s] (a straight, Five to Nine)
amphii collected $4.20 from pot
MaRKiToScoK collected $4.20 from pot
*** SUMMARY ***
Total pot $8.84 | Rake $0.44 
Board [8h Js 6h 9h 7h]
Seat 2: ptolejmus
Seat 1: vezis3 (button) folded before Flop (didn't bet)
Seat 3: amphii (small blind) showed [5c 4c] and won ($4.20) with a straight, Five to Nine
Seat 4: MaRKiToScoK (big blind) showed [3c 5s] and won ($4.20) with a straight, Five to Nine
Seat 6: pngsix folded before Flop (didn't bet)



PokerStars Hand #254410982062:  Hold'em No Limit ($0.50/$1.00 USD) - 2025/01/17 6:36:29 WET [2025/01/17 1:36:29 ET]
Table 'Montague III' 6-max Seat #3 is the button
Seat 2: ptolejmus ($10 in chips) is sitting out
Seat 1: vezis3 ($100 in chips) 
Seat 3: amphii ($88.34 in chips) 
Seat 4: MaRKiToScoK ($102.28 in chips) 
Seat 6: pngsix ($31.54 in chips) 
MaRKiToScoK: posts small blind $0.50
pngsix: posts big blind $1
ptolejmus: sits out 
*** HOLE CARDS ***
vezis3: folds 
amphii: folds 
MaRKiToScoK: raises $1.50 to $2.50
pngsix: calls $1.50
*** FLOP *** [8d 4d Kh]
CashfishT joins the table at seat #5 
MaRKiToScoK: bets $1.57
pngsix: folds 
Uncalled bet ($1.57) returned to MaRKiToScoK
MaRKiToScoK collected $4.75 from pot
*** SUMMARY ***
Total pot $5 | Rake $0.25 
Board [8d 4d Kh]
Seat 2: ptolejmus
Seat 1: vezis3 folded before Flop (didn't bet)
Seat 3: amphii (button) folded before Flop (didn't bet)
Seat 4: MaRKiToScoK (small blind) collected ($4.75)
Seat 6: pngsix (big blind) folded on the Flop



PokerStars Hand #254410984244:  Hold'em No Limit ($0.50/$1.00 USD) - 2025/01/17 6:36:59 WET [2025/01/17 1:36:59 ET]
Table 'Montague III' 6-max Seat #4 is the button
Seat 2: ptolejmus ($10 in chips) is sitting out
Seat 5: CashfishT ($100 in chips) is sitting out
Seat 1: vezis3 ($100 in chips) 
Seat 3: amphii ($88.34 in chips) 
Seat 4: MaRKiToScoK ($104.53 in chips) 
Seat 6: pngsix ($29.04 in chips) 
pngsix: posts small blind $0.50
vezis3: posts big blind $1
ptolejmus: sits out 
*** HOLE CARDS ***
amphii: raises $1.30 to $2.30
MaRKiToScoK: folds 
pngsix: folds 
vezis3: folds 
Uncalled bet ($1.30) returned to amphii
amphii collected $2.50 from pot
amphii: doesn't show hand 
*** SUMMARY ***
Total pot $2.50 | Rake $0 
Seat 2: ptolejmus
Seat 5: CashfishT
Seat 1: vezis3 (big blind) folded before Flop
Seat 3: amphii collected ($2.50)
Seat 4: MaRKiToScoK (button) folded before Flop (didn't bet)
Seat 6: pngsix (small blind) folded before Flop



PokerStars Hand #254410986225:  Hold'em No Limit ($0.50/$1.00 USD) - 2025/01/17 6:37:26 WET [2025/01/17 1:37:26 ET]
Table 'Montague III' 6-max Seat #6 is the button
Seat 5: CashfishT ($100 in chips) is sitting out
Seat 1: vezis3 ($100 in chips) 
Seat 2: ptolejmus ($10 in chips) 
Seat 3: amphii ($89.84 in chips) 
Seat 4: MaRKiToScoK ($104.53 in chips) 
Seat 6: pngsix ($28.54 in chips) 
vezis3: posts small blind $0.50
ptolejmus: posts big blind $1
CashfishT: sits out 
*** HOLE CARDS ***
amphii: raises $1.30 to $2.30
MaRKiToScoK: folds 
pngsix: folds 
vezis3: folds 
ptolejmus: folds 
Uncalled bet ($1.30) returned to amphii
amphii collected $2.50 from pot
amphii: doesn't show hand 
*** SUMMARY ***
Total pot $2.50 | Rake $0 
Seat 5: CashfishT
Seat 1: vezis3 (small blind) folded before Flop
Seat 2: ptolejmus (big blind) folded before Flop
Seat 3: amphii collected ($2.50)
Seat 4: MaRKiToScoK folded before Flop (didn't bet)
Seat 6: pngsix (button) folded before Flop (didn't bet)



PokerStars Hand #254410987809:  Hold'em No Limit ($0.50/$1.00 USD) - 2025/01/17 6:37:48 WET [2025/01/17 1:37:48 ET]
Table 'Montague III' 6-max Seat #1 is the button
Seat 5: CashfishT ($100 in chips) is sitting out
Seat 1: vezis3 ($100 in chips) 
Seat 2: ptolejmus ($10 in chips) 
Seat 4: MaRKiToScoK ($104.53 in chips) 
Seat 6: pngsix ($28.54 in chips) 
ptolejmus: posts small blind $0.50
MaRKiToScoK: posts big blind $1
CashfishT: sits out 
*** HOLE CARDS ***
pngsix: folds 
vezis3: folds 
ptolejmus: folds 
Uncalled bet ($0.50) returned to MaRKiToScoK
MaRKiToScoK collected $1 from pot
*** SUMMARY ***
Total pot $1 | Rake $0 
Seat 5: CashfishT
Seat 1: vezis3 (button) folded before Flop (didn't bet)
Seat 2: ptolejmus (small blind) folded before Flop
Seat 4: MaRKiToScoK (big blind) collected ($1)
Seat 6: pngsix folded before Flop (didn't bet)



PokerStars Hand #254410988974:  Hold'em No Limit ($0.50/$1.00 USD) - 2025/01/17 6:38:05 WET [2025/01/17 1:38:05 ET]
Table 'Montague III' 6-max Seat #2 is the button
Seat 1: vezis3 ($100 in chips) 
Seat 2: ptolejmus ($10 in chips) 
Seat 4: MaRKiToScoK ($105.03 in chips) 
Seat 5: CashfishT ($100 in chips) 
Seat 6: pngsix ($28.54 in chips) 
MaRKiToScoK: posts small blind $0.50
CashfishT: posts big blind $1
*** HOLE CARDS ***
pngsix: folds 
vezis3: folds 
ptolejmus: raises $9 to $10 and is all-in
MaRKiToScoK: folds 
CashfishT: folds 
Uncalled bet ($9) returned to ptolejmus
ptolejmus collected $2.50 from pot
*** SUMMARY ***
Total pot $2.50 | Rake $0 
Seat 1: vezis3 folded before Flop (didn't bet)
Seat 2: ptolejmus (button) collected ($2.50)
Seat 4: MaRKiToScoK (small blind) folded before Flop
Seat 5: CashfishT (big blind) folded before Flop
Seat 6: pngsix folded before Flop (didn't bet)



PokerStars Hand #254410990314:  Hold'em No Limit ($0.50/$1.00 USD) - 2025/01/17 6:38:23 WET [2025/01/17 1:38:23 ET]
Table 'Montague III' 6-max Seat #4 is the button
Seat 1: vezis3 ($100 in chips) 
Seat 2: ptolejmus ($11.50 in chips) 
Seat 4: MaRKiToScoK ($104.53 in chips) 
Seat 5: CashfishT ($100 in chips) 
Seat 6: pngsix ($28.54 in chips) 
CashfishT: posts small blind $0.50
pngsix: posts big blind $1
*** HOLE CARDS ***
vezis3: raises $1 to $2
ptolejmus: folds 
MaRKiToScoK: calls $2
CashfishT: folds 
pngsix: folds 
*** FLOP *** [2s Qh Td]
vezis3: checks 
MaRKiToScoK: bets $1.72
vezis3: calls $1.72
*** TURN *** [2s Qh Td] [Ac]
vezis3: checks 
MaRKiToScoK: bets $12.73
vezis3: calls $12.73
*** RIVER *** [2s Qh Td Ac] [7s]
vezis3: checks 
MaRKiToScoK: checks 
*** SHOW DOWN ***
vezis3: shows [Js Jc] (a pair of Jacks)
MaRKiToScoK: mucks hand 
vezis3 collected $32.68 from pot
*** SUMMARY ***
Total pot $34.40 | Rake $1.72 
Board [2s Qh Td Ac 7s]
Seat 1: vezis3 showed [Js Jc] and won ($32.68) with a pair of Jacks
Seat 2: ptolejmus folded before Flop (didn't bet)
Seat 4: MaRKiToScoK (button) mucked
Seat 5: CashfishT (small blind) folded before Flop
Seat 6: pngsix (big blind) folded before Flop



PokerStars Hand #254410992980:  Hold'em No Limit ($0.50/$1.00 USD) - 2025/01/17 6:39:00 WET [2025/01/17 1:39:00 ET]
Table 'Montague III' 6-max Seat #5 is the button
Seat 1: vezis3 ($116.23 in chips) 
Seat 2: ptolejmus ($11.50 in chips) 
Seat 4: MaRKiToScoK ($100 in chips) 
Seat 5: CashfishT ($100 in chips) 
Seat 6: pngsix ($27.54 in chips) 
pngsix: posts small blind $0.50
vezis3: posts big blind $1
*** HOLE CARDS ***
ptolejmus: folds 
MaRKiToScoK: folds 
CashfishT: raises $1.20 to $2.20
pngsix: calls $1.70
vezis3: folds 
*** FLOP *** [Ah Jd Jh]
pngsix: checks 
CashfishT: checks 
*** TURN *** [Ah Jd Jh] [2d]
pngsix: bets $1
CashfishT: raises $5.35 to $6.35
pngsix: calls $5.35
*** RIVER *** [Ah Jd Jh 2d] [7d]
pngsix: checks 
CashfishT: bets $8.60
pngsix: calls $8.60
*** SHOW DOWN ***
CashfishT: shows [6d Qd] (a flush, Queen high)
pngsix: mucks hand 
CashfishT collected $33.54 from pot
*** SUMMARY ***
Total pot $35.30 | Rake $1.76 
Board [Ah Jd Jh 2d 7d]
Seat 1: vezis3 (big blind) folded before Flop
Seat 2: ptolejmus folded before Flop (didn't bet)
Seat 4: MaRKiToScoK folded before Flop (didn't bet)
Seat 5: CashfishT (button) showed [6d Qd] and won ($33.54) with a flush, Queen high
Seat 6: pngsix (small blind) mucked



PokerStars Hand #254410997402:  Hold'em No Limit ($0.50/$1.00 USD) - 2025/01/17 6:39:59 WET [2025/01/17 1:39:59 ET]
Table 'Montague III' 6-max Seat #6 is the button
Seat 1: vezis3 ($115.23 in chips) 
Seat 2: ptolejmus ($11.50 in chips) 
Seat 4: MaRKiToScoK ($100 in chips) 
Seat 5: CashfishT ($116.39 in chips) 
Seat 6: pngsix ($10.39 in chips) 
vezis3: posts small blind $0.50
ptolejmus: posts big blind $1
*** HOLE CARDS ***
MaRKiToScoK: folds 
CashfishT: folds 
pngsix: calls $1
vezis3: folds 
ptolejmus: checks 
*** FLOP *** [7c Qd 9s]
ptolejmus: checks 
pngsix: checks 
*** TURN *** [7c Qd 9s] [5c]
ptolejmus: checks 
pngsix: checks 
*** RIVER *** [7c Qd 9s 5c] [6h]
ptolejmus: bets $1
pngsix: folds 
Uncalled bet ($1) returned to ptolejmus
ptolejmus collected $2.38 from pot
*** SUMMARY ***
Total pot $2.50 | Rake $0.12 
Board [7c Qd 9s 5c 6h]
Seat 1: vezis3 (small blind) folded before Flop
Seat 2: ptolejmus (big blind) collected ($2.38)
Seat 4: MaRKiToScoK folded before Flop (didn't bet)
Seat 5: CashfishT folded before Flop (didn't bet)
Seat 6: pngsix (button) folded on the River



PokerStars Hand #254411000148:  Hold'em No Limit ($0.50/$1.00 USD) - 2025/01/17 6:40:36 WET [2025/01/17 1:40:36 ET]
Table 'Montague III' 6-max Seat #1 is the button
Seat 1: vezis3 ($114.73 in chips) 
Seat 2: ptolejmus ($12.88 in chips) 
Seat 4: MaRKiToScoK ($100 in chips) 
Seat 5: CashfishT ($116.39 in chips) 
Seat 6: pngsix ($9.39 in chips) 
ptolejmus: posts small blind $0.50
MaRKiToScoK: posts big blind $1
*** HOLE CARDS ***
CashfishT: folds 
pngsix: folds 
vezis3: folds 
ptolejmus: raises $1 to $2
MaRKiToScoK: calls $1
*** FLOP *** [6h Ad 5s]
ptolejmus: bets $1.94
MaRKiToScoK: folds 
Uncalled bet ($1.94) returned to ptolejmus
ptolejmus collected $3.80 from pot
*** SUMMARY ***
Total pot $4 | Rake $0.20 
Board [6h Ad 5s]
Seat 1: vezis3 (button) folded before Flop (didn't bet)
Seat 2: ptolejmus (small blind) collected ($3.80)
Seat 4: MaRKiToScoK (big blind) folded on the Flop
Seat 5: CashfishT folded before Flop (didn't bet)
Seat 6: pngsix folded before Flop (didn't bet)



PokerStars Hand #254411003060:  Hold'em No Limit ($0.50/$1.00 USD) - 2025/01/17 6:41:15 WET [2025/01/17 1:41:15 ET]
Table 'Montague III' 6-max Seat #2 is the button
Seat 1: vezis3 ($114.73 in chips) 
Seat 2: ptolejmus ($14.68 in chips) 
Seat 4: MaRKiToScoK ($100 in chips) 
Seat 5: CashfishT ($116.39 in chips) 
Seat 6: pngsix ($9.39 in chips) 
MaRKiToScoK: posts small blind $0.50
CashfishT: posts big blind $1
*** HOLE CARDS ***
pngsix: calls $1
vezis3: raises $3 to $4
ptolejmus: folds 
MaRKiToScoK: calls $3.50
CashfishT: folds 
pngsix: raises $5 to $9
vezis3: raises $13 to $22
MaRKiToScoK: folds 
pngsix: calls $0.39 and is all-in
Uncalled bet ($12.61) returned to vezis3
*** FLOP *** [3c 9c 7c]
*** TURN *** [3c 9c 7c] [5s]
*** RIVER *** [3c 9c 7c 5s] [4c]
*** SHOW DOWN ***
pngsix: shows [Qs Tc] (a flush, Ten high)
vezis3: shows [Ah 7h] (a pair of Sevens)
pngsix collected $22.59 from pot
*** SUMMARY ***
Total pot $23.78 | Rake $1.19 
Board [3c 9c 7c 5s 4c]
Seat 1: vezis3 showed [Ah 7h] and lost with a pair of Sevens
Seat 2: ptolejmus (button) folded before Flop (didn't bet)
Seat 4: MaRKiToScoK (small blind) folded before Flop
Seat 5: CashfishT (big blind) folded before Flop
Seat 6: pngsix showed [Qs Tc] and won ($22.59) with a flush, Ten high



PokerStars Hand #254411005904:  Hold'em No Limit ($0.50/$1.00 USD) - 2025/01/17 6:41:54 WET [2025/01/17 1:41:54 ET]
Table 'Montague III' 6-max Seat #4 is the button
Seat 1: vezis3 ($105.34 in chips) 
Seat 2: ptolejmus ($14.68 in chips) 
Seat 4: MaRKiToScoK ($100 in chips) 
Seat 5: CashfishT ($115.39 in chips) 
Seat 6: pngsix ($22.59 in chips) 
CashfishT: posts small blind $0.50
pngsix: posts big blind $1
*** HOLE CARDS ***
vezis3: folds 
ptolejmus: raises $1 to $2
MaRKiToScoK: raises $5.50 to $7.50
CashfishT: folds 
pngsix: folds 
ptolejmus: raises $7.18 to $14.68 and is all-in
MaRKiToScoK: calls $7.18
p0pa4poker joins the table at seat #3 
*** FLOP *** [4h 5h Qd]
*** TURN *** [4h 5h Qd] [8d]
*** RIVER *** [4h 5h Qd 8d] [9h]
*** SHOW DOWN ***
ptolejmus: shows [Kc Ks] (a pair of Kings)
MaRKiToScoK: shows [Jh Jd] (a pair of Jacks)
ptolejmus collected $29.32 from pot
*** SUMMARY ***
Total pot $30.86 | Rake $1.54 
Board [4h 5h Qd 8d 9h]
Seat 1: vezis3 folded before Flop (didn't bet)
Seat 2: ptolejmus showed [Kc Ks] and won ($29.32) with a pair of Kings
Seat 4: MaRKiToScoK (button) showed [Jh Jd] and lost with a pair of Jacks
Seat 5: CashfishT (small blind) folded before Flop
Seat 6: pngsix (big blind) folded before Flop



PokerStars Hand #254411008534:  Hold'em No Limit ($0.50/$1.00 USD) - 2025/01/17 6:42:31 WET [2025/01/17 1:42:31 ET]
Table 'Montague III' 6-max Seat #5 is the button
Seat 3: p0pa4poker ($90.88 in chips) is sitting out
Seat 1: vezis3 ($105.34 in chips) 
Seat 2: ptolejmus ($29.32 in chips) 
Seat 4: MaRKiToScoK ($100 in chips) 
Seat 5: CashfishT ($114.89 in chips) 
Seat 6: pngsix ($21.59 in chips) 
pngsix: posts small blind $0.50
vezis3: posts big blind $1
p0pa4poker: sits out 
*** HOLE CARDS ***
ptolejmus: folds 
MaRKiToScoK: folds 
CashfishT: raises $1.20 to $2.20
ptolejmus leaves the table
pngsix: calls $1.70
p0pa4poker leaves the table
vezis3: calls $1.20
*** FLOP *** [Qs Qd 3d]
pngsix: checks 
vezis3: checks 
CashfishT: bets $2.07
pngsix: folds 
vezis3: folds 
Uncalled bet ($2.07) returned to CashfishT
CashfishT collected $6.27 from pot
CashfishT: doesn't show hand 
*** SUMMARY ***
Total pot $6.60 | Rake $0.33 
Board [Qs Qd 3d]
Seat 3: p0pa4poker
Seat 1: vezis3 (big blind) folded on the Flop
Seat 2: ptolejmus folded before Flop (didn't bet)
Seat 4: MaRKiToScoK folded before Flop (didn't bet)
Seat 5: CashfishT (button) collected ($6.27)
Seat 6: pngsix (small blind) folded on the Flop



PokerStars Hand #254411011637:  Hold'em No Limit ($0.50/$1.00 USD) - 2025/01/17 6:43:14 WET [2025/01/17 1:43:14 ET]
Table 'Montague III' 6-max Seat #6 is the button
Seat 1: vezis3 ($103.14 in chips) 
Seat 4: MaRKiToScoK ($100 in chips) 
Seat 5: CashfishT ($118.96 in chips) 
Seat 6: pngsix ($19.39 in chips) 
vezis3: posts small blind $0.50
MaRKiToScoK: posts big blind $1
*** HOLE CARDS ***
CashfishT: folds 
pngsix: calls $1
vezis3: folds 
MaRKiToScoK: raises $8 to $9
pngsix: folds 
Uncalled bet ($8) returned to MaRKiToScoK
MaRKiToScoK collected $2.50 from pot
*** SUMMARY ***
Total pot $2.50 | Rake $0 
Seat 1: vezis3 (small blind) folded before Flop
Seat 4: MaRKiToScoK (big blind) collected ($2.50)
Seat 5: CashfishT folded before Flop (didn't bet)
Seat 6: pngsix (button) folded before Flop



PokerStars Hand #254411012909:  Hold'em No Limit ($0.50/$1.00 USD) - 2025/01/17 6:43:32 WET [2025/01/17 1:43:32 ET]
Table 'Montague III' 6-max Seat #1 is the button
Seat 1: vezis3 ($102.64 in chips) 
Seat 4: MaRKiToScoK ($101.50 in chips) 
Seat 5: CashfishT ($118.96 in chips) 
Seat 6: pngsix ($18.39 in chips) 
MaRKiToScoK: posts small blind $0.50
CashfishT: posts big blind $1
*** HOLE CARDS ***
pngsix: folds 
vezis3: raises $1.40 to $2.40
MaRKiToScoK: folds 
CashfishT: folds 
Uncalled bet ($1.40) returned to vezis3
vezis3 collected $2.50 from pot
vezis3: doesn't show hand 
*** SUMMARY ***
Total pot $2.50 | Rake $0 
Seat 1: vezis3 (button) collected ($2.50)
Seat 4: MaRKiToScoK (small blind) folded before Flop
Seat 5: CashfishT (big blind) folded before Flop
Seat 6: pngsix folded before Flop (didn't bet)



PokerStars Hand #254411020461:  Hold'em No Limit ($0.50/$1.00 USD) - 2025/01/17 6:45:15 WET [2025/01/17 1:45:15 ET]
Table 'Montague III' 6-max Seat #1 is the button
Seat 1: vezis3 ($101.44 in chips) 
Seat 2: steepfell ($100 in chips) 
Seat 3: sekoo1 ($29.50 in chips) 
Seat 4: MaRKiToScoK ($101 in chips) 
Seat 5: CashfishT ($127.34 in chips) 
Seat 6: pngsix ($16.89 in chips) 
steepfell: posts small blind $0.50
sekoo1: posts big blind $1
*** HOLE CARDS ***
MaRKiToScoK: folds 
CashfishT: raises $1.20 to $2.20
pngsix: calls $2.20
vezis3: folds 
steepfell: raises $10.80 to $13
sekoo1: folds 
CashfishT: folds 
pngsix: raises $3.89 to $16.89 and is all-in
steepfell: calls $3.89
*** FLOP *** [2c Qs 8h]
*** TURN *** [2c Qs 8h] [4h]
*** RIVER *** [2c Qs 8h 4h] [6d]
*** SHOW DOWN ***
steepfell: shows [Js Ac] (high card Ace)
pngsix: shows [Jd Ts] (high card Queen)
steepfell collected $35.13 from pot
*** SUMMARY ***
Total pot $36.98 | Rake $1.85 
Board [2c Qs 8h 4h 6d]
Seat 1: vezis3 (button) folded before Flop (didn't bet)
Seat 2: steepfell (small blind) showed [Js Ac] and won ($35.13) with high card Ace
Seat 3: sekoo1 (big blind) folded before Flop
Seat 4: MaRKiToScoK folded before Flop (didn't bet)
Seat 5: CashfishT folded before Flop
Seat 6: pngsix showed [Jd Ts] and lost with high card Queen



PokerStars Hand #254411023385:  Hold'em No Limit ($0.50/$1.00 USD) - 2025/01/17 6:45:56 WET [2025/01/17 1:45:56 ET]
Table 'Montague III' 6-max Seat #2 is the button
Seat 6: pngsix ($0 in chips) is sitting out
Seat 1: vezis3 ($101.44 in chips) 
Seat 2: steepfell ($118.24 in chips) 
Seat 3: sekoo1 ($28.50 in chips) 
Seat 4: MaRKiToScoK ($101 in chips) 
Seat 5: CashfishT ($125.14 in chips) 
sekoo1: posts small blind $0.50
MaRKiToScoK: posts big blind $1
*** HOLE CARDS ***
CashfishT: folds 
vezis3: folds 
steepfell: raises $1.50 to $2.50
sekoo1: folds 
MaRKiToScoK: folds 
Uncalled bet ($1.50) returned to steepfell
steepfell collected $2.50 from pot
steepfell: doesn't show hand 
*** SUMMARY ***
Total pot $2.50 | Rake $0 
Seat 6: pngsix
Seat 1: vezis3 folded before Flop (didn't bet)
Seat 2: steepfell (button) collected ($2.50)
Seat 3: sekoo1 (small blind) folded before Flop
Seat 4: MaRKiToScoK (big blind) folded before Flop
Seat 5: CashfishT folded before Flop (didn't bet)



PokerStars Hand #254411026903:  Hold'em No Limit ($0.50/$1.00 USD) - 2025/01/17 6:46:44 WET [2025/01/17 1:46:44 ET]
Table 'Montague III' 6-max Seat #3 is the button
Seat 6: pngsix ($0 in chips) is sitting out
Seat 1: vezis3 ($101.44 in chips) 
Seat 2: steepfell ($119.74 in chips) 
Seat 3: sekoo1 ($28 in chips) 
Seat 4: MaRKiToScoK ($100 in chips) 
Seat 5: CashfishT ($125.14 in chips) 
MaRKiToScoK: posts small blind $0.50
CashfishT: posts big blind $1
*** HOLE CARDS ***
vezis3 has timed out
vezis3: folds 
steepfell: folds 
sekoo1: calls $1
MaRKiToScoK: raises $3.50 to $4.50
CashfishT: folds 
sekoo1: calls $3.50
*** FLOP *** [3h 5s 8c]
MaRKiToScoK: bets $3.14
sekoo1: folds 
Uncalled bet ($3.14) returned to MaRKiToScoK
MaRKiToScoK collected $9.50 from pot
*** SUMMARY ***
Total pot $10 | Rake $0.50 
Board [3h 5s 8c]
Seat 6: pngsix
Seat 1: vezis3 folded before Flop (didn't bet)
Seat 2: steepfell folded before Flop (didn't bet)
Seat 3: sekoo1 (button) folded on the Flop
Seat 4: MaRKiToScoK (small blind) collected ($9.50)
Seat 5: CashfishT (big blind) folded before Flop



PokerStars Hand #254411031660:  Hold'em No Limit ($0.50/$1.00 USD) - 2025/01/17 6:47:48 WET [2025/01/17 1:47:48 ET]
Table 'Montague III' 6-max Seat #4 is the button
Seat 6: pngsix ($0 in chips) is sitting out
Seat 1: vezis3 ($101.44 in chips) 
Seat 2: steepfell ($119.74 in chips) 
Seat 3: sekoo1 ($23.50 in chips) 
Seat 4: MaRKiToScoK ($105 in chips) 
Seat 5: CashfishT ($124.14 in chips) 
CashfishT: posts small blind $0.50
vezis3: posts big blind $1
*** HOLE CARDS ***
steepfell: folds 
sekoo1: folds 
MaRKiToScoK: folds 
CashfishT: folds 
Uncalled bet ($0.50) returned to vezis3
vezis3 collected $1 from pot
vezis3: doesn't show hand 
*** SUMMARY ***
Total pot $1 | Rake $0 
Seat 6: pngsix
Seat 1: vezis3 (big blind) collected ($1)
Seat 2: steepfell folded before Flop (didn't bet)
Seat 3: sekoo1 folded before Flop (didn't bet)
Seat 4: MaRKiToScoK (button) folded before Flop (didn't bet)
Seat 5: CashfishT (small blind) folded before Flop



PokerStars Hand #254411032626:  Hold'em No Limit ($0.50/$1.00 USD) - 2025/01/17 6:48:00 WET [2025/01/17 1:48:00 ET]
Table 'Montague III' 6-max Seat #5 is the button
Seat 6: pngsix ($0 in chips) is sitting out
Seat 1: vezis3 ($101.94 in chips) 
Seat 2: steepfell ($119.74 in chips) 
Seat 3: sekoo1 ($23.50 in chips) 
Seat 4: MaRKiToScoK ($105 in chips) 
Seat 5: CashfishT ($123.64 in chips) 
vezis3: posts small blind $0.50
steepfell: posts big blind $1
*** HOLE CARDS ***
sekoo1: folds 
MaRKiToScoK: folds 
CashfishT: folds 
vezis3: raises $2 to $3
steepfell: calls $2
*** FLOP *** [9c 9s Kd]
vezis3: checks 
steepfell: checks 
*** TURN *** [9c 9s Kd] [Js]
vezis3: checks 
steepfell: checks 
*** RIVER *** [9c 9s Kd Js] [7d]
pngsix leaves the table
vezis3: bets $4.39
steepfell: folds 
Uncalled bet ($4.39) returned to vezis3
vezis3 collected $5.70 from pot
vezis3: doesn't show hand 
*** SUMMARY ***
Total pot $6 | Rake $0.30 
Board [9c 9s Kd Js 7d]
Seat 6: pngsix
Seat 1: vezis3 (small blind) collected ($5.70)
Seat 2: steepfell (big blind) folded on the River
Seat 3: sekoo1 folded before Flop (didn't bet)
Seat 4: MaRKiToScoK folded before Flop (didn't bet)
Seat 5: CashfishT (button) folded before Flop (didn't bet)



PokerStars Hand #254411036046:  Hold'em No Limit ($0.50/$1.00 USD) - 2025/01/17 6:48:48 WET [2025/01/17 1:48:48 ET]
Table 'Montague III' 6-max Seat #1 is the button
Seat 1: vezis3 ($104.64 in chips) 
Seat 2: steepfell ($116.74 in chips) 
Seat 3: sekoo1 ($23.50 in chips) 
Seat 4: MaRKiToScoK ($105 in chips) 
Seat 5: CashfishT ($123.64 in chips) 
steepfell: posts small blind $0.50
sekoo1: posts big blind $1
*** HOLE CARDS ***
MaRKiToScoK: folds 
peak joker33 joins the table at seat #6 
CashfishT: folds 
vezis3: raises $1.40 to $2.40
steepfell: folds 
sekoo1: calls $1.40
*** FLOP *** [7d 2s 8d]
sekoo1: checks 
vezis3: bets $2.12
sekoo1: raises $2.12 to $4.24
vezis3: raises $20.76 to $25
sekoo1: calls $16.86 and is all-in
Uncalled bet ($3.90) returned to vezis3
*** TURN *** [7d 2s 8d] [6d]
*** RIVER *** [7d 2s 8d 6d] [Ks]
*** SHOW DOWN ***
sekoo1: shows [Kh 7s] (two pair, Kings and Sevens)
vezis3: shows [Tc Jd] (high card King)
sekoo1 collected $45.12 from pot
*** SUMMARY ***
Total pot $47.50 | Rake $2.38 
Board [7d 2s 8d 6d Ks]
Seat 1: vezis3 (button) showed [Tc Jd] and lost with high card King
Seat 2: steepfell (small blind) folded before Flop
Seat 3: sekoo1 (big blind) showed [Kh 7s] and won ($45.12) with two pair, Kings and Sevens
Seat 4: MaRKiToScoK folded before Flop (didn't bet)
Seat 5: CashfishT folded before Flop (didn't bet)



PokerStars Hand #254411038922:  Hold'em No Limit ($0.50/$1.00 USD) - 2025/01/17 6:49:27 WET [2025/01/17 1:49:27 ET]
Table 'Montague III' 6-max Seat #2 is the button
Seat 6: peak joker33 ($100 in chips) is sitting out
Seat 1: vezis3 ($100 in chips) 
Seat 2: steepfell ($116.24 in chips) 
Seat 3: sekoo1 ($45.12 in chips) 
Seat 4: MaRKiToScoK ($105 in chips) 
Seat 5: CashfishT ($123.64 in chips) 
sekoo1: posts small blind $0.50
MaRKiToScoK: posts big blind $1
peak joker33: sits out 
*** HOLE CARDS ***
CashfishT: raises $1.20 to $2.20
vezis3: folds 
steepfell: folds 
sekoo1: calls $1.70
MaRKiToScoK: calls $1.20
*** FLOP *** [Kh 8c 5s]
sekoo1: checks 
MaRKiToScoK: checks 
CashfishT: bets $4.70
sekoo1: raises $4.70 to $9.40
MaRKiToScoK: folds 
CashfishT: calls $4.70
*** TURN *** [Kh 8c 5s] [7d]
sekoo1: checks 
CashfishT: bets $7.96
sekoo1: raises $8.96 to $16.92
CashfishT: calls $8.96
*** RIVER *** [Kh 8c 5s 7d] [3d]
sekoo1: bets $16.60 and is all-in
CashfishT: calls $16.60
*** SHOW DOWN ***
sekoo1: shows [7c Ks] (two pair, Kings and Sevens)
CashfishT: shows [Qc Kd] (a pair of Kings)
sekoo1 collected $89.94 from pot
*** SUMMARY ***
Total pot $92.44 | Rake $2.50 
Board [Kh 8c 5s 7d 3d]
Seat 6: peak joker33
Seat 1: vezis3 folded before Flop (didn't bet)
Seat 2: steepfell (button) folded before Flop (didn't bet)
Seat 3: sekoo1 (small blind) showed [7c Ks] and won ($89.94) with two pair, Kings and Sevens
Seat 4: MaRKiToScoK (big blind) folded on the Flop
Seat 5: CashfishT showed [Qc Kd] and lost with a pair of Kings



PokerStars Hand #254411044010:  Hold'em No Limit ($0.50/$1.00 USD) - 2025/01/17 6:50:37 WET [2025/01/17 1:50:37 ET]
Table 'Montague III' 6-max Seat #3 is the button
Seat 6: peak joker33 ($100 in chips) is sitting out
Seat 1: vezis3 ($100 in chips) 
Seat 2: steepfell ($116.24 in chips) 
Seat 3: sekoo1 ($89.94 in chips) 
Seat 4: MaRKiToScoK ($102.80 in chips) 
Seat 5: CashfishT ($100 in chips) 
MaRKiToScoK: posts small blind $0.50
CashfishT: posts big blind $1
peak joker33: sits out 
*** HOLE CARDS ***
vezis3: folds 
steepfell: folds 
sekoo1: calls $1
MaRKiToScoK: folds 
CashfishT: checks 
*** FLOP *** [8d 9s 5d]
CashfishT: checks 
sekoo1: bets $2.38
CashfishT: folds 
Uncalled bet ($2.38) returned to sekoo1
sekoo1 collected $2.38 from pot
*** SUMMARY ***
Total pot $2.50 | Rake $0.12 
Board [8d 9s 5d]
Seat 6: peak joker33
Seat 1: vezis3 folded before Flop (didn't bet)
Seat 2: steepfell folded before Flop (didn't bet)
Seat 3: sekoo1 (button) collected ($2.38)
Seat 4: MaRKiToScoK (small blind) folded before Flop
Seat 5: CashfishT (big blind) folded on the Flop



PokerStars Hand #254411045489:  Hold'em No Limit ($0.50/$1.00 USD) - 2025/01/17 6:50:57 WET [2025/01/17 1:50:57 ET]
Table 'Montague III' 6-max Seat #4 is the button
Seat 1: vezis3 ($100 in chips) 
Seat 2: steepfell ($116.24 in chips) 
Seat 3: sekoo1 ($91.32 in chips) 
Seat 4: MaRKiToScoK ($102.30 in chips) 
Seat 5: CashfishT ($100 in chips) 
Seat 6: peak joker33 ($100 in chips) 
CashfishT: posts small blind $0.50
peak joker33: posts big blind $1
*** HOLE CARDS ***
vezis3: raises $1 to $2
steepfell: folds 
sekoo1: folds 
MaRKiToScoK: raises $5.50 to $7.50
CashfishT: folds 
peak joker33: folds 
vezis3: raises $14.50 to $22
MaRKiToScoK: calls $14.50
*** FLOP *** [7h Ac 4h]
sekoo1 leaves the table
vezis3: bets $18.15
MaRKiToScoK: calls $18.15
*** TURN *** [7h Ac 4h] [8s]
vezis3: checks 
MaRKiToScoK: checks 
*** RIVER *** [7h Ac 4h 8s] [Ah]
vezis3: bets $59.85 and is all-in
MaRKiToScoK: calls $59.85
*** SHOW DOWN ***
vezis3: shows [Jc Qc] (a pair of Aces)
MaRKiToScoK: shows [As Ad] (four of a kind, Aces)
MaRKiToScoK collected $199 from pot
*** SUMMARY ***
Total pot $201.50 | Rake $2.50 
Board [7h Ac 4h 8s Ah]
Seat 1: vezis3 showed [Jc Qc] and lost with a pair of Aces
Seat 2: steepfell folded before Flop (didn't bet)
Seat 3: sekoo1 folded before Flop (didn't bet)
Seat 4: MaRKiToScoK (button) showed [As Ad] and won ($199) with four of a kind, Aces
Seat 5: CashfishT (small blind) folded before Flop
Seat 6: peak joker33 (big blind) folded before Flop



PokerStars Hand #254411049696:  Hold'em No Limit ($0.50/$1.00 USD) - 2025/01/17 6:51:54 WET [2025/01/17 1:51:54 ET]
Table 'Montague III' 6-max Seat #5 is the button
Seat 1: vezis3 ($100 in chips) is sitting out
Seat 2: steepfell ($116.24 in chips) 
Seat 4: MaRKiToScoK ($201.30 in chips) 
Seat 5: CashfishT ($100 in chips) 
Seat 6: peak joker33 ($100 in chips) 
peak joker33: posts small blind $0.50
vezis3: is sitting out 
steepfell: posts big blind $1
*** HOLE CARDS ***
vezis3 leaves the table
MaRKiToScoK: folds 
CashfishT: folds 
peak joker33: folds 
Uncalled bet ($0.50) returned to steepfell
steepfell collected $1 from pot
steepfell: doesn't show hand 
*** SUMMARY ***
Total pot $1 | Rake $0 
Seat 1: vezis3
Seat 2: steepfell (big blind) collected ($1)
Seat 4: MaRKiToScoK folded before Flop (didn't bet)
Seat 5: CashfishT (button) folded before Flop (didn't bet)
Seat 6: peak joker33 (small blind) folded before Flop



