PokerStars Hand #254409836088:  Hold'em No Limit ($0.50/$1.00 USD) - 2025/01/17 3:17:08 WET [2025/01/16 22:17:08 ET]
Table 'Haltia III' 6-max Seat #1 is the button
Seat 1: steelNike ($99 in chips) 
Seat 2: Rysiff ($122.07 in chips) 
Seat 3: mironchikvld ($102.94 in chips) 
Seat 4: Manifestorr ($123.13 in chips) 
Seat 5: lukazs2 ($426.10 in chips) 
Seat 6: steepfell ($102.07 in chips) 
Rysiff: posts small blind $0.50
mironchikvld: posts big blind $1
*** HOLE CARDS ***
Manifestorr: folds 
lukazs2: folds 
steepfell: raises $1.50 to $2.50
steelNike: folds 
Rysiff: folds 
mironchikvld: folds 
Uncalled bet ($1.50) returned to steepfell
steepfell collected $2.50 from pot
steepfell: doesn't show hand 
*** SUMMARY ***
Total pot $2.50 | Rake $0 
Seat 1: steelNike (button) folded before Flop (didn't bet)
Seat 2: Rysiff (small blind) folded before Flop
Seat 3: mironchikvld (big blind) folded before Flop
Seat 4: Manifestorr folded before Flop (didn't bet)
Seat 5: lukazs2 folded before Flop (didn't bet)
Seat 6: steepfell collected ($2.50)



PokerStars Hand #254409838003:  Hold'em No Limit ($0.50/$1.00 USD) - 2025/01/17 3:17:23 WET [2025/01/16 22:17:23 ET]
Table 'Haltia III' 6-max Seat #2 is the button
Seat 1: steelNike ($99 in chips) 
Seat 2: Rysiff ($121.57 in chips) 
Seat 3: mironchikvld ($101.94 in chips) 
Seat 4: Manifestorr ($123.13 in chips) 
Seat 5: lukazs2 ($426.10 in chips) 
Seat 6: steepfell ($103.57 in chips) 
mironchikvld: posts small blind $0.50
Manifestorr: posts big blind $1
*** HOLE CARDS ***
lukazs2: calls $1
steepfell: folds 
steelNike: folds 
Rysiff: folds 
mironchikvld: folds 
Manifestorr: checks 
*** FLOP *** [Th 5c Jh]
Manifestorr: checks 
lukazs2: bets $2.38
Manifestorr: folds 
Uncalled bet ($2.38) returned to lukazs2
lukazs2 collected $2.38 from pot
*** SUMMARY ***
Total pot $2.50 | Rake $0.12 
Board [Th 5c Jh]
Seat 1: steelNike folded before Flop (didn't bet)
Seat 2: Rysiff (button) folded before Flop (didn't bet)
Seat 3: mironchikvld (small blind) folded before Flop
Seat 4: Manifestorr (big blind) folded on the Flop
Seat 5: lukazs2 collected ($2.38)
Seat 6: steepfell folded before Flop (didn't bet)



PokerStars Hand #254409840906:  Hold'em No Limit ($0.50/$1.00 USD) - 2025/01/17 3:17:45 WET [2025/01/16 22:17:45 ET]
Table 'Haltia III' 6-max Seat #3 is the button
Seat 1: steelNike ($99 in chips) 
Seat 2: Rysiff ($121.57 in chips) 
Seat 3: mironchikvld ($101.44 in chips) 
Seat 4: Manifestorr ($122.13 in chips) 
Seat 5: lukazs2 ($427.48 in chips) 
Seat 6: steepfell ($103.57 in chips) 
Manifestorr: posts small blind $0.50
lukazs2: posts big blind $1
*** HOLE CARDS ***
steepfell: folds 
steelNike: folds 
Rysiff: folds 
mironchikvld: raises $2 to $3
Manifestorr: folds 
lukazs2: calls $2
*** FLOP *** [2s 3s Kc]
lukazs2: checks 
mironchikvld: bets $2.04
lukazs2: folds 
Uncalled bet ($2.04) returned to mironchikvld
mironchikvld collected $6.18 from pot
mironchikvld: doesn't show hand 
*** SUMMARY ***
Total pot $6.50 | Rake $0.32 
Board [2s 3s Kc]
Seat 1: steelNike folded before Flop (didn't bet)
Seat 2: Rysiff folded before Flop (didn't bet)
Seat 3: mironchikvld (button) collected ($6.18)
Seat 4: Manifestorr (small blind) folded before Flop
Seat 5: lukazs2 (big blind) folded on the Flop
Seat 6: steepfell folded before Flop (didn't bet)



PokerStars Hand #254409847098:  Hold'em No Limit ($0.50/$1.00 USD) - 2025/01/17 3:18:32 WET [2025/01/16 22:18:32 ET]
Table 'Haltia III' 6-max Seat #4 is the button
Seat 1: steelNike ($99 in chips) 
Seat 2: Rysiff ($121.57 in chips) 
Seat 3: mironchikvld ($104.62 in chips) 
Seat 4: Manifestorr ($121.63 in chips) 
Seat 5: lukazs2 ($424.48 in chips) 
Seat 6: steepfell ($103.57 in chips) 
lukazs2: posts small blind $0.50
steepfell: posts big blind $1
*** HOLE CARDS ***
steelNike: folds 
Rysiff: folds 
mironchikvld: folds 
Manifestorr: raises $1.20 to $2.20
lukazs2: raises $5.20 to $7.40
steepfell: folds 
Manifestorr: calls $5.20
*** FLOP *** [5h Jc 9h]
lukazs2: checks 
Manifestorr: checks 
*** TURN *** [5h Jc 9h] [4h]
lukazs2: bets $3.51
Manifestorr: folds 
Uncalled bet ($3.51) returned to lukazs2
lukazs2 collected $15.01 from pot
*** SUMMARY ***
Total pot $15.80 | Rake $0.79 
Board [5h Jc 9h 4h]
Seat 1: steelNike folded before Flop (didn't bet)
Seat 2: Rysiff folded before Flop (didn't bet)
Seat 3: mironchikvld folded before Flop (didn't bet)
Seat 4: Manifestorr (button) folded on the Turn
Seat 5: lukazs2 (small blind) collected ($15.01)
Seat 6: steepfell (big blind) folded before Flop



PokerStars Hand #254409852560:  Hold'em No Limit ($0.50/$1.00 USD) - 2025/01/17 3:19:15 WET [2025/01/16 22:19:15 ET]
Table 'Haltia III' 6-max Seat #5 is the button
Seat 1: steelNike ($99 in chips) 
Seat 2: Rysiff ($121.57 in chips) 
Seat 3: mironchikvld ($104.62 in chips) 
Seat 4: Manifestorr ($114.23 in chips) 
Seat 5: lukazs2 ($432.09 in chips) 
Seat 6: steepfell ($102.57 in chips) 
steepfell: posts small blind $0.50
steelNike: posts big blind $1
*** HOLE CARDS ***
Rysiff: raises $1.50 to $2.50
mironchikvld: folds 
Manifestorr: folds 
lukazs2: calls $2.50
steepfell: raises $11.50 to $14
steelNike: folds 
Rysiff: folds 
lukazs2: calls $11.50
*** FLOP *** [2c 9c Qd]
steepfell: bets $22.44
lukazs2: folds 
Uncalled bet ($22.44) returned to steepfell
steepfell collected $29.92 from pot
steepfell: doesn't show hand 
*** SUMMARY ***
Total pot $31.50 | Rake $1.58 
Board [2c 9c Qd]
Seat 1: steelNike (big blind) folded before Flop
Seat 2: Rysiff folded before Flop
Seat 3: mironchikvld folded before Flop (didn't bet)
Seat 4: Manifestorr folded before Flop (didn't bet)
Seat 5: lukazs2 (button) folded on the Flop
Seat 6: steepfell (small blind) collected ($29.92)



PokerStars Hand #254409859629:  Hold'em No Limit ($0.50/$1.00 USD) - 2025/01/17 3:20:09 WET [2025/01/16 22:20:09 ET]
Table 'Haltia III' 6-max Seat #6 is the button
Seat 1: steelNike ($98 in chips) 
Seat 2: Rysiff ($119.07 in chips) 
Seat 3: mironchikvld ($104.62 in chips) 
Seat 4: Manifestorr ($114.23 in chips) 
Seat 5: lukazs2 ($418.09 in chips) 
Seat 6: steepfell ($118.49 in chips) 
steelNike: posts small blind $0.50
Rysiff: posts big blind $1
*** HOLE CARDS ***
mironchikvld: folds 
Manifestorr: folds 
lukazs2: raises $3 to $4
steepfell: raises $8 to $12
steelNike: folds 
Rysiff: folds 
lukazs2: calls $8
*** FLOP *** [7h 7d 2h]
lukazs2: checks 
steepfell: bets $7.99
lukazs2: raises $40.20 to $48.19
steepfell: folds 
Uncalled bet ($40.20) returned to lukazs2
lukazs2 collected $39.41 from pot
*** SUMMARY ***
Total pot $41.48 | Rake $2.07 
Board [7h 7d 2h]
Seat 1: steelNike (small blind) folded before Flop
Seat 2: Rysiff (big blind) folded before Flop
Seat 3: mironchikvld folded before Flop (didn't bet)
Seat 4: Manifestorr folded before Flop (didn't bet)
Seat 5: lukazs2 collected ($39.41)
Seat 6: steepfell (button) folded on the Flop



PokerStars Hand #254409865432:  Hold'em No Limit ($0.50/$1.00 USD) - 2025/01/17 3:20:53 WET [2025/01/16 22:20:53 ET]
Table 'Haltia III' 6-max Seat #1 is the button
Seat 1: steelNike ($97.50 in chips) 
Seat 2: Rysiff ($118.07 in chips) 
Seat 3: mironchikvld ($104.62 in chips) 
Seat 4: Manifestorr ($114.23 in chips) 
Seat 5: lukazs2 ($437.51 in chips) 
Seat 6: steepfell ($100 in chips) 
Rysiff: posts small blind $0.50
mironchikvld: posts big blind $1
*** HOLE CARDS ***
Manifestorr: folds 
lukazs2: calls $1
steepfell: folds 
steelNike: folds 
Rysiff: raises $4 to $5
mironchikvld: folds 
lukazs2: calls $4
*** FLOP *** [7h 9h 5c]
Rysiff: bets $8.36
lukazs2: calls $8.36
*** TURN *** [7h 9h 5c] [6d]
Rysiff: checks 
lukazs2: checks 
*** RIVER *** [7h 9h 5c 6d] [5h]
Rysiff: checks 
lukazs2: bets $13.17
Rysiff: folds 
Uncalled bet ($13.17) returned to lukazs2
lukazs2 collected $26.33 from pot
*** SUMMARY ***
Total pot $27.72 | Rake $1.39 
Board [7h 9h 5c 6d 5h]
Seat 1: steelNike (button) folded before Flop (didn't bet)
Seat 2: Rysiff (small blind) folded on the River
Seat 3: mironchikvld (big blind) folded before Flop
Seat 4: Manifestorr folded before Flop (didn't bet)
Seat 5: lukazs2 collected ($26.33)
Seat 6: steepfell folded before Flop (didn't bet)



PokerStars Hand #254409872454:  Hold'em No Limit ($0.50/$1.00 USD) - 2025/01/17 3:21:47 WET [2025/01/16 22:21:47 ET]
Table 'Haltia III' 6-max Seat #2 is the button
Seat 1: steelNike ($97.50 in chips) 
Seat 2: Rysiff ($104.71 in chips) 
Seat 3: mironchikvld ($103.62 in chips) 
Seat 4: Manifestorr ($114.23 in chips) 
Seat 5: lukazs2 ($450.48 in chips) 
Seat 6: steepfell ($100 in chips) 
mironchikvld: posts small blind $0.50
Manifestorr: posts big blind $1
*** HOLE CARDS ***
lukazs2: folds 
steepfell: folds 
steelNike: folds 
Rysiff: folds 
mironchikvld: raises $2 to $3
Manifestorr: folds 
Uncalled bet ($2) returned to mironchikvld
mironchikvld collected $2 from pot
mironchikvld: doesn't show hand 
*** SUMMARY ***
Total pot $2 | Rake $0 
Seat 1: steelNike folded before Flop (didn't bet)
Seat 2: Rysiff (button) folded before Flop (didn't bet)
Seat 3: mironchikvld (small blind) collected ($2)
Seat 4: Manifestorr (big blind) folded before Flop
Seat 5: lukazs2 folded before Flop (didn't bet)
Seat 6: steepfell folded before Flop (didn't bet)



PokerStars Hand #254409875395:  Hold'em No Limit ($0.50/$1.00 USD) - 2025/01/17 3:22:10 WET [2025/01/16 22:22:10 ET]
Table 'Haltia III' 6-max Seat #3 is the button
Seat 1: steelNike ($97.50 in chips) 
Seat 2: Rysiff ($104.71 in chips) 
Seat 3: mironchikvld ($104.62 in chips) 
Seat 4: Manifestorr ($113.23 in chips) 
Seat 5: lukazs2 ($450.48 in chips) 
Seat 6: steepfell ($100 in chips) 
Manifestorr: posts small blind $0.50
lukazs2: posts big blind $1
*** HOLE CARDS ***
steepfell: folds 
steelNike: folds 
Rysiff: raises $1.50 to $2.50
mironchikvld: folds 
Manifestorr: folds 
lukazs2: calls $1.50
*** FLOP *** [Jh Kd 9s]
lukazs2: checks 
Rysiff: bets $2.61
lukazs2: calls $2.61
*** TURN *** [Jh Kd 9s] [Tc]
lukazs2: checks 
Rysiff: checks 
*** RIVER *** [Jh Kd 9s Tc] [2d]
lukazs2: bets $10.18
Rysiff: folds 
Uncalled bet ($10.18) returned to lukazs2
lukazs2 collected $10.18 from pot
*** SUMMARY ***
Total pot $10.72 | Rake $0.54 
Board [Jh Kd 9s Tc 2d]
Seat 1: steelNike folded before Flop (didn't bet)
Seat 2: Rysiff folded on the River
Seat 3: mironchikvld (button) folded before Flop (didn't bet)
Seat 4: Manifestorr (small blind) folded before Flop
Seat 5: lukazs2 (big blind) collected ($10.18)
Seat 6: steepfell folded before Flop (didn't bet)



PokerStars Hand #254409883694:  Hold'em No Limit ($0.50/$1.00 USD) - 2025/01/17 3:23:15 WET [2025/01/16 22:23:15 ET]
Table 'Haltia III' 6-max Seat #4 is the button
Seat 1: steelNike ($97.50 in chips) 
Seat 2: Rysiff ($100 in chips) 
Seat 3: mironchikvld ($104.62 in chips) 
Seat 4: Manifestorr ($112.73 in chips) 
Seat 5: lukazs2 ($455.55 in chips) 
Seat 6: steepfell ($100 in chips) 
lukazs2: posts small blind $0.50
steepfell: posts big blind $1
*** HOLE CARDS ***
steelNike: folds 
Rysiff: folds 
mironchikvld: folds 
Manifestorr: raises $1.20 to $2.20
lukazs2: raises $10.20 to $12.40
steepfell: folds 
Manifestorr: calls $10.20
*** FLOP *** [Tc 8d 5s]
lukazs2: bets $24.51
Manifestorr: folds 
Uncalled bet ($24.51) returned to lukazs2
lukazs2 collected $24.51 from pot
*** SUMMARY ***
Total pot $25.80 | Rake $1.29 
Board [Tc 8d 5s]
Seat 1: steelNike folded before Flop (didn't bet)
Seat 2: Rysiff folded before Flop (didn't bet)
Seat 3: mironchikvld folded before Flop (didn't bet)
Seat 4: Manifestorr (button) folded on the Flop
Seat 5: lukazs2 (small blind) collected ($24.51)
Seat 6: steepfell (big blind) folded before Flop



PokerStars Hand #254409888116:  Hold'em No Limit ($0.50/$1.00 USD) - 2025/01/17 3:23:50 WET [2025/01/16 22:23:50 ET]
Table 'Haltia III' 6-max Seat #5 is the button
Seat 1: steelNike ($97.50 in chips) 
Seat 2: Rysiff ($100 in chips) 
Seat 3: mironchikvld ($104.62 in chips) 
Seat 4: Manifestorr ($100.33 in chips) 
Seat 5: lukazs2 ($467.66 in chips) 
Seat 6: steepfell ($100 in chips) 
steepfell: posts small blind $0.50
steelNike: posts big blind $1
*** HOLE CARDS ***
Rysiff: folds 
mironchikvld: folds 
Manifestorr: raises $1.20 to $2.20
lukazs2: calls $2.20
steepfell: folds 
steelNike: folds 
*** FLOP *** [4d 5h 5d]
Manifestorr: checks 
lukazs2: checks 
*** TURN *** [4d 5h 5d] [4h]
Manifestorr: bets $1.85
lukazs2: raises $4.65 to $6.50
Manifestorr: calls $4.65
*** RIVER *** [4d 5h 5d 4h] [7d]
Manifestorr: checks 
lukazs2: bets $17.96
Manifestorr: calls $17.96
*** SHOW DOWN ***
lukazs2: shows [4s 8s] (a full house, Fours full of Fives)
Manifestorr: mucks hand 
lukazs2 collected $52.32 from pot
*** SUMMARY ***
Total pot $54.82 | Rake $2.50 
Board [4d 5h 5d 4h 7d]
Seat 1: steelNike (big blind) folded before Flop
Seat 2: Rysiff folded before Flop (didn't bet)
Seat 3: mironchikvld folded before Flop (didn't bet)
Seat 4: Manifestorr mucked
Seat 5: lukazs2 (button) showed [4s 8s] and won ($52.32) with a full house, Fours full of Fives
Seat 6: steepfell (small blind) folded before Flop



PokerStars Hand #254409894793:  Hold'em No Limit ($0.50/$1.00 USD) - 2025/01/17 3:24:43 WET [2025/01/16 22:24:43 ET]
Table 'Haltia III' 6-max Seat #6 is the button
Seat 1: steelNike ($96.50 in chips) 
Seat 2: Rysiff ($100 in chips) 
Seat 3: mironchikvld ($104.62 in chips) 
Seat 4: Manifestorr ($100 in chips) 
Seat 5: lukazs2 ($493.32 in chips) 
Seat 6: steepfell ($100 in chips) 
steelNike: posts small blind $0.50
Rysiff: posts big blind $1
*** HOLE CARDS ***
mironchikvld: folds 
Manifestorr: raises $1.20 to $2.20
lukazs2: calls $2.20
steepfell: folds 
steelNike: folds 
Rysiff: folds 
*** FLOP *** [Ac 9c 2h]
Manifestorr: checks 
lukazs2: checks 
*** TURN *** [Ac 9c 2h] [7d]
Manifestorr: checks 
lukazs2: checks 
*** RIVER *** [Ac 9c 2h 7d] [8s]
Manifestorr: bets $1.85
lukazs2: calls $1.85
*** SHOW DOWN ***
Manifestorr: shows [Qh Qs] (a pair of Queens)
lukazs2: mucks hand 
Manifestorr collected $9.12 from pot
*** SUMMARY ***
Total pot $9.60 | Rake $0.48 
Board [Ac 9c 2h 7d 8s]
Seat 1: steelNike (small blind) folded before Flop
Seat 2: Rysiff (big blind) folded before Flop
Seat 3: mironchikvld folded before Flop (didn't bet)
Seat 4: Manifestorr showed [Qh Qs] and won ($9.12) with a pair of Queens
Seat 5: lukazs2 mucked
Seat 6: steepfell (button) folded before Flop (didn't bet)



PokerStars Hand #254409898472:  Hold'em No Limit ($0.50/$1.00 USD) - 2025/01/17 3:25:13 WET [2025/01/16 22:25:13 ET]
Table 'Haltia III' 6-max Seat #1 is the button
Seat 1: steelNike ($96 in chips) 
Seat 2: Rysiff ($100 in chips) 
Seat 3: mironchikvld ($104.62 in chips) 
Seat 4: Manifestorr ($105.07 in chips) 
Seat 5: lukazs2 ($489.27 in chips) 
Seat 6: steepfell ($100 in chips) 
Rysiff: posts small blind $0.50
mironchikvld: posts big blind $1
*** HOLE CARDS ***
Manifestorr: raises $1.20 to $2.20
lukazs2: calls $2.20
steepfell: folds 
steelNike: folds 
Rysiff: folds 
mironchikvld: folds 
*** FLOP *** [3s 8s 2c]
Manifestorr: checks 
lukazs2: checks 
*** TURN *** [3s 8s 2c] [Qc]
Manifestorr: bets $8
lukazs2: folds 
Uncalled bet ($8) returned to Manifestorr
Manifestorr collected $5.60 from pot
*** SUMMARY ***
Total pot $5.90 | Rake $0.30 
Board [3s 8s 2c Qc]
Seat 1: steelNike (button) folded before Flop (didn't bet)
Seat 2: Rysiff (small blind) folded before Flop
Seat 3: mironchikvld (big blind) folded before Flop
Seat 4: Manifestorr collected ($5.60)
Seat 5: lukazs2 folded on the Turn
Seat 6: steepfell folded before Flop (didn't bet)



PokerStars Hand #254409904884:  Hold'em No Limit ($0.50/$1.00 USD) - 2025/01/17 3:26:03 WET [2025/01/16 22:26:03 ET]
Table 'Haltia III' 6-max Seat #2 is the button
Seat 1: steelNike ($100 in chips) 
Seat 2: Rysiff ($100 in chips) 
Seat 3: mironchikvld ($103.62 in chips) 
Seat 4: Manifestorr ($108.47 in chips) 
Seat 5: lukazs2 ($487.07 in chips) 
Seat 6: steepfell ($100 in chips) 
mironchikvld: posts small blind $0.50
Manifestorr: posts big blind $1
*** HOLE CARDS ***
lukazs2: calls $1
steepfell: folds 
steelNike: raises $6 to $7
Rysiff: folds 
mironchikvld: folds 
Manifestorr: raises $17 to $24
lukazs2: raises $463.07 to $487.07 and is all-in
steelNike: folds 
Manifestorr: calls $84.47 and is all-in
Uncalled bet ($378.60) returned to lukazs2
*** FLOP *** [Jh 8c Td]
*** TURN *** [Jh 8c Td] [Jd]
*** RIVER *** [Jh 8c Td Jd] [Jc]
*** SHOW DOWN ***
Manifestorr: shows [Ad As] (a full house, Jacks full of Aces)
lukazs2: shows [Ac Qc] (three of a kind, Jacks)
Manifestorr collected $221.94 from pot
lukazs2 cashed out the hand for $27.26 | Cash Out Fee $0.56
*** SUMMARY ***
Total pot $224.44 | Rake $2.50 
Board [Jh 8c Td Jd Jc]
Seat 1: steelNike folded before Flop
Seat 2: Rysiff (button) folded before Flop (didn't bet)
Seat 3: mironchikvld (small blind) folded before Flop
Seat 4: Manifestorr (big blind) showed [Ad As] and won ($221.94) with a full house, Jacks full of Aces
Seat 5: lukazs2 showed [Ac Qc] and lost with three of a kind, Jacks (cashed out).
Seat 6: steepfell folded before Flop (didn't bet)



PokerStars Hand #254409911120:  Hold'em No Limit ($0.50/$1.00 USD) - 2025/01/17 3:26:53 WET [2025/01/16 22:26:53 ET]
Table 'Haltia III' 6-max Seat #3 is the button
Seat 1: steelNike ($100 in chips) 
Seat 2: Rysiff ($100 in chips) 
Seat 3: mironchikvld ($103.12 in chips) 
Seat 4: Manifestorr ($221.94 in chips) 
Seat 5: lukazs2 ($405.86 in chips) 
Seat 6: steepfell ($100 in chips) 
Manifestorr: posts small blind $0.50
lukazs2: posts big blind $1
*** HOLE CARDS ***
steepfell: folds 
steelNike: folds 
Rysiff: folds 
mironchikvld: folds 
Manifestorr: raises $2 to $3
lukazs2: raises $6 to $9
Manifestorr: folds 
Uncalled bet ($6) returned to lukazs2
lukazs2 collected $6 from pot
*** SUMMARY ***
Total pot $6 | Rake $0 
Seat 1: steelNike folded before Flop (didn't bet)
Seat 2: Rysiff folded before Flop (didn't bet)
Seat 3: mironchikvld (button) folded before Flop (didn't bet)
Seat 4: Manifestorr (small blind) folded before Flop
Seat 5: lukazs2 (big blind) collected ($6)
Seat 6: steepfell folded before Flop (didn't bet)



PokerStars Hand #254409914783:  Hold'em No Limit ($0.50/$1.00 USD) - 2025/01/17 3:27:22 WET [2025/01/16 22:27:22 ET]
Table 'Haltia III' 6-max Seat #4 is the button
Seat 1: steelNike ($100 in chips) 
Seat 2: Rysiff ($100 in chips) 
Seat 3: mironchikvld ($103.12 in chips) 
Seat 4: Manifestorr ($218.94 in chips) 
Seat 5: lukazs2 ($408.86 in chips) 
Seat 6: steepfell ($100 in chips) 
lukazs2: posts small blind $0.50
steepfell: posts big blind $1
*** HOLE CARDS ***
steelNike: folds 
Rysiff: folds 
mironchikvld: folds 
Manifestorr: raises $1.20 to $2.20
lukazs2: calls $1.70
steepfell: folds 
*** FLOP *** [3d Th 8s]
lukazs2: bets $5.13
Manifestorr: calls $5.13
*** TURN *** [3d Th 8s] [4s]
lukazs2: bets $14.88
Manifestorr: calls $14.88
*** RIVER *** [3d Th 8s 4s] [9h]
lukazs2: checks 
Manifestorr: checks 
*** SHOW DOWN ***
lukazs2: shows [6h Tc] (a pair of Tens)
Manifestorr: shows [Jc Jd] (a pair of Jacks)
Manifestorr collected $43.15 from pot
*** SUMMARY ***
Total pot $45.42 | Rake $2.27 
Board [3d Th 8s 4s 9h]
Seat 1: steelNike folded before Flop (didn't bet)
Seat 2: Rysiff folded before Flop (didn't bet)
Seat 3: mironchikvld folded before Flop (didn't bet)
Seat 4: Manifestorr (button) showed [Jc Jd] and won ($43.15) with a pair of Jacks
Seat 5: lukazs2 (small blind) showed [6h Tc] and lost with a pair of Tens
Seat 6: steepfell (big blind) folded before Flop



PokerStars Hand #254409920234:  Hold'em No Limit ($0.50/$1.00 USD) - 2025/01/17 3:28:05 WET [2025/01/16 22:28:05 ET]
Table 'Haltia III' 6-max Seat #5 is the button
Seat 1: steelNike ($100 in chips) 
Seat 2: Rysiff ($100 in chips) 
Seat 3: mironchikvld ($103.12 in chips) 
Seat 4: Manifestorr ($239.88 in chips) 
Seat 5: lukazs2 ($386.65 in chips) 
Seat 6: steepfell ($100 in chips) 
steepfell: posts small blind $0.50
steelNike: posts big blind $1
*** HOLE CARDS ***
Rysiff: folds 
mironchikvld: folds 
Manifestorr: raises $1.20 to $2.20
lukazs2: calls $2.20
steepfell: folds 
steelNike: folds 
*** FLOP *** [Js 7c 3s]
Manifestorr: bets $4.20
lukazs2: calls $4.20
*** TURN *** [Js 7c 3s] [Ah]
Manifestorr: checks 
lukazs2: checks 
*** RIVER *** [Js 7c 3s Ah] [Td]
Manifestorr: checks 
lukazs2: checks 
*** SHOW DOWN ***
Manifestorr: shows [Jc Qs] (a pair of Jacks)
lukazs2: mucks hand 
Manifestorr collected $13.58 from pot
*** SUMMARY ***
Total pot $14.30 | Rake $0.72 
Board [Js 7c 3s Ah Td]
Seat 1: steelNike (big blind) folded before Flop
Seat 2: Rysiff folded before Flop (didn't bet)
Seat 3: mironchikvld folded before Flop (didn't bet)
Seat 4: Manifestorr showed [Jc Qs] and won ($13.58) with a pair of Jacks
Seat 5: lukazs2 (button) mucked
Seat 6: steepfell (small blind) folded before Flop



PokerStars Hand #254409924544:  Hold'em No Limit ($0.50/$1.00 USD) - 2025/01/17 3:28:40 WET [2025/01/16 22:28:40 ET]
Table 'Haltia III' 6-max Seat #6 is the button
Seat 1: steelNike ($99 in chips) 
Seat 2: Rysiff ($100 in chips) 
Seat 3: mironchikvld ($103.12 in chips) 
Seat 4: Manifestorr ($247.06 in chips) 
Seat 5: lukazs2 ($380.25 in chips) 
Seat 6: steepfell ($100 in chips) 
steelNike: posts small blind $0.50
Rysiff: posts big blind $1
*** HOLE CARDS ***
mironchikvld: raises $2 to $3
Manifestorr: folds 
lukazs2: calls $3
steepfell: folds 
steelNike: folds 
Rysiff: folds 
*** FLOP *** [7c Ac 7s]
mironchikvld: checks 
lukazs2: checks 
*** TURN *** [7c Ac 7s] [2d]
mironchikvld: checks 
lukazs2: checks 
*** RIVER *** [7c Ac 7s 2d] [2h]
mironchikvld: bets $4.70
lukazs2: calls $4.70
*** SHOW DOWN ***
mironchikvld: shows [Kd Kh] (two pair, Kings and Sevens)
lukazs2: mucks hand 
mironchikvld collected $16.06 from pot
*** SUMMARY ***
Total pot $16.90 | Rake $0.84 
Board [7c Ac 7s 2d 2h]
Seat 1: steelNike (small blind) folded before Flop
Seat 2: Rysiff (big blind) folded before Flop
Seat 3: mironchikvld showed [Kd Kh] and won ($16.06) with two pair, Kings and Sevens
Seat 4: Manifestorr folded before Flop (didn't bet)
Seat 5: lukazs2 mucked
Seat 6: steepfell (button) folded before Flop (didn't bet)



PokerStars Hand #254409933429:  Hold'em No Limit ($0.50/$1.00 USD) - 2025/01/17 3:29:51 WET [2025/01/16 22:29:51 ET]
Table 'Haltia III' 6-max Seat #1 is the button
Seat 1: steelNike ($98.50 in chips) 
Seat 2: Rysiff ($100 in chips) 
Seat 3: mironchikvld ($111.48 in chips) 
Seat 4: Manifestorr ($247.06 in chips) 
Seat 5: lukazs2 ($372.55 in chips) 
Seat 6: steepfell ($100 in chips) 
Rysiff: posts small blind $0.50
mironchikvld: posts big blind $1
*** HOLE CARDS ***
Manifestorr: folds 
lukazs2: raises $3 to $4
steepfell: folds 
steelNike: folds 
Rysiff: folds 
mironchikvld: folds 
Uncalled bet ($3) returned to lukazs2
lukazs2 collected $2.50 from pot
*** SUMMARY ***
Total pot $2.50 | Rake $0 
Seat 1: steelNike (button) folded before Flop (didn't bet)
Seat 2: Rysiff (small blind) folded before Flop
Seat 3: mironchikvld (big blind) folded before Flop
Seat 4: Manifestorr folded before Flop (didn't bet)
Seat 5: lukazs2 collected ($2.50)
Seat 6: steepfell folded before Flop (didn't bet)



PokerStars Hand #254409936059:  Hold'em No Limit ($0.50/$1.00 USD) - 2025/01/17 3:30:12 WET [2025/01/16 22:30:12 ET]
Table 'Haltia III' 6-max Seat #2 is the button
Seat 1: steelNike ($98.50 in chips) 
Seat 2: Rysiff ($100 in chips) 
Seat 3: mironchikvld ($110.48 in chips) 
Seat 4: Manifestorr ($247.06 in chips) 
Seat 5: lukazs2 ($374.05 in chips) 
Seat 6: steepfell ($100 in chips) 
mironchikvld: posts small blind $0.50
Manifestorr: posts big blind $1
*** HOLE CARDS ***
lukazs2: folds 
steepfell: raises $1.50 to $2.50
steelNike: folds 
Rysiff: folds 
mironchikvld: folds 
Manifestorr: folds 
Uncalled bet ($1.50) returned to steepfell
steepfell collected $2.50 from pot
steepfell: doesn't show hand 
*** SUMMARY ***
Total pot $2.50 | Rake $0 
Seat 1: steelNike folded before Flop (didn't bet)
Seat 2: Rysiff (button) folded before Flop (didn't bet)
Seat 3: mironchikvld (small blind) folded before Flop
Seat 4: Manifestorr (big blind) folded before Flop
Seat 5: lukazs2 folded before Flop (didn't bet)
Seat 6: steepfell collected ($2.50)



PokerStars Hand #254409938473:  Hold'em No Limit ($0.50/$1.00 USD) - 2025/01/17 3:30:32 WET [2025/01/16 22:30:32 ET]
Table 'Haltia III' 6-max Seat #3 is the button
Seat 1: steelNike ($98.50 in chips) 
Seat 2: Rysiff ($100 in chips) 
Seat 3: mironchikvld ($109.98 in chips) 
Seat 4: Manifestorr ($246.06 in chips) 
Seat 5: lukazs2 ($374.05 in chips) 
Seat 6: steepfell ($101.50 in chips) 
Manifestorr: posts small blind $0.50
lukazs2: posts big blind $1
*** HOLE CARDS ***
steepfell: folds 
steelNike: raises $1 to $2
Rysiff: folds 
mironchikvld: folds 
Manifestorr: raises $8 to $10
lukazs2: folds 
steelNike: folds 
Uncalled bet ($8) returned to Manifestorr
Manifestorr collected $5 from pot
*** SUMMARY ***
Total pot $5 | Rake $0 
Seat 1: steelNike folded before Flop
Seat 2: Rysiff folded before Flop (didn't bet)
Seat 3: mironchikvld (button) folded before Flop (didn't bet)
Seat 4: Manifestorr (small blind) collected ($5)
Seat 5: lukazs2 (big blind) folded before Flop
Seat 6: steepfell folded before Flop (didn't bet)



PokerStars Hand #254409941507:  Hold'em No Limit ($0.50/$1.00 USD) - 2025/01/17 3:30:56 WET [2025/01/16 22:30:56 ET]
Table 'Haltia III' 6-max Seat #4 is the button
Seat 6: steepfell ($101.50 in chips) is sitting out
Seat 1: steelNike ($96.50 in chips) 
Seat 2: Rysiff ($100 in chips) 
Seat 3: mironchikvld ($109.98 in chips) 
Seat 4: Manifestorr ($249.06 in chips) 
Seat 5: lukazs2 ($373.05 in chips) 
lukazs2: posts small blind $0.50
steepfell: is sitting out 
steepfell leaves the table
steelNike: posts big blind $1
*** HOLE CARDS ***
Rysiff: folds 
Overmyrange joins the table at seat #6 
mironchikvld: raises $2 to $3
Manifestorr: folds 
lukazs2: calls $2.50
steelNike: folds 
*** FLOP *** [2c 7c Qc]
lukazs2: checks 
mironchikvld: bets $2
lukazs2: folds 
Uncalled bet ($2) returned to mironchikvld
mironchikvld collected $6.65 from pot
mironchikvld: doesn't show hand 
*** SUMMARY ***
Total pot $7 | Rake $0.35 
Board [2c 7c Qc]
Seat 6: steepfell
Seat 1: steelNike (big blind) folded before Flop
Seat 2: Rysiff folded before Flop (didn't bet)
Seat 3: mironchikvld collected ($6.65)
Seat 4: Manifestorr (button) folded before Flop (didn't bet)
Seat 5: lukazs2 (small blind) folded on the Flop



PokerStars Hand #254409946880:  Hold'em No Limit ($0.50/$1.00 USD) - 2025/01/17 3:31:40 WET [2025/01/16 22:31:40 ET]
Table 'Haltia III' 6-max Seat #5 is the button
Seat 6: Overmyrange ($100 in chips) is sitting out
Seat 1: steelNike ($95.50 in chips) 
Seat 2: Rysiff ($100 in chips) 
Seat 3: mironchikvld ($113.63 in chips) 
Seat 4: Manifestorr ($249.06 in chips) 
Seat 5: lukazs2 ($370.05 in chips) 
steelNike: posts small blind $0.50
Rysiff: posts big blind $1
*** HOLE CARDS ***
mironchikvld: folds 
Manifestorr: raises $1.20 to $2.20
lukazs2: calls $2.20
steelNike: folds 
Rysiff: folds 
*** FLOP *** [8h Jh 8d]
Manifestorr: checks 
lukazs2: bets $5.60
Manifestorr: calls $5.60
*** TURN *** [8h Jh 8d] [Th]
Manifestorr: checks 
lukazs2: bets $8.12
Manifestorr: folds 
Uncalled bet ($8.12) returned to lukazs2
lukazs2 collected $16.24 from pot
*** SUMMARY ***
Total pot $17.10 | Rake $0.86 
Board [8h Jh 8d Th]
Seat 6: Overmyrange
Seat 1: steelNike (small blind) folded before Flop
Seat 2: Rysiff (big blind) folded before Flop
Seat 3: mironchikvld folded before Flop (didn't bet)
Seat 4: Manifestorr folded on the Turn
Seat 5: lukazs2 (button) collected ($16.24)



PokerStars Hand #254409950922:  Hold'em No Limit ($0.50/$1.00 USD) - 2025/01/17 3:32:12 WET [2025/01/16 22:32:12 ET]
Table 'Haltia III' 6-max Seat #1 is the button
Seat 6: Overmyrange ($100 in chips) is sitting out
Seat 1: steelNike ($100 in chips) 
Seat 2: Rysiff ($100 in chips) 
Seat 3: mironchikvld ($113.63 in chips) 
Seat 4: Manifestorr ($241.26 in chips) 
Seat 5: lukazs2 ($378.49 in chips) 
Rysiff: posts small blind $0.50
mironchikvld: posts big blind $1
Overmyrange: sits out 
*** HOLE CARDS ***
Manifestorr: folds 
lukazs2: calls $1
steelNike: folds 
Rysiff: folds 
mironchikvld: raises $4 to $5
lukazs2: folds 
Uncalled bet ($4) returned to mironchikvld
mironchikvld collected $2.50 from pot
mironchikvld: doesn't show hand 
*** SUMMARY ***
Total pot $2.50 | Rake $0 
Seat 6: Overmyrange
Seat 1: steelNike (button) folded before Flop (didn't bet)
Seat 2: Rysiff (small blind) folded before Flop
Seat 3: mironchikvld (big blind) collected ($2.50)
Seat 4: Manifestorr folded before Flop (didn't bet)
Seat 5: lukazs2 folded before Flop



PokerStars Hand #254409953704:  Hold'em No Limit ($0.50/$1.00 USD) - 2025/01/17 3:32:34 WET [2025/01/16 22:32:34 ET]
Table 'Haltia III' 6-max Seat #2 is the button
Seat 6: Overmyrange ($100 in chips) is sitting out
Seat 1: steelNike ($100 in chips) 
Seat 2: Rysiff ($100 in chips) 
Seat 3: mironchikvld ($115.13 in chips) 
Seat 4: Manifestorr ($241.26 in chips) 
Seat 5: lukazs2 ($377.49 in chips) 
mironchikvld: posts small blind $0.50
Manifestorr: posts big blind $1
Overmyrange: sits out 
*** HOLE CARDS ***
lukazs2: calls $1
steelNike: folds 
Rysiff: folds 
mironchikvld: raises $3 to $4
Manifestorr: calls $3
lukazs2: calls $3
*** FLOP *** [3c 4c Ks]
mironchikvld: bets $3
Manifestorr: folds 
lukazs2: calls $3
*** TURN *** [3c 4c Ks] [Ac]
mironchikvld: bets $11.29
lukazs2: folds 
Uncalled bet ($11.29) returned to mironchikvld
mironchikvld collected $17.10 from pot
mironchikvld: doesn't show hand 
*** SUMMARY ***
Total pot $18 | Rake $0.90 
Board [3c 4c Ks Ac]
Seat 6: Overmyrange
Seat 1: steelNike folded before Flop (didn't bet)
Seat 2: Rysiff (button) folded before Flop (didn't bet)
Seat 3: mironchikvld (small blind) collected ($17.10)
Seat 4: Manifestorr (big blind) folded on the Flop
Seat 5: lukazs2 folded on the Turn



PokerStars Hand #254409959809:  Hold'em No Limit ($0.50/$1.00 USD) - 2025/01/17 3:33:24 WET [2025/01/16 22:33:24 ET]
Table 'Haltia III' 6-max Seat #3 is the button
Seat 6: Overmyrange ($100 in chips) is sitting out
Seat 1: steelNike ($100 in chips) 
Seat 2: Rysiff ($100 in chips) 
Seat 3: mironchikvld ($125.23 in chips) 
Seat 4: Manifestorr ($237.26 in chips) 
Seat 5: lukazs2 ($370.49 in chips) 
Manifestorr: posts small blind $0.50
lukazs2: posts big blind $1
Overmyrange: sits out 
*** HOLE CARDS ***
steelNike: folds 
Rysiff: folds 
mironchikvld: folds 
Manifestorr: raises $2 to $3
lukazs2: calls $2
*** FLOP *** [Qs 4h 7h]
Manifestorr: bets $5.13
lukazs2: folds 
Uncalled bet ($5.13) returned to Manifestorr
Manifestorr collected $5.70 from pot
*** SUMMARY ***
Total pot $6 | Rake $0.30 
Board [Qs 4h 7h]
Seat 6: Overmyrange
Seat 1: steelNike folded before Flop (didn't bet)
Seat 2: Rysiff folded before Flop (didn't bet)
Seat 3: mironchikvld (button) folded before Flop (didn't bet)
Seat 4: Manifestorr (small blind) collected ($5.70)
Seat 5: lukazs2 (big blind) folded on the Flop



PokerStars Hand #254409964355:  Hold'em No Limit ($0.50/$1.00 USD) - 2025/01/17 3:34:00 WET [2025/01/16 22:34:00 ET]
Table 'Haltia III' 6-max Seat #4 is the button
Seat 1: steelNike ($100 in chips) 
Seat 2: Rysiff ($100 in chips) 
Seat 3: mironchikvld ($125.23 in chips) 
Seat 4: Manifestorr ($239.96 in chips) 
Seat 5: lukazs2 ($367.49 in chips) 
Seat 6: Overmyrange ($100 in chips) 
lukazs2: posts small blind $0.50
Overmyrange: posts big blind $1
*** HOLE CARDS ***
steelNike: folds 
Rysiff: folds 
mironchikvld: folds 
Manifestorr: folds 
lukazs2: raises $4 to $5
Overmyrange: folds 
Uncalled bet ($4) returned to lukazs2
lukazs2 collected $2 from pot
*** SUMMARY ***
Total pot $2 | Rake $0 
Seat 1: steelNike folded before Flop (didn't bet)
Seat 2: Rysiff folded before Flop (didn't bet)
Seat 3: mironchikvld folded before Flop (didn't bet)
Seat 4: Manifestorr (button) folded before Flop (didn't bet)
Seat 5: lukazs2 (small blind) collected ($2)
Seat 6: Overmyrange (big blind) folded before Flop



PokerStars Hand #254409967954:  Hold'em No Limit ($0.50/$1.00 USD) - 2025/01/17 3:34:29 WET [2025/01/16 22:34:29 ET]
Table 'Haltia III' 6-max Seat #5 is the button
Seat 1: steelNike ($100 in chips) 
Seat 2: Rysiff ($100 in chips) 
Seat 3: mironchikvld ($125.23 in chips) 
Seat 4: Manifestorr ($239.96 in chips) 
Seat 5: lukazs2 ($368.49 in chips) 
Seat 6: Overmyrange ($100 in chips) 
Overmyrange: posts small blind $0.50
steelNike: posts big blind $1
*** HOLE CARDS ***
Rysiff: raises $1.50 to $2.50
mironchikvld has timed out
mironchikvld: folds 
Manifestorr: folds 
lukazs2: calls $2.50
Overmyrange: folds 
steelNike: calls $1.50
*** FLOP *** [5s 7c 3s]
steelNike: checks 
Rysiff: bets $6.08
lukazs2: folds 
steelNike: folds 
Uncalled bet ($6.08) returned to Rysiff
Rysiff collected $7.60 from pot
Rysiff: doesn't show hand 
*** SUMMARY ***
Total pot $8 | Rake $0.40 
Board [5s 7c 3s]
Seat 1: steelNike (big blind) folded on the Flop
Seat 2: Rysiff collected ($7.60)
Seat 3: mironchikvld folded before Flop (didn't bet)
Seat 4: Manifestorr folded before Flop (didn't bet)
Seat 5: lukazs2 (button) folded on the Flop
Seat 6: Overmyrange (small blind) folded before Flop



PokerStars Hand #254409974807:  Hold'em No Limit ($0.50/$1.00 USD) - 2025/01/17 3:35:25 WET [2025/01/16 22:35:25 ET]
Table 'Haltia III' 6-max Seat #6 is the button
Seat 3: mironchikvld ($125.23 in chips) is sitting out
Seat 1: steelNike ($97.50 in chips) 
Seat 2: Rysiff ($105.10 in chips) 
Seat 4: Manifestorr ($239.96 in chips) 
Seat 5: lukazs2 ($365.99 in chips) 
Seat 6: Overmyrange ($100 in chips) 
steelNike: posts small blind $0.50
Rysiff: posts big blind $1
*** HOLE CARDS ***
Manifestorr: folds 
lukazs2: calls $1
Overmyrange: raises $3.50 to $4.50
steelNike: folds 
Rysiff: folds 
lukazs2: calls $3.50
*** FLOP *** [5d 3h 4h]
lukazs2: checks 
Overmyrange: checks 
*** TURN *** [5d 3h 4h] [8d]
lukazs2: checks 
Overmyrange: checks 
*** RIVER *** [5d 3h 4h 8d] [4d]
lukazs2: checks 
Overmyrange: checks 
*** SHOW DOWN ***
lukazs2: shows [Jc 2c] (a pair of Fours)
Overmyrange: shows [Js 9s] (a pair of Fours - Jack+Nine kicker)
Overmyrange collected $9.98 from pot
*** SUMMARY ***
Total pot $10.50 | Rake $0.52 
Board [5d 3h 4h 8d 4d]
Seat 3: mironchikvld
Seat 1: steelNike (small blind) folded before Flop
Seat 2: Rysiff (big blind) folded before Flop
Seat 4: Manifestorr folded before Flop (didn't bet)
Seat 5: lukazs2 showed [Jc 2c] and lost with a pair of Fours
Seat 6: Overmyrange (button) showed [Js 9s] and won ($9.98) with a pair of Fours



PokerStars Hand #254409981612:  Hold'em No Limit ($0.50/$1.00 USD) - 2025/01/17 3:36:21 WET [2025/01/16 22:36:21 ET]
Table 'Haltia III' 6-max Seat #1 is the button
Seat 1: steelNike ($97 in chips) 
Seat 2: Rysiff ($104.10 in chips) 
Seat 3: mironchikvld ($125.23 in chips) 
Seat 4: Manifestorr ($239.96 in chips) 
Seat 5: lukazs2 ($361.49 in chips) 
Seat 6: Overmyrange ($105.48 in chips) 
Rysiff: posts small blind $0.50
mironchikvld: posts big blind $1
*** HOLE CARDS ***
Manifestorr: raises $1.20 to $2.20
lukazs2: raises $5.90 to $8.10
Overmyrange: folds 
steelNike: folds 
Rysiff: folds 
mironchikvld: folds 
Manifestorr: folds 
Uncalled bet ($5.90) returned to lukazs2
lukazs2 collected $5.90 from pot
*** SUMMARY ***
Total pot $5.90 | Rake $0 
Seat 1: steelNike (button) folded before Flop (didn't bet)
Seat 2: Rysiff (small blind) folded before Flop
Seat 3: mironchikvld (big blind) folded before Flop
Seat 4: Manifestorr folded before Flop
Seat 5: lukazs2 collected ($5.90)
Seat 6: Overmyrange folded before Flop (didn't bet)



PokerStars Hand #254409984180:  Hold'em No Limit ($0.50/$1.00 USD) - 2025/01/17 3:36:42 WET [2025/01/16 22:36:42 ET]
Table 'Haltia III' 6-max Seat #2 is the button
Seat 1: steelNike ($97 in chips) 
Seat 2: Rysiff ($103.60 in chips) 
Seat 3: mironchikvld ($124.23 in chips) 
Seat 4: Manifestorr ($237.76 in chips) 
Seat 5: lukazs2 ($365.19 in chips) 
Seat 6: Overmyrange ($105.48 in chips) 
mironchikvld: posts small blind $0.50
Manifestorr: posts big blind $1
*** HOLE CARDS ***
lukazs2: raises $2 to $3
Overmyrange: folds 
steelNike: folds 
Rysiff: folds 
mironchikvld: folds 
Manifestorr: folds 
Uncalled bet ($2) returned to lukazs2
lukazs2 collected $2.50 from pot
*** SUMMARY ***
Total pot $2.50 | Rake $0 
Seat 1: steelNike folded before Flop (didn't bet)
Seat 2: Rysiff (button) folded before Flop (didn't bet)
Seat 3: mironchikvld (small blind) folded before Flop
Seat 4: Manifestorr (big blind) folded before Flop
Seat 5: lukazs2 collected ($2.50)
Seat 6: Overmyrange folded before Flop (didn't bet)



PokerStars Hand #254409987356:  Hold'em No Limit ($0.50/$1.00 USD) - 2025/01/17 3:37:08 WET [2025/01/16 22:37:08 ET]
Table 'Haltia III' 6-max Seat #3 is the button
Seat 1: steelNike ($100 in chips) 
Seat 2: Rysiff ($103.60 in chips) 
Seat 3: mironchikvld ($123.73 in chips) 
Seat 4: Manifestorr ($236.76 in chips) 
Seat 5: lukazs2 ($366.69 in chips) 
Seat 6: Overmyrange ($105.48 in chips) 
Manifestorr: posts small blind $0.50
lukazs2: posts big blind $1
*** HOLE CARDS ***
Overmyrange: raises $1.20 to $2.20
steelNike: folds 
Rysiff: folds 
mironchikvld: calls $2.20
Manifestorr: raises $11.80 to $14
lukazs2: folds 
Overmyrange: folds 
mironchikvld: folds 
Uncalled bet ($11.80) returned to Manifestorr
Manifestorr collected $7.60 from pot
*** SUMMARY ***
Total pot $7.60 | Rake $0 
Seat 1: steelNike folded before Flop (didn't bet)
Seat 2: Rysiff folded before Flop (didn't bet)
Seat 3: mironchikvld (button) folded before Flop
Seat 4: Manifestorr (small blind) collected ($7.60)
Seat 5: lukazs2 (big blind) folded before Flop
Seat 6: Overmyrange folded before Flop



PokerStars Hand #254409992558:  Hold'em No Limit ($0.50/$1.00 USD) - 2025/01/17 3:37:50 WET [2025/01/16 22:37:50 ET]
Table 'Haltia III' 6-max Seat #4 is the button
Seat 1: steelNike ($100 in chips) 
Seat 2: Rysiff ($103.60 in chips) 
Seat 3: mironchikvld ($121.53 in chips) 
Seat 4: Manifestorr ($242.16 in chips) 
Seat 5: lukazs2 ($365.69 in chips) 
Seat 6: Overmyrange ($103.28 in chips) 
lukazs2: posts small blind $0.50
Overmyrange: posts big blind $1
*** HOLE CARDS ***
steelNike: raises $1 to $2
Rysiff: folds 
mironchikvld: folds 
Manifestorr: folds 
lukazs2: calls $1.50
Overmyrange: folds 
*** FLOP *** [Jd 6s 8d]
lukazs2: bets $4.75
steelNike: calls $4.75
*** TURN *** [Jd 6s 8d] [Qc]
lukazs2: bets $6.89
steelNike: raises $26.11 to $33
lukazs2: raises $26.11 to $59.11
steelNike: raises $34.14 to $93.25 and is all-in
lukazs2: calls $34.14
*** RIVER *** [Jd 6s 8d Qc] [Ad]
*** SHOW DOWN ***
lukazs2: shows [Js Qh] (two pair, Queens and Jacks)
steelNike: shows [Qs Qd] (three of a kind, Queens)
steelNike collected $198.50 from pot
*** SUMMARY ***
Total pot $201 | Rake $2.50 
Board [Jd 6s 8d Qc Ad]
Seat 1: steelNike showed [Qs Qd] and won ($198.50) with three of a kind, Queens
Seat 2: Rysiff folded before Flop (didn't bet)
Seat 3: mironchikvld folded before Flop (didn't bet)
Seat 4: Manifestorr (button) folded before Flop (didn't bet)
Seat 5: lukazs2 (small blind) showed [Js Qh] and lost with two pair, Queens and Jacks
Seat 6: Overmyrange (big blind) folded before Flop



PokerStars Hand #254410001372:  Hold'em No Limit ($0.50/$1.00 USD) - 2025/01/17 3:39:02 WET [2025/01/16 22:39:02 ET]
Table 'Haltia III' 6-max Seat #5 is the button
Seat 1: steelNike ($198.50 in chips) 
Seat 2: Rysiff ($103.60 in chips) 
Seat 3: mironchikvld ($121.53 in chips) 
Seat 4: Manifestorr ($242.16 in chips) 
Seat 5: lukazs2 ($265.69 in chips) 
Seat 6: Overmyrange ($102.28 in chips) 
Overmyrange: posts small blind $0.50
steelNike: posts big blind $1
*** HOLE CARDS ***
Rysiff: folds 
mironchikvld: folds 
Manifestorr: folds 
lukazs2: calls $1
Overmyrange: calls $0.50
steelNike: checks 
*** FLOP *** [3d 2c 4d]
Overmyrange: checks 
steelNike: checks 
lukazs2: bets $2.85
Overmyrange: calls $2.85
steelNike: folds 
*** TURN *** [3d 2c 4d] [7s]
Overmyrange: checks 
lukazs2: bets $4.13
Overmyrange: calls $4.13
*** RIVER *** [3d 2c 4d 7s] [Kh]
Overmyrange: checks 
lukazs2: bets $16.11
Overmyrange: calls $16.11
*** SHOW DOWN ***
lukazs2: shows [Kd 5h] (a pair of Kings)
Overmyrange: mucks hand 
lukazs2 collected $46.72 from pot
*** SUMMARY ***
Total pot $49.18 | Rake $2.46 
Board [3d 2c 4d 7s Kh]
Seat 1: steelNike (big blind) folded on the Flop
Seat 2: Rysiff folded before Flop (didn't bet)
Seat 3: mironchikvld folded before Flop (didn't bet)
Seat 4: Manifestorr folded before Flop (didn't bet)
Seat 5: lukazs2 (button) showed [Kd 5h] and won ($46.72) with a pair of Kings
Seat 6: Overmyrange (small blind) mucked



PokerStars Hand #254410012029:  Hold'em No Limit ($0.50/$1.00 USD) - 2025/01/17 3:40:30 WET [2025/01/16 22:40:30 ET]
Table 'Haltia III' 6-max Seat #6 is the button
Seat 1: steelNike ($197.50 in chips) 
Seat 2: Rysiff ($103.60 in chips) 
Seat 3: mironchikvld ($121.53 in chips) 
Seat 4: Manifestorr ($242.16 in chips) 
Seat 5: lukazs2 ($288.32 in chips) 
Seat 6: Overmyrange ($100 in chips) 
steelNike: posts small blind $0.50
Rysiff: posts big blind $1
*** HOLE CARDS ***
mironchikvld: folds 
Manifestorr: folds 
lukazs2: raises $2 to $3
Overmyrange: folds 
steelNike: folds 
Rysiff: calls $2
*** FLOP *** [Ah 9c Kc]
Rysiff: checks 
lukazs2: bets $3.09
Rysiff: calls $3.09
*** TURN *** [Ah 9c Kc] [Ks]
Rysiff: bets $9.64
lukazs2: folds 
Uncalled bet ($9.64) returned to Rysiff
Rysiff collected $12.05 from pot
Rysiff: doesn't show hand 
*** SUMMARY ***
Total pot $12.68 | Rake $0.63 
Board [Ah 9c Kc Ks]
Seat 1: steelNike (small blind) folded before Flop
Seat 2: Rysiff (big blind) collected ($12.05)
Seat 3: mironchikvld folded before Flop (didn't bet)
Seat 4: Manifestorr folded before Flop (didn't bet)
Seat 5: lukazs2 folded on the Turn
Seat 6: Overmyrange (button) folded before Flop (didn't bet)



PokerStars Hand #254410018344:  Hold'em No Limit ($0.50/$1.00 USD) - 2025/01/17 3:41:22 WET [2025/01/16 22:41:22 ET]
Table 'Haltia III' 6-max Seat #1 is the button
Seat 1: steelNike ($197 in chips) 
Seat 2: Rysiff ($109.56 in chips) 
Seat 3: mironchikvld ($121.53 in chips) 
Seat 4: Manifestorr ($242.16 in chips) 
Seat 5: lukazs2 ($282.23 in chips) 
Seat 6: Overmyrange ($100 in chips) 
Rysiff: posts small blind $0.50
mironchikvld: posts big blind $1
*** HOLE CARDS ***
Manifestorr: raises $1.20 to $2.20
lukazs2: folds 
Overmyrange: raises $4.85 to $7.05
steelNike: folds 
Rysiff: folds 
mironchikvld: folds 
Manifestorr: folds 
Uncalled bet ($4.85) returned to Overmyrange
Overmyrange collected $5.90 from pot
Overmyrange: doesn't show hand 
*** SUMMARY ***
Total pot $5.90 | Rake $0 
Seat 1: steelNike (button) folded before Flop (didn't bet)
Seat 2: Rysiff (small blind) folded before Flop
Seat 3: mironchikvld (big blind) folded before Flop
Seat 4: Manifestorr folded before Flop
Seat 5: lukazs2 folded before Flop (didn't bet)
Seat 6: Overmyrange collected ($5.90)



PokerStars Hand #254410021467:  Hold'em No Limit ($0.50/$1.00 USD) - 2025/01/17 3:41:47 WET [2025/01/16 22:41:47 ET]
Table 'Haltia III' 6-max Seat #2 is the button
Seat 1: steelNike ($197 in chips) 
Seat 2: Rysiff ($109.06 in chips) 
Seat 3: mironchikvld ($120.53 in chips) 
Seat 4: Manifestorr ($239.96 in chips) 
Seat 5: lukazs2 ($282.23 in chips) 
Seat 6: Overmyrange ($103.70 in chips) 
mironchikvld: posts small blind $0.50
Manifestorr: posts big blind $1
*** HOLE CARDS ***
lukazs2: raises $2 to $3
Overmyrange: folds 
steelNike: folds 
Rysiff: folds 
mironchikvld: folds 
Manifestorr: folds 
Uncalled bet ($2) returned to lukazs2
lukazs2 collected $2.50 from pot
*** SUMMARY ***
Total pot $2.50 | Rake $0 
Seat 1: steelNike folded before Flop (didn't bet)
Seat 2: Rysiff (button) folded before Flop (didn't bet)
Seat 3: mironchikvld (small blind) folded before Flop
Seat 4: Manifestorr (big blind) folded before Flop
Seat 5: lukazs2 collected ($2.50)
Seat 6: Overmyrange folded before Flop (didn't bet)



PokerStars Hand #254410024470:  Hold'em No Limit ($0.50/$1.00 USD) - 2025/01/17 3:42:12 WET [2025/01/16 22:42:12 ET]
Table 'Haltia III' 6-max Seat #3 is the button
Seat 1: steelNike ($197 in chips) 
Seat 2: Rysiff ($109.06 in chips) 
Seat 3: mironchikvld ($120.03 in chips) 
Seat 4: Manifestorr ($238.96 in chips) 
Seat 5: lukazs2 ($283.73 in chips) 
Seat 6: Overmyrange ($103.70 in chips) 
Manifestorr: posts small blind $0.50
lukazs2: posts big blind $1
*** HOLE CARDS ***
Overmyrange: folds 
steelNike: folds 
Rysiff: raises $1.50 to $2.50
mironchikvld: folds 
Manifestorr: folds 
lukazs2: calls $1.50
*** FLOP *** [4s 6h Ts]
lukazs2: checks 
Rysiff: bets $5
lukazs2: calls $5
*** TURN *** [4s 6h Ts] [Kc]
lukazs2: checks 
Rysiff: bets $11.78
lukazs2: folds 
Uncalled bet ($11.78) returned to Rysiff
Rysiff collected $14.72 from pot
Rysiff: doesn't show hand 
*** SUMMARY ***
Total pot $15.50 | Rake $0.78 
Board [4s 6h Ts Kc]
Seat 1: steelNike folded before Flop (didn't bet)
Seat 2: Rysiff collected ($14.72)
Seat 3: mironchikvld (button) folded before Flop (didn't bet)
Seat 4: Manifestorr (small blind) folded before Flop
Seat 5: lukazs2 (big blind) folded on the Turn
Seat 6: Overmyrange folded before Flop (didn't bet)



PokerStars Hand #254410031038:  Hold'em No Limit ($0.50/$1.00 USD) - 2025/01/17 3:43:06 WET [2025/01/16 22:43:06 ET]
Table 'Haltia III' 6-max Seat #4 is the button
Seat 1: steelNike ($197 in chips) 
Seat 2: Rysiff ($116.28 in chips) 
Seat 3: mironchikvld ($120.03 in chips) 
Seat 4: Manifestorr ($238.46 in chips) 
Seat 5: lukazs2 ($276.23 in chips) 
Seat 6: Overmyrange ($103.70 in chips) 
lukazs2: posts small blind $0.50
Overmyrange: posts big blind $1
*** HOLE CARDS ***
steelNike: folds 
Rysiff: folds 
mironchikvld: folds 
Manifestorr: folds 
lukazs2: raises $2 to $3
Overmyrange: calls $2
*** FLOP *** [Jc Jh 9c]
lukazs2: bets $2.85
Overmyrange: calls $2.85
*** TURN *** [Jc Jh 9c] [2d]
lukazs2: bets $8.56
Overmyrange: raises $9.32 to $17.88
lukazs2: calls $9.32
*** RIVER *** [Jc Jh 9c 2d] [Qd]
lukazs2: checks 
Overmyrange: checks 
*** SHOW DOWN ***
lukazs2: shows [Ac 2c] (two pair, Jacks and Deuces)
Overmyrange: mucks hand 
lukazs2 collected $45.09 from pot
*** SUMMARY ***
Total pot $47.46 | Rake $2.37 
Board [Jc Jh 9c 2d Qd]
Seat 1: steelNike folded before Flop (didn't bet)
Seat 2: Rysiff folded before Flop (didn't bet)
Seat 3: mironchikvld folded before Flop (didn't bet)
Seat 4: Manifestorr (button) folded before Flop (didn't bet)
Seat 5: lukazs2 (small blind) showed [Ac 2c] and won ($45.09) with two pair, Jacks and Deuces
Seat 6: Overmyrange (big blind) mucked



PokerStars Hand #254410040108:  Hold'em No Limit ($0.50/$1.00 USD) - 2025/01/17 3:44:20 WET [2025/01/16 22:44:20 ET]
Table 'Haltia III' 6-max Seat #5 is the button
Seat 1: steelNike ($197 in chips) 
Seat 2: Rysiff ($116.28 in chips) 
Seat 3: mironchikvld ($120.03 in chips) 
Seat 4: Manifestorr ($238.46 in chips) 
Seat 5: lukazs2 ($297.59 in chips) 
Seat 6: Overmyrange ($100 in chips) 
Overmyrange: posts small blind $0.50
steelNike: posts big blind $1
*** HOLE CARDS ***
Rysiff: raises $1.50 to $2.50
mironchikvld: folds 
Manifestorr: folds 
lukazs2: folds 
Overmyrange: folds 
steelNike: folds 
Uncalled bet ($1.50) returned to Rysiff
Rysiff collected $2.50 from pot
Rysiff: doesn't show hand 
*** SUMMARY ***
Total pot $2.50 | Rake $0 
Seat 1: steelNike (big blind) folded before Flop
Seat 2: Rysiff collected ($2.50)
Seat 3: mironchikvld folded before Flop (didn't bet)
Seat 4: Manifestorr folded before Flop (didn't bet)
Seat 5: lukazs2 (button) folded before Flop (didn't bet)
Seat 6: Overmyrange (small blind) folded before Flop



PokerStars Hand #254410042421:  Hold'em No Limit ($0.50/$1.00 USD) - 2025/01/17 3:44:40 WET [2025/01/16 22:44:40 ET]
Table 'Haltia III' 6-max Seat #6 is the button
Seat 1: steelNike ($196 in chips) 
Seat 2: Rysiff ($117.78 in chips) 
Seat 3: mironchikvld ($120.03 in chips) 
Seat 4: Manifestorr ($238.46 in chips) 
Seat 5: lukazs2 ($297.59 in chips) 
Seat 6: Overmyrange ($100 in chips) 
steelNike: posts small blind $0.50
Rysiff: posts big blind $1
*** HOLE CARDS ***
mironchikvld: folds 
Manifestorr: folds 
lukazs2: calls $1
Overmyrange: raises $3.50 to $4.50
steelNike: folds 
Rysiff: folds 
lukazs2: calls $3.50
*** FLOP *** [5c As Ts]
lukazs2: checks 
Overmyrange: checks 
*** TURN *** [5c As Ts] [4c]
lukazs2: checks 
Overmyrange: bets $5.09
lukazs2: calls $5.09
*** RIVER *** [5c As Ts 4c] [Th]
lukazs2: bets $9.83
Overmyrange: raises $45.17 to $55
lukazs2: folds 
Uncalled bet ($45.17) returned to Overmyrange
Overmyrange collected $38.32 from pot
Overmyrange: doesn't show hand 
*** SUMMARY ***
Total pot $40.34 | Rake $2.02 
Board [5c As Ts 4c Th]
Seat 1: steelNike (small blind) folded before Flop
Seat 2: Rysiff (big blind) folded before Flop
Seat 3: mironchikvld folded before Flop (didn't bet)
Seat 4: Manifestorr folded before Flop (didn't bet)
Seat 5: lukazs2 folded on the River
Seat 6: Overmyrange (button) collected ($38.32)



PokerStars Hand #254410053208:  Hold'em No Limit ($0.50/$1.00 USD) - 2025/01/17 3:46:09 WET [2025/01/16 22:46:09 ET]
Table 'Haltia III' 6-max Seat #1 is the button
Seat 1: steelNike ($195.50 in chips) 
Seat 2: Rysiff ($116.78 in chips) 
Seat 3: mironchikvld ($120.03 in chips) 
Seat 4: Manifestorr ($238.46 in chips) 
Seat 5: lukazs2 ($278.17 in chips) 
Seat 6: Overmyrange ($118.90 in chips) 
Rysiff: posts small blind $0.50
mironchikvld: posts big blind $1
*** HOLE CARDS ***
Manifestorr: raises $1.20 to $2.20
lukazs2: calls $2.20
Overmyrange: folds 
steelNike: folds 
Rysiff: folds 
mironchikvld: folds 
*** FLOP *** [Qh Kc 3s]
Manifestorr: bets $4.20
lukazs2: folds 
Uncalled bet ($4.20) returned to Manifestorr
Manifestorr collected $5.60 from pot
*** SUMMARY ***
Total pot $5.90 | Rake $0.30 
Board [Qh Kc 3s]
Seat 1: steelNike (button) folded before Flop (didn't bet)
Seat 2: Rysiff (small blind) folded before Flop
Seat 3: mironchikvld (big blind) folded before Flop
Seat 4: Manifestorr collected ($5.60)
Seat 5: lukazs2 folded on the Flop
Seat 6: Overmyrange folded before Flop (didn't bet)



PokerStars Hand #254410058138:  Hold'em No Limit ($0.50/$1.00 USD) - 2025/01/17 3:46:51 WET [2025/01/16 22:46:51 ET]
Table 'Haltia III' 6-max Seat #2 is the button
Seat 1: steelNike ($195.50 in chips) 
Seat 2: Rysiff ($116.28 in chips) 
Seat 3: mironchikvld ($119.03 in chips) 
Seat 4: Manifestorr ($241.86 in chips) 
Seat 5: lukazs2 ($275.97 in chips) 
Seat 6: Overmyrange ($118.90 in chips) 
mironchikvld: posts small blind $0.50
Manifestorr: posts big blind $1
*** HOLE CARDS ***
lukazs2: folds 
Overmyrange: folds 
steelNike: raises $1.30 to $2.30
Rysiff: folds 
mironchikvld: raises $9.70 to $12
Manifestorr: folds 
steelNike: folds 
Uncalled bet ($9.70) returned to mironchikvld
mironchikvld collected $5.60 from pot
mironchikvld: doesn't show hand 
*** SUMMARY ***
Total pot $5.60 | Rake $0 
Seat 1: steelNike folded before Flop
Seat 2: Rysiff (button) folded before Flop (didn't bet)
Seat 3: mironchikvld (small blind) collected ($5.60)
Seat 4: Manifestorr (big blind) folded before Flop
Seat 5: lukazs2 folded before Flop (didn't bet)
Seat 6: Overmyrange folded before Flop (didn't bet)



PokerStars Hand #254410062117:  Hold'em No Limit ($0.50/$1.00 USD) - 2025/01/17 3:47:24 WET [2025/01/16 22:47:24 ET]
Table 'Haltia III' 6-max Seat #3 is the button
Seat 1: steelNike ($193.20 in chips) 
Seat 2: Rysiff ($116.28 in chips) 
Seat 3: mironchikvld ($122.33 in chips) 
Seat 4: Manifestorr ($240.86 in chips) 
Seat 5: lukazs2 ($275.97 in chips) 
Seat 6: Overmyrange ($118.90 in chips) 
Manifestorr: posts small blind $0.50
lukazs2: posts big blind $1
*** HOLE CARDS ***
Overmyrange: folds 
steelNike: folds 
Rysiff: raises $1.50 to $2.50
mironchikvld: folds 
Manifestorr: folds 
lukazs2: calls $1.50
*** FLOP *** [9s Th 5d]
lukazs2: checks 
Rysiff: bets $5
lukazs2: folds 
Uncalled bet ($5) returned to Rysiff
Rysiff collected $5.22 from pot
Rysiff: doesn't show hand 
*** SUMMARY ***
Total pot $5.50 | Rake $0.28 
Board [9s Th 5d]
Seat 1: steelNike folded before Flop (didn't bet)
Seat 2: Rysiff collected ($5.22)
Seat 3: mironchikvld (button) folded before Flop (didn't bet)
Seat 4: Manifestorr (small blind) folded before Flop
Seat 5: lukazs2 (big blind) folded on the Flop
Seat 6: Overmyrange folded before Flop (didn't bet)



PokerStars Hand #254410066430:  Hold'em No Limit ($0.50/$1.00 USD) - 2025/01/17 3:48:01 WET [2025/01/16 22:48:01 ET]
Table 'Haltia III' 6-max Seat #4 is the button
Seat 1: steelNike ($193.20 in chips) 
Seat 2: Rysiff ($119 in chips) 
Seat 3: mironchikvld ($122.33 in chips) 
Seat 4: Manifestorr ($240.36 in chips) 
Seat 5: lukazs2 ($273.47 in chips) 
Seat 6: Overmyrange ($118.90 in chips) 
lukazs2: posts small blind $0.50
Overmyrange: posts big blind $1
*** HOLE CARDS ***
steelNike: folds 
Rysiff: folds 
mironchikvld: raises $1.50 to $2.50
Manifestorr: folds 
lukazs2: calls $2
Overmyrange: folds 
*** FLOP *** [6s 2d Ts]
lukazs2: checks 
mironchikvld: bets $2.85
lukazs2: folds 
Uncalled bet ($2.85) returned to mironchikvld
mironchikvld collected $5.70 from pot
mironchikvld: doesn't show hand 
*** SUMMARY ***
Total pot $6 | Rake $0.30 
Board [6s 2d Ts]
Seat 1: steelNike folded before Flop (didn't bet)
Seat 2: Rysiff folded before Flop (didn't bet)
Seat 3: mironchikvld collected ($5.70)
Seat 4: Manifestorr (button) folded before Flop (didn't bet)
Seat 5: lukazs2 (small blind) folded on the Flop
Seat 6: Overmyrange (big blind) folded before Flop



PokerStars Hand #254410071813:  Hold'em No Limit ($0.50/$1.00 USD) - 2025/01/17 3:48:47 WET [2025/01/16 22:48:47 ET]
Table 'Haltia III' 6-max Seat #5 is the button
Seat 1: steelNike ($193.20 in chips) 
Seat 2: Rysiff ($119 in chips) 
Seat 3: mironchikvld ($125.53 in chips) 
Seat 4: Manifestorr ($240.36 in chips) 
Seat 5: lukazs2 ($270.97 in chips) 
Seat 6: Overmyrange ($117.90 in chips) 
Overmyrange: posts small blind $0.50
steelNike: posts big blind $1
*** HOLE CARDS ***
Rysiff: folds 
mironchikvld: folds 
Manifestorr: raises $1.20 to $2.20
lukazs2: calls $2.20
Overmyrange: folds 
steelNike: folds 
*** FLOP *** [2d Jc 2h]
Manifestorr: checks 
lukazs2: bets $2.80
Manifestorr: folds 
Uncalled bet ($2.80) returned to lukazs2
lukazs2 collected $5.60 from pot
*** SUMMARY ***
Total pot $5.90 | Rake $0.30 
Board [2d Jc 2h]
Seat 1: steelNike (big blind) folded before Flop
Seat 2: Rysiff folded before Flop (didn't bet)
Seat 3: mironchikvld folded before Flop (didn't bet)
Seat 4: Manifestorr folded on the Flop
Seat 5: lukazs2 (button) collected ($5.60)
Seat 6: Overmyrange (small blind) folded before Flop



PokerStars Hand #254410074971:  Hold'em No Limit ($0.50/$1.00 USD) - 2025/01/17 3:49:14 WET [2025/01/16 22:49:14 ET]
Table 'Haltia III' 6-max Seat #6 is the button
Seat 1: steelNike ($192.20 in chips) 
Seat 2: Rysiff ($119 in chips) 
Seat 3: mironchikvld ($125.53 in chips) 
Seat 4: Manifestorr ($238.16 in chips) 
Seat 5: lukazs2 ($274.37 in chips) 
Seat 6: Overmyrange ($117.40 in chips) 
steelNike: posts small blind $0.50
Rysiff: posts big blind $1
*** HOLE CARDS ***
mironchikvld: folds 
Manifestorr: folds 
lukazs2: calls $1
Overmyrange: folds 
steelNike: folds 
Rysiff: raises $9 to $10
lukazs2: folds 
Uncalled bet ($9) returned to Rysiff
Rysiff collected $2.50 from pot
Rysiff: doesn't show hand 
*** SUMMARY ***
Total pot $2.50 | Rake $0 
Seat 1: steelNike (small blind) folded before Flop
Seat 2: Rysiff (big blind) collected ($2.50)
Seat 3: mironchikvld folded before Flop (didn't bet)
Seat 4: Manifestorr folded before Flop (didn't bet)
Seat 5: lukazs2 folded before Flop
Seat 6: Overmyrange (button) folded before Flop (didn't bet)



PokerStars Hand #254410078071:  Hold'em No Limit ($0.50/$1.00 USD) - 2025/01/17 3:49:41 WET [2025/01/16 22:49:41 ET]
Table 'Haltia III' 6-max Seat #1 is the button
Seat 1: steelNike ($191.70 in chips) 
Seat 2: Rysiff ($120.50 in chips) 
Seat 3: mironchikvld ($125.53 in chips) 
Seat 4: Manifestorr ($238.16 in chips) 
Seat 5: lukazs2 ($273.37 in chips) 
Seat 6: Overmyrange ($117.40 in chips) 
Rysiff: posts small blind $0.50
mironchikvld: posts big blind $1
*** HOLE CARDS ***
Manifestorr: folds 
lukazs2: folds 
Overmyrange: folds 
steelNike: raises $1.50 to $2.50
Rysiff: folds 
mironchikvld: folds 
Uncalled bet ($1.50) returned to steelNike
steelNike collected $2.50 from pot
*** SUMMARY ***
Total pot $2.50 | Rake $0 
Seat 1: steelNike (button) collected ($2.50)
Seat 2: Rysiff (small blind) folded before Flop
Seat 3: mironchikvld (big blind) folded before Flop
Seat 4: Manifestorr folded before Flop (didn't bet)
Seat 5: lukazs2 folded before Flop (didn't bet)
Seat 6: Overmyrange folded before Flop (didn't bet)



PokerStars Hand #254410080602:  Hold'em No Limit ($0.50/$1.00 USD) - 2025/01/17 3:50:02 WET [2025/01/16 22:50:02 ET]
Table 'Haltia III' 6-max Seat #2 is the button
Seat 1: steelNike ($193.20 in chips) 
Seat 2: Rysiff ($120 in chips) 
Seat 3: mironchikvld ($124.53 in chips) 
Seat 4: Manifestorr ($238.16 in chips) 
Seat 5: lukazs2 ($273.37 in chips) 
Seat 6: Overmyrange ($117.40 in chips) 
mironchikvld: posts small blind $0.50
Manifestorr: posts big blind $1
*** HOLE CARDS ***
lukazs2: folds 
Overmyrange: folds 
steelNike: folds 
Rysiff: folds 
mironchikvld: raises $2 to $3
Manifestorr: folds 
Uncalled bet ($2) returned to mironchikvld
mironchikvld collected $2 from pot
mironchikvld: doesn't show hand 
*** SUMMARY ***
Total pot $2 | Rake $0 
Seat 1: steelNike folded before Flop (didn't bet)
Seat 2: Rysiff (button) folded before Flop (didn't bet)
Seat 3: mironchikvld (small blind) collected ($2)
Seat 4: Manifestorr (big blind) folded before Flop
Seat 5: lukazs2 folded before Flop (didn't bet)
Seat 6: Overmyrange folded before Flop (didn't bet)



PokerStars Hand #254410083705:  Hold'em No Limit ($0.50/$1.00 USD) - 2025/01/17 3:50:29 WET [2025/01/16 22:50:29 ET]
Table 'Haltia III' 6-max Seat #3 is the button
Seat 1: steelNike ($193.20 in chips) 
Seat 2: Rysiff ($120 in chips) 
Seat 3: mironchikvld ($125.53 in chips) 
Seat 4: Manifestorr ($237.16 in chips) 
Seat 5: lukazs2 ($273.37 in chips) 
Seat 6: Overmyrange ($117.40 in chips) 
Manifestorr: posts small blind $0.50
lukazs2: posts big blind $1
*** HOLE CARDS ***
Overmyrange: raises $1.20 to $2.20
steelNike: folds 
Rysiff: folds 
mironchikvld: folds 
Manifestorr: folds 
lukazs2: calls $1.20
*** FLOP *** [Jh 9h Kd]
lukazs2: bets $2.33
Overmyrange: calls $2.33
*** TURN *** [Jh 9h Kd] [Kh]
lukazs2: bets $4.54
Overmyrange: calls $4.54
*** RIVER *** [Jh 9h Kd Kh] [Ah]
lukazs2: checks 
Overmyrange: bets $3
lukazs2: calls $3
*** SHOW DOWN ***
Overmyrange: shows [Th Kc] (a flush, Ace high)
lukazs2: mucks hand 
Overmyrange collected $23.41 from pot
*** SUMMARY ***
Total pot $24.64 | Rake $1.23 
Board [Jh 9h Kd Kh Ah]
Seat 1: steelNike folded before Flop (didn't bet)
Seat 2: Rysiff folded before Flop (didn't bet)
Seat 3: mironchikvld (button) folded before Flop (didn't bet)
Seat 4: Manifestorr (small blind) folded before Flop
Seat 5: lukazs2 (big blind) mucked
Seat 6: Overmyrange showed [Th Kc] and won ($23.41) with a flush, Ace high



PokerStars Hand #254410089905:  Hold'em No Limit ($0.50/$1.00 USD) - 2025/01/17 3:51:23 WET [2025/01/16 22:51:23 ET]
Table 'Haltia III' 6-max Seat #4 is the button
Seat 1: steelNike ($193.20 in chips) 
Seat 2: Rysiff ($120 in chips) 
Seat 3: mironchikvld ($125.53 in chips) 
Seat 4: Manifestorr ($236.66 in chips) 
Seat 5: lukazs2 ($261.30 in chips) 
Seat 6: Overmyrange ($128.74 in chips) 
lukazs2: posts small blind $0.50
Overmyrange: posts big blind $1
*** HOLE CARDS ***
steelNike: raises $1 to $2
Rysiff: folds 
mironchikvld: folds 
Manifestorr: folds 
lukazs2: calls $1.50
Overmyrange: folds 
*** FLOP *** [As 5s Ac]
lukazs2: checks 
steelNike: bets $2.38
lukazs2: folds 
Uncalled bet ($2.38) returned to steelNike
steelNike collected $4.75 from pot
*** SUMMARY ***
Total pot $5 | Rake $0.25 
Board [As 5s Ac]
Seat 1: steelNike collected ($4.75)
Seat 2: Rysiff folded before Flop (didn't bet)
Seat 3: mironchikvld folded before Flop (didn't bet)
Seat 4: Manifestorr (button) folded before Flop (didn't bet)
Seat 5: lukazs2 (small blind) folded on the Flop
Seat 6: Overmyrange (big blind) folded before Flop



PokerStars Hand #254410094174:  Hold'em No Limit ($0.50/$1.00 USD) - 2025/01/17 3:52:00 WET [2025/01/16 22:52:00 ET]
Table 'Haltia III' 6-max Seat #5 is the button
Seat 1: steelNike ($195.95 in chips) 
Seat 2: Rysiff ($120 in chips) 
Seat 3: mironchikvld ($125.53 in chips) 
Seat 4: Manifestorr ($236.66 in chips) 
Seat 5: lukazs2 ($259.30 in chips) 
Seat 6: Overmyrange ($127.74 in chips) 
Overmyrange: posts small blind $0.50
steelNike: posts big blind $1
*** HOLE CARDS ***
Rysiff: folds 
mironchikvld has timed out
mironchikvld: folds 
Manifestorr: folds 
lukazs2: calls $1
Overmyrange: raises $4.25 to $5.25
steelNike: folds 
lukazs2: folds 
Uncalled bet ($4.25) returned to Overmyrange
Overmyrange collected $3 from pot
Overmyrange: doesn't show hand 
*** SUMMARY ***
Total pot $3 | Rake $0 
Seat 1: steelNike (big blind) folded before Flop
Seat 2: Rysiff folded before Flop (didn't bet)
Seat 3: mironchikvld folded before Flop (didn't bet)
Seat 4: Manifestorr folded before Flop (didn't bet)
Seat 5: lukazs2 (button) folded before Flop
Seat 6: Overmyrange (small blind) collected ($3)



PokerStars Hand #254410098456:  Hold'em No Limit ($0.50/$1.00 USD) - 2025/01/17 3:52:36 WET [2025/01/16 22:52:36 ET]
Table 'Haltia III' 6-max Seat #6 is the button
Seat 1: steelNike ($194.95 in chips) 
Seat 2: Rysiff ($120 in chips) 
Seat 3: mironchikvld ($125.53 in chips) 
Seat 4: Manifestorr ($236.66 in chips) 
Seat 5: lukazs2 ($258.30 in chips) 
Seat 6: Overmyrange ($129.74 in chips) 
steelNike: posts small blind $0.50
Rysiff: posts big blind $1
*** HOLE CARDS ***
mironchikvld: folds 
Manifestorr: folds 
lukazs2: raises $2 to $3
Overmyrange: folds 
steelNike: folds 
Rysiff: folds 
Uncalled bet ($2) returned to lukazs2
lukazs2 collected $2.50 from pot
*** SUMMARY ***
Total pot $2.50 | Rake $0 
Seat 1: steelNike (small blind) folded before Flop
Seat 2: Rysiff (big blind) folded before Flop
Seat 3: mironchikvld folded before Flop (didn't bet)
Seat 4: Manifestorr folded before Flop (didn't bet)
Seat 5: lukazs2 collected ($2.50)
Seat 6: Overmyrange (button) folded before Flop (didn't bet)



PokerStars Hand #254410100913:  Hold'em No Limit ($0.50/$1.00 USD) - 2025/01/17 3:52:58 WET [2025/01/16 22:52:58 ET]
Table 'Haltia III' 6-max Seat #1 is the button
Seat 1: steelNike ($194.45 in chips) 
Seat 2: Rysiff ($119 in chips) 
Seat 3: mironchikvld ($125.53 in chips) 
Seat 4: Manifestorr ($236.66 in chips) 
Seat 5: lukazs2 ($259.80 in chips) 
Seat 6: Overmyrange ($129.74 in chips) 
Rysiff: posts small blind $0.50
mironchikvld: posts big blind $1
*** HOLE CARDS ***
Manifestorr: folds 
lukazs2: raises $2 to $3
Overmyrange: folds 
steelNike: folds 
Rysiff: folds 
mironchikvld: folds 
Uncalled bet ($2) returned to lukazs2
lukazs2 collected $2.50 from pot
*** SUMMARY ***
Total pot $2.50 | Rake $0 
Seat 1: steelNike (button) folded before Flop (didn't bet)
Seat 2: Rysiff (small blind) folded before Flop
Seat 3: mironchikvld (big blind) folded before Flop
Seat 4: Manifestorr folded before Flop (didn't bet)
Seat 5: lukazs2 collected ($2.50)
Seat 6: Overmyrange folded before Flop (didn't bet)



PokerStars Hand #254410103600:  Hold'em No Limit ($0.50/$1.00 USD) - 2025/01/17 3:53:21 WET [2025/01/16 22:53:21 ET]
Table 'Haltia III' 6-max Seat #2 is the button
Seat 1: steelNike ($194.45 in chips) 
Seat 2: Rysiff ($118.50 in chips) 
Seat 3: mironchikvld ($124.53 in chips) 
Seat 4: Manifestorr ($236.66 in chips) 
Seat 5: lukazs2 ($261.30 in chips) 
Seat 6: Overmyrange ($129.74 in chips) 
mironchikvld: posts small blind $0.50
Manifestorr: posts big blind $1
*** HOLE CARDS ***
lukazs2: raises $2 to $3
Overmyrange: folds 
steelNike: folds 
Rysiff: folds 
mironchikvld: folds 
Manifestorr: calls $2
*** FLOP *** [7c Jc Kc]
Manifestorr: checks 
lukazs2: bets $3.09
Manifestorr: calls $3.09
*** TURN *** [7c Jc Kc] [5c]
Manifestorr: checks 
lukazs2: checks 
*** RIVER *** [7c Jc Kc 5c] [3h]
Manifestorr: checks 
lukazs2: checks 
*** SHOW DOWN ***
Manifestorr: shows [Ts Qh] (high card King)
lukazs2: shows [Th As] (high card Ace)
lukazs2 collected $12.05 from pot
*** SUMMARY ***
Total pot $12.68 | Rake $0.63 
Board [7c Jc Kc 5c 3h]
Seat 1: steelNike folded before Flop (didn't bet)
Seat 2: Rysiff (button) folded before Flop (didn't bet)
Seat 3: mironchikvld (small blind) folded before Flop
Seat 4: Manifestorr (big blind) showed [Ts Qh] and lost with high card King
Seat 5: lukazs2 showed [Th As] and won ($12.05) with high card Ace
Seat 6: Overmyrange folded before Flop (didn't bet)



PokerStars Hand #254410108096:  Hold'em No Limit ($0.50/$1.00 USD) - 2025/01/17 3:54:00 WET [2025/01/16 22:54:00 ET]
Table 'Haltia III' 6-max Seat #3 is the button
Seat 1: steelNike ($194.45 in chips) 
Seat 2: Rysiff ($118.50 in chips) 
Seat 3: mironchikvld ($124.03 in chips) 
Seat 4: Manifestorr ($230.57 in chips) 
Seat 5: lukazs2 ($267.26 in chips) 
Seat 6: Overmyrange ($129.74 in chips) 
Manifestorr: posts small blind $0.50
lukazs2: posts big blind $1
*** HOLE CARDS ***
Overmyrange: folds 
steelNike: folds 
Rysiff: folds 
mironchikvld: raises $2 to $3
Manifestorr: folds 
lukazs2: calls $2
*** FLOP *** [5c Kd Th]
lukazs2: checks 
mironchikvld: bets $2.04
lukazs2: calls $2.04
*** TURN *** [5c Kd Th] [8d]
lukazs2: checks 
mironchikvld: checks 
*** RIVER *** [5c Kd Th 8d] [4s]
lukazs2: bets $10.05
mironchikvld: folds 
Uncalled bet ($10.05) returned to lukazs2
lukazs2 collected $10.05 from pot
*** SUMMARY ***
Total pot $10.58 | Rake $0.53 
Board [5c Kd Th 8d 4s]
Seat 1: steelNike folded before Flop (didn't bet)
Seat 2: Rysiff folded before Flop (didn't bet)
Seat 3: mironchikvld (button) folded on the River
Seat 4: Manifestorr (small blind) folded before Flop
Seat 5: lukazs2 (big blind) collected ($10.05)
Seat 6: Overmyrange folded before Flop (didn't bet)



PokerStars Hand #254410114169:  Hold'em No Limit ($0.50/$1.00 USD) - 2025/01/17 3:54:54 WET [2025/01/16 22:54:54 ET]
Table 'Haltia III' 6-max Seat #4 is the button
Seat 1: steelNike ($194.45 in chips) 
Seat 2: Rysiff ($118.50 in chips) 
Seat 3: mironchikvld ($118.99 in chips) 
Seat 4: Manifestorr ($230.07 in chips) 
Seat 5: lukazs2 ($272.27 in chips) 
Seat 6: Overmyrange ($129.74 in chips) 
lukazs2: posts small blind $0.50
Overmyrange: posts big blind $1
*** HOLE CARDS ***
steelNike: folds 
Rysiff: raises $1.50 to $2.50
mironchikvld: folds 
Manifestorr: folds 
lukazs2: calls $2
Overmyrange: folds 
*** FLOP *** [8s 4c 7s]
lukazs2: checks 
Rysiff: bets $2.85
lukazs2: folds 
Uncalled bet ($2.85) returned to Rysiff
Rysiff collected $5.70 from pot
Rysiff: doesn't show hand 
*** SUMMARY ***
Total pot $6 | Rake $0.30 
Board [8s 4c 7s]
Seat 1: steelNike folded before Flop (didn't bet)
Seat 2: Rysiff collected ($5.70)
Seat 3: mironchikvld folded before Flop (didn't bet)
Seat 4: Manifestorr (button) folded before Flop (didn't bet)
Seat 5: lukazs2 (small blind) folded on the Flop
Seat 6: Overmyrange (big blind) folded before Flop



PokerStars Hand #254410116582:  Hold'em No Limit ($0.50/$1.00 USD) - 2025/01/17 3:55:17 WET [2025/01/16 22:55:17 ET]
Table 'Haltia III' 6-max Seat #5 is the button
Seat 1: steelNike ($194.45 in chips) 
Seat 2: Rysiff ($121.70 in chips) 
Seat 3: mironchikvld ($118.99 in chips) 
Seat 4: Manifestorr ($230.07 in chips) 
Seat 5: lukazs2 ($269.77 in chips) 
Seat 6: Overmyrange ($128.74 in chips) 
Overmyrange: posts small blind $0.50
steelNike: posts big blind $1
*** HOLE CARDS ***
Rysiff: folds 
mironchikvld: folds 
Manifestorr: folds 
lukazs2: calls $1
Overmyrange: calls $0.50
steelNike: checks 
*** FLOP *** [Jh 6c 3c]
Overmyrange: checks 
steelNike: checks 
lukazs2: checks 
*** TURN *** [Jh 6c 3c] [Qs]
Overmyrange: checks 
steelNike: bets $1.43
lukazs2: calls $1.43
Overmyrange: folds 
*** RIVER *** [Jh 6c 3c Qs] [5s]
steelNike: checks 
lukazs2: checks 
*** SHOW DOWN ***
steelNike: shows [Tc 9c] (high card Queen)
lukazs2: mucks hand 
steelNike collected $5.57 from pot
*** SUMMARY ***
Total pot $5.86 | Rake $0.29 
Board [Jh 6c 3c Qs 5s]
Seat 1: steelNike (big blind) showed [Tc 9c] and won ($5.57) with high card Queen
Seat 2: Rysiff folded before Flop (didn't bet)
Seat 3: mironchikvld folded before Flop (didn't bet)
Seat 4: Manifestorr folded before Flop (didn't bet)
Seat 5: lukazs2 (button) mucked
Seat 6: Overmyrange (small blind) folded on the Turn



PokerStars Hand #254410121865:  Hold'em No Limit ($0.50/$1.00 USD) - 2025/01/17 3:56:13 WET [2025/01/16 22:56:13 ET]
Table 'Haltia III' 6-max Seat #6 is the button
Seat 1: steelNike ($197.59 in chips) 
Seat 2: Rysiff ($121.70 in chips) 
Seat 3: mironchikvld ($118.99 in chips) 
Seat 4: Manifestorr ($230.07 in chips) 
Seat 5: lukazs2 ($267.34 in chips) 
Seat 6: Overmyrange ($127.74 in chips) 
steelNike: posts small blind $0.50
Rysiff: posts big blind $1
*** HOLE CARDS ***
mironchikvld: folds 
Manifestorr: folds 
lukazs2: raises $2 to $3
Overmyrange: folds 
steelNike: folds 
Rysiff: folds 
Uncalled bet ($2) returned to lukazs2
lukazs2 collected $2.50 from pot
*** SUMMARY ***
Total pot $2.50 | Rake $0 
Seat 1: steelNike (small blind) folded before Flop
Seat 2: Rysiff (big blind) folded before Flop
Seat 3: mironchikvld folded before Flop (didn't bet)
Seat 4: Manifestorr folded before Flop (didn't bet)
Seat 5: lukazs2 collected ($2.50)
Seat 6: Overmyrange (button) folded before Flop (didn't bet)



PokerStars Hand #254410124121:  Hold'em No Limit ($0.50/$1.00 USD) - 2025/01/17 3:56:37 WET [2025/01/16 22:56:37 ET]
Table 'Haltia III' 6-max Seat #1 is the button
Seat 1: steelNike ($197.09 in chips) 
Seat 2: Rysiff ($120.70 in chips) 
Seat 3: mironchikvld ($118.99 in chips) 
Seat 4: Manifestorr ($230.07 in chips) 
Seat 5: lukazs2 ($268.84 in chips) 
Seat 6: Overmyrange ($127.74 in chips) 
Rysiff: posts small blind $0.50
mironchikvld: posts big blind $1
*** HOLE CARDS ***
Manifestorr: folds 
lukazs2: calls $1
Overmyrange: folds 
steelNike: folds 
Rysiff: folds 
mironchikvld: checks 
*** FLOP *** [Jh 5h Ac]
mironchikvld: checks 
lukazs2: checks 
*** TURN *** [Jh 5h Ac] [Td]
mironchikvld: checks 
lukazs2: checks 
*** RIVER *** [Jh 5h Ac Td] [3d]
mironchikvld: checks 
lukazs2: checks 
*** SHOW DOWN ***
mironchikvld: shows [6c 9d] (high card Ace)
lukazs2: shows [3h 6d] (a pair of Threes)
lukazs2 collected $2.38 from pot
*** SUMMARY ***
Total pot $2.50 | Rake $0.12 
Board [Jh 5h Ac Td 3d]
Seat 1: steelNike (button) folded before Flop (didn't bet)
Seat 2: Rysiff (small blind) folded before Flop
Seat 3: mironchikvld (big blind) showed [6c 9d] and lost with high card Ace
Seat 4: Manifestorr folded before Flop (didn't bet)
Seat 5: lukazs2 showed [3h 6d] and won ($2.38) with a pair of Threes
Seat 6: Overmyrange folded before Flop (didn't bet)



PokerStars Hand #254410149742:  Hold'em No Limit ($0.50/$1.00 USD) - 2025/01/17 4:01:09 WET [2025/01/16 23:01:09 ET]
Table 'Haltia III' 6-max Seat #5 is the button
Seat 1: steelNike ($199.59 in chips) 
Seat 2: Rysiff ($122.92 in chips) 
Seat 3: mironchikvld ($117.49 in chips) 
Seat 4: Manifestorr ($228.57 in chips) 
Seat 5: lukazs2 ($265.72 in chips) 
Seat 6: Overmyrange ($128.64 in chips) 
Overmyrange: posts small blind $0.50
steelNike: posts big blind $1
*** HOLE CARDS ***
Rysiff: folds 
mironchikvld: folds 
Manifestorr: folds 
lukazs2: calls $1
Overmyrange: raises $3.50 to $4.50
steelNike: folds 
lukazs2: calls $3.50
*** FLOP *** [2c 6h Ac]
Overmyrange: checks 
lukazs2: checks 
*** TURN *** [2c 6h Ac] [Tc]
Overmyrange: checks 
lukazs2: checks 
*** RIVER *** [2c 6h Ac Tc] [5s]
Overmyrange: checks 
lukazs2: checks 
*** SHOW DOWN ***
Overmyrange: shows [Qd 9d] (high card Ace)
lukazs2: shows [5d Kh] (a pair of Fives)
lukazs2 collected $9.50 from pot
*** SUMMARY ***
Total pot $10 | Rake $0.50 
Board [2c 6h Ac Tc 5s]
Seat 1: steelNike (big blind) folded before Flop
Seat 2: Rysiff folded before Flop (didn't bet)
Seat 3: mironchikvld folded before Flop (didn't bet)
Seat 4: Manifestorr folded before Flop (didn't bet)
Seat 5: lukazs2 (button) showed [5d Kh] and won ($9.50) with a pair of Fives
Seat 6: Overmyrange (small blind) showed [Qd 9d] and lost with high card Ace



PokerStars Hand #254410156109:  Hold'em No Limit ($0.50/$1.00 USD) - 2025/01/17 4:02:09 WET [2025/01/16 23:02:09 ET]
Table 'Haltia III' 6-max Seat #6 is the button
Seat 1: steelNike ($198.59 in chips) 
Seat 2: Rysiff ($122.92 in chips) 
Seat 3: mironchikvld ($117.49 in chips) 
Seat 4: Manifestorr ($228.57 in chips) 
Seat 5: lukazs2 ($270.72 in chips) 
Seat 6: Overmyrange ($124.14 in chips) 
steelNike: posts small blind $0.50
Rysiff: posts big blind $1
*** HOLE CARDS ***
mironchikvld: folds 
Manifestorr: folds 
lukazs2: raises $4 to $5
Overmyrange: folds 
steelNike: folds 
Rysiff: folds 
Uncalled bet ($4) returned to lukazs2
lukazs2 collected $2.50 from pot
*** SUMMARY ***
Total pot $2.50 | Rake $0 
Seat 1: steelNike (small blind) folded before Flop
Seat 2: Rysiff (big blind) folded before Flop
Seat 3: mironchikvld folded before Flop (didn't bet)
Seat 4: Manifestorr folded before Flop (didn't bet)
Seat 5: lukazs2 collected ($2.50)
Seat 6: Overmyrange (button) folded before Flop (didn't bet)



PokerStars Hand #254410157904:  Hold'em No Limit ($0.50/$1.00 USD) - 2025/01/17 4:02:25 WET [2025/01/16 23:02:25 ET]
Table 'Haltia III' 6-max Seat #1 is the button
Seat 1: steelNike ($198.09 in chips) 
Seat 2: Rysiff ($121.92 in chips) 
Seat 3: mironchikvld ($117.49 in chips) 
Seat 4: Manifestorr ($228.57 in chips) 
Seat 5: lukazs2 ($272.22 in chips) 
Seat 6: Overmyrange ($124.14 in chips) 
Rysiff: posts small blind $0.50
mironchikvld: posts big blind $1
*** HOLE CARDS ***
Manifestorr: folds 
lukazs2: folds 
Overmyrange: folds 
steelNike: raises $1.50 to $2.50
Rysiff: folds 
mironchikvld: calls $1.50
*** FLOP *** [Kd As 4h]
mironchikvld: checks 
steelNike: bets $1.31
mironchikvld: calls $1.31
*** TURN *** [Kd As 4h] [2s]
mironchikvld: checks 
steelNike: checks 
*** RIVER *** [Kd As 4h 2s] [Qs]
mironchikvld: checks 
steelNike: checks 
*** SHOW DOWN ***
mironchikvld: shows [Ah 7h] (a pair of Aces)
steelNike: mucks hand 
mironchikvld collected $7.71 from pot
*** SUMMARY ***
Total pot $8.12 | Rake $0.41 
Board [Kd As 4h 2s Qs]
Seat 1: steelNike (button) mucked
Seat 2: Rysiff (small blind) folded before Flop
Seat 3: mironchikvld (big blind) showed [Ah 7h] and won ($7.71) with a pair of Aces
Seat 4: Manifestorr folded before Flop (didn't bet)
Seat 5: lukazs2 folded before Flop (didn't bet)
Seat 6: Overmyrange folded before Flop (didn't bet)



PokerStars Hand #254410165487:  Hold'em No Limit ($0.50/$1.00 USD) - 2025/01/17 4:03:33 WET [2025/01/16 23:03:33 ET]
Table 'Haltia III' 6-max Seat #2 is the button
Seat 1: steelNike ($194.28 in chips) 
Seat 2: Rysiff ($121.42 in chips) 
Seat 3: mironchikvld ($121.39 in chips) 
Seat 4: Manifestorr ($228.57 in chips) 
Seat 5: lukazs2 ($272.22 in chips) 
Seat 6: Overmyrange ($124.14 in chips) 
mironchikvld: posts small blind $0.50
Manifestorr: posts big blind $1
*** HOLE CARDS ***
lukazs2: calls $1
Overmyrange: folds 
steelNike: folds 
Rysiff: folds 
mironchikvld: raises $3 to $4
Manifestorr: raises $11 to $15
lukazs2: folds 
mironchikvld: raises $106.39 to $121.39 and is all-in
Manifestorr: calls $106.39
*** FLOP *** [4c 6c 2c]
*** TURN *** [4c 6c 2c] [9s]
*** RIVER *** [4c 6c 2c 9s] [5s]
*** SHOW DOWN ***
mironchikvld: shows [Js Ks] (high card King)
Manifestorr: shows [Jd Jc] (a pair of Jacks)
Manifestorr collected $241.28 from pot
*** SUMMARY ***
Total pot $243.78 | Rake $2.50 
Board [4c 6c 2c 9s 5s]
Seat 1: steelNike folded before Flop (didn't bet)
Seat 2: Rysiff (button) folded before Flop (didn't bet)
Seat 3: mironchikvld (small blind) showed [Js Ks] and lost with high card King
Seat 4: Manifestorr (big blind) showed [Jd Jc] and won ($241.28) with a pair of Jacks
Seat 5: lukazs2 folded before Flop
Seat 6: Overmyrange folded before Flop (didn't bet)



PokerStars Hand #254410171426:  Hold'em No Limit ($0.50/$1.00 USD) - 2025/01/17 4:04:27 WET [2025/01/16 23:04:27 ET]
Table 'Haltia III' 6-max Seat #3 is the button
Seat 1: steelNike ($194.28 in chips) 
Seat 2: Rysiff ($121.42 in chips) 
Seat 3: mironchikvld ($100 in chips) 
Seat 4: Manifestorr ($348.46 in chips) 
Seat 5: lukazs2 ($271.22 in chips) 
Seat 6: Overmyrange ($124.14 in chips) 
Manifestorr: posts small blind $0.50
lukazs2: posts big blind $1
*** HOLE CARDS ***
Overmyrange: raises $1.20 to $2.20
steelNike: folds 
Rysiff: folds 
mironchikvld: folds 
Manifestorr: folds 
lukazs2: calls $1.20
*** FLOP *** [4c 7h 5c]
lukazs2: checks 
Overmyrange: checks 
*** TURN *** [4c 7h 5c] [2d]
lukazs2: bets $2.33
Overmyrange: raises $7.22 to $9.55
lukazs2: calls $7.22
*** RIVER *** [4c 7h 5c 2d] [Jh]
lukazs2: checks 
Overmyrange: bets $5.52
lukazs2: calls $5.52
*** SHOW DOWN ***
Overmyrange: shows [Ks Kd] (a pair of Kings)
lukazs2: mucks hand 
Overmyrange collected $33.29 from pot
*** SUMMARY ***
Total pot $35.04 | Rake $1.75 
Board [4c 7h 5c 2d Jh]
Seat 1: steelNike folded before Flop (didn't bet)
Seat 2: Rysiff folded before Flop (didn't bet)
Seat 3: mironchikvld (button) folded before Flop (didn't bet)
Seat 4: Manifestorr (small blind) folded before Flop
Seat 5: lukazs2 (big blind) mucked
Seat 6: Overmyrange showed [Ks Kd] and won ($33.29) with a pair of Kings



PokerStars Hand #254410177928:  Hold'em No Limit ($0.50/$1.00 USD) - 2025/01/17 4:05:26 WET [2025/01/16 23:05:26 ET]
Table 'Haltia III' 6-max Seat #4 is the button
Seat 1: steelNike ($194.28 in chips) 
Seat 2: Rysiff ($121.42 in chips) 
Seat 3: mironchikvld ($100 in chips) 
Seat 4: Manifestorr ($347.96 in chips) 
Seat 5: lukazs2 ($253.95 in chips) 
Seat 6: Overmyrange ($140.16 in chips) 
lukazs2: posts small blind $0.50
Overmyrange: posts big blind $1
*** HOLE CARDS ***
steelNike: folds 
Rysiff: raises $1.50 to $2.50
mironchikvld: folds 
Manifestorr: folds 
lukazs2: calls $2
Overmyrange: folds 
*** FLOP *** [8h Qs Jd]
lukazs2: bets $2.85
Rysiff: calls $2.85
*** TURN *** [8h Qs Jd] [9s]
lukazs2: bets $5.56
Rysiff: folds 
Uncalled bet ($5.56) returned to lukazs2
lukazs2 collected $11.12 from pot
*** SUMMARY ***
Total pot $11.70 | Rake $0.58 
Board [8h Qs Jd 9s]
Seat 1: steelNike folded before Flop (didn't bet)
Seat 2: Rysiff folded on the Turn
Seat 3: mironchikvld folded before Flop (didn't bet)
Seat 4: Manifestorr (button) folded before Flop (didn't bet)
Seat 5: lukazs2 (small blind) collected ($11.12)
Seat 6: Overmyrange (big blind) folded before Flop



PokerStars Hand #254410182540:  Hold'em No Limit ($0.50/$1.00 USD) - 2025/01/17 4:06:08 WET [2025/01/16 23:06:08 ET]
Table 'Haltia III' 6-max Seat #5 is the button
Seat 1: steelNike ($194.28 in chips) 
Seat 2: Rysiff ($116.07 in chips) 
Seat 3: mironchikvld ($100 in chips) 
Seat 4: Manifestorr ($347.96 in chips) 
Seat 5: lukazs2 ($259.72 in chips) 
Seat 6: Overmyrange ($139.16 in chips) 
Overmyrange: posts small blind $0.50
steelNike: posts big blind $1
*** HOLE CARDS ***
Rysiff: raises $1.50 to $2.50
mironchikvld: folds 
Manifestorr: folds 
lukazs2: folds 
Overmyrange: folds 
steelNike: calls $1.50
*** FLOP *** [Ah Qs Tc]
steelNike: checks 
Rysiff: checks 
*** TURN *** [Ah Qs Tc] [4s]
steelNike: checks 
Rysiff: checks 
*** RIVER *** [Ah Qs Tc 4s] [Qc]
steelNike: checks 
Rysiff: checks 
*** SHOW DOWN ***
steelNike: shows [Td 7d] (two pair, Queens and Tens)
Rysiff: mucks hand 
steelNike collected $5.22 from pot
*** SUMMARY ***
Total pot $5.50 | Rake $0.28 
Board [Ah Qs Tc 4s Qc]
Seat 1: steelNike (big blind) showed [Td 7d] and won ($5.22) with two pair, Queens and Tens
Seat 2: Rysiff mucked
Seat 3: mironchikvld folded before Flop (didn't bet)
Seat 4: Manifestorr folded before Flop (didn't bet)
Seat 5: lukazs2 (button) folded before Flop (didn't bet)
Seat 6: Overmyrange (small blind) folded before Flop



PokerStars Hand #254410191528:  Hold'em No Limit ($0.50/$1.00 USD) - 2025/01/17 4:07:31 WET [2025/01/16 23:07:31 ET]
Table 'Haltia III' 6-max Seat #6 is the button
Seat 1: steelNike ($197 in chips) 
Seat 2: Rysiff ($113.57 in chips) 
Seat 3: mironchikvld ($100 in chips) 
Seat 4: Manifestorr ($347.96 in chips) 
Seat 5: lukazs2 ($259.72 in chips) 
Seat 6: Overmyrange ($138.66 in chips) 
steelNike: posts small blind $0.50
Rysiff: posts big blind $1
*** HOLE CARDS ***
mironchikvld: folds 
Manifestorr: folds 
lukazs2: calls $1
Overmyrange: folds 
steelNike: folds 
Rysiff: checks 
*** FLOP *** [3c Ac 7h]
Rysiff: checks 
lukazs2: bets $1.19
Rysiff: calls $1.19
*** TURN *** [3c Ac 7h] [6d]
Rysiff: checks 
lukazs2: checks 
*** RIVER *** [3c Ac 7h 6d] [Td]
Rysiff: bets $4
lukazs2: calls $4
*** SHOW DOWN ***
Rysiff: shows [2s 5c] (high card Ace)
lukazs2: shows [7c 8h] (a pair of Sevens)
lukazs2 collected $12.24 from pot
*** SUMMARY ***
Total pot $12.88 | Rake $0.64 
Board [3c Ac 7h 6d Td]
Seat 1: steelNike (small blind) folded before Flop
Seat 2: Rysiff (big blind) showed [2s 5c] and lost with high card Ace
Seat 3: mironchikvld folded before Flop (didn't bet)
Seat 4: Manifestorr folded before Flop (didn't bet)
Seat 5: lukazs2 showed [7c 8h] and won ($12.24) with a pair of Sevens
Seat 6: Overmyrange (button) folded before Flop (didn't bet)



PokerStars Hand #254410201368:  Hold'em No Limit ($0.50/$1.00 USD) - 2025/01/17 4:09:00 WET [2025/01/16 23:09:00 ET]
Table 'Haltia III' 6-max Seat #1 is the button
Seat 1: steelNike ($196.50 in chips) 
Seat 2: Rysiff ($107.38 in chips) 
Seat 3: mironchikvld ($100 in chips) 
Seat 4: Manifestorr ($347.96 in chips) 
Seat 5: lukazs2 ($265.77 in chips) 
Seat 6: Overmyrange ($138.66 in chips) 
Rysiff: posts small blind $0.50
mironchikvld: posts big blind $1
*** HOLE CARDS ***
Manifestorr: folds 
lukazs2: folds 
Overmyrange: folds 
steelNike: raises $1.50 to $2.50
Rysiff: folds 
mironchikvld: folds 
Uncalled bet ($1.50) returned to steelNike
steelNike collected $2.50 from pot
*** SUMMARY ***
Total pot $2.50 | Rake $0 
Seat 1: steelNike (button) collected ($2.50)
Seat 2: Rysiff (small blind) folded before Flop
Seat 3: mironchikvld (big blind) folded before Flop
Seat 4: Manifestorr folded before Flop (didn't bet)
Seat 5: lukazs2 folded before Flop (didn't bet)
Seat 6: Overmyrange folded before Flop (didn't bet)



PokerStars Hand #254410203309:  Hold'em No Limit ($0.50/$1.00 USD) - 2025/01/17 4:09:18 WET [2025/01/16 23:09:18 ET]
Table 'Haltia III' 6-max Seat #2 is the button
Seat 1: steelNike ($198 in chips) 
Seat 2: Rysiff ($106.88 in chips) 
Seat 3: mironchikvld ($100 in chips) 
Seat 4: Manifestorr ($347.96 in chips) 
Seat 5: lukazs2 ($265.77 in chips) 
Seat 6: Overmyrange ($138.66 in chips) 
mironchikvld: posts small blind $0.50
Manifestorr: posts big blind $1
*** HOLE CARDS ***
lukazs2: raises $2 to $3
Overmyrange: folds 
steelNike: folds 
Rysiff: raises $6 to $9
mironchikvld: folds 
Manifestorr: folds 
lukazs2: calls $6
*** FLOP *** [9s 5s 3d]
lukazs2: bets $9.26
Rysiff: raises $18.52 to $27.78
lukazs2: calls $18.52
*** TURN *** [9s 5s 3d] [3s]
lukazs2: checks 
Rysiff: bets $14.51
lukazs2: raises $101.58 to $116.09
Rysiff: calls $55.59 and is all-in
Uncalled bet ($45.99) returned to lukazs2
*** RIVER *** [9s 5s 3d 3s] [7d]
*** SHOW DOWN ***
lukazs2: shows [Kh 9h] (two pair, Nines and Threes)
Rysiff: shows [Ts Tc] (two pair, Tens and Threes)
Rysiff collected $212.76 from pot
*** SUMMARY ***
Total pot $215.26 | Rake $2.50 
Board [9s 5s 3d 3s 7d]
Seat 1: steelNike folded before Flop (didn't bet)
Seat 2: Rysiff (button) showed [Ts Tc] and won ($212.76) with two pair, Tens and Threes
Seat 3: mironchikvld (small blind) folded before Flop
Seat 4: Manifestorr (big blind) folded before Flop
Seat 5: lukazs2 showed [Kh 9h] and lost with two pair, Nines and Threes
Seat 6: Overmyrange folded before Flop (didn't bet)



PokerStars Hand #254410213345:  Hold'em No Limit ($0.50/$1.00 USD) - 2025/01/17 4:10:51 WET [2025/01/16 23:10:51 ET]
Table 'Haltia III' 6-max Seat #3 is the button
Seat 1: steelNike ($198 in chips) 
Seat 2: Rysiff ($212.76 in chips) 
Seat 3: mironchikvld ($100 in chips) 
Seat 4: Manifestorr ($346.96 in chips) 
Seat 5: lukazs2 ($158.89 in chips) 
Seat 6: Overmyrange ($138.66 in chips) 
Manifestorr: posts small blind $0.50
lukazs2: posts big blind $1
*** HOLE CARDS ***
Overmyrange: folds 
steelNike: folds 
Rysiff: folds 
mironchikvld: raises $2 to $3
Manifestorr: folds 
lukazs2: calls $2
*** FLOP *** [9h 5c Kc]
lukazs2: bets $3.09
mironchikvld: folds 
Uncalled bet ($3.09) returned to lukazs2
lukazs2 collected $6.18 from pot
*** SUMMARY ***
Total pot $6.50 | Rake $0.32 
Board [9h 5c Kc]
Seat 1: steelNike folded before Flop (didn't bet)
Seat 2: Rysiff folded before Flop (didn't bet)
Seat 3: mironchikvld (button) folded on the Flop
Seat 4: Manifestorr (small blind) folded before Flop
Seat 5: lukazs2 (big blind) collected ($6.18)
Seat 6: Overmyrange folded before Flop (didn't bet)



PokerStars Hand #254410216360:  Hold'em No Limit ($0.50/$1.00 USD) - 2025/01/17 4:11:20 WET [2025/01/16 23:11:20 ET]
Table 'Haltia III' 6-max Seat #4 is the button
Seat 1: steelNike ($198 in chips) 
Seat 2: Rysiff ($212.76 in chips) 
Seat 3: mironchikvld ($97 in chips) 
Seat 4: Manifestorr ($346.46 in chips) 
Seat 5: lukazs2 ($162.07 in chips) 
Seat 6: Overmyrange ($138.66 in chips) 
lukazs2: posts small blind $0.50
Overmyrange: posts big blind $1
*** HOLE CARDS ***
steelNike: folds 
Rysiff: raises $1.50 to $2.50
mironchikvld: folds 
Manifestorr: folds 
lukazs2: calls $2
Overmyrange: folds 
*** FLOP *** [6d 4h 5s]
lukazs2: checks 
Rysiff: checks 
*** TURN *** [6d 4h 5s] [3d]
lukazs2: bets $2.85
Rysiff: calls $2.85
*** RIVER *** [6d 4h 5s 3d] [Jd]
lukazs2: checks 
Rysiff: bets $3.67
lukazs2: calls $3.67
*** SHOW DOWN ***
Rysiff: shows [Ah 2h] (a straight, Deuce to Six)
lukazs2: mucks hand 
Rysiff collected $18.09 from pot
*** SUMMARY ***
Total pot $19.04 | Rake $0.95 
Board [6d 4h 5s 3d Jd]
Seat 1: steelNike folded before Flop (didn't bet)
Seat 2: Rysiff showed [Ah 2h] and won ($18.09) with a straight, Deuce to Six
Seat 3: mironchikvld folded before Flop (didn't bet)
Seat 4: Manifestorr (button) folded before Flop (didn't bet)
Seat 5: lukazs2 (small blind) mucked
Seat 6: Overmyrange (big blind) folded before Flop



PokerStars Hand #254410223139:  Hold'em No Limit ($0.50/$1.00 USD) - 2025/01/17 4:12:24 WET [2025/01/16 23:12:24 ET]
Table 'Haltia III' 6-max Seat #5 is the button
Seat 1: steelNike ($198 in chips) 
Seat 2: Rysiff ($221.83 in chips) 
Seat 3: mironchikvld ($97 in chips) 
Seat 4: Manifestorr ($346.46 in chips) 
Seat 5: lukazs2 ($153.05 in chips) 
Seat 6: Overmyrange ($137.66 in chips) 
Overmyrange: posts small blind $0.50
steelNike: posts big blind $1
*** HOLE CARDS ***
Rysiff: folds 
mironchikvld: folds 
Manifestorr: folds 
lukazs2: raises $2 to $3
Overmyrange: folds 
steelNike: calls $2
*** FLOP *** [As 9h 6c]
steelNike: checks 
lukazs2: checks 
*** TURN *** [As 9h 6c] [6s]
steelNike: checks 
lukazs2: checks 
*** RIVER *** [As 9h 6c 6s] [4s]
steelNike: bets $3.09
lukazs2: folds 
Uncalled bet ($3.09) returned to steelNike
steelNike collected $6.18 from pot
*** SUMMARY ***
Total pot $6.50 | Rake $0.32 
Board [As 9h 6c 6s 4s]
Seat 1: steelNike (big blind) collected ($6.18)
Seat 2: Rysiff folded before Flop (didn't bet)
Seat 3: mironchikvld folded before Flop (didn't bet)
Seat 4: Manifestorr folded before Flop (didn't bet)
Seat 5: lukazs2 (button) folded on the River
Seat 6: Overmyrange (small blind) folded before Flop



PokerStars Hand #254410228721:  Hold'em No Limit ($0.50/$1.00 USD) - 2025/01/17 4:13:17 WET [2025/01/16 23:13:17 ET]
Table 'Haltia III' 6-max Seat #6 is the button
Seat 1: steelNike ($201.18 in chips) 
Seat 2: Rysiff ($221.83 in chips) 
Seat 3: mironchikvld ($97 in chips) 
Seat 4: Manifestorr ($346.46 in chips) 
Seat 5: lukazs2 ($150.05 in chips) 
Seat 6: Overmyrange ($137.16 in chips) 
steelNike: posts small blind $0.50
Rysiff: posts big blind $1
*** HOLE CARDS ***
mironchikvld: folds 
Manifestorr: folds 
lukazs2: raises $5 to $6
Overmyrange: folds 
steelNike: folds 
Rysiff: folds 
Uncalled bet ($5) returned to lukazs2
lukazs2 collected $2.50 from pot
*** SUMMARY ***
Total pot $2.50 | Rake $0 
Seat 1: steelNike (small blind) folded before Flop
Seat 2: Rysiff (big blind) folded before Flop
Seat 3: mironchikvld folded before Flop (didn't bet)
Seat 4: Manifestorr folded before Flop (didn't bet)
Seat 5: lukazs2 collected ($2.50)
Seat 6: Overmyrange (button) folded before Flop (didn't bet)



PokerStars Hand #254410230864:  Hold'em No Limit ($0.50/$1.00 USD) - 2025/01/17 4:13:37 WET [2025/01/16 23:13:37 ET]
Table 'Haltia III' 6-max Seat #1 is the button
Seat 1: steelNike ($200.68 in chips) 
Seat 2: Rysiff ($220.83 in chips) 
Seat 3: mironchikvld ($97 in chips) 
Seat 4: Manifestorr ($346.46 in chips) 
Seat 5: lukazs2 ($151.55 in chips) 
Seat 6: Overmyrange ($137.16 in chips) 
Rysiff: posts small blind $0.50
mironchikvld: posts big blind $1
*** HOLE CARDS ***
Manifestorr: folds 
lukazs2: raises $5 to $6
Overmyrange: folds 
steelNike: folds 
Rysiff: folds 
mironchikvld: folds 
Uncalled bet ($5) returned to lukazs2
lukazs2 collected $2.50 from pot
*** SUMMARY ***
Total pot $2.50 | Rake $0 
Seat 1: steelNike (button) folded before Flop (didn't bet)
Seat 2: Rysiff (small blind) folded before Flop
Seat 3: mironchikvld (big blind) folded before Flop
Seat 4: Manifestorr folded before Flop (didn't bet)
Seat 5: lukazs2 collected ($2.50)
Seat 6: Overmyrange folded before Flop (didn't bet)



PokerStars Hand #254410277315:  Hold'em No Limit ($0.50/$1.00 USD) - 2025/01/17 4:20:51 WET [2025/01/16 23:20:51 ET]
Table 'Haltia III' 6-max Seat #4 is the button
Seat 1: steelNike ($199.18 in chips) 
Seat 2: Rysiff ($208.79 in chips) 
Seat 3: mironchikvld ($101.68 in chips) 
Seat 4: Manifestorr ($340.66 in chips) 
Seat 5: lukazs2 ($161.85 in chips) 
Seat 6: Overmyrange ($137.04 in chips) 
lukazs2: posts small blind $0.50
Overmyrange: posts big blind $1
*** HOLE CARDS ***
steelNike: folds 
Rysiff: folds 
mironchikvld: raises $2 to $3
Manifestorr: folds 
lukazs2: folds 
Overmyrange: folds 
Uncalled bet ($2) returned to mironchikvld
mironchikvld collected $2.50 from pot
mironchikvld: doesn't show hand 
*** SUMMARY ***
Total pot $2.50 | Rake $0 
Seat 1: steelNike folded before Flop (didn't bet)
Seat 2: Rysiff folded before Flop (didn't bet)
Seat 3: mironchikvld collected ($2.50)
Seat 4: Manifestorr (button) folded before Flop (didn't bet)
Seat 5: lukazs2 (small blind) folded before Flop
Seat 6: Overmyrange (big blind) folded before Flop



PokerStars Hand #254410280309:  Hold'em No Limit ($0.50/$1.00 USD) - 2025/01/17 4:21:19 WET [2025/01/16 23:21:19 ET]
Table 'Haltia III' 6-max Seat #5 is the button
Seat 1: steelNike ($199.18 in chips) 
Seat 2: Rysiff ($208.79 in chips) 
Seat 3: mironchikvld ($103.18 in chips) 
Seat 4: Manifestorr ($340.66 in chips) 
Seat 5: lukazs2 ($161.35 in chips) 
Seat 6: Overmyrange ($136.04 in chips) 
Overmyrange: posts small blind $0.50
steelNike: posts big blind $1
*** HOLE CARDS ***
Rysiff: folds 
mironchikvld: folds 
Manifestorr: folds 
lukazs2: folds 
Overmyrange: raises $2.25 to $3.25
steelNike: calls $2.25
*** FLOP *** [4d Kc Ts]
Overmyrange: checks 
steelNike: bets $1.75
Overmyrange: folds 
Uncalled bet ($1.75) returned to steelNike
steelNike collected $6.18 from pot
*** SUMMARY ***
Total pot $6.50 | Rake $0.32 
Board [4d Kc Ts]
Seat 1: steelNike (big blind) collected ($6.18)
Seat 2: Rysiff folded before Flop (didn't bet)
Seat 3: mironchikvld folded before Flop (didn't bet)
Seat 4: Manifestorr folded before Flop (didn't bet)
Seat 5: lukazs2 (button) folded before Flop (didn't bet)
Seat 6: Overmyrange (small blind) folded on the Flop



PokerStars Hand #254410286729:  Hold'em No Limit ($0.50/$1.00 USD) - 2025/01/17 4:22:18 WET [2025/01/16 23:22:18 ET]
Table 'Haltia III' 6-max Seat #6 is the button
Seat 1: steelNike ($202.11 in chips) 
Seat 2: Rysiff ($208.79 in chips) 
Seat 3: mironchikvld ($103.18 in chips) 
Seat 4: Manifestorr ($340.66 in chips) 
Seat 5: lukazs2 ($161.35 in chips) 
Seat 6: Overmyrange ($132.79 in chips) 
steelNike: posts small blind $0.50
Rysiff: posts big blind $1
*** HOLE CARDS ***
mironchikvld: folds 
Manifestorr: raises $1.20 to $2.20
lukazs2: calls $2.20
Overmyrange: folds 
steelNike: folds 
Rysiff: folds 
*** FLOP *** [Ah 5c 9d]
Manifestorr: bets $4.70
lukazs2: folds 
Uncalled bet ($4.70) returned to Manifestorr
Manifestorr collected $5.60 from pot
*** SUMMARY ***
Total pot $5.90 | Rake $0.30 
Board [Ah 5c 9d]
Seat 1: steelNike (small blind) folded before Flop
Seat 2: Rysiff (big blind) folded before Flop
Seat 3: mironchikvld folded before Flop (didn't bet)
Seat 4: Manifestorr collected ($5.60)
Seat 5: lukazs2 folded on the Flop
Seat 6: Overmyrange (button) folded before Flop (didn't bet)



PokerStars Hand #254410290107:  Hold'em No Limit ($0.50/$1.00 USD) - 2025/01/17 4:22:48 WET [2025/01/16 23:22:48 ET]
Table 'Haltia III' 6-max Seat #1 is the button
Seat 1: steelNike ($201.61 in chips) 
Seat 2: Rysiff ($207.79 in chips) 
Seat 3: mironchikvld ($103.18 in chips) 
Seat 4: Manifestorr ($344.06 in chips) 
Seat 5: lukazs2 ($159.15 in chips) 
Seat 6: Overmyrange ($132.79 in chips) 
Rysiff: posts small blind $0.50
mironchikvld: posts big blind $1
*** HOLE CARDS ***
Manifestorr: folds 
lukazs2: raises $2 to $3
Overmyrange: calls $3
steelNike: folds 
Rysiff: folds 
mironchikvld: calls $2
*** FLOP *** [Qh Th Tc]
mironchikvld: checks 
lukazs2: bets $9.02
Overmyrange: folds 
mironchikvld: calls $9.02
*** TURN *** [Qh Th Tc] [5s]
mironchikvld: checks 
lukazs2: bets $26.16
mironchikvld: folds 
Uncalled bet ($26.16) returned to lukazs2
lukazs2 collected $26.16 from pot
*** SUMMARY ***
Total pot $27.54 | Rake $1.38 
Board [Qh Th Tc 5s]
Seat 1: steelNike (button) folded before Flop (didn't bet)
Seat 2: Rysiff (small blind) folded before Flop
Seat 3: mironchikvld (big blind) folded on the Turn
Seat 4: Manifestorr folded before Flop (didn't bet)
Seat 5: lukazs2 collected ($26.16)
Seat 6: Overmyrange folded on the Flop



PokerStars Hand #254410296686:  Hold'em No Limit ($0.50/$1.00 USD) - 2025/01/17 4:23:49 WET [2025/01/16 23:23:49 ET]
Table 'Haltia III' 6-max Seat #2 is the button
Seat 1: steelNike ($201.61 in chips) 
Seat 2: Rysiff ($207.29 in chips) 
Seat 3: mironchikvld ($100 in chips) 
Seat 4: Manifestorr ($344.06 in chips) 
Seat 5: lukazs2 ($173.29 in chips) 
Seat 6: Overmyrange ($129.79 in chips) 
mironchikvld: posts small blind $0.50
Manifestorr: posts big blind $1
*** HOLE CARDS ***
lukazs2: folds 
Overmyrange: folds 
steelNike: raises $1.30 to $2.30
Rysiff: folds 
mironchikvld: folds 
Manifestorr: folds 
Uncalled bet ($1.30) returned to steelNike
steelNike collected $2.50 from pot
*** SUMMARY ***
Total pot $2.50 | Rake $0 
Seat 1: steelNike collected ($2.50)
Seat 2: Rysiff (button) folded before Flop (didn't bet)
Seat 3: mironchikvld (small blind) folded before Flop
Seat 4: Manifestorr (big blind) folded before Flop
Seat 5: lukazs2 folded before Flop (didn't bet)
Seat 6: Overmyrange folded before Flop (didn't bet)



PokerStars Hand #254410300195:  Hold'em No Limit ($0.50/$1.00 USD) - 2025/01/17 4:24:21 WET [2025/01/16 23:24:21 ET]
Table 'Haltia III' 6-max Seat #3 is the button
Seat 1: steelNike ($203.11 in chips) 
Seat 2: Rysiff ($207.29 in chips) 
Seat 3: mironchikvld ($100 in chips) 
Seat 4: Manifestorr ($343.06 in chips) 
Seat 5: lukazs2 ($173.29 in chips) 
Seat 6: Overmyrange ($129.79 in chips) 
Manifestorr: posts small blind $0.50
lukazs2: posts big blind $1
*** HOLE CARDS ***
Overmyrange: folds 
steelNike: raises $1 to $2
Rysiff: calls $2
mironchikvld: folds 
Manifestorr: folds 
lukazs2: raises $1 to $3
steelNike: calls $1
Rysiff: calls $1
*** FLOP *** [As 8s Ac]
lukazs2: checks 
steelNike: checks 
Rysiff: checks 
*** TURN *** [As 8s Ac] [Qd]
lukazs2: checks 
steelNike: checks 
Rysiff: checks 
*** RIVER *** [As 8s Ac Qd] [5s]
lukazs2: checks 
steelNike: checks 
Rysiff: bets $204.29 and is all-in
lukazs2: folds 
steelNike: folds 
Uncalled bet ($204.29) returned to Rysiff
Rysiff collected $9.02 from pot
Rysiff: doesn't show hand 
*** SUMMARY ***
Total pot $9.50 | Rake $0.48 
Board [As 8s Ac Qd 5s]
Seat 1: steelNike folded on the River
Seat 2: Rysiff collected ($9.02)
Seat 3: mironchikvld (button) folded before Flop (didn't bet)
Seat 4: Manifestorr (small blind) folded before Flop
Seat 5: lukazs2 (big blind) folded on the River
Seat 6: Overmyrange folded before Flop (didn't bet)



PokerStars Hand #254410311863:  Hold'em No Limit ($0.50/$1.00 USD) - 2025/01/17 4:26:10 WET [2025/01/16 23:26:10 ET]
Table 'Haltia III' 6-max Seat #4 is the button
Seat 1: steelNike ($200.11 in chips) 
Seat 2: Rysiff ($213.31 in chips) 
Seat 3: mironchikvld ($100 in chips) 
Seat 4: Manifestorr ($342.56 in chips) 
Seat 5: lukazs2 ($170.29 in chips) 
Seat 6: Overmyrange ($129.79 in chips) 
lukazs2: posts small blind $0.50
Overmyrange: posts big blind $1
*** HOLE CARDS ***
steelNike: folds 
Rysiff: folds 
mironchikvld: folds 
Manifestorr: raises $1.20 to $2.20
lukazs2: calls $1.70
Overmyrange: folds 
*** FLOP *** [Qc Th 9h]
lukazs2: checks 
Manifestorr: checks 
*** TURN *** [Qc Th 9h] [Td]
lukazs2: checks 
Manifestorr: checks 
*** RIVER *** [Qc Th 9h Td] [2c]
lukazs2: checks 
Manifestorr: bets $1.69
lukazs2: folds 
Uncalled bet ($1.69) returned to Manifestorr
Manifestorr collected $5.13 from pot
*** SUMMARY ***
Total pot $5.40 | Rake $0.27 
Board [Qc Th 9h Td 2c]
Seat 1: steelNike folded before Flop (didn't bet)
Seat 2: Rysiff folded before Flop (didn't bet)
Seat 3: mironchikvld folded before Flop (didn't bet)
Seat 4: Manifestorr (button) collected ($5.13)
Seat 5: lukazs2 (small blind) folded on the River
Seat 6: Overmyrange (big blind) folded before Flop



PokerStars Hand #254410316924:  Hold'em No Limit ($0.50/$1.00 USD) - 2025/01/17 4:26:57 WET [2025/01/16 23:26:57 ET]
Table 'Haltia III' 6-max Seat #5 is the button
Seat 1: steelNike ($200.11 in chips) 
Seat 2: Rysiff ($213.31 in chips) 
Seat 3: mironchikvld ($100 in chips) 
Seat 4: Manifestorr ($345.49 in chips) 
Seat 5: lukazs2 ($168.09 in chips) 
Seat 6: Overmyrange ($128.79 in chips) 
Overmyrange: posts small blind $0.50
steelNike: posts big blind $1
*** HOLE CARDS ***
Rysiff has timed out
Rysiff: folds 
mironchikvld: raises $2 to $3
Manifestorr: folds 
lukazs2: folds 
Overmyrange: folds 
steelNike: folds 
Uncalled bet ($2) returned to mironchikvld
mironchikvld collected $2.50 from pot
mironchikvld: doesn't show hand 
*** SUMMARY ***
Total pot $2.50 | Rake $0 
Seat 1: steelNike (big blind) folded before Flop
Seat 2: Rysiff folded before Flop (didn't bet)
Seat 3: mironchikvld collected ($2.50)
Seat 4: Manifestorr folded before Flop (didn't bet)
Seat 5: lukazs2 (button) folded before Flop (didn't bet)
Seat 6: Overmyrange (small blind) folded before Flop



PokerStars Hand #254410320397:  Hold'em No Limit ($0.50/$1.00 USD) - 2025/01/17 4:27:30 WET [2025/01/16 23:27:30 ET]
Table 'Haltia III' 6-max Seat #6 is the button
Seat 1: steelNike ($199.11 in chips) 
Seat 2: Rysiff ($213.31 in chips) 
Seat 3: mironchikvld ($101.50 in chips) 
Seat 4: Manifestorr ($345.49 in chips) 
Seat 5: lukazs2 ($168.09 in chips) 
Seat 6: Overmyrange ($128.29 in chips) 
steelNike: posts small blind $0.50
Rysiff: posts big blind $1
*** HOLE CARDS ***
mironchikvld: folds 
Manifestorr: folds 
lukazs2: raises $4 to $5
Overmyrange: folds 
steelNike: folds 
Rysiff: folds 
Uncalled bet ($4) returned to lukazs2
lukazs2 collected $2.50 from pot
*** SUMMARY ***
Total pot $2.50 | Rake $0 
Seat 1: steelNike (small blind) folded before Flop
Seat 2: Rysiff (big blind) folded before Flop
Seat 3: mironchikvld folded before Flop (didn't bet)
Seat 4: Manifestorr folded before Flop (didn't bet)
Seat 5: lukazs2 collected ($2.50)
Seat 6: Overmyrange (button) folded before Flop (didn't bet)



PokerStars Hand #254410322651:  Hold'em No Limit ($0.50/$1.00 USD) - 2025/01/17 4:27:51 WET [2025/01/16 23:27:51 ET]
Table 'Haltia III' 6-max Seat #1 is the button
Seat 1: steelNike ($198.61 in chips) 
Seat 2: Rysiff ($212.31 in chips) 
Seat 3: mironchikvld ($101.50 in chips) 
Seat 4: Manifestorr ($345.49 in chips) 
Seat 5: lukazs2 ($169.59 in chips) 
Seat 6: Overmyrange ($128.29 in chips) 
Rysiff: posts small blind $0.50
mironchikvld: posts big blind $1
*** HOLE CARDS ***
Manifestorr: folds 
lukazs2: folds 
Overmyrange: folds 
steelNike: folds 
Rysiff: folds 
Uncalled bet ($0.50) returned to mironchikvld
mironchikvld collected $1 from pot
mironchikvld: doesn't show hand 
*** SUMMARY ***
Total pot $1 | Rake $0 
Seat 1: steelNike (button) folded before Flop (didn't bet)
Seat 2: Rysiff (small blind) folded before Flop
Seat 3: mironchikvld (big blind) collected ($1)
Seat 4: Manifestorr folded before Flop (didn't bet)
Seat 5: lukazs2 folded before Flop (didn't bet)
Seat 6: Overmyrange folded before Flop (didn't bet)



PokerStars Hand #254410324873:  Hold'em No Limit ($0.50/$1.00 USD) - 2025/01/17 4:28:11 WET [2025/01/16 23:28:11 ET]
Table 'Haltia III' 6-max Seat #2 is the button
Seat 1: steelNike ($198.61 in chips) 
Seat 2: Rysiff ($211.81 in chips) 
Seat 3: mironchikvld ($102 in chips) 
Seat 4: Manifestorr ($345.49 in chips) 
Seat 5: lukazs2 ($169.59 in chips) 
Seat 6: Overmyrange ($128.29 in chips) 
mironchikvld: posts small blind $0.50
Manifestorr: posts big blind $1
*** HOLE CARDS ***
lukazs2: folds 
Overmyrange: folds 
steelNike: folds 
Rysiff: raises $1.50 to $2.50
mironchikvld: folds 
Manifestorr: folds 
Uncalled bet ($1.50) returned to Rysiff
Rysiff collected $2.50 from pot
Rysiff: doesn't show hand 
*** SUMMARY ***
Total pot $2.50 | Rake $0 
Seat 1: steelNike folded before Flop (didn't bet)
Seat 2: Rysiff (button) collected ($2.50)
Seat 3: mironchikvld (small blind) folded before Flop
Seat 4: Manifestorr (big blind) folded before Flop
Seat 5: lukazs2 folded before Flop (didn't bet)
Seat 6: Overmyrange folded before Flop (didn't bet)



PokerStars Hand #254410327037:  Hold'em No Limit ($0.50/$1.00 USD) - 2025/01/17 4:28:32 WET [2025/01/16 23:28:32 ET]
Table 'Haltia III' 6-max Seat #3 is the button
Seat 1: steelNike ($198.61 in chips) 
Seat 2: Rysiff ($213.31 in chips) 
Seat 3: mironchikvld ($101.50 in chips) 
Seat 4: Manifestorr ($344.49 in chips) 
Seat 5: lukazs2 ($169.59 in chips) 
Seat 6: Overmyrange ($128.29 in chips) 
Manifestorr: posts small blind $0.50
lukazs2: posts big blind $1
*** HOLE CARDS ***
Overmyrange: folds 
steelNike: folds 
Rysiff: folds 
mironchikvld: folds 
Manifestorr: raises $2 to $3
lukazs2: calls $2
*** FLOP *** [7d 6c Qh]
Manifestorr: checks 
lukazs2: bets $5.70
Manifestorr: folds 
Uncalled bet ($5.70) returned to lukazs2
lukazs2 collected $5.70 from pot
*** SUMMARY ***
Total pot $6 | Rake $0.30 
Board [7d 6c Qh]
Seat 1: steelNike folded before Flop (didn't bet)
Seat 2: Rysiff folded before Flop (didn't bet)
Seat 3: mironchikvld (button) folded before Flop (didn't bet)
Seat 4: Manifestorr (small blind) folded on the Flop
Seat 5: lukazs2 (big blind) collected ($5.70)
Seat 6: Overmyrange folded before Flop (didn't bet)



PokerStars Hand #254410332027:  Hold'em No Limit ($0.50/$1.00 USD) - 2025/01/17 4:29:19 WET [2025/01/16 23:29:19 ET]
Table 'Haltia III' 6-max Seat #4 is the button
Seat 1: steelNike ($198.61 in chips) 
Seat 2: Rysiff ($213.31 in chips) 
Seat 3: mironchikvld ($101.50 in chips) 
Seat 4: Manifestorr ($341.49 in chips) 
Seat 5: lukazs2 ($172.29 in chips) 
Seat 6: Overmyrange ($128.29 in chips) 
lukazs2: posts small blind $0.50
Overmyrange: posts big blind $1
*** HOLE CARDS ***
steelNike: folds 
Rysiff: raises $1.50 to $2.50
mironchikvld: folds 
Manifestorr: folds 
lukazs2: calls $2
Overmyrange: calls $1.50
*** FLOP *** [5d 3d Jh]
lukazs2: checks 
Overmyrange: checks 
Rysiff: bets $10
lukazs2: folds 
Overmyrange: folds 
Uncalled bet ($10) returned to Rysiff
Rysiff collected $7.12 from pot
Rysiff: doesn't show hand 
*** SUMMARY ***
Total pot $7.50 | Rake $0.38 
Board [5d 3d Jh]
Seat 1: steelNike folded before Flop (didn't bet)
Seat 2: Rysiff collected ($7.12)
Seat 3: mironchikvld folded before Flop (didn't bet)
Seat 4: Manifestorr (button) folded before Flop (didn't bet)
Seat 5: lukazs2 (small blind) folded on the Flop
Seat 6: Overmyrange (big blind) folded on the Flop



PokerStars Hand #254410337962:  Hold'em No Limit ($0.50/$1.00 USD) - 2025/01/17 4:30:15 WET [2025/01/16 23:30:15 ET]
Table 'Haltia III' 6-max Seat #5 is the button
Seat 1: steelNike ($198.61 in chips) 
Seat 2: Rysiff ($217.93 in chips) 
Seat 3: mironchikvld ($101.50 in chips) 
Seat 4: Manifestorr ($341.49 in chips) 
Seat 5: lukazs2 ($169.79 in chips) 
Seat 6: Overmyrange ($125.79 in chips) 
Overmyrange: posts small blind $0.50
steelNike: posts big blind $1
*** HOLE CARDS ***
Rysiff: raises $1.50 to $2.50
mironchikvld: folds 
Manifestorr: folds 
lukazs2: calls $2.50
Overmyrange: folds 
steelNike: calls $1.50
*** FLOP *** [Js 4h 3c]
steelNike: checks 
Rysiff: bets $6.08
lukazs2: folds 
lukazs2 leaves the table
steelNike: folds 
Uncalled bet ($6.08) returned to Rysiff
Rysiff collected $7.60 from pot
Rysiff: doesn't show hand 
*** SUMMARY ***
Total pot $8 | Rake $0.40 
Board [Js 4h 3c]
Seat 1: steelNike (big blind) folded on the Flop
Seat 2: Rysiff collected ($7.60)
Seat 3: mironchikvld folded before Flop (didn't bet)
Seat 4: Manifestorr folded before Flop (didn't bet)
Seat 5: lukazs2 (button) folded on the Flop
Seat 6: Overmyrange (small blind) folded before Flop



PokerStars Hand #254410344837:  Hold'em No Limit ($0.50/$1.00 USD) - 2025/01/17 4:31:19 WET [2025/01/16 23:31:19 ET]
Table 'Haltia III' 6-max Seat #6 is the button
Seat 1: steelNike ($196.11 in chips) is sitting out
Seat 2: Rysiff ($223.03 in chips) 
Seat 3: mironchikvld ($101.50 in chips) 
Seat 4: Manifestorr ($341.49 in chips) 
Seat 6: Overmyrange ($125.29 in chips) 
Rysiff: posts small blind $0.50
mironchikvld: posts big blind $1
*** HOLE CARDS ***
steelNike leaves the table
Manifestorr: folds 
Overmyrange: folds 
Rysiff: raises $2 to $3
mironchikvld: folds 
Uncalled bet ($2) returned to Rysiff
Rysiff collected $2 from pot
Rysiff: doesn't show hand 
*** SUMMARY ***
Total pot $2 | Rake $0 
Seat 1: steelNike
Seat 2: Rysiff (small blind) collected ($2)
Seat 3: mironchikvld (big blind) folded before Flop
Seat 4: Manifestorr folded before Flop (didn't bet)
Seat 6: Overmyrange (button) folded before Flop (didn't bet)



PokerStars Hand #254410346441:  Hold'em No Limit ($0.50/$1.00 USD) - 2025/01/17 4:31:33 WET [2025/01/16 23:31:33 ET]
Table 'Haltia III' 6-max Seat #3 is the button
Seat 4: Manifestorr ($341.49 in chips) is sitting out
Seat 6: Overmyrange ($125.29 in chips) is sitting out
Seat 2: Rysiff ($224.03 in chips) 
Seat 3: mironchikvld ($100.50 in chips) 
tukeiron joins the table at seat #1 
mironchikvld: posts small blind $0.50
Manifestorr: is sitting out 
Overmyrange: is sitting out 
Overmyrange leaves the table
Rysiff: posts big blind $1
*** HOLE CARDS ***
mironchikvld: raises $2 to $3
Rysiff: folds 
Uncalled bet ($2) returned to mironchikvld
Manifestorr leaves the table
mironchikvld collected $2 from pot
mironchikvld: doesn't show hand 
*** SUMMARY ***
Total pot $2 | Rake $0 
Seat 4: Manifestorr
Seat 6: Overmyrange
Seat 2: Rysiff (big blind) folded before Flop
Seat 3: mironchikvld (button) (small blind) collected ($2)



PokerStars Hand #254410347702:  Hold'em No Limit ($0.50/$1.00 USD) - 2025/01/17 4:31:45 WET [2025/01/16 23:31:45 ET]
Table 'Haltia III' 6-max Seat #2 is the button
Seat 1: tukeiron ($100 in chips) 
Seat 2: Rysiff ($223.03 in chips) 
Seat 3: mironchikvld ($101.50 in chips) 
mironchikvld: posts small blind $0.50
tukeiron: posts big blind $1
*** HOLE CARDS ***
Rysiff: folds 
mironchikvld: raises $2 to $3
tukeiron: folds 
Uncalled bet ($2) returned to mironchikvld
mironchikvld collected $2 from pot
mironchikvld: doesn't show hand 
*** SUMMARY ***
Total pot $2 | Rake $0 
Seat 1: tukeiron (big blind) folded before Flop
Seat 2: Rysiff (button) folded before Flop (didn't bet)
Seat 3: mironchikvld (small blind) collected ($2)



PokerStars Hand #254410351637:  Hold'em No Limit ($0.50/$1.00 USD) - 2025/01/17 4:32:22 WET [2025/01/16 23:32:22 ET]
Table 'Haltia III' 6-max Seat #6 is the button
Seat 3: mironchikvld ($102.50 in chips) is sitting out
Seat 1: tukeiron ($100 in chips) 
Seat 6: Cloudtiger ($100 in chips) 
Cloudtiger: posts small blind $0.50
tukeiron: posts big blind $1
*** HOLE CARDS ***
Cloudtiger: calls $0.50
tukeiron: raises $4 to $5
Cloudtiger: folds 
Uncalled bet ($4) returned to tukeiron
tukeiron collected $2 from pot
*** SUMMARY ***
Total pot $2 | Rake $0 
Seat 3: mironchikvld
Seat 1: tukeiron (big blind) collected ($2)
Seat 6: Cloudtiger (button) (small blind) folded before Flop



PokerStars Hand #254410353723:  Hold'em No Limit ($0.50/$1.00 USD) - 2025/01/17 4:32:42 WET [2025/01/16 23:32:42 ET]
Table 'Haltia III' 6-max Seat #1 is the button
Seat 3: mironchikvld ($102.50 in chips) is sitting out
Seat 1: tukeiron ($101 in chips) 
Seat 6: Cloudtiger ($99 in chips) 
tukeiron: posts small blind $0.50
Cloudtiger: posts big blind $1
*** HOLE CARDS ***
MaRKiToScoK joins the table at seat #2 
7bekon7 joins the table at seat #4 
tukeiron: raises $1.50 to $2.50
mironchikvld leaves the table
Cloudtiger: folds 
Uncalled bet ($1.50) returned to tukeiron
tukeiron collected $2 from pot
*** SUMMARY ***
Total pot $2 | Rake $0 
Seat 3: mironchikvld
Seat 1: tukeiron (button) (small blind) collected ($2)
Seat 6: Cloudtiger (big blind) folded before Flop



PokerStars Hand #254410356100:  Hold'em No Limit ($0.50/$1.00 USD) - 2025/01/17 4:33:05 WET [2025/01/16 23:33:05 ET]
Table 'Haltia III' 6-max Seat #6 is the button
Seat 4: 7bekon7 ($100 in chips) is sitting out
Seat 1: tukeiron ($102 in chips) 
Seat 2: MaRKiToScoK ($100 in chips) 
Seat 6: Cloudtiger ($98 in chips) 
tukeiron: posts small blind $0.50
MaRKiToScoK: posts big blind $1
7bekon7: sits out 
*** HOLE CARDS ***
Cloudtiger: folds 
tukeiron: folds 
Uncalled bet ($0.50) returned to MaRKiToScoK
MaRKiToScoK collected $1 from pot
*** SUMMARY ***
Total pot $1 | Rake $0 
Seat 4: 7bekon7
Seat 1: tukeiron (small blind) folded before Flop
Seat 2: MaRKiToScoK (big blind) collected ($1)
Seat 6: Cloudtiger (button) folded before Flop (didn't bet)



PokerStars Hand #254410357201:  Hold'em No Limit ($0.50/$1.00 USD) - 2025/01/17 4:33:16 WET [2025/01/16 23:33:16 ET]
Table 'Haltia III' 6-max Seat #1 is the button
Seat 1: tukeiron ($101.50 in chips) 
Seat 2: MaRKiToScoK ($100.50 in chips) 
Seat 4: 7bekon7 ($100 in chips) 
Seat 6: Cloudtiger ($98 in chips) 
MaRKiToScoK: posts small blind $0.50
7bekon7: posts big blind $1
*** HOLE CARDS ***
Cloudtiger: raises $2 to $3
ponchua joins the table at seat #5 
tukeiron: folds 
MaRKiToScoK: calls $2.50
vezis3 joins the table at seat #3 
7bekon7: calls $2
*** FLOP *** [3s 5c Ah]
MaRKiToScoK: checks 
7bekon7: checks 
Cloudtiger: checks 
*** TURN *** [3s 5c Ah] [Kd]
MaRKiToScoK: checks 
7bekon7: checks 
Cloudtiger: checks 
*** RIVER *** [3s 5c Ah Kd] [8h]
MaRKiToScoK: checks 
7bekon7: bets $6.41
Cloudtiger: folds 
MaRKiToScoK: folds 
Uncalled bet ($6.41) returned to 7bekon7
7bekon7 collected $8.55 from pot
7bekon7: doesn't show hand 
*** SUMMARY ***
Total pot $9 | Rake $0.45 
Board [3s 5c Ah Kd 8h]
Seat 1: tukeiron (button) folded before Flop (didn't bet)
Seat 2: MaRKiToScoK (small blind) folded on the River
Seat 4: 7bekon7 (big blind) collected ($8.55)
Seat 6: Cloudtiger folded on the River



PokerStars Hand #254410366122:  Hold'em No Limit ($0.50/$1.00 USD) - 2025/01/17 4:34:41 WET [2025/01/16 23:34:41 ET]
Table 'Haltia III' 6-max Seat #2 is the button
Seat 3: vezis3 ($100 in chips) is sitting out
Seat 1: tukeiron ($101.50 in chips) 
Seat 2: MaRKiToScoK ($100 in chips) 
Seat 4: 7bekon7 ($105.55 in chips) 
Seat 5: ponchua ($100 in chips) 
Seat 6: Cloudtiger ($95 in chips) 
7bekon7: posts small blind $0.50
ponchua: posts big blind $1
*** HOLE CARDS ***
Cloudtiger: raises $2 to $3
tukeiron: folds 
MaRKiToScoK: folds 
7bekon7: folds 
ponchua: folds 
Uncalled bet ($2) returned to Cloudtiger
Cloudtiger collected $2.50 from pot
Cloudtiger: doesn't show hand 
*** SUMMARY ***
Total pot $2.50 | Rake $0 
Seat 3: vezis3
Seat 1: tukeiron folded before Flop (didn't bet)
Seat 2: MaRKiToScoK (button) folded before Flop (didn't bet)
Seat 4: 7bekon7 (small blind) folded before Flop
Seat 5: ponchua (big blind) folded before Flop
Seat 6: Cloudtiger collected ($2.50)



PokerStars Hand #254410369229:  Hold'em No Limit ($0.50/$1.00 USD) - 2025/01/17 4:35:10 WET [2025/01/16 23:35:10 ET]
Table 'Haltia III' 6-max Seat #4 is the button
Seat 3: vezis3 ($100 in chips) is sitting out
Seat 1: tukeiron ($101.50 in chips) 
Seat 2: MaRKiToScoK ($100 in chips) 
Seat 4: 7bekon7 ($105.05 in chips) 
Seat 5: ponchua ($100 in chips) 
Seat 6: Cloudtiger ($96.50 in chips) 
ponchua: posts small blind $0.50
Cloudtiger: posts big blind $1
vezis3: sits out 
*** HOLE CARDS ***
tukeiron: folds 
MaRKiToScoK: folds 
7bekon7: raises $2 to $3
ponchua: folds 
Cloudtiger: raises $5 to $8
7bekon7: raises $16 to $24
Cloudtiger: folds 
Uncalled bet ($16) returned to 7bekon7
7bekon7 collected $16.50 from pot
7bekon7: doesn't show hand 
*** SUMMARY ***
Total pot $16.50 | Rake $0 
Seat 3: vezis3
Seat 1: tukeiron folded before Flop (didn't bet)
Seat 2: MaRKiToScoK folded before Flop (didn't bet)
Seat 4: 7bekon7 (button) collected ($16.50)
Seat 5: ponchua (small blind) folded before Flop
Seat 6: Cloudtiger (big blind) folded before Flop



PokerStars Hand #254410373965:  Hold'em No Limit ($0.50/$1.00 USD) - 2025/01/17 4:35:55 WET [2025/01/16 23:35:55 ET]
Table 'Haltia III' 6-max Seat #5 is the button
Seat 3: vezis3 ($100 in chips) is sitting out
Seat 1: tukeiron ($101.50 in chips) 
Seat 2: MaRKiToScoK ($100 in chips) 
Seat 4: 7bekon7 ($113.55 in chips) 
Seat 5: ponchua ($100 in chips) 
Seat 6: Cloudtiger ($88.50 in chips) 
Cloudtiger: posts small blind $0.50
tukeiron: posts big blind $1
vezis3: sits out 
*** HOLE CARDS ***
MaRKiToScoK: folds 
7bekon7: folds 
ponchua: raises $1.50 to $2.50
Cloudtiger: calls $2
tukeiron: raises $12.50 to $15
ponchua: folds 
Cloudtiger: folds 
Uncalled bet ($12.50) returned to tukeiron
tukeiron collected $7.50 from pot
*** SUMMARY ***
Total pot $7.50 | Rake $0 
Seat 3: vezis3
Seat 1: tukeiron (big blind) collected ($7.50)
Seat 2: MaRKiToScoK folded before Flop (didn't bet)
Seat 4: 7bekon7 folded before Flop (didn't bet)
Seat 5: ponchua (button) folded before Flop
Seat 6: Cloudtiger (small blind) folded before Flop



PokerStars Hand #254410380783:  Hold'em No Limit ($0.50/$1.00 USD) - 2025/01/17 4:37:00 WET [2025/01/16 23:37:00 ET]
Table 'Haltia III' 6-max Seat #6 is the button
Seat 3: vezis3 ($100 in chips) is sitting out
Seat 1: tukeiron ($106.50 in chips) 
Seat 2: MaRKiToScoK ($100 in chips) 
Seat 4: 7bekon7 ($113.55 in chips) 
Seat 5: ponchua ($100 in chips) 
Seat 6: Cloudtiger ($86 in chips) 
tukeiron: posts small blind $0.50
MaRKiToScoK: posts big blind $1
vezis3: sits out 
*** HOLE CARDS ***
7bekon7: raises $1.25 to $2.25
ponchua: folds 
Cloudtiger: folds 
tukeiron: folds 
MaRKiToScoK: folds 
Uncalled bet ($1.25) returned to 7bekon7
7bekon7 collected $2.50 from pot
7bekon7: doesn't show hand 
*** SUMMARY ***
Total pot $2.50 | Rake $0 
Seat 3: vezis3
Seat 1: tukeiron (small blind) folded before Flop
Seat 2: MaRKiToScoK (big blind) folded before Flop
Seat 4: 7bekon7 collected ($2.50)
Seat 5: ponchua folded before Flop (didn't bet)
Seat 6: Cloudtiger (button) folded before Flop (didn't bet)



PokerStars Hand #254410382861:  Hold'em No Limit ($0.50/$1.00 USD) - 2025/01/17 4:37:19 WET [2025/01/16 23:37:19 ET]
Table 'Haltia III' 6-max Seat #1 is the button
Seat 1: tukeiron ($106 in chips) 
Seat 2: MaRKiToScoK ($100 in chips) 
Seat 3: vezis3 ($100 in chips) 
Seat 4: 7bekon7 ($115.05 in chips) 
Seat 5: ponchua ($100 in chips) 
Seat 6: Cloudtiger ($100 in chips) 
MaRKiToScoK: posts small blind $0.50
vezis3: posts big blind $1
*** HOLE CARDS ***
7bekon7: folds 
ponchua: folds 
Cloudtiger: folds 
tukeiron: folds 
MaRKiToScoK: folds 
Uncalled bet ($0.50) returned to vezis3
vezis3 collected $1 from pot
vezis3: doesn't show hand 
*** SUMMARY ***
Total pot $1 | Rake $0 
Seat 1: tukeiron (button) folded before Flop (didn't bet)
Seat 2: MaRKiToScoK (small blind) folded before Flop
Seat 3: vezis3 (big blind) collected ($1)
Seat 4: 7bekon7 folded before Flop (didn't bet)
Seat 5: ponchua folded before Flop (didn't bet)
Seat 6: Cloudtiger folded before Flop (didn't bet)



PokerStars Hand #254410384930:  Hold'em No Limit ($0.50/$1.00 USD) - 2025/01/17 4:37:39 WET [2025/01/16 23:37:39 ET]
Table 'Haltia III' 6-max Seat #2 is the button
Seat 4: 7bekon7 ($115.05 in chips) is sitting out
Seat 1: tukeiron ($106 in chips) 
Seat 2: MaRKiToScoK ($100 in chips) 
Seat 3: vezis3 ($100.50 in chips) 
Seat 5: ponchua ($100 in chips) 
Seat 6: Cloudtiger ($100 in chips) 
vezis3: posts small blind $0.50
7bekon7: is sitting out 
ponchua: posts big blind $1
*** HOLE CARDS ***
Cloudtiger: folds 
7bekon7 leaves the table
tukeiron: folds 
MaRKiToScoK: raises $1.50 to $2.50
vezis3: folds 
Cositorto joins the table at seat #4 
ponchua: raises $9.50 to $12
MaRKiToScoK: calls $9.50
*** FLOP *** [9d 5d Kh]
ponchua: bets $7.22
MaRKiToScoK: folds 
Uncalled bet ($7.22) returned to ponchua
ponchua collected $23.28 from pot
ponchua: doesn't show hand 
*** SUMMARY ***
Total pot $24.50 | Rake $1.22 
Board [9d 5d Kh]
Seat 4: 7bekon7
Seat 1: tukeiron folded before Flop (didn't bet)
Seat 2: MaRKiToScoK (button) folded on the Flop
Seat 3: vezis3 (small blind) folded before Flop
Seat 5: ponchua (big blind) collected ($23.28)
Seat 6: Cloudtiger folded before Flop (didn't bet)



PokerStars Hand #254410389539:  Hold'em No Limit ($0.50/$1.00 USD) - 2025/01/17 4:38:23 WET [2025/01/16 23:38:23 ET]
Table 'Haltia III' 6-max Seat #3 is the button
Seat 4: Cositorto ($100 in chips) is sitting out
Seat 1: tukeiron ($106 in chips) 
Seat 2: MaRKiToScoK ($100 in chips) 
Seat 3: vezis3 ($100 in chips) 
Seat 5: ponchua ($111.28 in chips) 
Seat 6: Cloudtiger ($100 in chips) 
ponchua: posts small blind $0.50
Cloudtiger: posts big blind $1
*** HOLE CARDS ***
tukeiron: folds 
MaRKiToScoK: folds 
vezis3: raises $1.40 to $2.40
ponchua: folds 
Cloudtiger: raises $3.60 to $6
vezis3: calls $3.60
*** FLOP *** [6d 9d Qh]
Cloudtiger: bets $7
vezis3: calls $7
*** TURN *** [6d 9d Qh] [4h]
Cloudtiger: checks 
vezis3: bets $19.39
Cloudtiger: raises $67.61 to $87 and is all-in
vezis3: folds 
Uncalled bet ($67.61) returned to Cloudtiger
Cloudtiger collected $62.78 from pot
Cloudtiger: doesn't show hand 
*** SUMMARY ***
Total pot $65.28 | Rake $2.50 
Board [6d 9d Qh 4h]
Seat 4: Cositorto
Seat 1: tukeiron folded before Flop (didn't bet)
Seat 2: MaRKiToScoK folded before Flop (didn't bet)
Seat 3: vezis3 (button) folded on the Turn
Seat 5: ponchua (small blind) folded before Flop
Seat 6: Cloudtiger (big blind) collected ($62.78)



PokerStars Hand #254410399474:  Hold'em No Limit ($0.50/$1.00 USD) - 2025/01/17 4:39:58 WET [2025/01/16 23:39:58 ET]
Table 'Haltia III' 6-max Seat #5 is the button
Seat 4: Cositorto ($100 in chips) is sitting out
Seat 1: tukeiron ($106 in chips) 
Seat 2: MaRKiToScoK ($100 in chips) 
Seat 3: vezis3 ($100 in chips) 
Seat 5: ponchua ($110.78 in chips) 
Seat 6: Cloudtiger ($130.39 in chips) 
Cloudtiger: posts small blind $0.50
tukeiron: posts big blind $1
Cositorto: sits out 
*** HOLE CARDS ***
MaRKiToScoK: folds 
vezis3: folds 
ponchua: raises $1.50 to $2.50
Cloudtiger: folds 
tukeiron: folds 
Uncalled bet ($1.50) returned to ponchua
ponchua collected $2.50 from pot
ponchua: doesn't show hand 
*** SUMMARY ***
Total pot $2.50 | Rake $0 
Seat 4: Cositorto
Seat 1: tukeiron (big blind) folded before Flop
Seat 2: MaRKiToScoK folded before Flop (didn't bet)
Seat 3: vezis3 folded before Flop (didn't bet)
Seat 5: ponchua (button) collected ($2.50)
Seat 6: Cloudtiger (small blind) folded before Flop



PokerStars Hand #254410402049:  Hold'em No Limit ($0.50/$1.00 USD) - 2025/01/17 4:40:22 WET [2025/01/16 23:40:22 ET]
Table 'Haltia III' 6-max Seat #6 is the button
Seat 4: Cositorto ($100 in chips) is sitting out
Seat 1: tukeiron ($105 in chips) 
Seat 2: MaRKiToScoK ($100 in chips) 
Seat 3: vezis3 ($100 in chips) 
Seat 5: ponchua ($112.28 in chips) 
Seat 6: Cloudtiger ($129.89 in chips) 
tukeiron: posts small blind $0.50
MaRKiToScoK: posts big blind $1
Cositorto: sits out 
*** HOLE CARDS ***
vezis3: folds 
ponchua: folds 
Cloudtiger: raises $2 to $3
tukeiron: folds 
MaRKiToScoK: calls $2
*** FLOP *** [9h Th 6h]
MaRKiToScoK: checks 
Cloudtiger: bets $3.09
MaRKiToScoK: calls $3.09
*** TURN *** [9h Th 6h] [7c]
MaRKiToScoK: checks 
Cloudtiger: checks 
*** RIVER *** [9h Th 6h 7c] [8h]
MaRKiToScoK: checks 
Cloudtiger: bets $6.03
MaRKiToScoK: folds 
Uncalled bet ($6.03) returned to Cloudtiger
Cloudtiger collected $12.05 from pot
Cloudtiger: doesn't show hand 
*** SUMMARY ***
Total pot $12.68 | Rake $0.63 
Board [9h Th 6h 7c 8h]
Seat 4: Cositorto
Seat 1: tukeiron (small blind) folded before Flop
Seat 2: MaRKiToScoK (big blind) folded on the River
Seat 3: vezis3 folded before Flop (didn't bet)
Seat 5: ponchua folded before Flop (didn't bet)
Seat 6: Cloudtiger (button) collected ($12.05)



PokerStars Hand #254410408395:  Hold'em No Limit ($0.50/$1.00 USD) - 2025/01/17 4:41:23 WET [2025/01/16 23:41:23 ET]
Table 'Haltia III' 6-max Seat #1 is the button
Seat 4: Cositorto ($100 in chips) is sitting out
Seat 1: tukeiron ($104.50 in chips) 
Seat 2: MaRKiToScoK ($100 in chips) 
Seat 3: vezis3 ($100 in chips) 
Seat 5: ponchua ($112.28 in chips) 
Seat 6: Cloudtiger ($135.85 in chips) 
MaRKiToScoK: posts small blind $0.50
vezis3: posts big blind $1
Cositorto: sits out 
*** HOLE CARDS ***
ponchua: folds 
Cloudtiger: folds 
tukeiron: folds 
MaRKiToScoK: folds 
Uncalled bet ($0.50) returned to vezis3
vezis3 collected $1 from pot
vezis3: doesn't show hand 
*** SUMMARY ***
Total pot $1 | Rake $0 
Seat 4: Cositorto
Seat 1: tukeiron (button) folded before Flop (didn't bet)
Seat 2: MaRKiToScoK (small blind) folded before Flop
Seat 3: vezis3 (big blind) collected ($1)
Seat 5: ponchua folded before Flop (didn't bet)
Seat 6: Cloudtiger folded before Flop (didn't bet)



PokerStars Hand #254410409469:  Hold'em No Limit ($0.50/$1.00 USD) - 2025/01/17 4:41:33 WET [2025/01/16 23:41:33 ET]
Table 'Haltia III' 6-max Seat #2 is the button
Seat 1: tukeiron ($104.50 in chips) 
Seat 2: MaRKiToScoK ($100 in chips) 
Seat 3: vezis3 ($100.50 in chips) 
Seat 4: Cositorto ($100 in chips) 
Seat 5: ponchua ($112.28 in chips) 
Seat 6: Cloudtiger ($135.85 in chips) 
vezis3: posts small blind $0.50
Cositorto: posts big blind $1
*** HOLE CARDS ***
ponchua: folds 
Cloudtiger: raises $2 to $3
tukeiron: folds 
MaRKiToScoK: folds 
vezis3: folds 
Cositorto: folds 
Uncalled bet ($2) returned to Cloudtiger
Cloudtiger collected $2.50 from pot
Cloudtiger: doesn't show hand 
*** SUMMARY ***
Total pot $2.50 | Rake $0 
Seat 1: tukeiron folded before Flop (didn't bet)
Seat 2: MaRKiToScoK (button) folded before Flop (didn't bet)
Seat 3: vezis3 (small blind) folded before Flop
Seat 4: Cositorto (big blind) folded before Flop
Seat 5: ponchua folded before Flop (didn't bet)
Seat 6: Cloudtiger collected ($2.50)



PokerStars Hand #254410411957:  Hold'em No Limit ($0.50/$1.00 USD) - 2025/01/17 4:41:57 WET [2025/01/16 23:41:57 ET]
Table 'Haltia III' 6-max Seat #3 is the button
Seat 1: tukeiron ($104.50 in chips) 
Seat 2: MaRKiToScoK ($100 in chips) 
Seat 3: vezis3 ($100 in chips) 
Seat 4: Cositorto ($100 in chips) 
Seat 5: ponchua ($112.28 in chips) 
Seat 6: Cloudtiger ($137.35 in chips) 
Cositorto: posts small blind $0.50
ponchua: posts big blind $1
*** HOLE CARDS ***
Cloudtiger: folds 
tukeiron: raises $1.50 to $2.50
MaRKiToScoK: folds 
vezis3: folds 
Cositorto: folds 
ponchua: folds 
Uncalled bet ($1.50) returned to tukeiron
tukeiron collected $2.50 from pot
*** SUMMARY ***
Total pot $2.50 | Rake $0 
Seat 1: tukeiron collected ($2.50)
Seat 2: MaRKiToScoK folded before Flop (didn't bet)
Seat 3: vezis3 (button) folded before Flop (didn't bet)
Seat 4: Cositorto (small blind) folded before Flop
Seat 5: ponchua (big blind) folded before Flop
Seat 6: Cloudtiger folded before Flop (didn't bet)



PokerStars Hand #254410417686:  Hold'em No Limit ($0.50/$1.00 USD) - 2025/01/17 4:42:53 WET [2025/01/16 23:42:53 ET]
Table 'Haltia III' 6-max Seat #4 is the button
Seat 1: tukeiron ($106 in chips) 
Seat 2: MaRKiToScoK ($100 in chips) 
Seat 3: vezis3 ($100 in chips) 
Seat 4: Cositorto ($100 in chips) 
Seat 5: ponchua ($111.28 in chips) 
Seat 6: Cloudtiger ($137.35 in chips) 
ponchua: posts small blind $0.50
Cloudtiger: posts big blind $1
*** HOLE CARDS ***
tukeiron: folds 
MaRKiToScoK: folds 
vezis3: folds 
Cositorto: raises $1.50 to $2.50
ponchua: folds 
Cloudtiger: folds 
Uncalled bet ($1.50) returned to Cositorto
Cositorto collected $2.50 from pot
Cositorto: doesn't show hand 
*** SUMMARY ***
Total pot $2.50 | Rake $0 
Seat 1: tukeiron folded before Flop (didn't bet)
Seat 2: MaRKiToScoK folded before Flop (didn't bet)
Seat 3: vezis3 folded before Flop (didn't bet)
Seat 4: Cositorto (button) collected ($2.50)
Seat 5: ponchua (small blind) folded before Flop
Seat 6: Cloudtiger (big blind) folded before Flop



PokerStars Hand #254410419578:  Hold'em No Limit ($0.50/$1.00 USD) - 2025/01/17 4:43:11 WET [2025/01/16 23:43:11 ET]
Table 'Haltia III' 6-max Seat #5 is the button
Seat 1: tukeiron ($106 in chips) 
Seat 2: MaRKiToScoK ($100 in chips) 
Seat 3: vezis3 ($100 in chips) 
Seat 4: Cositorto ($101.50 in chips) 
Seat 5: ponchua ($110.78 in chips) 
Seat 6: Cloudtiger ($136.35 in chips) 
Cloudtiger: posts small blind $0.50
tukeiron: posts big blind $1
*** HOLE CARDS ***
MaRKiToScoK: folds 
vezis3: folds 
Cositorto: folds 
ponchua: folds 
Cloudtiger: raises $2 to $3
tukeiron: folds 
Uncalled bet ($2) returned to Cloudtiger
Cloudtiger collected $2 from pot
Cloudtiger: doesn't show hand 
*** SUMMARY ***
Total pot $2 | Rake $0 
Seat 1: tukeiron (big blind) folded before Flop
Seat 2: MaRKiToScoK folded before Flop (didn't bet)
Seat 3: vezis3 folded before Flop (didn't bet)
Seat 4: Cositorto folded before Flop (didn't bet)
Seat 5: ponchua (button) folded before Flop (didn't bet)
Seat 6: Cloudtiger (small blind) collected ($2)



PokerStars Hand #254410421461:  Hold'em No Limit ($0.50/$1.00 USD) - 2025/01/17 4:43:30 WET [2025/01/16 23:43:30 ET]
Table 'Haltia III' 6-max Seat #6 is the button
Seat 1: tukeiron ($105 in chips) 
Seat 2: MaRKiToScoK ($100 in chips) 
Seat 3: vezis3 ($100 in chips) 
Seat 4: Cositorto ($101.50 in chips) 
Seat 5: ponchua ($110.78 in chips) 
Seat 6: Cloudtiger ($137.35 in chips) 
tukeiron: posts small blind $0.50
MaRKiToScoK: posts big blind $1
*** HOLE CARDS ***
vezis3: folds 
Cositorto: folds 
ponchua: folds 
Cloudtiger: folds 
tukeiron: raises $2 to $3
MaRKiToScoK: raises $6 to $9
tukeiron: folds 
Uncalled bet ($6) returned to MaRKiToScoK
MaRKiToScoK collected $6 from pot
*** SUMMARY ***
Total pot $6 | Rake $0 
Seat 1: tukeiron (small blind) folded before Flop
Seat 2: MaRKiToScoK (big blind) collected ($6)
Seat 3: vezis3 folded before Flop (didn't bet)
Seat 4: Cositorto folded before Flop (didn't bet)
Seat 5: ponchua folded before Flop (didn't bet)
Seat 6: Cloudtiger (button) folded before Flop (didn't bet)



PokerStars Hand #254410424199:  Hold'em No Limit ($0.50/$1.00 USD) - 2025/01/17 4:43:57 WET [2025/01/16 23:43:57 ET]
Table 'Haltia III' 6-max Seat #1 is the button
Seat 1: tukeiron ($102 in chips) 
Seat 2: MaRKiToScoK ($103 in chips) 
Seat 3: vezis3 ($100 in chips) 
Seat 4: Cositorto ($101.50 in chips) 
Seat 5: ponchua ($110.78 in chips) 
Seat 6: Cloudtiger ($137.35 in chips) 
MaRKiToScoK: posts small blind $0.50
vezis3: posts big blind $1
*** HOLE CARDS ***
Cositorto: folds 
ponchua: folds 
Cloudtiger: folds 
tukeiron: folds 
MaRKiToScoK: raises $2 to $3
vezis3: raises $7 to $10
MaRKiToScoK: folds 
Uncalled bet ($7) returned to vezis3
vezis3 collected $6 from pot
vezis3: doesn't show hand 
*** SUMMARY ***
Total pot $6 | Rake $0 
Seat 1: tukeiron (button) folded before Flop (didn't bet)
Seat 2: MaRKiToScoK (small blind) folded before Flop
Seat 3: vezis3 (big blind) collected ($6)
Seat 4: Cositorto folded before Flop (didn't bet)
Seat 5: ponchua folded before Flop (didn't bet)
Seat 6: Cloudtiger folded before Flop (didn't bet)



PokerStars Hand #254410426541:  Hold'em No Limit ($0.50/$1.00 USD) - 2025/01/17 4:44:20 WET [2025/01/16 23:44:20 ET]
Table 'Haltia III' 6-max Seat #2 is the button
Seat 1: tukeiron ($102 in chips) 
Seat 2: MaRKiToScoK ($100 in chips) 
Seat 3: vezis3 ($103 in chips) 
Seat 4: Cositorto ($101.50 in chips) 
Seat 5: ponchua ($110.78 in chips) 
Seat 6: Cloudtiger ($137.35 in chips) 
vezis3: posts small blind $0.50
Cositorto: posts big blind $1
*** HOLE CARDS ***
ponchua: folds 
Cloudtiger: folds 
tukeiron: folds 
MaRKiToScoK: raises $1.50 to $2.50
vezis3: folds 
Cositorto: folds 
Uncalled bet ($1.50) returned to MaRKiToScoK
MaRKiToScoK collected $2.50 from pot
*** SUMMARY ***
Total pot $2.50 | Rake $0 
Seat 1: tukeiron folded before Flop (didn't bet)
Seat 2: MaRKiToScoK (button) collected ($2.50)
Seat 3: vezis3 (small blind) folded before Flop
Seat 4: Cositorto (big blind) folded before Flop
Seat 5: ponchua folded before Flop (didn't bet)
Seat 6: Cloudtiger folded before Flop (didn't bet)



PokerStars Hand #254410428564:  Hold'em No Limit ($0.50/$1.00 USD) - 2025/01/17 4:44:40 WET [2025/01/16 23:44:40 ET]
Table 'Haltia III' 6-max Seat #3 is the button
Seat 1: tukeiron ($102 in chips) 
Seat 2: MaRKiToScoK ($101.50 in chips) 
Seat 3: vezis3 ($102.50 in chips) 
Seat 4: Cositorto ($100.50 in chips) 
Seat 5: ponchua ($110.78 in chips) 
Seat 6: Cloudtiger ($137.35 in chips) 
Cositorto: posts small blind $0.50
ponchua: posts big blind $1
*** HOLE CARDS ***
Cloudtiger: folds 
tukeiron: folds 
MaRKiToScoK: folds 
vezis3: raises $1.40 to $2.40
Cositorto: folds 
ponchua: calls $1.40
*** FLOP *** [7c 2d 5h]
ponchua: checks 
vezis3: checks 
*** TURN *** [7c 2d 5h] [9h]
ponchua: bets $3.68
vezis3: calls $3.68
*** RIVER *** [7c 2d 5h 9h] [Ks]
ponchua: bets $18
vezis3 has timed out
vezis3: folds 
Uncalled bet ($18) returned to ponchua
ponchua collected $12.03 from pot
ponchua: doesn't show hand 
*** SUMMARY ***
Total pot $12.66 | Rake $0.63 
Board [7c 2d 5h 9h Ks]
Seat 1: tukeiron folded before Flop (didn't bet)
Seat 2: MaRKiToScoK folded before Flop (didn't bet)
Seat 3: vezis3 (button) folded on the River
Seat 4: Cositorto (small blind) folded before Flop
Seat 5: ponchua (big blind) collected ($12.03)
Seat 6: Cloudtiger folded before Flop (didn't bet)



PokerStars Hand #254410439701:  Hold'em No Limit ($0.50/$1.00 USD) - 2025/01/17 4:46:30 WET [2025/01/16 23:46:30 ET]
Table 'Haltia III' 6-max Seat #4 is the button
Seat 1: tukeiron ($102 in chips) 
Seat 2: MaRKiToScoK ($101.50 in chips) 
Seat 3: vezis3 ($100 in chips) 
Seat 4: Cositorto ($100 in chips) 
Seat 5: ponchua ($116.73 in chips) 
Seat 6: Cloudtiger ($137.35 in chips) 
ponchua: posts small blind $0.50
Cloudtiger: posts big blind $1
*** HOLE CARDS ***
tukeiron: folds 
MaRKiToScoK: folds 
vezis3: folds 
Cositorto: raises $1.50 to $2.50
ponchua: folds 
Cloudtiger: calls $1.50
*** FLOP *** [7d 3h Kc]
Cloudtiger: bets $2.61
Cositorto: calls $2.61
*** TURN *** [7d 3h Kc] [Qc]
Cloudtiger: checks 
Cositorto: bets $5.09
Cloudtiger: folds 
Uncalled bet ($5.09) returned to Cositorto
Cositorto collected $10.18 from pot
Cositorto: doesn't show hand 
*** SUMMARY ***
Total pot $10.72 | Rake $0.54 
Board [7d 3h Kc Qc]
Seat 1: tukeiron folded before Flop (didn't bet)
Seat 2: MaRKiToScoK folded before Flop (didn't bet)
Seat 3: vezis3 folded before Flop (didn't bet)
Seat 4: Cositorto (button) collected ($10.18)
Seat 5: ponchua (small blind) folded before Flop
Seat 6: Cloudtiger (big blind) folded on the Turn



PokerStars Hand #254410446870:  Hold'em No Limit ($0.50/$1.00 USD) - 2025/01/17 4:47:42 WET [2025/01/16 23:47:42 ET]
Table 'Haltia III' 6-max Seat #5 is the button
Seat 1: tukeiron ($102 in chips) 
Seat 2: MaRKiToScoK ($101.50 in chips) 
Seat 3: vezis3 ($100 in chips) 
Seat 4: Cositorto ($105.07 in chips) 
Seat 5: ponchua ($116.23 in chips) 
Seat 6: Cloudtiger ($132.24 in chips) 
Cloudtiger: posts small blind $0.50
tukeiron: posts big blind $1
*** HOLE CARDS ***
MaRKiToScoK: folds 
vezis3: folds 
Cositorto: folds 
ponchua: raises $1.50 to $2.50
Cloudtiger: folds 
tukeiron: raises $10.50 to $13
ponchua: calls $10.50
*** FLOP *** [Jd 3d Ts]
tukeiron: bets $10.07
ponchua: folds 
Uncalled bet ($10.07) returned to tukeiron
tukeiron collected $25.18 from pot
tukeiron: doesn't show hand 
*** SUMMARY ***
Total pot $26.50 | Rake $1.32 
Board [Jd 3d Ts]
Seat 1: tukeiron (big blind) collected ($25.18)
Seat 2: MaRKiToScoK folded before Flop (didn't bet)
Seat 3: vezis3 folded before Flop (didn't bet)
Seat 4: Cositorto folded before Flop (didn't bet)
Seat 5: ponchua (button) folded on the Flop
Seat 6: Cloudtiger (small blind) folded before Flop



PokerStars Hand #254410451866:  Hold'em No Limit ($0.50/$1.00 USD) - 2025/01/17 4:48:33 WET [2025/01/16 23:48:33 ET]
Table 'Haltia III' 6-max Seat #6 is the button
Seat 1: tukeiron ($114.18 in chips) 
Seat 2: MaRKiToScoK ($101.50 in chips) 
Seat 3: vezis3 ($100 in chips) 
Seat 4: Cositorto ($105.07 in chips) 
Seat 5: ponchua ($103.23 in chips) 
Seat 6: Cloudtiger ($131.74 in chips) 
tukeiron: posts small blind $0.50
MaRKiToScoK: posts big blind $1
*** HOLE CARDS ***
vezis3: folds 
Cositorto: folds 
ponchua: raises $1.50 to $2.50
Cloudtiger: folds 
tukeiron: folds 
MaRKiToScoK: calls $1.50
*** FLOP *** [Ks 6c Jd]
MaRKiToScoK: checks 
ponchua: checks 
*** TURN *** [Ks 6c Jd] [6h]
MaRKiToScoK: bets $3.92
ponchua: folds 
Uncalled bet ($3.92) returned to MaRKiToScoK
MaRKiToScoK collected $5.22 from pot
*** SUMMARY ***
Total pot $5.50 | Rake $0.28 
Board [Ks 6c Jd 6h]
Seat 1: tukeiron (small blind) folded before Flop
Seat 2: MaRKiToScoK (big blind) collected ($5.22)
Seat 3: vezis3 folded before Flop (didn't bet)
Seat 4: Cositorto folded before Flop (didn't bet)
Seat 5: ponchua folded on the Turn
Seat 6: Cloudtiger (button) folded before Flop (didn't bet)



PokerStars Hand #254410454883:  Hold'em No Limit ($0.50/$1.00 USD) - 2025/01/17 4:49:04 WET [2025/01/16 23:49:04 ET]
Table 'Haltia III' 6-max Seat #1 is the button
Seat 3: vezis3 ($100 in chips) is sitting out
Seat 1: tukeiron ($113.68 in chips) 
Seat 2: MaRKiToScoK ($104.22 in chips) 
Seat 4: Cositorto ($105.07 in chips) 
Seat 5: ponchua ($100.73 in chips) 
Seat 6: Cloudtiger ($131.74 in chips) 
MaRKiToScoK: posts small blind $0.50
vezis3: is sitting out 
Cositorto: posts big blind $1
*** HOLE CARDS ***
ponchua: folds 
Cloudtiger: raises $2 to $3
vezis3 leaves the table
tukeiron: folds 
Parabelum911 joins the table at seat #3 
MaRKiToScoK: folds 
Cositorto: calls $2
*** FLOP *** [Jh 9s 3s]
Cositorto: checks 
Cloudtiger: bets $3.09
Cositorto: folds 
Uncalled bet ($3.09) returned to Cloudtiger
Cloudtiger collected $6.18 from pot
Cloudtiger: doesn't show hand 
*** SUMMARY ***
Total pot $6.50 | Rake $0.32 
Board [Jh 9s 3s]
Seat 3: vezis3
Seat 1: tukeiron (button) folded before Flop (didn't bet)
Seat 2: MaRKiToScoK (small blind) folded before Flop
Seat 4: Cositorto (big blind) folded on the Flop
Seat 5: ponchua folded before Flop (didn't bet)
Seat 6: Cloudtiger collected ($6.18)



PokerStars Hand #254410459465:  Hold'em No Limit ($0.50/$1.00 USD) - 2025/01/17 4:49:51 WET [2025/01/16 23:49:51 ET]
Table 'Haltia III' 6-max Seat #2 is the button
Seat 3: Parabelum911 ($100 in chips) is sitting out
Seat 1: tukeiron ($113.68 in chips) 
Seat 2: MaRKiToScoK ($103.72 in chips) 
Seat 4: Cositorto ($102.07 in chips) 
Seat 5: ponchua ($100.73 in chips) 
Seat 6: Cloudtiger ($134.92 in chips) 
Cositorto: posts small blind $0.50
ponchua: posts big blind $1
*** HOLE CARDS ***
Cloudtiger: raises $1 to $2
tukeiron: folds 
MaRKiToScoK: folds 
Cositorto: folds 
ponchua: folds 
Uncalled bet ($1) returned to Cloudtiger
Cloudtiger collected $2.50 from pot
Cloudtiger: doesn't show hand 
*** SUMMARY ***
Total pot $2.50 | Rake $0 
Seat 3: Parabelum911
Seat 1: tukeiron folded before Flop (didn't bet)
Seat 2: MaRKiToScoK (button) folded before Flop (didn't bet)
Seat 4: Cositorto (small blind) folded before Flop
Seat 5: ponchua (big blind) folded before Flop
Seat 6: Cloudtiger collected ($2.50)



PokerStars Hand #254410461847:  Hold'em No Limit ($0.50/$1.00 USD) - 2025/01/17 4:50:15 WET [2025/01/16 23:50:15 ET]
Table 'Haltia III' 6-max Seat #4 is the button
Seat 3: Parabelum911 ($100 in chips) is sitting out
Seat 1: tukeiron ($113.68 in chips) 
Seat 2: MaRKiToScoK ($103.72 in chips) 
Seat 4: Cositorto ($101.57 in chips) 
Seat 5: ponchua ($100 in chips) 
Seat 6: Cloudtiger ($136.42 in chips) 
ponchua: posts small blind $0.50
Cloudtiger: posts big blind $1
Parabelum911: sits out 
*** HOLE CARDS ***
tukeiron: raises $1.50 to $2.50
MaRKiToScoK: calls $2.50
Cositorto: folds 
ponchua: folds 
Cloudtiger: folds 
*** FLOP *** [Kh 8s 6s]
tukeiron: bets $3.09
MaRKiToScoK: raises $9.27 to $12.36
tukeiron: folds 
Uncalled bet ($9.27) returned to MaRKiToScoK
MaRKiToScoK collected $12.05 from pot
*** SUMMARY ***
Total pot $12.68 | Rake $0.63 
Board [Kh 8s 6s]
Seat 3: Parabelum911
Seat 1: tukeiron folded on the Flop
Seat 2: MaRKiToScoK collected ($12.05)
Seat 4: Cositorto (button) folded before Flop (didn't bet)
Seat 5: ponchua (small blind) folded before Flop
Seat 6: Cloudtiger (big blind) folded before Flop



PokerStars Hand #254410466981:  Hold'em No Limit ($0.50/$1.00 USD) - 2025/01/17 4:51:08 WET [2025/01/16 23:51:08 ET]
Table 'Haltia III' 6-max Seat #5 is the button
Seat 3: Parabelum911 ($100 in chips) is sitting out
Seat 1: tukeiron ($108.09 in chips) 
Seat 2: MaRKiToScoK ($110.18 in chips) 
Seat 4: Cositorto ($101.57 in chips) 
Seat 5: ponchua ($100 in chips) 
Seat 6: Cloudtiger ($135.42 in chips) 
Cloudtiger: posts small blind $0.50
tukeiron: posts big blind $1
Parabelum911: sits out 
*** HOLE CARDS ***
MaRKiToScoK: raises $1.50 to $2.50
Cositorto: folds 
ponchua: folds 
Cloudtiger: calls $2
tukeiron: folds 
*** FLOP *** [Ah 9c 3h]
Cloudtiger: checks 
MaRKiToScoK: bets $1.50
Cloudtiger: calls $1.50
*** TURN *** [Ah 9c 3h] [6h]
Cloudtiger: checks 
MaRKiToScoK: checks 
*** RIVER *** [Ah 9c 3h 6h] [Ks]
Cloudtiger: checks 
MaRKiToScoK: checks 
*** SHOW DOWN ***
Cloudtiger: shows [8s 8c] (a pair of Eights)
MaRKiToScoK: mucks hand 
Cloudtiger collected $8.55 from pot
*** SUMMARY ***
Total pot $9 | Rake $0.45 
Board [Ah 9c 3h 6h Ks]
Seat 3: Parabelum911
Seat 1: tukeiron (big blind) folded before Flop
Seat 2: MaRKiToScoK mucked
Seat 4: Cositorto folded before Flop (didn't bet)
Seat 5: ponchua (button) folded before Flop (didn't bet)
Seat 6: Cloudtiger (small blind) showed [8s 8c] and won ($8.55) with a pair of Eights



PokerStars Hand #254410473618:  Hold'em No Limit ($0.50/$1.00 USD) - 2025/01/17 4:52:16 WET [2025/01/16 23:52:16 ET]
Table 'Haltia III' 6-max Seat #6 is the button
Seat 3: Parabelum911 ($100 in chips) is sitting out
Seat 1: tukeiron ($107.09 in chips) 
Seat 2: MaRKiToScoK ($106.18 in chips) 
Seat 4: Cositorto ($101.57 in chips) 
Seat 5: ponchua ($100 in chips) 
Seat 6: Cloudtiger ($139.97 in chips) 
tukeiron: posts small blind $0.50
MaRKiToScoK: posts big blind $1
Parabelum911: sits out 
*** HOLE CARDS ***
Cositorto: folds 
ponchua: folds 
Cloudtiger: raises $2 to $3
tukeiron: folds 
MaRKiToScoK: calls $2
*** FLOP *** [Ad 6c 9h]
MaRKiToScoK: checks 
Cloudtiger: bets $3.09
MaRKiToScoK: calls $3.09
*** TURN *** [Ad 6c 9h] [5h]
MaRKiToScoK: checks 
Cloudtiger: checks 
*** RIVER *** [Ad 6c 9h 5h] [Jh]
MaRKiToScoK: bets $18.08
Cloudtiger: calls $18.08
*** SHOW DOWN ***
MaRKiToScoK: shows [Ac 9d] (two pair, Aces and Nines)
Cloudtiger: mucks hand 
MaRKiToScoK collected $46.40 from pot
*** SUMMARY ***
Total pot $48.84 | Rake $2.44 
Board [Ad 6c 9h 5h Jh]
Seat 3: Parabelum911
Seat 1: tukeiron (small blind) folded before Flop
Seat 2: MaRKiToScoK (big blind) showed [Ac 9d] and won ($46.40) with two pair, Aces and Nines
Seat 4: Cositorto folded before Flop (didn't bet)
Seat 5: ponchua folded before Flop (didn't bet)
Seat 6: Cloudtiger (button) mucked



PokerStars Hand #254410479714:  Hold'em No Limit ($0.50/$1.00 USD) - 2025/01/17 4:53:19 WET [2025/01/16 23:53:19 ET]
Table 'Haltia III' 6-max Seat #1 is the button
Seat 1: tukeiron ($106.59 in chips) 
Seat 2: MaRKiToScoK ($128.41 in chips) 
Seat 3: Parabelum911 ($100 in chips) 
Seat 4: Cositorto ($101.57 in chips) 
Seat 5: ponchua ($100 in chips) 
Seat 6: Cloudtiger ($115.80 in chips) 
MaRKiToScoK: posts small blind $0.50
Parabelum911: posts big blind $1
*** HOLE CARDS ***
Cositorto: folds 
ponchua: raises $1.50 to $2.50
Cloudtiger: folds 
tukeiron: folds 
Cloudtiger leaves the table
MaRKiToScoK: raises $8.50 to $11
Parabelum911: folds 
ponchua: folds 
Uncalled bet ($8.50) returned to MaRKiToScoK
MaRKiToScoK collected $6 from pot
*** SUMMARY ***
Total pot $6 | Rake $0 
Seat 1: tukeiron (button) folded before Flop (didn't bet)
Seat 2: MaRKiToScoK (small blind) collected ($6)
Seat 3: Parabelum911 (big blind) folded before Flop
Seat 4: Cositorto folded before Flop (didn't bet)
Seat 5: ponchua folded before Flop
Seat 6: Cloudtiger folded before Flop (didn't bet)



PokerStars Hand #254410482775:  Hold'em No Limit ($0.50/$1.00 USD) - 2025/01/17 4:53:51 WET [2025/01/16 23:53:51 ET]
Table 'Haltia III' 6-max Seat #2 is the button
Seat 1: tukeiron ($106.59 in chips) 
Seat 2: MaRKiToScoK ($131.91 in chips) 
Seat 3: Parabelum911 ($100 in chips) 
Seat 4: Cositorto ($101.57 in chips) 
Seat 5: ponchua ($100 in chips) 
Parabelum911: posts small blind $0.50
Cositorto: posts big blind $1
*** HOLE CARDS ***
ponchua: folds 
tukeiron: raises $1.50 to $2.50
MaRKiToScoK: folds 
Parabelum911: folds 
Cositorto: calls $1.50
*** FLOP *** [Qh Jc 9s]
Cositorto: checks 
tukeiron: checks 
*** TURN *** [Qh Jc 9s] [6s]
Cositorto: checks 
tukeiron: checks 
*** RIVER *** [Qh Jc 9s 6s] [4c]
Cositorto: bets $7.83
tukeiron: folds 
Uncalled bet ($7.83) returned to Cositorto
Cositorto collected $5.22 from pot
Cositorto: doesn't show hand 
*** SUMMARY ***
Total pot $5.50 | Rake $0.28 
Board [Qh Jc 9s 6s 4c]
Seat 1: tukeiron folded on the River
Seat 2: MaRKiToScoK (button) folded before Flop (didn't bet)
Seat 3: Parabelum911 (small blind) folded before Flop
Seat 4: Cositorto (big blind) collected ($5.22)
Seat 5: ponchua folded before Flop (didn't bet)



PokerStars Hand #254410486857:  Hold'em No Limit ($0.50/$1.00 USD) - 2025/01/17 4:54:33 WET [2025/01/16 23:54:33 ET]
Table 'Haltia III' 6-max Seat #3 is the button
Seat 5: ponchua ($100 in chips) is sitting out
Seat 1: tukeiron ($104.09 in chips) 
Seat 2: MaRKiToScoK ($131.91 in chips) 
Seat 3: Parabelum911 ($100 in chips) 
Seat 4: Cositorto ($104.29 in chips) 
Cositorto: posts small blind $0.50
ponchua: is sitting out 
tukeiron: posts big blind $1
*** HOLE CARDS ***
MaRKiToScoK: folds 
ponchua leaves the table
Parabelum911: folds 
Cositorto: folds 
Uncalled bet ($0.50) returned to tukeiron
tukeiron collected $1 from pot
*** SUMMARY ***
Total pot $1 | Rake $0 
Seat 5: ponchua
Seat 1: tukeiron (big blind) collected ($1)
Seat 2: MaRKiToScoK folded before Flop (didn't bet)
Seat 3: Parabelum911 (button) folded before Flop (didn't bet)
Seat 4: Cositorto (small blind) folded before Flop



PokerStars Hand #254410488188:  Hold'em No Limit ($0.50/$1.00 USD) - 2025/01/17 4:54:47 WET [2025/01/16 23:54:47 ET]
Table 'Haltia III' 6-max Seat #4 is the button
Seat 2: MaRKiToScoK ($131.91 in chips) is sitting out
Seat 1: tukeiron ($104.59 in chips) 
Seat 3: Parabelum911 ($100 in chips) 
Seat 4: Cositorto ($103.79 in chips) 
tukeiron: posts small blind $0.50
MaRKiToScoK: is sitting out 
Parabelum911: posts big blind $1
*** HOLE CARDS ***
Cositorto: folds 
tukeiron: folds 
Uncalled bet ($0.50) returned to Parabelum911
Parabelum911 collected $1 from pot
Parabelum911: doesn't show hand 
MaRKiToScoK leaves the table
*** SUMMARY ***
Total pot $1 | Rake $0 
Seat 2: MaRKiToScoK
Seat 1: tukeiron (small blind) folded before Flop
Seat 3: Parabelum911 (big blind) collected ($1)
Seat 4: Cositorto (button) folded before Flop (didn't bet)



PokerStars Hand #254410489236:  Hold'em No Limit ($0.50/$1.00 USD) - 2025/01/17 4:54:58 WET [2025/01/16 23:54:58 ET]
Table 'Haltia III' 6-max Seat #1 is the button
Seat 1: tukeiron ($104.09 in chips) 
Seat 3: Parabelum911 ($100.50 in chips) 
Seat 4: Cositorto ($103.79 in chips) 
Parabelum911: posts small blind $0.50
Cositorto: posts big blind $1
*** HOLE CARDS ***
tukeiron: folds 
Parabelum911: raises $2 to $3
Cositorto: calls $2
*** FLOP *** [3c 2s 6c]
Parabelum911: checks 
Cositorto: bets $1.54
Parabelum911: folds 
Uncalled bet ($1.54) returned to Cositorto
Cositorto collected $5.70 from pot
Cositorto: doesn't show hand 
*** SUMMARY ***
Total pot $6 | Rake $0.30 
Board [3c 2s 6c]
Seat 1: tukeiron (button) folded before Flop (didn't bet)
Seat 3: Parabelum911 (small blind) folded on the Flop
Seat 4: Cositorto (big blind) collected ($5.70)



PokerStars Hand #254410492962:  Hold'em No Limit ($0.50/$1.00 USD) - 2025/01/17 4:55:43 WET [2025/01/16 23:55:43 ET]
Table 'Haltia III' 6-max Seat #3 is the button
Seat 1: tukeiron ($104.09 in chips) 
Seat 3: Parabelum911 ($100 in chips) 
Seat 4: Cositorto ($106.49 in chips) 
Cositorto: posts small blind $0.50
tukeiron: posts big blind $1
*** HOLE CARDS ***
Parabelum911: raises $1.10 to $2.10
Cositorto: folds 
tukeiron: raises $7.90 to $10
Parabelum911: folds 
Uncalled bet ($7.90) returned to tukeiron
tukeiron collected $4.70 from pot
Parabelum911 leaves the table
tukeiron: doesn't show hand 
*** SUMMARY ***
Total pot $4.70 | Rake $0 
Seat 1: tukeiron (big blind) collected ($4.70)
Seat 3: Parabelum911 (button) folded before Flop
Seat 4: Cositorto (small blind) folded before Flop



PokerStars Hand #254410494635:  Hold'em No Limit ($0.50/$1.00 USD) - 2025/01/17 4:56:05 WET [2025/01/16 23:56:05 ET]
Table 'Haltia III' 6-max Seat #1 is the button
Seat 1: tukeiron ($106.69 in chips) 
Seat 4: Cositorto ($105.99 in chips) 
tukeiron: posts small blind $0.50
Cositorto: posts big blind $1
*** HOLE CARDS ***
tukeiron: raises $2 to $3
Cositorto: folds 
Uncalled bet ($2) returned to tukeiron
tukeiron collected $2 from pot
*** SUMMARY ***
Total pot $2 | Rake $0 
Seat 1: tukeiron (button) (small blind) collected ($2)
Seat 4: Cositorto (big blind) folded before Flop



