PokerStars Hand #254425542537:  Hold'em No Limit ($0.50/$1.00 USD) - 2025/01/17 2:30:43 WET [2025/01/17 21:30:43 ET]
Table 'Achernar III' 6-max Seat #4 is the button
Seat 1: Supermegopro ($108 in chips) 
Seat 2: m0nTTu ($95.40 in chips) 
Seat 3: mironchikvld ($100 in chips) 
Seat 4: steelNike ($38.50 in chips) 
Seat 5: Rysiff ($100 in chips) 
Seat 6: wuzzza1744 ($35.41 in chips) 
Rysiff: posts small blind $0.50
wuzzza1744: posts big blind $1
*** HOLE CARDS ***
Supermegopro: folds 
m0nTTu: folds 
mironchikvld: folds 
steelNike: raises $1.30 to $2.30
Rysiff: folds 
wuzzza1744: raises $1.30 to $3.60
steelNike: calls $1.30
*** FLOP *** [3h 5d Ts]
wuzzza1744: bets $3.66
steelNike: calls $3.66
*** TURN *** [3h 5d Ts] [9s]
wuzzza1744: bets $7.14
steelNike: folds 
Uncalled bet ($7.14) returned to wuzzza1744
wuzzza1744 collected $14.27 from pot
*** SUMMARY ***
Total pot $15.02 | Rake $0.75 
Board [3h 5d Ts 9s]
Seat 1: Supermegopro folded before Flop (didn't bet)
Seat 2: m0nTTu folded before Flop (didn't bet)
Seat 3: mironchikvld folded before Flop (didn't bet)
Seat 4: steelNike (button) folded on the Turn
Seat 5: Rysiff (small blind) folded before Flop
Seat 6: wuzzza1744 (big blind) collected ($14.27)



PokerStars Hand #254425548449:  Hold'em No Limit ($0.50/$1.00 USD) - 2025/01/17 2:31:19 WET [2025/01/17 21:31:19 ET]
Table 'Achernar III' 6-max Seat #5 is the button
Seat 1: Supermegopro ($108 in chips) 
Seat 2: m0nTTu ($95.40 in chips) 
Seat 3: mironchikvld ($100 in chips) 
Seat 4: steelNike ($41.24 in chips) 
Seat 5: Rysiff ($100 in chips) 
Seat 6: wuzzza1744 ($42.42 in chips) 
wuzzza1744: posts small blind $0.50
Supermegopro: posts big blind $1
*** HOLE CARDS ***
m0nTTu: folds 
mironchikvld: folds 
steelNike: folds 
Rysiff: raises $1.50 to $2.50
wuzzza1744: folds 
Supermegopro: calls $1.50
*** FLOP *** [3s Qd 3c]
Supermegopro: checks 
Rysiff: bets $1.72
Supermegopro: calls $1.72
*** TURN *** [3s Qd 3c] [6s]
Supermegopro: checks 
Rysiff: bets $6.79
Supermegopro: folds 
Uncalled bet ($6.79) returned to Rysiff
Rysiff collected $8.49 from pot
Rysiff: doesn't show hand 
*** SUMMARY ***
Total pot $8.94 | Rake $0.45 
Board [3s Qd 3c 6s]
Seat 1: Supermegopro (big blind) folded on the Turn
Seat 2: m0nTTu folded before Flop (didn't bet)
Seat 3: mironchikvld folded before Flop (didn't bet)
Seat 4: steelNike folded before Flop (didn't bet)
Seat 5: Rysiff (button) collected ($8.49)
Seat 6: wuzzza1744 (small blind) folded before Flop



PokerStars Hand #254425555556:  Hold'em No Limit ($0.50/$1.00 USD) - 2025/01/17 2:32:03 WET [2025/01/17 21:32:03 ET]
Table 'Achernar III' 6-max Seat #6 is the button
Seat 2: m0nTTu ($95.40 in chips) is sitting out
Seat 1: Supermegopro ($103.78 in chips) 
Seat 3: mironchikvld ($100 in chips) 
Seat 4: steelNike ($41.24 in chips) 
Seat 5: Rysiff ($104.27 in chips) 
Seat 6: wuzzza1744 ($41.92 in chips) 
Supermegopro: posts small blind $0.50
m0nTTu: is sitting out 
mironchikvld: posts big blind $1
*** HOLE CARDS ***
steelNike: folds 
m0nTTu leaves the table
Rysiff: raises $1.50 to $2.50
wuzzza1744: calls $2.50
Supermegopro: folds 
mironchikvld: folds 
*** FLOP *** [6h 5s 4d]
Rysiff: checks 
wuzzza1744: bets $3.09
Rysiff: folds 
Uncalled bet ($3.09) returned to wuzzza1744
wuzzza1744 collected $6.18 from pot
*** SUMMARY ***
Total pot $6.50 | Rake $0.32 
Board [6h 5s 4d]
Seat 2: m0nTTu
Seat 1: Supermegopro (small blind) folded before Flop
Seat 3: mironchikvld (big blind) folded before Flop
Seat 4: steelNike folded before Flop (didn't bet)
Seat 5: Rysiff folded on the Flop
Seat 6: wuzzza1744 (button) collected ($6.18)



PokerStars Hand #254425563139:  Hold'em No Limit ($0.50/$1.00 USD) - 2025/01/17 2:32:50 WET [2025/01/17 21:32:50 ET]
Table 'Achernar III' 6-max Seat #1 is the button
Seat 1: Supermegopro ($103.28 in chips) 
Seat 3: mironchikvld ($100 in chips) 
Seat 4: steelNike ($41.24 in chips) 
Seat 5: Rysiff ($101.77 in chips) 
Seat 6: wuzzza1744 ($45.60 in chips) 
mironchikvld: posts small blind $0.50
steelNike: posts big blind $1
*** HOLE CARDS ***
LuckyShikari joins the table at seat #2 
Rysiff: raises $1.50 to $2.50
wuzzza1744: calls $2.50
Supermegopro: folds 
mironchikvld: folds 
steelNike: folds 
*** FLOP *** [7c Kh 2h]
Rysiff: bets $2.04
wuzzza1744: calls $2.04
*** TURN *** [7c Kh 2h] [5s]
Rysiff: checks 
wuzzza1744: bets $5.03
Rysiff: folds 
Uncalled bet ($5.03) returned to wuzzza1744
wuzzza1744 collected $10.05 from pot
*** SUMMARY ***
Total pot $10.58 | Rake $0.53 
Board [7c Kh 2h 5s]
Seat 1: Supermegopro (button) folded before Flop (didn't bet)
Seat 3: mironchikvld (small blind) folded before Flop
Seat 4: steelNike (big blind) folded before Flop
Seat 5: Rysiff folded on the Turn
Seat 6: wuzzza1744 collected ($10.05)



PokerStars Hand #254425569535:  Hold'em No Limit ($0.50/$1.00 USD) - 2025/01/17 2:33:30 WET [2025/01/17 21:33:30 ET]
Table 'Achernar III' 6-max Seat #3 is the button
Seat 2: LuckyShikari ($100 in chips) is sitting out
Seat 1: Supermegopro ($103.28 in chips) 
Seat 3: mironchikvld ($100 in chips) 
Seat 4: steelNike ($40.24 in chips) 
Seat 5: Rysiff ($100 in chips) 
Seat 6: wuzzza1744 ($51.11 in chips) 
steelNike: posts small blind $0.50
Rysiff: posts big blind $1
LuckyShikari: sits out 
*** HOLE CARDS ***
wuzzza1744: calls $1
Supermegopro: folds 
mironchikvld: raises $3 to $4
steelNike: raises $7 to $11
Rysiff: folds 
wuzzza1744: folds 
mironchikvld: calls $7
*** FLOP *** [Js 8s 6s]
steelNike: bets $7.52
mironchikvld: folds 
Uncalled bet ($7.52) returned to steelNike
steelNike collected $22.80 from pot
*** SUMMARY ***
Total pot $24 | Rake $1.20 
Board [Js 8s 6s]
Seat 2: LuckyShikari
Seat 1: Supermegopro folded before Flop (didn't bet)
Seat 3: mironchikvld (button) folded on the Flop
Seat 4: steelNike (small blind) collected ($22.80)
Seat 5: Rysiff (big blind) folded before Flop
Seat 6: wuzzza1744 folded before Flop



PokerStars Hand #254425580940:  Hold'em No Limit ($0.50/$1.00 USD) - 2025/01/17 2:34:41 WET [2025/01/17 21:34:41 ET]
Table 'Achernar III' 6-max Seat #4 is the button
Seat 2: LuckyShikari ($100 in chips) is sitting out
Seat 1: Supermegopro ($103.28 in chips) 
Seat 3: mironchikvld ($100 in chips) 
Seat 4: steelNike ($52.04 in chips) 
Seat 5: Rysiff ($100 in chips) 
Seat 6: wuzzza1744 ($50.11 in chips) 
Rysiff: posts small blind $0.50
wuzzza1744: posts big blind $1
LuckyShikari: sits out 
*** HOLE CARDS ***
Supermegopro: folds 
Supermegopro leaves the table
mironchikvld: folds 
steelNike: raises $1.30 to $2.30
Rysiff: folds 
wuzzza1744: calls $1.30
*** FLOP *** [2c Ts 8c]
wuzzza1744: checks 
Unipoker11 joins the table at seat #1 
steelNike: bets $1.21
wuzzza1744: calls $1.21
*** TURN *** [2c Ts 8c] [7s]
wuzzza1744: checks 
steelNike: checks 
*** RIVER *** [2c Ts 8c 7s] [9c]
wuzzza1744: checks 
steelNike: checks 
*** SHOW DOWN ***
wuzzza1744: shows [5c 5h] (a pair of Fives)
steelNike: mucks hand 
wuzzza1744 collected $7.14 from pot
*** SUMMARY ***
Total pot $7.52 | Rake $0.38 
Board [2c Ts 8c 7s 9c]
Seat 2: LuckyShikari
Seat 1: Supermegopro folded before Flop (didn't bet)
Seat 3: mironchikvld folded before Flop (didn't bet)
Seat 4: steelNike (button) mucked
Seat 5: Rysiff (small blind) folded before Flop
Seat 6: wuzzza1744 (big blind) showed [5c 5h] and won ($7.14) with a pair of Fives



PokerStars Hand #254425589339:  Hold'em No Limit ($0.50/$1.00 USD) - 2025/01/17 2:35:34 WET [2025/01/17 21:35:34 ET]
Table 'Achernar III' 6-max Seat #5 is the button
Seat 2: LuckyShikari ($100 in chips) is sitting out
Seat 1: Unipoker11 ($100 in chips) 
Seat 3: mironchikvld ($100 in chips) 
Seat 4: steelNike ($48.53 in chips) 
Seat 5: Rysiff ($100 in chips) 
Seat 6: wuzzza1744 ($53.74 in chips) 
wuzzza1744: posts small blind $0.50
Unipoker11: posts big blind $1
LuckyShikari: sits out 
*** HOLE CARDS ***
mironchikvld: raises $2 to $3
steelNike: folds 
Rysiff: folds 
wuzzza1744: folds 
Unipoker11: calls $2
*** FLOP *** [6s 5s 8d]
Unipoker11: checks 
mironchikvld: checks 
*** TURN *** [6s 5s 8d] [8h]
Unipoker11: bets $2.04
mironchikvld: folds 
Uncalled bet ($2.04) returned to Unipoker11
Unipoker11 collected $6.18 from pot
Unipoker11: doesn't show hand 
*** SUMMARY ***
Total pot $6.50 | Rake $0.32 
Board [6s 5s 8d 8h]
Seat 2: LuckyShikari
Seat 1: Unipoker11 (big blind) collected ($6.18)
Seat 3: mironchikvld folded on the Turn
Seat 4: steelNike folded before Flop (didn't bet)
Seat 5: Rysiff (button) folded before Flop (didn't bet)
Seat 6: wuzzza1744 (small blind) folded before Flop



PokerStars Hand #254425598589:  Hold'em No Limit ($0.50/$1.00 USD) - 2025/01/17 2:36:31 WET [2025/01/17 21:36:31 ET]
Table 'Achernar III' 6-max Seat #6 is the button
Seat 1: Unipoker11 ($103.18 in chips) 
Seat 2: LuckyShikari ($100 in chips) 
Seat 3: mironchikvld ($100 in chips) 
Seat 4: steelNike ($48.53 in chips) 
Seat 5: Rysiff ($100 in chips) 
Seat 6: wuzzza1744 ($53.24 in chips) 
Unipoker11: posts small blind $0.50
LuckyShikari: posts big blind $1
*** HOLE CARDS ***
mironchikvld: folds 
steelNike: folds 
Rysiff: folds 
wuzzza1744: raises $1 to $2
Unipoker11: folds 
LuckyShikari: folds 
Uncalled bet ($1) returned to wuzzza1744
wuzzza1744 collected $2.50 from pot
*** SUMMARY ***
Total pot $2.50 | Rake $0 
Seat 1: Unipoker11 (small blind) folded before Flop
Seat 2: LuckyShikari (big blind) folded before Flop
Seat 3: mironchikvld folded before Flop (didn't bet)
Seat 4: steelNike folded before Flop (didn't bet)
Seat 5: Rysiff folded before Flop (didn't bet)
Seat 6: wuzzza1744 (button) collected ($2.50)



PokerStars Hand #254425602578:  Hold'em No Limit ($0.50/$1.00 USD) - 2025/01/17 2:36:55 WET [2025/01/17 21:36:55 ET]
Table 'Achernar III' 6-max Seat #1 is the button
Seat 1: Unipoker11 ($102.68 in chips) 
Seat 2: LuckyShikari ($100 in chips) 
Seat 3: mironchikvld ($100 in chips) 
Seat 4: steelNike ($48.53 in chips) 
Seat 5: Rysiff ($100 in chips) 
Seat 6: wuzzza1744 ($54.74 in chips) 
LuckyShikari: posts small blind $0.50
mironchikvld: posts big blind $1
*** HOLE CARDS ***
steelNike: folds 
Rysiff: folds 
wuzzza1744: folds 
Unipoker11: folds 
LuckyShikari: raises $2 to $3
mironchikvld: folds 
Uncalled bet ($2) returned to LuckyShikari
LuckyShikari collected $2 from pot
LuckyShikari: doesn't show hand 
*** SUMMARY ***
Total pot $2 | Rake $0 
Seat 1: Unipoker11 (button) folded before Flop (didn't bet)
Seat 2: LuckyShikari (small blind) collected ($2)
Seat 3: mironchikvld (big blind) folded before Flop
Seat 4: steelNike folded before Flop (didn't bet)
Seat 5: Rysiff folded before Flop (didn't bet)
Seat 6: wuzzza1744 folded before Flop (didn't bet)



PokerStars Hand #254425605320:  Hold'em No Limit ($0.50/$1.00 USD) - 2025/01/17 2:37:11 WET [2025/01/17 21:37:11 ET]
Table 'Achernar III' 6-max Seat #2 is the button
Seat 1: Unipoker11 ($102.68 in chips) 
Seat 2: LuckyShikari ($101 in chips) 
Seat 3: mironchikvld ($100 in chips) 
Seat 4: steelNike ($48.53 in chips) 
Seat 5: Rysiff ($100 in chips) 
Seat 6: wuzzza1744 ($54.74 in chips) 
mironchikvld: posts small blind $0.50
steelNike: posts big blind $1
*** HOLE CARDS ***
Rysiff: folds 
wuzzza1744: calls $1
Unipoker11: folds 
LuckyShikari: folds 
mironchikvld: folds 
steelNike: checks 
*** FLOP *** [4d 5s 2d]
steelNike: checks 
wuzzza1744: checks 
*** TURN *** [4d 5s 2d] [6h]
steelNike: checks 
wuzzza1744: bets $2.38
steelNike: folds 
Uncalled bet ($2.38) returned to wuzzza1744
wuzzza1744 collected $2.38 from pot
*** SUMMARY ***
Total pot $2.50 | Rake $0.12 
Board [4d 5s 2d 6h]
Seat 1: Unipoker11 folded before Flop (didn't bet)
Seat 2: LuckyShikari (button) folded before Flop (didn't bet)
Seat 3: mironchikvld (small blind) folded before Flop
Seat 4: steelNike (big blind) folded on the Turn
Seat 5: Rysiff folded before Flop (didn't bet)
Seat 6: wuzzza1744 collected ($2.38)



PokerStars Hand #254425612353:  Hold'em No Limit ($0.50/$1.00 USD) - 2025/01/17 2:37:55 WET [2025/01/17 21:37:55 ET]
Table 'Achernar III' 6-max Seat #3 is the button
Seat 1: Unipoker11 ($102.68 in chips) 
Seat 2: LuckyShikari ($101 in chips) 
Seat 3: mironchikvld ($100 in chips) 
Seat 4: steelNike ($47.53 in chips) 
Seat 5: Rysiff ($100 in chips) 
Seat 6: wuzzza1744 ($56.12 in chips) 
steelNike: posts small blind $0.50
Rysiff: posts big blind $1
*** HOLE CARDS ***
wuzzza1744: raises $1 to $2
Unipoker11: raises $4.50 to $6.50
LuckyShikari: folds 
mironchikvld: folds 
steelNike: folds 
Rysiff: folds 
wuzzza1744: calls $4.50
*** FLOP *** [8c Ad Ah]
wuzzza1744: checks 
Unipoker11: bets $3.44
wuzzza1744: calls $3.44
*** TURN *** [8c Ad Ah] [Td]
wuzzza1744: checks 
Unipoker11: checks 
*** RIVER *** [8c Ad Ah Td] [Qd]
wuzzza1744: bets $10.16
Unipoker11: calls $10.16
*** SHOW DOWN ***
wuzzza1744: shows [Kh Jc] (a straight, Ten to Ace)
Unipoker11: mucks hand 
wuzzza1744 collected $39.62 from pot
*** SUMMARY ***
Total pot $41.70 | Rake $2.08 
Board [8c Ad Ah Td Qd]
Seat 1: Unipoker11 mucked
Seat 2: LuckyShikari folded before Flop (didn't bet)
Seat 3: mironchikvld (button) folded before Flop (didn't bet)
Seat 4: steelNike (small blind) folded before Flop
Seat 5: Rysiff (big blind) folded before Flop
Seat 6: wuzzza1744 showed [Kh Jc] and won ($39.62) with a straight, Ten to Ace



PokerStars Hand #254425624536:  Hold'em No Limit ($0.50/$1.00 USD) - 2025/01/17 2:39:10 WET [2025/01/17 21:39:10 ET]
Table 'Achernar III' 6-max Seat #4 is the button
Seat 1: Unipoker11 ($100 in chips) 
Seat 2: LuckyShikari ($101 in chips) 
Seat 3: mironchikvld ($100 in chips) 
Seat 4: steelNike ($47.03 in chips) 
Seat 5: Rysiff ($100 in chips) 
Seat 6: wuzzza1744 ($75.64 in chips) 
Rysiff: posts small blind $0.50
wuzzza1744: posts big blind $1
*** HOLE CARDS ***
Unipoker11: folds 
LuckyShikari: folds 
mironchikvld: folds 
steelNike: folds 
Rysiff: folds 
Uncalled bet ($0.50) returned to wuzzza1744
wuzzza1744 collected $1 from pot
*** SUMMARY ***
Total pot $1 | Rake $0 
Seat 1: Unipoker11 folded before Flop (didn't bet)
Seat 2: LuckyShikari folded before Flop (didn't bet)
Seat 3: mironchikvld folded before Flop (didn't bet)
Seat 4: steelNike (button) folded before Flop (didn't bet)
Seat 5: Rysiff (small blind) folded before Flop
Seat 6: wuzzza1744 (big blind) collected ($1)



PokerStars Hand #254425626725:  Hold'em No Limit ($0.50/$1.00 USD) - 2025/01/17 2:39:24 WET [2025/01/17 21:39:24 ET]
Table 'Achernar III' 6-max Seat #5 is the button
Seat 1: Unipoker11 ($100 in chips) 
Seat 2: LuckyShikari ($101 in chips) 
Seat 3: mironchikvld ($100 in chips) 
Seat 4: steelNike ($47.03 in chips) 
Seat 5: Rysiff ($100 in chips) 
Seat 6: wuzzza1744 ($76.14 in chips) 
wuzzza1744: posts small blind $0.50
Unipoker11: posts big blind $1
*** HOLE CARDS ***
LuckyShikari: folds 
mironchikvld: folds 
steelNike: folds 
Rysiff: folds 
wuzzza1744: calls $0.50
Unipoker11: raises $3 to $4
wuzzza1744: raises $4 to $8
Unipoker11: calls $4
*** FLOP *** [2h 5h 3c]
wuzzza1744: bets $15.20
Unipoker11: calls $15.20
*** TURN *** [2h 5h 3c] [3d]
wuzzza1744: checks 
Unipoker11: checks 
*** RIVER *** [2h 5h 3c 3d] [Ts]
wuzzza1744: bets $22.04
Unipoker11: calls $22.04
*** SHOW DOWN ***
wuzzza1744: shows [Ks Kc] (two pair, Kings and Threes)
Unipoker11: mucks hand 
wuzzza1744 collected $87.98 from pot
*** SUMMARY ***
Total pot $90.48 | Rake $2.50 
Board [2h 5h 3c 3d Ts]
Seat 1: Unipoker11 (big blind) mucked
Seat 2: LuckyShikari folded before Flop (didn't bet)
Seat 3: mironchikvld folded before Flop (didn't bet)
Seat 4: steelNike folded before Flop (didn't bet)
Seat 5: Rysiff (button) folded before Flop (didn't bet)
Seat 6: wuzzza1744 (small blind) showed [Ks Kc] and won ($87.98) with two pair, Kings and Threes



PokerStars Hand #254425642260:  Hold'em No Limit ($0.50/$1.00 USD) - 2025/01/17 2:40:59 WET [2025/01/17 21:40:59 ET]
Table 'Achernar III' 6-max Seat #6 is the button
Seat 1: Unipoker11 ($100 in chips) 
Seat 2: LuckyShikari ($101 in chips) 
Seat 3: mironchikvld ($100 in chips) 
Seat 4: steelNike ($47.03 in chips) 
Seat 5: Rysiff ($100 in chips) 
Seat 6: wuzzza1744 ($118.88 in chips) 
Unipoker11: posts small blind $0.50
LuckyShikari: posts big blind $1
*** HOLE CARDS ***
mironchikvld has timed out
mironchikvld: folds 
steelNike: folds 
Rysiff: folds 
wuzzza1744: calls $1
Unipoker11: raises $5 to $6
LuckyShikari: folds 
wuzzza1744: folds 
Uncalled bet ($5) returned to Unipoker11
Unipoker11 collected $3 from pot
Unipoker11: doesn't show hand 
*** SUMMARY ***
Total pot $3 | Rake $0 
Seat 1: Unipoker11 (small blind) collected ($3)
Seat 2: LuckyShikari (big blind) folded before Flop
Seat 3: mironchikvld folded before Flop (didn't bet)
Seat 4: steelNike folded before Flop (didn't bet)
Seat 5: Rysiff folded before Flop (didn't bet)
Seat 6: wuzzza1744 (button) folded before Flop



PokerStars Hand #254425646294:  Hold'em No Limit ($0.50/$1.00 USD) - 2025/01/17 2:41:24 WET [2025/01/17 21:41:24 ET]
Table 'Achernar III' 6-max Seat #1 is the button
Seat 6: wuzzza1744 ($117.88 in chips) is sitting out
Seat 1: Unipoker11 ($102 in chips) 
Seat 2: LuckyShikari ($100 in chips) 
Seat 3: mironchikvld ($100 in chips) 
Seat 4: steelNike ($100 in chips) 
Seat 5: Rysiff ($100 in chips) 
LuckyShikari: posts small blind $0.50
mironchikvld: posts big blind $1
*** HOLE CARDS ***
steelNike: folds 
Rysiff: folds 
Unipoker11: folds 
LuckyShikari: raises $2.50 to $3.50
mironchikvld: calls $2.50
*** FLOP *** [Jh 4h 6h]
LuckyShikari: bets $1.60
mironchikvld: folds 
Uncalled bet ($1.60) returned to LuckyShikari
LuckyShikari collected $6.65 from pot
LuckyShikari: doesn't show hand 
*** SUMMARY ***
Total pot $7 | Rake $0.35 
Board [Jh 4h 6h]
Seat 6: wuzzza1744
Seat 1: Unipoker11 (button) folded before Flop (didn't bet)
Seat 2: LuckyShikari (small blind) collected ($6.65)
Seat 3: mironchikvld (big blind) folded on the Flop
Seat 4: steelNike folded before Flop (didn't bet)
Seat 5: Rysiff folded before Flop (didn't bet)



PokerStars Hand #254425653711:  Hold'em No Limit ($0.50/$1.00 USD) - 2025/01/17 2:42:09 WET [2025/01/17 21:42:09 ET]
Table 'Achernar III' 6-max Seat #2 is the button
Seat 6: wuzzza1744 ($117.88 in chips) is sitting out
Seat 1: Unipoker11 ($102 in chips) 
Seat 2: LuckyShikari ($103.15 in chips) 
Seat 3: mironchikvld ($100 in chips) 
Seat 4: steelNike ($100 in chips) 
Seat 5: Rysiff ($100 in chips) 
mironchikvld: posts small blind $0.50
steelNike: posts big blind $1
*** HOLE CARDS ***
Rysiff: folds 
Unipoker11: folds 
LuckyShikari: folds 
mironchikvld: raises $2 to $3
steelNike: folds 
Uncalled bet ($2) returned to mironchikvld
mironchikvld collected $2 from pot
mironchikvld: doesn't show hand 
*** SUMMARY ***
Total pot $2 | Rake $0 
Seat 6: wuzzza1744
Seat 1: Unipoker11 folded before Flop (didn't bet)
Seat 2: LuckyShikari (button) folded before Flop (didn't bet)
Seat 3: mironchikvld (small blind) collected ($2)
Seat 4: steelNike (big blind) folded before Flop
Seat 5: Rysiff folded before Flop (didn't bet)



PokerStars Hand #254425658905:  Hold'em No Limit ($0.50/$1.00 USD) - 2025/01/17 2:42:41 WET [2025/01/17 21:42:41 ET]
Table 'Achernar III' 6-max Seat #3 is the button
Seat 6: wuzzza1744 ($117.88 in chips) is sitting out
Seat 1: Unipoker11 ($102 in chips) 
Seat 2: LuckyShikari ($103.15 in chips) 
Seat 3: mironchikvld ($101 in chips) 
Seat 4: steelNike ($99 in chips) 
Seat 5: Rysiff ($100 in chips) 
steelNike: posts small blind $0.50
Rysiff: posts big blind $1
*** HOLE CARDS ***
Unipoker11: folds 
LuckyShikari: raises $1.25 to $2.25
mironchikvld: folds 
steelNike: raises $9.75 to $12
Rysiff: folds 
LuckyShikari: folds 
Uncalled bet ($9.75) returned to steelNike
steelNike collected $5.50 from pot
*** SUMMARY ***
Total pot $5.50 | Rake $0 
Seat 6: wuzzza1744
Seat 1: Unipoker11 folded before Flop (didn't bet)
Seat 2: LuckyShikari folded before Flop
Seat 3: mironchikvld (button) folded before Flop (didn't bet)
Seat 4: steelNike (small blind) collected ($5.50)
Seat 5: Rysiff (big blind) folded before Flop



PokerStars Hand #254425664737:  Hold'em No Limit ($0.50/$1.00 USD) - 2025/01/17 2:43:17 WET [2025/01/17 21:43:17 ET]
Table 'Achernar III' 6-max Seat #4 is the button
Seat 6: wuzzza1744 ($117.88 in chips) is sitting out
Seat 1: Unipoker11 ($102 in chips) 
Seat 2: LuckyShikari ($100.90 in chips) 
Seat 3: mironchikvld ($101 in chips) 
Seat 4: steelNike ($102.25 in chips) 
Seat 5: Rysiff ($100 in chips) 
Rysiff: posts small blind $0.50
Unipoker11: posts big blind $1
*** HOLE CARDS ***
LuckyShikari: raises $1.50 to $2.50
mironchikvld: folds 
steelNike: folds 
Rysiff: raises $8.50 to $11
Unipoker11: folds 
LuckyShikari: folds 
Uncalled bet ($8.50) returned to Rysiff
Rysiff collected $6 from pot
Rysiff: doesn't show hand 
*** SUMMARY ***
Total pot $6 | Rake $0 
Seat 6: wuzzza1744
Seat 1: Unipoker11 (big blind) folded before Flop
Seat 2: LuckyShikari folded before Flop
Seat 3: mironchikvld folded before Flop (didn't bet)
Seat 4: steelNike (button) folded before Flop (didn't bet)
Seat 5: Rysiff (small blind) collected ($6)



PokerStars Hand #254425670660:  Hold'em No Limit ($0.50/$1.00 USD) - 2025/01/17 2:43:54 WET [2025/01/17 21:43:54 ET]
Table 'Achernar III' 6-max Seat #5 is the button
Seat 6: wuzzza1744 ($117.88 in chips) is sitting out
Seat 1: Unipoker11 ($101 in chips) 
Seat 2: LuckyShikari ($100 in chips) 
Seat 3: mironchikvld ($101 in chips) 
Seat 4: steelNike ($102.25 in chips) 
Seat 5: Rysiff ($103.50 in chips) 
Unipoker11: posts small blind $0.50
LuckyShikari: posts big blind $1
*** HOLE CARDS ***
mironchikvld: folds 
steelNike: folds 
Rysiff: folds 
Unipoker11: raises $2 to $3
LuckyShikari: folds 
Uncalled bet ($2) returned to Unipoker11
Unipoker11 collected $2 from pot
Unipoker11: doesn't show hand 
*** SUMMARY ***
Total pot $2 | Rake $0 
Seat 6: wuzzza1744
Seat 1: Unipoker11 (small blind) collected ($2)
Seat 2: LuckyShikari (big blind) folded before Flop
Seat 3: mironchikvld folded before Flop (didn't bet)
Seat 4: steelNike folded before Flop (didn't bet)
Seat 5: Rysiff (button) folded before Flop (didn't bet)



PokerStars Hand #254425673190:  Hold'em No Limit ($0.50/$1.00 USD) - 2025/01/17 2:44:10 WET [2025/01/17 21:44:10 ET]
Table 'Achernar III' 6-max Seat #1 is the button
Seat 1: Unipoker11 ($102 in chips) 
Seat 2: LuckyShikari ($100 in chips) 
Seat 3: mironchikvld ($101 in chips) 
Seat 4: steelNike ($102.25 in chips) 
Seat 5: Rysiff ($103.50 in chips) 
Seat 6: wuzzza1744 ($117.88 in chips) 
LuckyShikari: posts small blind $0.50
mironchikvld: posts big blind $1
wuzzza1744: posts small & big blinds $1.50
*** HOLE CARDS ***
steelNike: folds 
Rysiff: folds 
wuzzza1744: checks 
Unipoker11: folds 
LuckyShikari: calls $0.50
mironchikvld: checks 
*** FLOP *** [8c Ad Ah]
LuckyShikari: checks 
mironchikvld: checks 
wuzzza1744: checks 
*** TURN *** [8c Ad Ah] [4s]
LuckyShikari: checks 
mironchikvld: checks 
wuzzza1744: checks 
*** RIVER *** [8c Ad Ah 4s] [As]
LuckyShikari: bets $1.50
mironchikvld: folds 
wuzzza1744: calls $1.50
*** SHOW DOWN ***
LuckyShikari: shows [Jd 3d] (three of a kind, Aces)
wuzzza1744: shows [4d 6s] (a full house, Aces full of Fours)
wuzzza1744 collected $6.18 from pot
*** SUMMARY ***
Total pot $6.50 | Rake $0.32 
Board [8c Ad Ah 4s As]
Seat 1: Unipoker11 (button) folded before Flop (didn't bet)
Seat 2: LuckyShikari (small blind) showed [Jd 3d] and lost with three of a kind, Aces
Seat 3: mironchikvld (big blind) folded on the River
Seat 4: steelNike folded before Flop (didn't bet)
Seat 5: Rysiff folded before Flop (didn't bet)
Seat 6: wuzzza1744 showed [4d 6s] and won ($6.18) with a full house, Aces full of Fours



PokerStars Hand #254425685240:  Hold'em No Limit ($0.50/$1.00 USD) - 2025/01/17 2:45:25 WET [2025/01/17 21:45:25 ET]
Table 'Achernar III' 6-max Seat #2 is the button
Seat 1: Unipoker11 ($102 in chips) 
Seat 2: LuckyShikari ($100 in chips) 
Seat 3: mironchikvld ($100 in chips) 
Seat 4: steelNike ($102.25 in chips) 
Seat 5: Rysiff ($103.50 in chips) 
Seat 6: wuzzza1744 ($121.06 in chips) 
mironchikvld: posts small blind $0.50
steelNike: posts big blind $1
*** HOLE CARDS ***
Rysiff: folds 
wuzzza1744: calls $1
Unipoker11: raises $1.30 to $2.30
LuckyShikari: calls $2.30
mironchikvld: folds 
steelNike: folds 
wuzzza1744: calls $1.30
*** FLOP *** [Td 2c 9c]
wuzzza1744: checks 
Unipoker11: checks 
LuckyShikari: bets $3.50
wuzzza1744: calls $3.50
Unipoker11: folds 
*** TURN *** [Td 2c 9c] [5s]
wuzzza1744: checks 
LuckyShikari: bets $9.80
wuzzza1744: folds 
Uncalled bet ($9.80) returned to LuckyShikari
LuckyShikari collected $14.63 from pot
LuckyShikari: doesn't show hand 
*** SUMMARY ***
Total pot $15.40 | Rake $0.77 
Board [Td 2c 9c 5s]
Seat 1: Unipoker11 folded on the Flop
Seat 2: LuckyShikari (button) collected ($14.63)
Seat 3: mironchikvld (small blind) folded before Flop
Seat 4: steelNike (big blind) folded before Flop
Seat 5: Rysiff folded before Flop (didn't bet)
Seat 6: wuzzza1744 folded on the Turn



PokerStars Hand #254425700223:  Hold'em No Limit ($0.50/$1.00 USD) - 2025/01/17 2:46:59 WET [2025/01/17 21:46:59 ET]
Table 'Achernar III' 6-max Seat #3 is the button
Seat 1: Unipoker11 ($100 in chips) 
Seat 2: LuckyShikari ($108.83 in chips) 
Seat 3: mironchikvld ($100 in chips) 
Seat 4: steelNike ($101.25 in chips) 
Seat 5: Rysiff ($103.50 in chips) 
Seat 6: wuzzza1744 ($115.26 in chips) 
steelNike: posts small blind $0.50
Rysiff: posts big blind $1
*** HOLE CARDS ***
wuzzza1744: calls $1
Unipoker11: folds 
LuckyShikari: folds 
mironchikvld: raises $3 to $4
steelNike: folds 
Rysiff: folds 
wuzzza1744: folds 
Uncalled bet ($3) returned to mironchikvld
mironchikvld collected $3.50 from pot
mironchikvld: doesn't show hand 
*** SUMMARY ***
Total pot $3.50 | Rake $0 
Seat 1: Unipoker11 folded before Flop (didn't bet)
Seat 2: LuckyShikari folded before Flop (didn't bet)
Seat 3: mironchikvld (button) collected ($3.50)
Seat 4: steelNike (small blind) folded before Flop
Seat 5: Rysiff (big blind) folded before Flop
Seat 6: wuzzza1744 folded before Flop



PokerStars Hand #254425705365:  Hold'em No Limit ($0.50/$1.00 USD) - 2025/01/17 2:47:31 WET [2025/01/17 21:47:31 ET]
Table 'Achernar III' 6-max Seat #4 is the button
Seat 1: Unipoker11 ($100 in chips) 
Seat 2: LuckyShikari ($108.83 in chips) 
Seat 3: mironchikvld ($102.50 in chips) 
Seat 4: steelNike ($100.75 in chips) 
Seat 5: Rysiff ($102.50 in chips) 
Seat 6: wuzzza1744 ($114.26 in chips) 
Rysiff: posts small blind $0.50
wuzzza1744: posts big blind $1
*** HOLE CARDS ***
Unipoker11: folds 
LuckyShikari: folds 
mironchikvld: raises $2 to $3
steelNike: folds 
Rysiff: folds 
wuzzza1744: calls $2
*** FLOP *** [Td Jd Ts]
wuzzza1744: checks 
mironchikvld: checks 
*** TURN *** [Td Jd Ts] [Kc]
wuzzza1744: checks 
mironchikvld: checks 
*** RIVER *** [Td Jd Ts Kc] [7c]
wuzzza1744: checks 
mironchikvld: checks 
*** SHOW DOWN ***
wuzzza1744: shows [Ac 6c] (a pair of Tens)
mironchikvld: shows [As 5s] (a pair of Tens)
wuzzza1744 collected $3.09 from pot
mironchikvld collected $3.09 from pot
*** SUMMARY ***
Total pot $6.50 | Rake $0.32 
Board [Td Jd Ts Kc 7c]
Seat 1: Unipoker11 folded before Flop (didn't bet)
Seat 2: LuckyShikari folded before Flop (didn't bet)
Seat 3: mironchikvld showed [As 5s] and won ($3.09) with a pair of Tens
Seat 4: steelNike (button) folded before Flop (didn't bet)
Seat 5: Rysiff (small blind) folded before Flop
Seat 6: wuzzza1744 (big blind) showed [Ac 6c] and won ($3.09) with a pair of Tens



PokerStars Hand #254425718280:  Hold'em No Limit ($0.50/$1.00 USD) - 2025/01/17 2:48:52 WET [2025/01/17 21:48:52 ET]
Table 'Achernar III' 6-max Seat #5 is the button
Seat 1: Unipoker11 ($100 in chips) 
Seat 2: LuckyShikari ($108.83 in chips) 
Seat 3: mironchikvld ($102.59 in chips) 
Seat 4: steelNike ($100.75 in chips) 
Seat 5: Rysiff ($102 in chips) 
Seat 6: wuzzza1744 ($114.35 in chips) 
wuzzza1744: posts small blind $0.50
Unipoker11: posts big blind $1
*** HOLE CARDS ***
LuckyShikari: folds 
mironchikvld: folds 
steelNike: raises $1.30 to $2.30
Rysiff: calls $2.30
wuzzza1744: calls $1.80
Unipoker11: calls $1.30
*** FLOP *** [As 7d Ks]
wuzzza1744: checks 
Unipoker11: checks 
steelNike: checks 
Rysiff: checks 
*** TURN *** [As 7d Ks] [Ah]
wuzzza1744: checks 
Unipoker11: checks 
steelNike: checks 
Rysiff: checks 
*** RIVER *** [As 7d Ks Ah] [Kc]
wuzzza1744: checks 
Unipoker11: checks 
steelNike: checks 
Rysiff: checks 
*** SHOW DOWN ***
wuzzza1744: shows [5h 5s] (two pair, Aces and Kings)
Unipoker11: shows [Jc 7c] (two pair, Aces and Kings - Jack kicker)
steelNike: shows [Jd Th] (two pair, Aces and Kings)
Rysiff: mucks hand 
Unipoker11 collected $4.37 from pot
steelNike collected $4.37 from pot
*** SUMMARY ***
Total pot $9.20 | Rake $0.46 
Board [As 7d Ks Ah Kc]
Seat 1: Unipoker11 (big blind) showed [Jc 7c] and won ($4.37) with two pair, Aces and Kings
Seat 2: LuckyShikari folded before Flop (didn't bet)
Seat 3: mironchikvld folded before Flop (didn't bet)
Seat 4: steelNike showed [Jd Th] and won ($4.37) with two pair, Aces and Kings
Seat 5: Rysiff (button) mucked
Seat 6: wuzzza1744 (small blind) showed [5h 5s] and lost with two pair, Aces and Kings



PokerStars Hand #254425736610:  Hold'em No Limit ($0.50/$1.00 USD) - 2025/01/17 2:50:47 WET [2025/01/17 21:50:47 ET]
Table 'Achernar III' 6-max Seat #6 is the button
Seat 1: Unipoker11 ($102.07 in chips) 
Seat 2: LuckyShikari ($108.83 in chips) 
Seat 3: mironchikvld ($102.59 in chips) 
Seat 4: steelNike ($102.82 in chips) 
Seat 5: Rysiff ($100 in chips) 
Seat 6: wuzzza1744 ($112.05 in chips) 
Unipoker11: posts small blind $0.50
LuckyShikari: posts big blind $1
*** HOLE CARDS ***
mironchikvld: folds 
steelNike: raises $1 to $2
Rysiff: folds 
wuzzza1744: calls $2
Unipoker11: folds 
LuckyShikari: folds 
*** FLOP *** [9c 2h Td]
steelNike: bets $3.92
wuzzza1744: calls $3.92
*** TURN *** [9c 2h Td] [6s]
steelNike: bets $9.50
wuzzza1744: folds 
Uncalled bet ($9.50) returned to steelNike
steelNike collected $12.67 from pot
*** SUMMARY ***
Total pot $13.34 | Rake $0.67 
Board [9c 2h Td 6s]
Seat 1: Unipoker11 (small blind) folded before Flop
Seat 2: LuckyShikari (big blind) folded before Flop
Seat 3: mironchikvld folded before Flop (didn't bet)
Seat 4: steelNike collected ($12.67)
Seat 5: Rysiff folded before Flop (didn't bet)
Seat 6: wuzzza1744 (button) folded on the Turn



PokerStars Hand #254425743782:  Hold'em No Limit ($0.50/$1.00 USD) - 2025/01/17 2:51:32 WET [2025/01/17 21:51:32 ET]
Table 'Achernar III' 6-max Seat #1 is the button
Seat 1: Unipoker11 ($101.57 in chips) 
Seat 2: LuckyShikari ($107.83 in chips) 
Seat 3: mironchikvld ($102.59 in chips) 
Seat 4: steelNike ($109.57 in chips) 
Seat 5: Rysiff ($100 in chips) 
Seat 6: wuzzza1744 ($106.13 in chips) 
LuckyShikari: posts small blind $0.50
mironchikvld: posts big blind $1
*** HOLE CARDS ***
steelNike: folds 
Rysiff: folds 
wuzzza1744: calls $1
Unipoker11: raises $3 to $4
LuckyShikari: calls $3.50
mironchikvld: calls $3
wuzzza1744: folds 
*** FLOP *** [Td 5h 6c]
LuckyShikari: checks 
mironchikvld: checks 
Unipoker11: checks 
*** TURN *** [Td 5h 6c] [Kd]
LuckyShikari: checks 
mironchikvld: checks 
Unipoker11: checks 
*** RIVER *** [Td 5h 6c Kd] [2c]
LuckyShikari: checks 
mironchikvld: checks 
Unipoker11: checks 
*** SHOW DOWN ***
LuckyShikari: shows [Ah Qh] (high card Ace)
mironchikvld: shows [8h 8d] (a pair of Eights)
Unipoker11: shows [9d 9h] (a pair of Nines)
Unipoker11 collected $12.35 from pot
*** SUMMARY ***
Total pot $13 | Rake $0.65 
Board [Td 5h 6c Kd 2c]
Seat 1: Unipoker11 (button) showed [9d 9h] and won ($12.35) with a pair of Nines
Seat 2: LuckyShikari (small blind) showed [Ah Qh] and lost with high card Ace
Seat 3: mironchikvld (big blind) showed [8h 8d] and lost with a pair of Eights
Seat 4: steelNike folded before Flop (didn't bet)
Seat 5: Rysiff folded before Flop (didn't bet)
Seat 6: wuzzza1744 folded before Flop



PokerStars Hand #254425755778:  Hold'em No Limit ($0.50/$1.00 USD) - 2025/01/17 2:52:48 WET [2025/01/17 21:52:48 ET]
Table 'Achernar III' 6-max Seat #2 is the button
Seat 6: wuzzza1744 ($105.13 in chips) is sitting out
Seat 1: Unipoker11 ($109.92 in chips) 
Seat 2: LuckyShikari ($103.83 in chips) 
Seat 3: mironchikvld ($100 in chips) 
Seat 4: steelNike ($109.57 in chips) 
Seat 5: Rysiff ($100 in chips) 
mironchikvld: posts small blind $0.50
steelNike: posts big blind $1
*** HOLE CARDS ***
Rysiff: folds 
Unipoker11: folds 
LuckyShikari: raises $2 to $3
mironchikvld: raises $9 to $12
steelNike: folds 
LuckyShikari: folds 
Uncalled bet ($9) returned to mironchikvld
mironchikvld collected $7 from pot
mironchikvld: doesn't show hand 
*** SUMMARY ***
Total pot $7 | Rake $0 
Seat 6: wuzzza1744
Seat 1: Unipoker11 folded before Flop (didn't bet)
Seat 2: LuckyShikari (button) folded before Flop
Seat 3: mironchikvld (small blind) collected ($7)
Seat 4: steelNike (big blind) folded before Flop
Seat 5: Rysiff folded before Flop (didn't bet)



PokerStars Hand #254425761389:  Hold'em No Limit ($0.50/$1.00 USD) - 2025/01/17 2:53:24 WET [2025/01/17 21:53:24 ET]
Table 'Achernar III' 6-max Seat #3 is the button
Seat 1: Unipoker11 ($109.92 in chips) 
Seat 2: LuckyShikari ($100.83 in chips) 
Seat 3: mironchikvld ($104 in chips) 
Seat 4: steelNike ($108.57 in chips) 
Seat 5: Rysiff ($100 in chips) 
Seat 6: wuzzza1744 ($105.13 in chips) 
steelNike: posts small blind $0.50
Rysiff: posts big blind $1
*** HOLE CARDS ***
wuzzza1744: calls $1
Unipoker11: folds 
LuckyShikari: folds 
mironchikvld: folds 
steelNike: folds 
Rysiff: checks 
*** FLOP *** [4s 2h 5s]
Rysiff: checks 
wuzzza1744: checks 
*** TURN *** [4s 2h 5s] [8s]
Rysiff: checks 
wuzzza1744: bets $1
Rysiff: calls $1
*** RIVER *** [4s 2h 5s 8s] [Ah]
Rysiff: checks 
wuzzza1744: bets $2.14
Rysiff: folds 
Uncalled bet ($2.14) returned to wuzzza1744
wuzzza1744 collected $4.28 from pot
*** SUMMARY ***
Total pot $4.50 | Rake $0.22 
Board [4s 2h 5s 8s Ah]
Seat 1: Unipoker11 folded before Flop (didn't bet)
Seat 2: LuckyShikari folded before Flop (didn't bet)
Seat 3: mironchikvld (button) folded before Flop (didn't bet)
Seat 4: steelNike (small blind) folded before Flop
Seat 5: Rysiff (big blind) folded on the River
Seat 6: wuzzza1744 collected ($4.28)



PokerStars Hand #254425768234:  Hold'em No Limit ($0.50/$1.00 USD) - 2025/01/17 2:54:09 WET [2025/01/17 21:54:09 ET]
Table 'Achernar III' 6-max Seat #4 is the button
Seat 1: Unipoker11 ($109.92 in chips) 
Seat 2: LuckyShikari ($100.83 in chips) 
Seat 3: mironchikvld ($104 in chips) 
Seat 4: steelNike ($108.07 in chips) 
Seat 5: Rysiff ($100 in chips) 
Seat 6: wuzzza1744 ($107.41 in chips) 
Rysiff: posts small blind $0.50
wuzzza1744: posts big blind $1
*** HOLE CARDS ***
Unipoker11: folds 
LuckyShikari: folds 
mironchikvld: folds 
steelNike: raises $1.50 to $2.50
Rysiff: folds 
wuzzza1744: folds 
Uncalled bet ($1.50) returned to steelNike
steelNike collected $2.50 from pot
*** SUMMARY ***
Total pot $2.50 | Rake $0 
Seat 1: Unipoker11 folded before Flop (didn't bet)
Seat 2: LuckyShikari folded before Flop (didn't bet)
Seat 3: mironchikvld folded before Flop (didn't bet)
Seat 4: steelNike (button) collected ($2.50)
Seat 5: Rysiff (small blind) folded before Flop
Seat 6: wuzzza1744 (big blind) folded before Flop



PokerStars Hand #254425771723:  Hold'em No Limit ($0.50/$1.00 USD) - 2025/01/17 2:54:31 WET [2025/01/17 21:54:31 ET]
Table 'Achernar III' 6-max Seat #5 is the button
Seat 1: Unipoker11 ($109.92 in chips) 
Seat 2: LuckyShikari ($100.83 in chips) 
Seat 3: mironchikvld ($104 in chips) 
Seat 4: steelNike ($109.57 in chips) 
Seat 5: Rysiff ($100 in chips) 
Seat 6: wuzzza1744 ($106.41 in chips) 
wuzzza1744: posts small blind $0.50
Unipoker11: posts big blind $1
*** HOLE CARDS ***
LuckyShikari: folds 
mironchikvld: folds 
steelNike: folds 
Rysiff: folds 
wuzzza1744: folds 
Uncalled bet ($0.50) returned to Unipoker11
Unipoker11 collected $1 from pot
Unipoker11: doesn't show hand 
*** SUMMARY ***
Total pot $1 | Rake $0 
Seat 1: Unipoker11 (big blind) collected ($1)
Seat 2: LuckyShikari folded before Flop (didn't bet)
Seat 3: mironchikvld folded before Flop (didn't bet)
Seat 4: steelNike folded before Flop (didn't bet)
Seat 5: Rysiff (button) folded before Flop (didn't bet)
Seat 6: wuzzza1744 (small blind) folded before Flop



PokerStars Hand #254425774946:  Hold'em No Limit ($0.50/$1.00 USD) - 2025/01/17 2:54:52 WET [2025/01/17 21:54:52 ET]
Table 'Achernar III' 6-max Seat #6 is the button
Seat 1: Unipoker11 ($110.42 in chips) 
Seat 2: LuckyShikari ($100.83 in chips) 
Seat 3: mironchikvld ($104 in chips) 
Seat 4: steelNike ($109.57 in chips) 
Seat 5: Rysiff ($100 in chips) 
Seat 6: wuzzza1744 ($105.91 in chips) 
Unipoker11: posts small blind $0.50
LuckyShikari: posts big blind $1
*** HOLE CARDS ***
mironchikvld: folds 
steelNike: raises $1 to $2
Rysiff: folds 
wuzzza1744: folds 
Unipoker11: folds 
LuckyShikari: folds 
Uncalled bet ($1) returned to steelNike
steelNike collected $2.50 from pot
*** SUMMARY ***
Total pot $2.50 | Rake $0 
Seat 1: Unipoker11 (small blind) folded before Flop
Seat 2: LuckyShikari (big blind) folded before Flop
Seat 3: mironchikvld folded before Flop (didn't bet)
Seat 4: steelNike collected ($2.50)
Seat 5: Rysiff folded before Flop (didn't bet)
Seat 6: wuzzza1744 (button) folded before Flop (didn't bet)



PokerStars Hand #254425778708:  Hold'em No Limit ($0.50/$1.00 USD) - 2025/01/17 2:55:19 WET [2025/01/17 21:55:19 ET]
Table 'Achernar III' 6-max Seat #1 is the button
Seat 1: Unipoker11 ($109.92 in chips) 
Seat 2: LuckyShikari ($100 in chips) 
Seat 3: mironchikvld ($104 in chips) 
Seat 4: steelNike ($111.07 in chips) 
Seat 5: Rysiff ($100 in chips) 
Seat 6: wuzzza1744 ($105.91 in chips) 
LuckyShikari: posts small blind $0.50
mironchikvld: posts big blind $1
*** HOLE CARDS ***
steelNike: folds 
Rysiff: raises $1.50 to $2.50
wuzzza1744: folds 
Unipoker11: folds 
LuckyShikari: folds 
mironchikvld: folds 
Uncalled bet ($1.50) returned to Rysiff
Rysiff collected $2.50 from pot
Rysiff: doesn't show hand 
*** SUMMARY ***
Total pot $2.50 | Rake $0 
Seat 1: Unipoker11 (button) folded before Flop (didn't bet)
Seat 2: LuckyShikari (small blind) folded before Flop
Seat 3: mironchikvld (big blind) folded before Flop
Seat 4: steelNike folded before Flop (didn't bet)
Seat 5: Rysiff collected ($2.50)
Seat 6: wuzzza1744 folded before Flop (didn't bet)



PokerStars Hand #254425781390:  Hold'em No Limit ($0.50/$1.00 USD) - 2025/01/17 2:55:41 WET [2025/01/17 21:55:41 ET]
Table 'Achernar III' 6-max Seat #2 is the button
Seat 1: Unipoker11 ($109.92 in chips) 
Seat 2: LuckyShikari ($100 in chips) 
Seat 3: mironchikvld ($103 in chips) 
Seat 4: steelNike ($111.07 in chips) 
Seat 5: Rysiff ($101.50 in chips) 
Seat 6: wuzzza1744 ($105.91 in chips) 
mironchikvld: posts small blind $0.50
steelNike: posts big blind $1
*** HOLE CARDS ***
Rysiff: folds 
wuzzza1744: calls $1
Unipoker11: folds 
LuckyShikari: raises $3 to $4
mironchikvld: folds 
steelNike: calls $3
wuzzza1744: calls $3
*** FLOP *** [8h 6h 5s]
steelNike: checks 
wuzzza1744: bets $5.94
LuckyShikari: folds 
steelNike: folds 
Uncalled bet ($5.94) returned to wuzzza1744
wuzzza1744 collected $11.88 from pot
*** SUMMARY ***
Total pot $12.50 | Rake $0.62 
Board [8h 6h 5s]
Seat 1: Unipoker11 folded before Flop (didn't bet)
Seat 2: LuckyShikari (button) folded on the Flop
Seat 3: mironchikvld (small blind) folded before Flop
Seat 4: steelNike (big blind) folded on the Flop
Seat 5: Rysiff folded before Flop (didn't bet)
Seat 6: wuzzza1744 collected ($11.88)



PokerStars Hand #254425787863:  Hold'em No Limit ($0.50/$1.00 USD) - 2025/01/17 2:56:35 WET [2025/01/17 21:56:35 ET]
Table 'Achernar III' 6-max Seat #3 is the button
Seat 1: Unipoker11 ($109.92 in chips) 
Seat 2: LuckyShikari ($100 in chips) 
Seat 3: mironchikvld ($102.50 in chips) 
Seat 4: steelNike ($107.07 in chips) 
Seat 5: Rysiff ($101.50 in chips) 
Seat 6: wuzzza1744 ($113.79 in chips) 
steelNike: posts small blind $0.50
Rysiff: posts big blind $1
*** HOLE CARDS ***
wuzzza1744: folds 
Unipoker11: folds 
LuckyShikari: raises $1.50 to $2.50
mironchikvld: raises $6.50 to $9
steelNike: folds 
Rysiff: folds 
LuckyShikari: folds 
Uncalled bet ($6.50) returned to mironchikvld
mironchikvld collected $6.50 from pot
mironchikvld: doesn't show hand 
*** SUMMARY ***
Total pot $6.50 | Rake $0 
Seat 1: Unipoker11 folded before Flop (didn't bet)
Seat 2: LuckyShikari folded before Flop
Seat 3: mironchikvld (button) collected ($6.50)
Seat 4: steelNike (small blind) folded before Flop
Seat 5: Rysiff (big blind) folded before Flop
Seat 6: wuzzza1744 folded before Flop (didn't bet)



PokerStars Hand #254425790644:  Hold'em No Limit ($0.50/$1.00 USD) - 2025/01/17 2:56:58 WET [2025/01/17 21:56:58 ET]
Table 'Achernar III' 6-max Seat #4 is the button
Seat 1: Unipoker11 ($109.92 in chips) 
Seat 2: LuckyShikari ($100 in chips) 
Seat 3: mironchikvld ($106.50 in chips) 
Seat 4: steelNike ($106.57 in chips) 
Seat 5: Rysiff ($100.50 in chips) 
Seat 6: wuzzza1744 ($113.79 in chips) 
Rysiff: posts small blind $0.50
wuzzza1744: posts big blind $1
*** HOLE CARDS ***
Unipoker11: folds 
LuckyShikari: folds 
mironchikvld: folds 
steelNike: raises $1.50 to $2.50
Rysiff: folds 
wuzzza1744: calls $1.50
*** FLOP *** [8d 4d Jc]
wuzzza1744: checks 
steelNike: checks 
*** TURN *** [8d 4d Jc] [Ah]
wuzzza1744: checks 
steelNike: bets $3.92
wuzzza1744: folds 
Uncalled bet ($3.92) returned to steelNike
steelNike collected $5.22 from pot
*** SUMMARY ***
Total pot $5.50 | Rake $0.28 
Board [8d 4d Jc Ah]
Seat 1: Unipoker11 folded before Flop (didn't bet)
Seat 2: LuckyShikari folded before Flop (didn't bet)
Seat 3: mironchikvld folded before Flop (didn't bet)
Seat 4: steelNike (button) collected ($5.22)
Seat 5: Rysiff (small blind) folded before Flop
Seat 6: wuzzza1744 (big blind) folded on the Turn



PokerStars Hand #254425795320:  Hold'em No Limit ($0.50/$1.00 USD) - 2025/01/17 2:57:36 WET [2025/01/17 21:57:36 ET]
Table 'Achernar III' 6-max Seat #5 is the button
Seat 1: Unipoker11 ($109.92 in chips) is sitting out
Seat 2: LuckyShikari ($100 in chips) 
Seat 3: mironchikvld ($106.50 in chips) 
Seat 4: steelNike ($109.29 in chips) 
Seat 5: Rysiff ($100 in chips) 
Seat 6: wuzzza1744 ($111.29 in chips) 
wuzzza1744: posts small blind $0.50
Unipoker11: is sitting out 
LuckyShikari: posts big blind $1
*** HOLE CARDS ***
Unipoker11 leaves the table
Seavus10 joins the table at seat #1 
mironchikvld: folds 
steelNike: folds 
Rysiff: raises $1 to $2
wuzzza1744: folds 
LuckyShikari: calls $1
*** FLOP *** [3d 9s 9h]
LuckyShikari: checks 
Rysiff: bets $1.41
LuckyShikari: calls $1.41
*** TURN *** [3d 9s 9h] [Jd]
LuckyShikari: checks 
Rysiff: bets $5.56
LuckyShikari: raises $12.11 to $17.67
Rysiff: calls $12.11
*** RIVER *** [3d 9s 9h Jd] [9d]
LuckyShikari: bets $33.40
Rysiff: folds 
Uncalled bet ($33.40) returned to LuckyShikari
LuckyShikari collected $40.53 from pot
LuckyShikari: doesn't show hand 
*** SUMMARY ***
Total pot $42.66 | Rake $2.13 
Board [3d 9s 9h Jd 9d]
Seat 1: Unipoker11
Seat 2: LuckyShikari (big blind) collected ($40.53)
Seat 3: mironchikvld folded before Flop (didn't bet)
Seat 4: steelNike folded before Flop (didn't bet)
Seat 5: Rysiff (button) folded on the River
Seat 6: wuzzza1744 (small blind) folded before Flop



PokerStars Hand #254425804372:  Hold'em No Limit ($0.50/$1.00 USD) - 2025/01/17 2:58:50 WET [2025/01/17 21:58:50 ET]
Table 'Achernar III' 6-max Seat #6 is the button
Seat 1: Seavus10 ($100 in chips) is sitting out
Seat 2: LuckyShikari ($119.45 in chips) 
Seat 3: mironchikvld ($106.50 in chips) 
Seat 4: steelNike ($109.29 in chips) 
Seat 5: Rysiff ($100 in chips) 
Seat 6: wuzzza1744 ($110.79 in chips) 
LuckyShikari: posts small blind $0.50
mironchikvld: posts big blind $1
*** HOLE CARDS ***
steelNike: folds 
Rysiff: folds 
wuzzza1744: raises $2 to $3
LuckyShikari: raises $7 to $10
mironchikvld: folds 
wuzzza1744: calls $7
*** FLOP *** [3s 4s Jc]
LuckyShikari: bets $7
wuzzza1744: calls $7
*** TURN *** [3s 4s Jc] [8d]
LuckyShikari: checks 
wuzzza1744: checks 
*** RIVER *** [3s 4s Jc 8d] [3h]
LuckyShikari: checks 
wuzzza1744: bets $18.63
LuckyShikari: calls $18.63
*** SHOW DOWN ***
wuzzza1744: shows [2c 4c] (two pair, Fours and Threes)
LuckyShikari: mucks hand 
wuzzza1744 collected $69.76 from pot
*** SUMMARY ***
Total pot $72.26 | Rake $2.50 
Board [3s 4s Jc 8d 3h]
Seat 1: Seavus10
Seat 2: LuckyShikari (small blind) mucked
Seat 3: mironchikvld (big blind) folded before Flop
Seat 4: steelNike folded before Flop (didn't bet)
Seat 5: Rysiff folded before Flop (didn't bet)
Seat 6: wuzzza1744 (button) showed [2c 4c] and won ($69.76) with two pair, Fours and Threes



PokerStars Hand #254425811001:  Hold'em No Limit ($0.50/$1.00 USD) - 2025/01/17 2:59:45 WET [2025/01/17 21:59:45 ET]
Table 'Achernar III' 6-max Seat #2 is the button
Seat 1: Seavus10 ($100 in chips) is sitting out
Seat 2: LuckyShikari ($100 in chips) 
Seat 3: mironchikvld ($105.50 in chips) 
Seat 4: steelNike ($109.29 in chips) 
Seat 5: Rysiff ($100 in chips) 
Seat 6: wuzzza1744 ($144.92 in chips) 
mironchikvld: posts small blind $0.50
steelNike: posts big blind $1
Seavus10: sits out 
*** HOLE CARDS ***
Rysiff: folds 
wuzzza1744: folds 
LuckyShikari: raises $1.50 to $2.50
mironchikvld: raises $9.50 to $12
steelNike: folds 
LuckyShikari: raises $14 to $26
mironchikvld: folds 
Uncalled bet ($14) returned to LuckyShikari
LuckyShikari collected $25 from pot
LuckyShikari: doesn't show hand 
*** SUMMARY ***
Total pot $25 | Rake $0 
Seat 1: Seavus10
Seat 2: LuckyShikari (button) collected ($25)
Seat 3: mironchikvld (small blind) folded before Flop
Seat 4: steelNike (big blind) folded before Flop
Seat 5: Rysiff folded before Flop (didn't bet)
Seat 6: wuzzza1744 folded before Flop (didn't bet)



PokerStars Hand #254425816745:  Hold'em No Limit ($0.50/$1.00 USD) - 2025/01/17 3:00:30 WET [2025/01/17 22:00:30 ET]
Table 'Achernar III' 6-max Seat #3 is the button
Seat 1: Seavus10 ($100 in chips) is sitting out
Seat 2: LuckyShikari ($113 in chips) 
Seat 3: mironchikvld ($100 in chips) 
Seat 4: steelNike ($108.29 in chips) 
Seat 5: Rysiff ($100 in chips) 
Seat 6: wuzzza1744 ($144.92 in chips) 
steelNike: posts small blind $0.50
Rysiff: posts big blind $1
Seavus10: sits out 
*** HOLE CARDS ***
wuzzza1744: calls $1
LuckyShikari: calls $1
mironchikvld: raises $4 to $5
steelNike: folds 
Rysiff: folds 
wuzzza1744: calls $4
LuckyShikari: calls $4
*** FLOP *** [2d Qs Kc]
wuzzza1744: checks 
LuckyShikari: checks 
mironchikvld: bets $5.17
wuzzza1744: calls $5.17
LuckyShikari: folds 
*** TURN *** [2d Qs Kc] [Qc]
wuzzza1744: checks 
mironchikvld: checks 
*** RIVER *** [2d Qs Kc Qc] [4s]
wuzzza1744: checks 
mironchikvld: checks 
*** SHOW DOWN ***
wuzzza1744: shows [Ks Td] (two pair, Kings and Queens)
mironchikvld: mucks hand 
wuzzza1744 collected $25.50 from pot
*** SUMMARY ***
Total pot $26.84 | Rake $1.34 
Board [2d Qs Kc Qc 4s]
Seat 1: Seavus10
Seat 2: LuckyShikari folded on the Flop
Seat 3: mironchikvld (button) mucked
Seat 4: steelNike (small blind) folded before Flop
Seat 5: Rysiff (big blind) folded before Flop
Seat 6: wuzzza1744 showed [Ks Td] and won ($25.50) with two pair, Kings and Queens



PokerStars Hand #254425827942:  Hold'em No Limit ($0.50/$1.00 USD) - 2025/01/17 3:01:44 WET [2025/01/17 22:01:44 ET]
Table 'Achernar III' 6-max Seat #4 is the button
Seat 1: Seavus10 ($100 in chips) is sitting out
Seat 2: LuckyShikari ($108 in chips) 
Seat 3: mironchikvld ($100 in chips) 
Seat 4: steelNike ($107.79 in chips) 
Seat 5: Rysiff ($100 in chips) 
Seat 6: wuzzza1744 ($160.25 in chips) 
Rysiff: posts small blind $0.50
wuzzza1744: posts big blind $1
Seavus10: sits out 
*** HOLE CARDS ***
LuckyShikari: folds 
mironchikvld: folds 
steelNike: raises $1.50 to $2.50
Rysiff: folds 
wuzzza1744: folds 
Uncalled bet ($1.50) returned to steelNike
steelNike collected $2.50 from pot
*** SUMMARY ***
Total pot $2.50 | Rake $0 
Seat 1: Seavus10
Seat 2: LuckyShikari folded before Flop (didn't bet)
Seat 3: mironchikvld folded before Flop (didn't bet)
Seat 4: steelNike (button) collected ($2.50)
Seat 5: Rysiff (small blind) folded before Flop
Seat 6: wuzzza1744 (big blind) folded before Flop



PokerStars Hand #254425831404:  Hold'em No Limit ($0.50/$1.00 USD) - 2025/01/17 3:02:07 WET [2025/01/17 22:02:07 ET]
Table 'Achernar III' 6-max Seat #5 is the button
Seat 1: Seavus10 ($100 in chips) 
Seat 2: LuckyShikari ($108 in chips) 
Seat 3: mironchikvld ($100 in chips) 
Seat 4: steelNike ($109.29 in chips) 
Seat 5: Rysiff ($100 in chips) 
Seat 6: wuzzza1744 ($159.25 in chips) 
wuzzza1744: posts small blind $0.50
Seavus10: posts big blind $1
*** HOLE CARDS ***
LuckyShikari: folds 
mironchikvld: folds 
steelNike: folds 
Rysiff: folds 
wuzzza1744: calls $0.50
Seavus10: raises $3.50 to $4.50
wuzzza1744: folds 
Uncalled bet ($3.50) returned to Seavus10
Seavus10 collected $2 from pot
Seavus10: doesn't show hand 
*** SUMMARY ***
Total pot $2 | Rake $0 
Seat 1: Seavus10 (big blind) collected ($2)
Seat 2: LuckyShikari folded before Flop (didn't bet)
Seat 3: mironchikvld folded before Flop (didn't bet)
Seat 4: steelNike folded before Flop (didn't bet)
Seat 5: Rysiff (button) folded before Flop (didn't bet)
Seat 6: wuzzza1744 (small blind) folded before Flop



PokerStars Hand #254425834356:  Hold'em No Limit ($0.50/$1.00 USD) - 2025/01/17 3:02:26 WET [2025/01/17 22:02:26 ET]
Table 'Achernar III' 6-max Seat #6 is the button
Seat 1: Seavus10 ($101 in chips) 
Seat 2: LuckyShikari ($108 in chips) 
Seat 3: mironchikvld ($100 in chips) 
Seat 4: steelNike ($109.29 in chips) 
Seat 5: Rysiff ($100 in chips) 
Seat 6: wuzzza1744 ($158.25 in chips) 
Seavus10: posts small blind $0.50
LuckyShikari: posts big blind $1
*** HOLE CARDS ***
mironchikvld: folds 
steelNike: folds 
Rysiff: raises $1.50 to $2.50
wuzzza1744: raises $2.50 to $5
Seavus10: folds 
LuckyShikari: calls $4
Rysiff: calls $2.50
*** FLOP *** [5c 3h 5s]
LuckyShikari: bets $2
Rysiff: calls $2
wuzzza1744: calls $2
*** TURN *** [5c 3h 5s] [2h]
LuckyShikari: bets $3
Rysiff: folds 
wuzzza1744: calls $3
*** RIVER *** [5c 3h 5s 2h] [Qd]
LuckyShikari: bets $4
wuzzza1744: folds 
Uncalled bet ($4) returned to LuckyShikari
LuckyShikari collected $26.12 from pot
LuckyShikari: doesn't show hand 
*** SUMMARY ***
Total pot $27.50 | Rake $1.38 
Board [5c 3h 5s 2h Qd]
Seat 1: Seavus10 (small blind) folded before Flop
Seat 2: LuckyShikari (big blind) collected ($26.12)
Seat 3: mironchikvld folded before Flop (didn't bet)
Seat 4: steelNike folded before Flop (didn't bet)
Seat 5: Rysiff folded on the Turn
Seat 6: wuzzza1744 (button) folded on the River



PokerStars Hand #254425847331:  Hold'em No Limit ($0.50/$1.00 USD) - 2025/01/17 3:03:49 WET [2025/01/17 22:03:49 ET]
Table 'Achernar III' 6-max Seat #1 is the button
Seat 1: Seavus10 ($100.50 in chips) 
Seat 2: LuckyShikari ($124.12 in chips) 
Seat 3: mironchikvld ($100 in chips) 
Seat 4: steelNike ($109.29 in chips) 
Seat 5: Rysiff ($100 in chips) 
Seat 6: wuzzza1744 ($148.25 in chips) 
LuckyShikari: posts small blind $0.50
mironchikvld: posts big blind $1
*** HOLE CARDS ***
steelNike: folds 
Rysiff: folds 
wuzzza1744: calls $1
Seavus10: folds 
LuckyShikari: folds 
mironchikvld: checks 
*** FLOP *** [4h Qc 2h]
mironchikvld: checks 
wuzzza1744: checks 
*** TURN *** [4h Qc 2h] [Qh]
mironchikvld: checks 
wuzzza1744: checks 
*** RIVER *** [4h Qc 2h Qh] [As]
mironchikvld: checks 
wuzzza1744: checks 
*** SHOW DOWN ***
mironchikvld: shows [3s 2d] (two pair, Queens and Deuces)
wuzzza1744: mucks hand 
mironchikvld collected $2.38 from pot
*** SUMMARY ***
Total pot $2.50 | Rake $0.12 
Board [4h Qc 2h Qh As]
Seat 1: Seavus10 (button) folded before Flop (didn't bet)
Seat 2: LuckyShikari (small blind) folded before Flop
Seat 3: mironchikvld (big blind) showed [3s 2d] and won ($2.38) with two pair, Queens and Deuces
Seat 4: steelNike folded before Flop (didn't bet)
Seat 5: Rysiff folded before Flop (didn't bet)
Seat 6: wuzzza1744 mucked



PokerStars Hand #254425857697:  Hold'em No Limit ($0.50/$1.00 USD) - 2025/01/17 3:04:56 WET [2025/01/17 22:04:56 ET]
Table 'Achernar III' 6-max Seat #2 is the button
Seat 1: Seavus10 ($100.50 in chips) 
Seat 2: LuckyShikari ($123.62 in chips) 
Seat 3: mironchikvld ($101.38 in chips) 
Seat 4: steelNike ($109.29 in chips) 
Seat 5: Rysiff ($100 in chips) 
Seat 6: wuzzza1744 ($147.25 in chips) 
mironchikvld: posts small blind $0.50
steelNike: posts big blind $1
*** HOLE CARDS ***
Rysiff: folds 
wuzzza1744: folds 
Seavus10: folds 
LuckyShikari: folds 
mironchikvld: raises $2 to $3
steelNike: raises $7 to $10
mironchikvld: folds 
Uncalled bet ($7) returned to steelNike
steelNike collected $6 from pot
*** SUMMARY ***
Total pot $6 | Rake $0 
Seat 1: Seavus10 folded before Flop (didn't bet)
Seat 2: LuckyShikari (button) folded before Flop (didn't bet)
Seat 3: mironchikvld (small blind) folded before Flop
Seat 4: steelNike (big blind) collected ($6)
Seat 5: Rysiff folded before Flop (didn't bet)
Seat 6: wuzzza1744 folded before Flop (didn't bet)



PokerStars Hand #254425861825:  Hold'em No Limit ($0.50/$1.00 USD) - 2025/01/17 3:05:22 WET [2025/01/17 22:05:22 ET]
Table 'Achernar III' 6-max Seat #3 is the button
Seat 1: Seavus10 ($100.50 in chips) 
Seat 2: LuckyShikari ($123.62 in chips) 
Seat 3: mironchikvld ($100 in chips) 
Seat 4: steelNike ($112.29 in chips) 
Seat 5: Rysiff ($100 in chips) 
Seat 6: wuzzza1744 ($147.25 in chips) 
steelNike: posts small blind $0.50
Rysiff: posts big blind $1
*** HOLE CARDS ***
wuzzza1744: calls $1
Seavus10: folds 
LuckyShikari: folds 
mironchikvld: folds 
steelNike: folds 
Rysiff: raises $4 to $5
wuzzza1744: calls $4
*** FLOP *** [4c Qd Kc]
Rysiff: checks 
wuzzza1744: bets $3.99
Rysiff: calls $3.99
*** TURN *** [4c Qd Kc] [Td]
Rysiff: checks 
wuzzza1744: checks 
*** RIVER *** [4c Qd Kc Td] [4s]
Rysiff: checks 
wuzzza1744: checks 
*** SHOW DOWN ***
Rysiff: shows [Th Qc] (two pair, Queens and Tens)
wuzzza1744: mucks hand 
Rysiff collected $17.56 from pot
*** SUMMARY ***
Total pot $18.48 | Rake $0.92 
Board [4c Qd Kc Td 4s]
Seat 1: Seavus10 folded before Flop (didn't bet)
Seat 2: LuckyShikari folded before Flop (didn't bet)
Seat 3: mironchikvld (button) folded before Flop (didn't bet)
Seat 4: steelNike (small blind) folded before Flop
Seat 5: Rysiff (big blind) showed [Th Qc] and won ($17.56) with two pair, Queens and Tens
Seat 6: wuzzza1744 mucked



PokerStars Hand #254425871275:  Hold'em No Limit ($0.50/$1.00 USD) - 2025/01/17 3:06:23 WET [2025/01/17 22:06:23 ET]
Table 'Achernar III' 6-max Seat #4 is the button
Seat 1: Seavus10 ($100.50 in chips) 
Seat 2: LuckyShikari ($123.62 in chips) 
Seat 3: mironchikvld ($100 in chips) 
Seat 4: steelNike ($111.79 in chips) 
Seat 5: Rysiff ($108.57 in chips) 
Seat 6: wuzzza1744 ($138.26 in chips) 
Rysiff: posts small blind $0.50
wuzzza1744: posts big blind $1
*** HOLE CARDS ***
Seavus10: raises $1.50 to $2.50
LuckyShikari: folds 
mironchikvld: folds 
steelNike: folds 
Rysiff: calls $2
wuzzza1744: folds 
*** FLOP *** [2s Th 5d]
Rysiff: checks 
Seavus10: checks 
*** TURN *** [2s Th 5d] [Ad]
Rysiff: checks 
Seavus10: bets $1.43
Rysiff: raises $6.85 to $8.28
Seavus10: calls $6.85
*** RIVER *** [2s Th 5d Ad] [3d]
Rysiff: bets $17.14
Seavus10: folds 
Uncalled bet ($17.14) returned to Rysiff
Rysiff collected $21.43 from pot
Rysiff: doesn't show hand 
*** SUMMARY ***
Total pot $22.56 | Rake $1.13 
Board [2s Th 5d Ad 3d]
Seat 1: Seavus10 folded on the River
Seat 2: LuckyShikari folded before Flop (didn't bet)
Seat 3: mironchikvld folded before Flop (didn't bet)
Seat 4: steelNike (button) folded before Flop (didn't bet)
Seat 5: Rysiff (small blind) collected ($21.43)
Seat 6: wuzzza1744 (big blind) folded before Flop



PokerStars Hand #254425886107:  Hold'em No Limit ($0.50/$1.00 USD) - 2025/01/17 3:08:01 WET [2025/01/17 22:08:01 ET]
Table 'Achernar III' 6-max Seat #5 is the button
Seat 1: Seavus10 ($100 in chips) 
Seat 2: LuckyShikari ($123.62 in chips) 
Seat 3: mironchikvld ($100 in chips) 
Seat 4: steelNike ($111.79 in chips) 
Seat 5: Rysiff ($119.22 in chips) 
Seat 6: wuzzza1744 ($137.26 in chips) 
wuzzza1744: posts small blind $0.50
Seavus10: posts big blind $1
*** HOLE CARDS ***
LuckyShikari: raises $1 to $2
mironchikvld: folds 
steelNike: folds 
Rysiff: raises $6 to $8
wuzzza1744: folds 
Seavus10: folds 
LuckyShikari: folds 
Uncalled bet ($6) returned to Rysiff
Rysiff collected $5.50 from pot
Rysiff: doesn't show hand 
*** SUMMARY ***
Total pot $5.50 | Rake $0 
Seat 1: Seavus10 (big blind) folded before Flop
Seat 2: LuckyShikari folded before Flop
Seat 3: mironchikvld folded before Flop (didn't bet)
Seat 4: steelNike folded before Flop (didn't bet)
Seat 5: Rysiff (button) collected ($5.50)
Seat 6: wuzzza1744 (small blind) folded before Flop



PokerStars Hand #254425889715:  Hold'em No Limit ($0.50/$1.00 USD) - 2025/01/17 3:08:26 WET [2025/01/17 22:08:26 ET]
Table 'Achernar III' 6-max Seat #6 is the button
Seat 1: Seavus10 ($100 in chips) 
Seat 2: LuckyShikari ($121.62 in chips) 
Seat 3: mironchikvld ($100 in chips) 
Seat 4: steelNike ($111.79 in chips) 
Seat 5: Rysiff ($122.72 in chips) 
Seat 6: wuzzza1744 ($136.76 in chips) 
Seavus10: posts small blind $0.50
LuckyShikari: posts big blind $1
*** HOLE CARDS ***
mironchikvld: folds 
steelNike: folds 
Rysiff: folds 
wuzzza1744: raises $1 to $2
Seavus10: folds 
LuckyShikari: calls $1
*** FLOP *** [As 7d 5h]
LuckyShikari: checks 
wuzzza1744: checks 
*** TURN *** [As 7d 5h] [3c]
LuckyShikari: checks 
wuzzza1744: checks 
*** RIVER *** [As 7d 5h 3c] [Ad]
LuckyShikari: checks 
wuzzza1744: bets $4.28
LuckyShikari: folds 
Uncalled bet ($4.28) returned to wuzzza1744
wuzzza1744 collected $4.28 from pot
*** SUMMARY ***
Total pot $4.50 | Rake $0.22 
Board [As 7d 5h 3c Ad]
Seat 1: Seavus10 (small blind) folded before Flop
Seat 2: LuckyShikari (big blind) folded on the River
Seat 3: mironchikvld folded before Flop (didn't bet)
Seat 4: steelNike folded before Flop (didn't bet)
Seat 5: Rysiff folded before Flop (didn't bet)
Seat 6: wuzzza1744 (button) collected ($4.28)



PokerStars Hand #254425897847:  Hold'em No Limit ($0.50/$1.00 USD) - 2025/01/17 3:09:20 WET [2025/01/17 22:09:20 ET]
Table 'Achernar III' 6-max Seat #1 is the button
Seat 1: Seavus10 ($100 in chips) 
Seat 2: LuckyShikari ($119.62 in chips) 
Seat 3: mironchikvld ($100 in chips) 
Seat 4: steelNike ($111.79 in chips) 
Seat 5: Rysiff ($122.72 in chips) 
Seat 6: wuzzza1744 ($139.04 in chips) 
LuckyShikari: posts small blind $0.50
mironchikvld: posts big blind $1
*** HOLE CARDS ***
steelNike: folds 
Rysiff: raises $1.50 to $2.50
wuzzza1744: folds 
Seavus10: folds 
LuckyShikari: folds 
mironchikvld: folds 
Uncalled bet ($1.50) returned to Rysiff
Rysiff collected $2.50 from pot
Rysiff: doesn't show hand 
*** SUMMARY ***
Total pot $2.50 | Rake $0 
Seat 1: Seavus10 (button) folded before Flop (didn't bet)
Seat 2: LuckyShikari (small blind) folded before Flop
Seat 3: mironchikvld (big blind) folded before Flop
Seat 4: steelNike folded before Flop (didn't bet)
Seat 5: Rysiff collected ($2.50)
Seat 6: wuzzza1744 folded before Flop (didn't bet)



PokerStars Hand #254425901330:  Hold'em No Limit ($0.50/$1.00 USD) - 2025/01/17 3:09:43 WET [2025/01/17 22:09:43 ET]
Table 'Achernar III' 6-max Seat #2 is the button
Seat 1: Seavus10 ($100 in chips) 
Seat 2: LuckyShikari ($119.12 in chips) 
Seat 3: mironchikvld ($100 in chips) 
Seat 4: steelNike ($111.79 in chips) 
Seat 5: Rysiff ($124.22 in chips) 
Seat 6: wuzzza1744 ($139.04 in chips) 
mironchikvld: posts small blind $0.50
steelNike: posts big blind $1
*** HOLE CARDS ***
Rysiff: raises $1.50 to $2.50
wuzzza1744: calls $2.50
Seavus10: folds 
LuckyShikari: raises $7.50 to $10
mironchikvld: folds 
steelNike: folds 
Rysiff: calls $7.50
wuzzza1744: calls $7.50
*** FLOP *** [Th 9c 4d]
Rysiff: checks 
wuzzza1744: checks 
LuckyShikari: checks 
*** TURN *** [Th 9c 4d] [Js]
Rysiff: checks 
wuzzza1744: checks 
LuckyShikari: checks 
*** RIVER *** [Th 9c 4d Js] [3h]
Rysiff: checks 
wuzzza1744: checks 
LuckyShikari: checks 
*** SHOW DOWN ***
Rysiff: shows [Ts As] (a pair of Tens)
wuzzza1744: mucks hand 
LuckyShikari: mucks hand 
Rysiff collected $29.92 from pot
*** SUMMARY ***
Total pot $31.50 | Rake $1.58 
Board [Th 9c 4d Js 3h]
Seat 1: Seavus10 folded before Flop (didn't bet)
Seat 2: LuckyShikari (button) mucked
Seat 3: mironchikvld (small blind) folded before Flop
Seat 4: steelNike (big blind) folded before Flop
Seat 5: Rysiff showed [Ts As] and won ($29.92) with a pair of Tens
Seat 6: wuzzza1744 mucked



PokerStars Hand #254425916790:  Hold'em No Limit ($0.50/$1.00 USD) - 2025/01/17 3:11:28 WET [2025/01/17 22:11:28 ET]
Table 'Achernar III' 6-max Seat #3 is the button
Seat 1: Seavus10 ($100 in chips) 
Seat 2: LuckyShikari ($109.12 in chips) 
Seat 3: mironchikvld ($100 in chips) 
Seat 4: steelNike ($110.79 in chips) 
Seat 5: Rysiff ($144.14 in chips) 
Seat 6: wuzzza1744 ($129.04 in chips) 
steelNike: posts small blind $0.50
Rysiff: posts big blind $1
*** HOLE CARDS ***
wuzzza1744: folds 
Seavus10: folds 
LuckyShikari: folds 
mironchikvld: folds 
steelNike: folds 
Uncalled bet ($0.50) returned to Rysiff
Seavus10 leaves the table
Rysiff collected $1 from pot
Rysiff: doesn't show hand 
*** SUMMARY ***
Total pot $1 | Rake $0 
Seat 1: Seavus10 folded before Flop (didn't bet)
Seat 2: LuckyShikari folded before Flop (didn't bet)
Seat 3: mironchikvld (button) folded before Flop (didn't bet)
Seat 4: steelNike (small blind) folded before Flop
Seat 5: Rysiff (big blind) collected ($1)
Seat 6: wuzzza1744 folded before Flop (didn't bet)



PokerStars Hand #254425919176:  Hold'em No Limit ($0.50/$1.00 USD) - 2025/01/17 3:11:45 WET [2025/01/17 22:11:45 ET]
Table 'Achernar III' 6-max Seat #4 is the button
Seat 2: LuckyShikari ($109.12 in chips) 
Seat 3: mironchikvld ($100 in chips) 
Seat 4: steelNike ($110.29 in chips) 
Seat 5: Rysiff ($144.64 in chips) 
Seat 6: wuzzza1744 ($129.04 in chips) 
Rysiff: posts small blind $0.50
wuzzza1744: posts big blind $1
*** HOLE CARDS ***
LuckyShikari: folds 
mironchikvld: raises $2 to $3
rostickkin joins the table at seat #1 
steelNike: folds 
Rysiff: folds 
wuzzza1744: folds 
Uncalled bet ($2) returned to mironchikvld
mironchikvld collected $2.50 from pot
mironchikvld: doesn't show hand 
*** SUMMARY ***
Total pot $2.50 | Rake $0 
Seat 2: LuckyShikari folded before Flop (didn't bet)
Seat 3: mironchikvld collected ($2.50)
Seat 4: steelNike (button) folded before Flop (didn't bet)
Seat 5: Rysiff (small blind) folded before Flop
Seat 6: wuzzza1744 (big blind) folded before Flop



PokerStars Hand #254425924173:  Hold'em No Limit ($0.50/$1.00 USD) - 2025/01/17 3:12:19 WET [2025/01/17 22:12:19 ET]
Table 'Achernar III' 6-max Seat #5 is the button
Seat 1: rostickkin ($100 in chips) 
Seat 2: LuckyShikari ($109.12 in chips) 
Seat 3: mironchikvld ($101.50 in chips) 
Seat 4: steelNike ($110.29 in chips) 
Seat 5: Rysiff ($144.14 in chips) 
Seat 6: wuzzza1744 ($128.04 in chips) 
wuzzza1744: posts small blind $0.50
rostickkin: posts big blind $1
*** HOLE CARDS ***
LuckyShikari: folds 
mironchikvld: folds 
steelNike: raises $1.30 to $2.30
Rysiff: folds 
wuzzza1744: calls $1.80
rostickkin: folds 
*** FLOP *** [9h 7h 6s]
wuzzza1744: checks 
steelNike: checks 
*** TURN *** [9h 7h 6s] [Js]
wuzzza1744: bets $2.66
steelNike: folds 
Uncalled bet ($2.66) returned to wuzzza1744
wuzzza1744 collected $5.32 from pot
*** SUMMARY ***
Total pot $5.60 | Rake $0.28 
Board [9h 7h 6s Js]
Seat 1: rostickkin (big blind) folded before Flop
Seat 2: LuckyShikari folded before Flop (didn't bet)
Seat 3: mironchikvld folded before Flop (didn't bet)
Seat 4: steelNike folded on the Turn
Seat 5: Rysiff (button) folded before Flop (didn't bet)
Seat 6: wuzzza1744 (small blind) collected ($5.32)



PokerStars Hand #254425933370:  Hold'em No Limit ($0.50/$1.00 USD) - 2025/01/17 3:13:20 WET [2025/01/17 22:13:20 ET]
Table 'Achernar III' 6-max Seat #6 is the button
Seat 1: rostickkin ($100 in chips) 
Seat 2: LuckyShikari ($109.12 in chips) 
Seat 3: mironchikvld ($101.50 in chips) 
Seat 4: steelNike ($107.99 in chips) 
Seat 5: Rysiff ($144.14 in chips) 
Seat 6: wuzzza1744 ($131.06 in chips) 
rostickkin: posts small blind $0.50
LuckyShikari: posts big blind $1
*** HOLE CARDS ***
mironchikvld: folds 
steelNike: folds 
Rysiff: folds 
wuzzza1744: folds 
rostickkin: folds 
Uncalled bet ($0.50) returned to LuckyShikari
LuckyShikari collected $1 from pot
LuckyShikari: doesn't show hand 
*** SUMMARY ***
Total pot $1 | Rake $0 
Seat 1: rostickkin (small blind) folded before Flop
Seat 2: LuckyShikari (big blind) collected ($1)
Seat 3: mironchikvld folded before Flop (didn't bet)
Seat 4: steelNike folded before Flop (didn't bet)
Seat 5: Rysiff folded before Flop (didn't bet)
Seat 6: wuzzza1744 (button) folded before Flop (didn't bet)



PokerStars Hand #254425935616:  Hold'em No Limit ($0.50/$1.00 USD) - 2025/01/17 3:13:36 WET [2025/01/17 22:13:36 ET]
Table 'Achernar III' 6-max Seat #1 is the button
Seat 1: rostickkin ($100 in chips) 
Seat 2: LuckyShikari ($109.62 in chips) 
Seat 3: mironchikvld ($101.50 in chips) 
Seat 4: steelNike ($107.99 in chips) 
Seat 5: Rysiff ($144.14 in chips) 
Seat 6: wuzzza1744 ($131.06 in chips) 
LuckyShikari: posts small blind $0.50
mironchikvld: posts big blind $1
*** HOLE CARDS ***
steelNike: folds 
Rysiff: folds 
wuzzza1744: calls $1
rostickkin: folds 
LuckyShikari: folds 
mironchikvld: checks 
*** FLOP *** [4s 3d 5d]
mironchikvld: checks 
wuzzza1744: checks 
*** TURN *** [4s 3d 5d] [9d]
mironchikvld: bets $1
wuzzza1744: calls $1
*** RIVER *** [4s 3d 5d 9d] [6d]
mironchikvld: bets $1.41
wuzzza1744: folds 
Uncalled bet ($1.41) returned to mironchikvld
mironchikvld collected $4.28 from pot
mironchikvld: doesn't show hand 
*** SUMMARY ***
Total pot $4.50 | Rake $0.22 
Board [4s 3d 5d 9d 6d]
Seat 1: rostickkin (button) folded before Flop (didn't bet)
Seat 2: LuckyShikari (small blind) folded before Flop
Seat 3: mironchikvld (big blind) collected ($4.28)
Seat 4: steelNike folded before Flop (didn't bet)
Seat 5: Rysiff folded before Flop (didn't bet)
Seat 6: wuzzza1744 folded on the River



PokerStars Hand #254425943930:  Hold'em No Limit ($0.50/$1.00 USD) - 2025/01/17 3:14:32 WET [2025/01/17 22:14:32 ET]
Table 'Achernar III' 6-max Seat #2 is the button
Seat 1: rostickkin ($100 in chips) 
Seat 2: LuckyShikari ($109.12 in chips) 
Seat 3: mironchikvld ($103.78 in chips) 
Seat 4: steelNike ($107.99 in chips) 
Seat 5: Rysiff ($144.14 in chips) 
Seat 6: wuzzza1744 ($129.06 in chips) 
mironchikvld: posts small blind $0.50
steelNike: posts big blind $1
*** HOLE CARDS ***
Rysiff: folds 
wuzzza1744: raises $1 to $2
rostickkin: folds 
LuckyShikari: folds 
mironchikvld: folds 
steelNike: calls $1
*** FLOP *** [3c 2h 5d]
steelNike: checks 
wuzzza1744: checks 
*** TURN *** [3c 2h 5d] [9s]
steelNike: checks 
wuzzza1744: checks 
*** RIVER *** [3c 2h 5d 9s] [7d]
steelNike: checks 
wuzzza1744: checks 
*** SHOW DOWN ***
steelNike: shows [Qs Ah] (high card Ace)
wuzzza1744: mucks hand 
steelNike collected $4.28 from pot
*** SUMMARY ***
Total pot $4.50 | Rake $0.22 
Board [3c 2h 5d 9s 7d]
Seat 1: rostickkin folded before Flop (didn't bet)
Seat 2: LuckyShikari (button) folded before Flop (didn't bet)
Seat 3: mironchikvld (small blind) folded before Flop
Seat 4: steelNike (big blind) showed [Qs Ah] and won ($4.28) with high card Ace
Seat 5: Rysiff folded before Flop (didn't bet)
Seat 6: wuzzza1744 mucked



PokerStars Hand #254425950930:  Hold'em No Limit ($0.50/$1.00 USD) - 2025/01/17 3:15:21 WET [2025/01/17 22:15:21 ET]
Table 'Achernar III' 6-max Seat #3 is the button
Seat 1: rostickkin ($100 in chips) 
Seat 2: LuckyShikari ($109.12 in chips) 
Seat 3: mironchikvld ($103.28 in chips) 
Seat 4: steelNike ($110.27 in chips) 
Seat 5: Rysiff ($144.14 in chips) 
Seat 6: wuzzza1744 ($127.06 in chips) 
steelNike: posts small blind $0.50
Rysiff: posts big blind $1
*** HOLE CARDS ***
wuzzza1744: folds 
rostickkin: folds 
LuckyShikari: folds 
mironchikvld: folds 
steelNike: folds 
Uncalled bet ($0.50) returned to Rysiff
Rysiff collected $1 from pot
Rysiff: doesn't show hand 
*** SUMMARY ***
Total pot $1 | Rake $0 
Seat 1: rostickkin folded before Flop (didn't bet)
Seat 2: LuckyShikari folded before Flop (didn't bet)
Seat 3: mironchikvld (button) folded before Flop (didn't bet)
Seat 4: steelNike (small blind) folded before Flop
Seat 5: Rysiff (big blind) collected ($1)
Seat 6: wuzzza1744 folded before Flop (didn't bet)



PokerStars Hand #254425952662:  Hold'em No Limit ($0.50/$1.00 USD) - 2025/01/17 3:15:33 WET [2025/01/17 22:15:33 ET]
Table 'Achernar III' 6-max Seat #4 is the button
Seat 1: rostickkin ($100 in chips) 
Seat 2: LuckyShikari ($109.12 in chips) 
Seat 3: mironchikvld ($103.28 in chips) 
Seat 4: steelNike ($109.77 in chips) 
Seat 5: Rysiff ($144.64 in chips) 
Seat 6: wuzzza1744 ($127.06 in chips) 
Rysiff: posts small blind $0.50
wuzzza1744: posts big blind $1
*** HOLE CARDS ***
rostickkin: folds 
LuckyShikari: folds 
mironchikvld: folds 
steelNike: folds 
Rysiff: folds 
Uncalled bet ($0.50) returned to wuzzza1744
wuzzza1744 collected $1 from pot
*** SUMMARY ***
Total pot $1 | Rake $0 
Seat 1: rostickkin folded before Flop (didn't bet)
Seat 2: LuckyShikari folded before Flop (didn't bet)
Seat 3: mironchikvld folded before Flop (didn't bet)
Seat 4: steelNike (button) folded before Flop (didn't bet)
Seat 5: Rysiff (small blind) folded before Flop
Seat 6: wuzzza1744 (big blind) collected ($1)



PokerStars Hand #254425955830:  Hold'em No Limit ($0.50/$1.00 USD) - 2025/01/17 3:15:54 WET [2025/01/17 22:15:54 ET]
Table 'Achernar III' 6-max Seat #5 is the button
Seat 1: rostickkin ($100 in chips) 
Seat 2: LuckyShikari ($109.12 in chips) 
Seat 3: mironchikvld ($103.28 in chips) 
Seat 4: steelNike ($109.77 in chips) 
Seat 5: Rysiff ($144.14 in chips) 
Seat 6: wuzzza1744 ($127.56 in chips) 
wuzzza1744: posts small blind $0.50
rostickkin: posts big blind $1
*** HOLE CARDS ***
LuckyShikari: folds 
mironchikvld: folds 
steelNike: folds 
Rysiff: raises $1.50 to $2.50
wuzzza1744: calls $2
rostickkin: folds 
*** FLOP *** [Jd 2h 9h]
wuzzza1744: checks 
Rysiff: bets $4.56
wuzzza1744: folds 
Uncalled bet ($4.56) returned to Rysiff
Rysiff collected $5.70 from pot
Rysiff: doesn't show hand 
*** SUMMARY ***
Total pot $6 | Rake $0.30 
Board [Jd 2h 9h]
Seat 1: rostickkin (big blind) folded before Flop
Seat 2: LuckyShikari folded before Flop (didn't bet)
Seat 3: mironchikvld folded before Flop (didn't bet)
Seat 4: steelNike folded before Flop (didn't bet)
Seat 5: Rysiff (button) collected ($5.70)
Seat 6: wuzzza1744 (small blind) folded on the Flop



PokerStars Hand #254425959681:  Hold'em No Limit ($0.50/$1.00 USD) - 2025/01/17 3:16:21 WET [2025/01/17 22:16:21 ET]
Table 'Achernar III' 6-max Seat #6 is the button
Seat 1: rostickkin ($100 in chips) 
Seat 2: LuckyShikari ($109.12 in chips) 
Seat 3: mironchikvld ($103.28 in chips) 
Seat 4: steelNike ($109.77 in chips) 
Seat 5: Rysiff ($147.34 in chips) 
Seat 6: wuzzza1744 ($125.06 in chips) 
rostickkin: posts small blind $0.50
LuckyShikari: posts big blind $1
*** HOLE CARDS ***
mironchikvld: folds 
steelNike: raises $1 to $2
Rysiff: folds 
wuzzza1744: calls $2
rostickkin: folds 
LuckyShikari: calls $1
*** FLOP *** [Ts 9s 6d]
LuckyShikari: checks 
steelNike: bets $3.09
wuzzza1744: folds 
LuckyShikari: raises $5.91 to $9
steelNike: calls $5.91
*** TURN *** [Ts 9s 6d] [3d]
LuckyShikari: bets $6
steelNike: calls $6
*** RIVER *** [Ts 9s 6d 3d] [7c]
LuckyShikari: checks 
steelNike: checks 
*** SHOW DOWN ***
LuckyShikari: shows [6s As] (a pair of Sixes)
steelNike: mucks hand 
LuckyShikari collected $34.68 from pot
*** SUMMARY ***
Total pot $36.50 | Rake $1.82 
Board [Ts 9s 6d 3d 7c]
Seat 1: rostickkin (small blind) folded before Flop
Seat 2: LuckyShikari (big blind) showed [6s As] and won ($34.68) with a pair of Sixes
Seat 3: mironchikvld folded before Flop (didn't bet)
Seat 4: steelNike mucked
Seat 5: Rysiff folded before Flop (didn't bet)
Seat 6: wuzzza1744 (button) folded on the Flop



PokerStars Hand #254425976315:  Hold'em No Limit ($0.50/$1.00 USD) - 2025/01/17 3:18:15 WET [2025/01/17 22:18:15 ET]
Table 'Achernar III' 6-max Seat #1 is the button
Seat 1: rostickkin ($100 in chips) 
Seat 2: LuckyShikari ($126.80 in chips) 
Seat 3: mironchikvld ($103.28 in chips) 
Seat 4: steelNike ($92.77 in chips) 
Seat 5: Rysiff ($147.34 in chips) 
Seat 6: wuzzza1744 ($123.06 in chips) 
LuckyShikari: posts small blind $0.50
mironchikvld: posts big blind $1
*** HOLE CARDS ***
steelNike: folds 
Rysiff: raises $1.50 to $2.50
wuzzza1744: folds 
rostickkin: folds 
LuckyShikari: folds 
mironchikvld: folds 
Uncalled bet ($1.50) returned to Rysiff
Rysiff collected $2.50 from pot
Rysiff: doesn't show hand 
*** SUMMARY ***
Total pot $2.50 | Rake $0 
Seat 1: rostickkin (button) folded before Flop (didn't bet)
Seat 2: LuckyShikari (small blind) folded before Flop
Seat 3: mironchikvld (big blind) folded before Flop
Seat 4: steelNike folded before Flop (didn't bet)
Seat 5: Rysiff collected ($2.50)
Seat 6: wuzzza1744 folded before Flop (didn't bet)



PokerStars Hand #254425978951:  Hold'em No Limit ($0.50/$1.00 USD) - 2025/01/17 3:18:33 WET [2025/01/17 22:18:33 ET]
Table 'Achernar III' 6-max Seat #2 is the button
Seat 1: rostickkin ($100 in chips) 
Seat 2: LuckyShikari ($126.30 in chips) 
Seat 3: mironchikvld ($102.28 in chips) 
Seat 4: steelNike ($92.77 in chips) 
Seat 5: Rysiff ($148.84 in chips) 
Seat 6: wuzzza1744 ($123.06 in chips) 
mironchikvld: posts small blind $0.50
steelNike: posts big blind $1
*** HOLE CARDS ***
Rysiff: folds 
wuzzza1744: calls $1
rostickkin: folds 
LuckyShikari: folds 
mironchikvld: raises $3 to $4
steelNike: folds 
wuzzza1744: calls $3
*** FLOP *** [4d 6c 4h]
mironchikvld: checks 
wuzzza1744: checks 
*** TURN *** [4d 6c 4h] [Jc]
mironchikvld: bets $5.64
wuzzza1744: folds 
Uncalled bet ($5.64) returned to mironchikvld
mironchikvld collected $8.55 from pot
mironchikvld: doesn't show hand 
*** SUMMARY ***
Total pot $9 | Rake $0.45 
Board [4d 6c 4h Jc]
Seat 1: rostickkin folded before Flop (didn't bet)
Seat 2: LuckyShikari (button) folded before Flop (didn't bet)
Seat 3: mironchikvld (small blind) collected ($8.55)
Seat 4: steelNike (big blind) folded before Flop
Seat 5: Rysiff folded before Flop (didn't bet)
Seat 6: wuzzza1744 folded on the Turn



PokerStars Hand #254425986419:  Hold'em No Limit ($0.50/$1.00 USD) - 2025/01/17 3:19:24 WET [2025/01/17 22:19:24 ET]
Table 'Achernar III' 6-max Seat #3 is the button
Seat 1: rostickkin ($100 in chips) 
Seat 2: LuckyShikari ($126.30 in chips) 
Seat 3: mironchikvld ($106.83 in chips) 
Seat 4: steelNike ($91.77 in chips) 
Seat 5: Rysiff ($148.84 in chips) 
Seat 6: wuzzza1744 ($119.06 in chips) 
steelNike: posts small blind $0.50
Rysiff: posts big blind $1
*** HOLE CARDS ***
wuzzza1744: folds 
rostickkin: folds 
LuckyShikari: raises $1.50 to $2.50
mironchikvld: folds 
steelNike: folds 
Rysiff: folds 
Uncalled bet ($1.50) returned to LuckyShikari
LuckyShikari collected $2.50 from pot
LuckyShikari: doesn't show hand 
*** SUMMARY ***
Total pot $2.50 | Rake $0 
Seat 1: rostickkin folded before Flop (didn't bet)
Seat 2: LuckyShikari collected ($2.50)
Seat 3: mironchikvld (button) folded before Flop (didn't bet)
Seat 4: steelNike (small blind) folded before Flop
Seat 5: Rysiff (big blind) folded before Flop
Seat 6: wuzzza1744 folded before Flop (didn't bet)



PokerStars Hand #254425988403:  Hold'em No Limit ($0.50/$1.00 USD) - 2025/01/17 3:19:37 WET [2025/01/17 22:19:37 ET]
Table 'Achernar III' 6-max Seat #4 is the button
Seat 1: rostickkin ($100 in chips) 
Seat 2: LuckyShikari ($127.80 in chips) 
Seat 3: mironchikvld ($106.83 in chips) 
Seat 4: steelNike ($91.27 in chips) 
Seat 5: Rysiff ($147.84 in chips) 
Seat 6: wuzzza1744 ($119.06 in chips) 
Rysiff: posts small blind $0.50
wuzzza1744: posts big blind $1
*** HOLE CARDS ***
rostickkin: folds 
LuckyShikari: raises $1 to $2
mironchikvld: folds 
steelNike: calls $2
Rysiff: raises $12 to $14
wuzzza1744: folds 
LuckyShikari: folds 
steelNike: folds 
Uncalled bet ($12) returned to Rysiff
Rysiff collected $7 from pot
Rysiff: doesn't show hand 
*** SUMMARY ***
Total pot $7 | Rake $0 
Seat 1: rostickkin folded before Flop (didn't bet)
Seat 2: LuckyShikari folded before Flop
Seat 3: mironchikvld folded before Flop (didn't bet)
Seat 4: steelNike (button) folded before Flop
Seat 5: Rysiff (small blind) collected ($7)
Seat 6: wuzzza1744 (big blind) folded before Flop



PokerStars Hand #254425994256:  Hold'em No Limit ($0.50/$1.00 USD) - 2025/01/17 3:20:17 WET [2025/01/17 22:20:17 ET]
Table 'Achernar III' 6-max Seat #5 is the button
Seat 1: rostickkin ($100 in chips) 
Seat 2: LuckyShikari ($125.80 in chips) 
Seat 3: mironchikvld ($106.83 in chips) 
Seat 4: steelNike ($100 in chips) 
Seat 5: Rysiff ($152.84 in chips) 
Seat 6: wuzzza1744 ($118.06 in chips) 
wuzzza1744: posts small blind $0.50
rostickkin: posts big blind $1
*** HOLE CARDS ***
LuckyShikari: folds 
mironchikvld: folds 
steelNike: folds 
Rysiff: raises $1.50 to $2.50
wuzzza1744: folds 
rostickkin: folds 
Uncalled bet ($1.50) returned to Rysiff
Rysiff collected $2.50 from pot
Rysiff: doesn't show hand 
*** SUMMARY ***
Total pot $2.50 | Rake $0 
Seat 1: rostickkin (big blind) folded before Flop
Seat 2: LuckyShikari folded before Flop (didn't bet)
Seat 3: mironchikvld folded before Flop (didn't bet)
Seat 4: steelNike folded before Flop (didn't bet)
Seat 5: Rysiff (button) collected ($2.50)
Seat 6: wuzzza1744 (small blind) folded before Flop



PokerStars Hand #254425998418:  Hold'em No Limit ($0.50/$1.00 USD) - 2025/01/17 3:20:46 WET [2025/01/17 22:20:46 ET]
Table 'Achernar III' 6-max Seat #6 is the button
Seat 1: rostickkin ($100 in chips) 
Seat 2: LuckyShikari ($125.80 in chips) 
Seat 3: mironchikvld ($106.83 in chips) 
Seat 4: steelNike ($100 in chips) 
Seat 5: Rysiff ($154.34 in chips) 
Seat 6: wuzzza1744 ($117.56 in chips) 
rostickkin: posts small blind $0.50
LuckyShikari: posts big blind $1
*** HOLE CARDS ***
mironchikvld: folds 
steelNike: folds 
Rysiff: folds 
wuzzza1744: raises $1 to $2
rostickkin: raises $5.50 to $7.50
LuckyShikari: folds 
wuzzza1744: folds 
Uncalled bet ($5.50) returned to rostickkin
rostickkin collected $5 from pot
rostickkin: doesn't show hand 
*** SUMMARY ***
Total pot $5 | Rake $0 
Seat 1: rostickkin (small blind) collected ($5)
Seat 2: LuckyShikari (big blind) folded before Flop
Seat 3: mironchikvld folded before Flop (didn't bet)
Seat 4: steelNike folded before Flop (didn't bet)
Seat 5: Rysiff folded before Flop (didn't bet)
Seat 6: wuzzza1744 (button) folded before Flop



PokerStars Hand #254426001851:  Hold'em No Limit ($0.50/$1.00 USD) - 2025/01/17 3:21:09 WET [2025/01/17 22:21:09 ET]
Table 'Achernar III' 6-max Seat #1 is the button
Seat 1: rostickkin ($103 in chips) 
Seat 2: LuckyShikari ($124.80 in chips) 
Seat 3: mironchikvld ($106.83 in chips) 
Seat 4: steelNike ($100 in chips) 
Seat 5: Rysiff ($154.34 in chips) 
Seat 6: wuzzza1744 ($115.56 in chips) 
LuckyShikari: posts small blind $0.50
mironchikvld: posts big blind $1
*** HOLE CARDS ***
steelNike: folds 
Rysiff: raises $1.50 to $2.50
wuzzza1744: folds 
rostickkin: folds 
LuckyShikari: folds 
mironchikvld: calls $1.50
*** FLOP *** [3d 9d 5d]
mironchikvld: checks 
Rysiff: bets $2.61
mironchikvld: folds 
Uncalled bet ($2.61) returned to Rysiff
Rysiff collected $5.22 from pot
Rysiff: doesn't show hand 
*** SUMMARY ***
Total pot $5.50 | Rake $0.28 
Board [3d 9d 5d]
Seat 1: rostickkin (button) folded before Flop (didn't bet)
Seat 2: LuckyShikari (small blind) folded before Flop
Seat 3: mironchikvld (big blind) folded on the Flop
Seat 4: steelNike folded before Flop (didn't bet)
Seat 5: Rysiff collected ($5.22)
Seat 6: wuzzza1744 folded before Flop (didn't bet)



PokerStars Hand #254426007594:  Hold'em No Limit ($0.50/$1.00 USD) - 2025/01/17 3:21:49 WET [2025/01/17 22:21:49 ET]
Table 'Achernar III' 6-max Seat #2 is the button
Seat 1: rostickkin ($103 in chips) 
Seat 2: LuckyShikari ($124.30 in chips) 
Seat 3: mironchikvld ($104.33 in chips) 
Seat 4: steelNike ($100 in chips) 
Seat 5: Rysiff ($157.06 in chips) 
Seat 6: wuzzza1744 ($115.56 in chips) 
mironchikvld: posts small blind $0.50
steelNike: posts big blind $1
*** HOLE CARDS ***
Rysiff: folds 
wuzzza1744: folds 
rostickkin: raises $1.50 to $2.50
LuckyShikari: folds 
mironchikvld: folds 
steelNike: folds 
Uncalled bet ($1.50) returned to rostickkin
rostickkin collected $2.50 from pot
rostickkin: doesn't show hand 
*** SUMMARY ***
Total pot $2.50 | Rake $0 
Seat 1: rostickkin collected ($2.50)
Seat 2: LuckyShikari (button) folded before Flop (didn't bet)
Seat 3: mironchikvld (small blind) folded before Flop
Seat 4: steelNike (big blind) folded before Flop
Seat 5: Rysiff folded before Flop (didn't bet)
Seat 6: wuzzza1744 folded before Flop (didn't bet)



PokerStars Hand #254426010405:  Hold'em No Limit ($0.50/$1.00 USD) - 2025/01/17 3:22:08 WET [2025/01/17 22:22:08 ET]
Table 'Achernar III' 6-max Seat #3 is the button
Seat 1: rostickkin ($104.50 in chips) 
Seat 2: LuckyShikari ($124.30 in chips) 
Seat 3: mironchikvld ($103.83 in chips) 
Seat 4: steelNike ($99 in chips) 
Seat 5: Rysiff ($157.06 in chips) 
Seat 6: wuzzza1744 ($115.56 in chips) 
steelNike: posts small blind $0.50
Rysiff: posts big blind $1
*** HOLE CARDS ***
wuzzza1744: calls $1
rostickkin: raises $2.50 to $3.50
LuckyShikari: folds 
mironchikvld: folds 
steelNike: folds 
Rysiff: folds 
wuzzza1744: calls $2.50
*** FLOP *** [4c 6s Ac]
wuzzza1744: checks 
rostickkin: bets $2.75
wuzzza1744: calls $2.75
*** TURN *** [4c 6s Ac] [9c]
wuzzza1744: checks 
rostickkin: bets $10.11
wuzzza1744: calls $10.11
*** RIVER *** [4c 6s Ac 9c] [9d]
wuzzza1744: bets $16.26
rostickkin: folds 
Uncalled bet ($16.26) returned to wuzzza1744
wuzzza1744 collected $32.51 from pot
*** SUMMARY ***
Total pot $34.22 | Rake $1.71 
Board [4c 6s Ac 9c 9d]
Seat 1: rostickkin folded on the River
Seat 2: LuckyShikari folded before Flop (didn't bet)
Seat 3: mironchikvld (button) folded before Flop (didn't bet)
Seat 4: steelNike (small blind) folded before Flop
Seat 5: Rysiff (big blind) folded before Flop
Seat 6: wuzzza1744 collected ($32.51)



PokerStars Hand #254426023243:  Hold'em No Limit ($0.50/$1.00 USD) - 2025/01/17 3:23:37 WET [2025/01/17 22:23:37 ET]
Table 'Achernar III' 6-max Seat #4 is the button
Seat 1: rostickkin ($100 in chips) 
Seat 2: LuckyShikari ($124.30 in chips) 
Seat 3: mironchikvld ($103.83 in chips) 
Seat 4: steelNike ($98.50 in chips) 
Seat 5: Rysiff ($156.06 in chips) 
Seat 6: wuzzza1744 ($131.71 in chips) 
Rysiff: posts small blind $0.50
wuzzza1744: posts big blind $1
*** HOLE CARDS ***
rostickkin: folds 
LuckyShikari: folds 
mironchikvld: raises $2 to $3
steelNike: folds 
Rysiff: folds 
wuzzza1744: calls $2
*** FLOP *** [5d Kd 2c]
wuzzza1744: checks 
mironchikvld: bets $2.04
wuzzza1744: calls $2.04
*** TURN *** [5d Kd 2c] [Kh]
wuzzza1744: checks 
mironchikvld: checks 
*** RIVER *** [5d Kd 2c Kh] [Td]
wuzzza1744: checks 
mironchikvld: checks 
*** SHOW DOWN ***
wuzzza1744: shows [Qd Jc] (a pair of Kings)
mironchikvld: mucks hand 
wuzzza1744 collected $10.05 from pot
*** SUMMARY ***
Total pot $10.58 | Rake $0.53 
Board [5d Kd 2c Kh Td]
Seat 1: rostickkin folded before Flop (didn't bet)
Seat 2: LuckyShikari folded before Flop (didn't bet)
Seat 3: mironchikvld mucked
Seat 4: steelNike (button) folded before Flop (didn't bet)
Seat 5: Rysiff (small blind) folded before Flop
Seat 6: wuzzza1744 (big blind) showed [Qd Jc] and won ($10.05) with a pair of Kings



PokerStars Hand #254426036261:  Hold'em No Limit ($0.50/$1.00 USD) - 2025/01/17 3:25:05 WET [2025/01/17 22:25:05 ET]
Table 'Achernar III' 6-max Seat #5 is the button
Seat 1: rostickkin ($100 in chips) 
Seat 2: LuckyShikari ($124.30 in chips) 
Seat 3: mironchikvld ($100 in chips) 
Seat 4: steelNike ($98.50 in chips) 
Seat 5: Rysiff ($155.56 in chips) 
Seat 6: wuzzza1744 ($136.72 in chips) 
wuzzza1744: posts small blind $0.50
rostickkin: posts big blind $1
*** HOLE CARDS ***
LuckyShikari: folds 
mironchikvld: folds 
steelNike: folds 
Rysiff: raises $1.50 to $2.50
wuzzza1744: calls $2
rostickkin: folds 
*** FLOP *** [Th Jh Td]
wuzzza1744: checks 
Rysiff: bets $1.88
wuzzza1744: calls $1.88
*** TURN *** [Th Jh Td] [7s]
wuzzza1744: checks 
Rysiff: checks 
*** RIVER *** [Th Jh Td 7s] [7d]
wuzzza1744: checks 
Rysiff: bets $3.06
wuzzza1744: calls $3.06
*** SHOW DOWN ***
Rysiff: shows [8c Jd] (two pair, Jacks and Tens)
wuzzza1744: mucks hand 
Rysiff collected $15.09 from pot
*** SUMMARY ***
Total pot $15.88 | Rake $0.79 
Board [Th Jh Td 7s 7d]
Seat 1: rostickkin (big blind) folded before Flop
Seat 2: LuckyShikari folded before Flop (didn't bet)
Seat 3: mironchikvld folded before Flop (didn't bet)
Seat 4: steelNike folded before Flop (didn't bet)
Seat 5: Rysiff (button) showed [8c Jd] and won ($15.09) with two pair, Jacks and Tens
Seat 6: wuzzza1744 (small blind) mucked



PokerStars Hand #254426048908:  Hold'em No Limit ($0.50/$1.00 USD) - 2025/01/17 3:26:33 WET [2025/01/17 22:26:33 ET]
Table 'Achernar III' 6-max Seat #6 is the button
Seat 1: rostickkin ($100 in chips) 
Seat 2: LuckyShikari ($124.30 in chips) 
Seat 3: mironchikvld ($100 in chips) 
Seat 4: steelNike ($98.50 in chips) 
Seat 5: Rysiff ($163.21 in chips) 
Seat 6: wuzzza1744 ($129.28 in chips) 
rostickkin: posts small blind $0.50
LuckyShikari: posts big blind $1
*** HOLE CARDS ***
mironchikvld: folds 
steelNike: folds 
Rysiff: raises $1.50 to $2.50
wuzzza1744: folds 
rostickkin: folds 
LuckyShikari: folds 
Uncalled bet ($1.50) returned to Rysiff
Rysiff collected $2.50 from pot
Rysiff: doesn't show hand 
*** SUMMARY ***
Total pot $2.50 | Rake $0 
Seat 1: rostickkin (small blind) folded before Flop
Seat 2: LuckyShikari (big blind) folded before Flop
Seat 3: mironchikvld folded before Flop (didn't bet)
Seat 4: steelNike folded before Flop (didn't bet)
Seat 5: Rysiff collected ($2.50)
Seat 6: wuzzza1744 (button) folded before Flop (didn't bet)



PokerStars Hand #254426051488:  Hold'em No Limit ($0.50/$1.00 USD) - 2025/01/17 3:26:51 WET [2025/01/17 22:26:51 ET]
Table 'Achernar III' 6-max Seat #1 is the button
Seat 1: rostickkin ($100 in chips) 
Seat 2: LuckyShikari ($123.30 in chips) 
Seat 3: mironchikvld ($100 in chips) 
Seat 4: steelNike ($98.50 in chips) 
Seat 5: Rysiff ($164.71 in chips) 
Seat 6: wuzzza1744 ($129.28 in chips) 
LuckyShikari: posts small blind $0.50
mironchikvld: posts big blind $1
*** HOLE CARDS ***
steelNike: raises $1 to $2
Rysiff: folds 
wuzzza1744: calls $2
rostickkin: folds 
LuckyShikari: folds 
mironchikvld: calls $1
*** FLOP *** [7d Jd 6d]
mironchikvld: checks 
steelNike: bets $3.09
wuzzza1744: folds 
mironchikvld: calls $3.09
*** TURN *** [7d Jd 6d] [9h]
mironchikvld: checks 
steelNike: bets $9.04
mironchikvld: folds 
Uncalled bet ($9.04) returned to steelNike
steelNike collected $12.05 from pot
*** SUMMARY ***
Total pot $12.68 | Rake $0.63 
Board [7d Jd 6d 9h]
Seat 1: rostickkin (button) folded before Flop (didn't bet)
Seat 2: LuckyShikari (small blind) folded before Flop
Seat 3: mironchikvld (big blind) folded on the Turn
Seat 4: steelNike collected ($12.05)
Seat 5: Rysiff folded before Flop (didn't bet)
Seat 6: wuzzza1744 folded on the Flop



PokerStars Hand #254426069153:  Hold'em No Limit ($0.50/$1.00 USD) - 2025/01/17 3:28:56 WET [2025/01/17 22:28:56 ET]
Table 'Achernar III' 6-max Seat #2 is the button
Seat 1: rostickkin ($100 in chips) 
Seat 2: LuckyShikari ($122.80 in chips) 
Seat 3: mironchikvld ($100 in chips) 
Seat 4: steelNike ($105.46 in chips) 
Seat 5: Rysiff ($164.71 in chips) 
Seat 6: wuzzza1744 ($127.28 in chips) 
mironchikvld: posts small blind $0.50
steelNike: posts big blind $1
*** HOLE CARDS ***
Rysiff: folds 
wuzzza1744: folds 
rostickkin: folds 
LuckyShikari: folds 
mironchikvld: raises $2 to $3
steelNike: raises $7 to $10
mironchikvld: raises $13 to $23
steelNike: raises $82.46 to $105.46 and is all-in
mironchikvld: folds 
Uncalled bet ($82.46) returned to steelNike
steelNike collected $46 from pot
*** SUMMARY ***
Total pot $46 | Rake $0 
Seat 1: rostickkin folded before Flop (didn't bet)
Seat 2: LuckyShikari (button) folded before Flop (didn't bet)
Seat 3: mironchikvld (small blind) folded before Flop
Seat 4: steelNike (big blind) collected ($46)
Seat 5: Rysiff folded before Flop (didn't bet)
Seat 6: wuzzza1744 folded before Flop (didn't bet)



PokerStars Hand #254426077864:  Hold'em No Limit ($0.50/$1.00 USD) - 2025/01/17 3:29:58 WET [2025/01/17 22:29:58 ET]
Table 'Achernar III' 6-max Seat #3 is the button
Seat 1: rostickkin ($100 in chips) 
Seat 2: LuckyShikari ($122.80 in chips) 
Seat 3: mironchikvld ($100 in chips) 
Seat 4: steelNike ($128.46 in chips) 
Seat 5: Rysiff ($164.71 in chips) 
Seat 6: wuzzza1744 ($127.28 in chips) 
steelNike: posts small blind $0.50
Rysiff: posts big blind $1
*** HOLE CARDS ***
wuzzza1744: raises $1 to $2
rostickkin: folds 
LuckyShikari: folds 
mironchikvld: folds 
steelNike: raises $10 to $12
Rysiff: folds 
wuzzza1744: calls $10
*** FLOP *** [Th 9h 8d]
steelNike: checks 
wuzzza1744: checks 
*** TURN *** [Th 9h 8d] [7s]
steelNike: checks 
wuzzza1744: bets $11.88
steelNike: folds 
Uncalled bet ($11.88) returned to wuzzza1744
wuzzza1744 collected $23.75 from pot
*** SUMMARY ***
Total pot $25 | Rake $1.25 
Board [Th 9h 8d 7s]
Seat 1: rostickkin folded before Flop (didn't bet)
Seat 2: LuckyShikari folded before Flop (didn't bet)
Seat 3: mironchikvld (button) folded before Flop (didn't bet)
Seat 4: steelNike (small blind) folded on the Turn
Seat 5: Rysiff (big blind) folded before Flop
Seat 6: wuzzza1744 collected ($23.75)



PokerStars Hand #254426084908:  Hold'em No Limit ($0.50/$1.00 USD) - 2025/01/17 3:30:48 WET [2025/01/17 22:30:48 ET]
Table 'Achernar III' 6-max Seat #4 is the button
Seat 1: rostickkin ($100 in chips) 
Seat 2: LuckyShikari ($122.80 in chips) 
Seat 3: mironchikvld ($100 in chips) 
Seat 4: steelNike ($116.46 in chips) 
Seat 5: Rysiff ($163.71 in chips) 
Seat 6: wuzzza1744 ($139.03 in chips) 
Rysiff: posts small blind $0.50
wuzzza1744: posts big blind $1
*** HOLE CARDS ***
rostickkin: folds 
LuckyShikari: folds 
mironchikvld: raises $2 to $3
steelNike: folds 
Rysiff: folds 
wuzzza1744: folds 
Uncalled bet ($2) returned to mironchikvld
mironchikvld collected $2.50 from pot
mironchikvld: doesn't show hand 
*** SUMMARY ***
Total pot $2.50 | Rake $0 
Seat 1: rostickkin folded before Flop (didn't bet)
Seat 2: LuckyShikari folded before Flop (didn't bet)
Seat 3: mironchikvld collected ($2.50)
Seat 4: steelNike (button) folded before Flop (didn't bet)
Seat 5: Rysiff (small blind) folded before Flop
Seat 6: wuzzza1744 (big blind) folded before Flop



PokerStars Hand #254426087766:  Hold'em No Limit ($0.50/$1.00 USD) - 2025/01/17 3:31:08 WET [2025/01/17 22:31:08 ET]
Table 'Achernar III' 6-max Seat #5 is the button
Seat 1: rostickkin ($100 in chips) 
Seat 2: LuckyShikari ($122.80 in chips) 
Seat 3: mironchikvld ($101.50 in chips) 
Seat 4: steelNike ($116.46 in chips) 
Seat 5: Rysiff ($163.21 in chips) 
Seat 6: wuzzza1744 ($138.03 in chips) 
wuzzza1744: posts small blind $0.50
rostickkin: posts big blind $1
*** HOLE CARDS ***
LuckyShikari: folds 
mironchikvld: folds 
steelNike: folds 
Rysiff: raises $1.50 to $2.50
wuzzza1744: folds 
rostickkin: calls $1.50
*** FLOP *** [As 5c 5d]
rostickkin: checks 
Rysiff: bets $1.72
rostickkin: folds 
Uncalled bet ($1.72) returned to Rysiff
Rysiff collected $5.22 from pot
Rysiff: doesn't show hand 
*** SUMMARY ***
Total pot $5.50 | Rake $0.28 
Board [As 5c 5d]
Seat 1: rostickkin (big blind) folded on the Flop
Seat 2: LuckyShikari folded before Flop (didn't bet)
Seat 3: mironchikvld folded before Flop (didn't bet)
Seat 4: steelNike folded before Flop (didn't bet)
Seat 5: Rysiff (button) collected ($5.22)
Seat 6: wuzzza1744 (small blind) folded before Flop



PokerStars Hand #254426092658:  Hold'em No Limit ($0.50/$1.00 USD) - 2025/01/17 3:31:42 WET [2025/01/17 22:31:42 ET]
Table 'Achernar III' 6-max Seat #6 is the button
Seat 1: rostickkin ($100 in chips) 
Seat 2: LuckyShikari ($122.80 in chips) 
Seat 3: mironchikvld ($101.50 in chips) 
Seat 4: steelNike ($116.46 in chips) 
Seat 5: Rysiff ($165.93 in chips) 
Seat 6: wuzzza1744 ($137.53 in chips) 
rostickkin: posts small blind $0.50
LuckyShikari: posts big blind $1
*** HOLE CARDS ***
mironchikvld: folds 
steelNike: folds 
Rysiff: folds 
wuzzza1744: calls $1
rostickkin: folds 
LuckyShikari: raises $5 to $6
wuzzza1744: folds 
Uncalled bet ($5) returned to LuckyShikari
LuckyShikari collected $2.50 from pot
LuckyShikari: doesn't show hand 
*** SUMMARY ***
Total pot $2.50 | Rake $0 
Seat 1: rostickkin (small blind) folded before Flop
Seat 2: LuckyShikari (big blind) collected ($2.50)
Seat 3: mironchikvld folded before Flop (didn't bet)
Seat 4: steelNike folded before Flop (didn't bet)
Seat 5: Rysiff folded before Flop (didn't bet)
Seat 6: wuzzza1744 (button) folded before Flop



PokerStars Hand #254426096469:  Hold'em No Limit ($0.50/$1.00 USD) - 2025/01/17 3:32:09 WET [2025/01/17 22:32:09 ET]
Table 'Achernar III' 6-max Seat #1 is the button
Seat 1: rostickkin ($100 in chips) 
Seat 2: LuckyShikari ($124.30 in chips) 
Seat 3: mironchikvld ($101.50 in chips) 
Seat 4: steelNike ($116.46 in chips) 
Seat 5: Rysiff ($165.93 in chips) 
Seat 6: wuzzza1744 ($136.53 in chips) 
LuckyShikari: posts small blind $0.50
mironchikvld: posts big blind $1
*** HOLE CARDS ***
steelNike: raises $1 to $2
Rysiff: folds 
wuzzza1744: folds 
rostickkin: folds 
LuckyShikari: calls $1.50
mironchikvld: folds 
*** FLOP *** [Ah 9c 3c]
LuckyShikari: checks 
steelNike: bets $1.19
LuckyShikari: folds 
Uncalled bet ($1.19) returned to steelNike
steelNike collected $4.75 from pot
*** SUMMARY ***
Total pot $5 | Rake $0.25 
Board [Ah 9c 3c]
Seat 1: rostickkin (button) folded before Flop (didn't bet)
Seat 2: LuckyShikari (small blind) folded on the Flop
Seat 3: mironchikvld (big blind) folded before Flop
Seat 4: steelNike collected ($4.75)
Seat 5: Rysiff folded before Flop (didn't bet)
Seat 6: wuzzza1744 folded before Flop (didn't bet)



PokerStars Hand #254426100967:  Hold'em No Limit ($0.50/$1.00 USD) - 2025/01/17 3:32:41 WET [2025/01/17 22:32:41 ET]
Table 'Achernar III' 6-max Seat #2 is the button
Seat 1: rostickkin ($100 in chips) 
Seat 2: LuckyShikari ($122.30 in chips) 
Seat 3: mironchikvld ($100.50 in chips) 
Seat 4: steelNike ($119.21 in chips) 
Seat 5: Rysiff ($165.93 in chips) 
Seat 6: wuzzza1744 ($136.53 in chips) 
mironchikvld: posts small blind $0.50
steelNike: posts big blind $1
*** HOLE CARDS ***
Rysiff: folds 
wuzzza1744: raises $1 to $2
rostickkin: folds 
LuckyShikari: folds 
mironchikvld: folds 
steelNike: calls $1
*** FLOP *** [Th Qc Jd]
steelNike: checks 
wuzzza1744: checks 
*** TURN *** [Th Qc Jd] [Ks]
steelNike: bets $3.21
wuzzza1744: calls $3.21
*** RIVER *** [Th Qc Jd Ks] [8h]
steelNike: bets $7.78
wuzzza1744: folds 
Uncalled bet ($7.78) returned to steelNike
steelNike collected $10.37 from pot
*** SUMMARY ***
Total pot $10.92 | Rake $0.55 
Board [Th Qc Jd Ks 8h]
Seat 1: rostickkin folded before Flop (didn't bet)
Seat 2: LuckyShikari (button) folded before Flop (didn't bet)
Seat 3: mironchikvld (small blind) folded before Flop
Seat 4: steelNike (big blind) collected ($10.37)
Seat 5: Rysiff folded before Flop (didn't bet)
Seat 6: wuzzza1744 folded on the River



PokerStars Hand #254426108099:  Hold'em No Limit ($0.50/$1.00 USD) - 2025/01/17 3:33:32 WET [2025/01/17 22:33:32 ET]
Table 'Achernar III' 6-max Seat #3 is the button
Seat 1: rostickkin ($100 in chips) 
Seat 2: LuckyShikari ($122.30 in chips) 
Seat 3: mironchikvld ($100 in chips) 
Seat 4: steelNike ($124.37 in chips) 
Seat 5: Rysiff ($165.93 in chips) 
Seat 6: wuzzza1744 ($131.32 in chips) 
steelNike: posts small blind $0.50
Rysiff: posts big blind $1
*** HOLE CARDS ***
wuzzza1744: folds 
rostickkin: folds 
LuckyShikari: folds 
mironchikvld: raises $2 to $3
steelNike: folds 
Rysiff: folds 
Uncalled bet ($2) returned to mironchikvld
mironchikvld collected $2.50 from pot
mironchikvld: doesn't show hand 
*** SUMMARY ***
Total pot $2.50 | Rake $0 
Seat 1: rostickkin folded before Flop (didn't bet)
Seat 2: LuckyShikari folded before Flop (didn't bet)
Seat 3: mironchikvld (button) collected ($2.50)
Seat 4: steelNike (small blind) folded before Flop
Seat 5: Rysiff (big blind) folded before Flop
Seat 6: wuzzza1744 folded before Flop (didn't bet)



PokerStars Hand #254426110754:  Hold'em No Limit ($0.50/$1.00 USD) - 2025/01/17 3:33:51 WET [2025/01/17 22:33:51 ET]
Table 'Achernar III' 6-max Seat #4 is the button
Seat 1: rostickkin ($100 in chips) 
Seat 2: LuckyShikari ($122.30 in chips) 
Seat 3: mironchikvld ($101.50 in chips) 
Seat 4: steelNike ($123.87 in chips) 
Seat 5: Rysiff ($164.93 in chips) 
Seat 6: wuzzza1744 ($131.32 in chips) 
Rysiff: posts small blind $0.50
wuzzza1744: posts big blind $1
*** HOLE CARDS ***
rostickkin: folds 
LuckyShikari: folds 
mironchikvld: raises $2 to $3
steelNike: folds 
Rysiff: folds 
wuzzza1744: calls $2
*** FLOP *** [3h 7c 7s]
wuzzza1744: checks 
mironchikvld: bets $2.04
wuzzza1744: calls $2.04
*** TURN *** [3h 7c 7s] [7h]
wuzzza1744: checks 
mironchikvld: bets $7
wuzzza1744: folds 
Uncalled bet ($7) returned to mironchikvld
mironchikvld collected $10.05 from pot
mironchikvld: doesn't show hand 
*** SUMMARY ***
Total pot $10.58 | Rake $0.53 
Board [3h 7c 7s 7h]
Seat 1: rostickkin folded before Flop (didn't bet)
Seat 2: LuckyShikari folded before Flop (didn't bet)
Seat 3: mironchikvld collected ($10.05)
Seat 4: steelNike (button) folded before Flop (didn't bet)
Seat 5: Rysiff (small blind) folded before Flop
Seat 6: wuzzza1744 (big blind) folded on the Turn



PokerStars Hand #254426117647:  Hold'em No Limit ($0.50/$1.00 USD) - 2025/01/17 3:34:41 WET [2025/01/17 22:34:41 ET]
Table 'Achernar III' 6-max Seat #5 is the button
Seat 1: rostickkin ($100 in chips) 
Seat 2: LuckyShikari ($122.30 in chips) 
Seat 3: mironchikvld ($106.51 in chips) 
Seat 4: steelNike ($123.87 in chips) 
Seat 5: Rysiff ($164.43 in chips) 
Seat 6: wuzzza1744 ($126.28 in chips) 
wuzzza1744: posts small blind $0.50
rostickkin: posts big blind $1
*** HOLE CARDS ***
LuckyShikari: folds 
mironchikvld: folds 
steelNike: raises $1.30 to $2.30
Rysiff: folds 
wuzzza1744: calls $1.80
rostickkin: folds 
*** FLOP *** [Ts 3d 3s]
wuzzza1744: checks 
steelNike: bets $2.66
wuzzza1744: calls $2.66
*** TURN *** [Ts 3d 3s] [5d]
wuzzza1744: checks 
steelNike: bets $5.19
wuzzza1744: calls $5.19
*** RIVER *** [Ts 3d 3s 5d] [3h]
wuzzza1744: checks 
steelNike: bets $10.12
wuzzza1744: folds 
Uncalled bet ($10.12) returned to steelNike
steelNike collected $20.24 from pot
*** SUMMARY ***
Total pot $21.30 | Rake $1.06 
Board [Ts 3d 3s 5d 3h]
Seat 1: rostickkin (big blind) folded before Flop
Seat 2: LuckyShikari folded before Flop (didn't bet)
Seat 3: mironchikvld folded before Flop (didn't bet)
Seat 4: steelNike collected ($20.24)
Seat 5: Rysiff (button) folded before Flop (didn't bet)
Seat 6: wuzzza1744 (small blind) folded on the River



PokerStars Hand #254426129323:  Hold'em No Limit ($0.50/$1.00 USD) - 2025/01/17 3:36:05 WET [2025/01/17 22:36:05 ET]
Table 'Achernar III' 6-max Seat #6 is the button
Seat 1: rostickkin ($100 in chips) 
Seat 2: LuckyShikari ($122.30 in chips) 
Seat 3: mironchikvld ($106.51 in chips) 
Seat 4: steelNike ($133.96 in chips) 
Seat 5: Rysiff ($164.43 in chips) 
Seat 6: wuzzza1744 ($116.13 in chips) 
rostickkin: posts small blind $0.50
LuckyShikari: posts big blind $1
*** HOLE CARDS ***
mironchikvld: folds 
steelNike: folds 
Rysiff: folds 
wuzzza1744: folds 
rostickkin: folds 
Uncalled bet ($0.50) returned to LuckyShikari
LuckyShikari collected $1 from pot
LuckyShikari: doesn't show hand 
*** SUMMARY ***
Total pot $1 | Rake $0 
Seat 1: rostickkin (small blind) folded before Flop
Seat 2: LuckyShikari (big blind) collected ($1)
Seat 3: mironchikvld folded before Flop (didn't bet)
Seat 4: steelNike folded before Flop (didn't bet)
Seat 5: Rysiff folded before Flop (didn't bet)
Seat 6: wuzzza1744 (button) folded before Flop (didn't bet)



PokerStars Hand #254426131584:  Hold'em No Limit ($0.50/$1.00 USD) - 2025/01/17 3:36:22 WET [2025/01/17 22:36:22 ET]
Table 'Achernar III' 6-max Seat #1 is the button
Seat 1: rostickkin ($100 in chips) 
Seat 2: LuckyShikari ($122.80 in chips) 
Seat 3: mironchikvld ($106.51 in chips) 
Seat 4: steelNike ($133.96 in chips) 
Seat 5: Rysiff ($164.43 in chips) 
Seat 6: wuzzza1744 ($116.13 in chips) 
LuckyShikari: posts small blind $0.50
mironchikvld: posts big blind $1
*** HOLE CARDS ***
steelNike: folds 
Rysiff: folds 
wuzzza1744: calls $1
rostickkin: folds 
LuckyShikari: calls $0.50
mironchikvld: checks 
*** FLOP *** [9h Ks As]
LuckyShikari: checks 
mironchikvld: checks 
wuzzza1744: checks 
*** TURN *** [9h Ks As] [5h]
LuckyShikari: bets $1
mironchikvld: folds 
wuzzza1744: calls $1
*** RIVER *** [9h Ks As 5h] [7d]
LuckyShikari: checks 
wuzzza1744: bets $4.75
LuckyShikari: folds 
Uncalled bet ($4.75) returned to wuzzza1744
wuzzza1744 collected $4.75 from pot
*** SUMMARY ***
Total pot $5 | Rake $0.25 
Board [9h Ks As 5h 7d]
Seat 1: rostickkin (button) folded before Flop (didn't bet)
Seat 2: LuckyShikari (small blind) folded on the River
Seat 3: mironchikvld (big blind) folded on the Turn
Seat 4: steelNike folded before Flop (didn't bet)
Seat 5: Rysiff folded before Flop (didn't bet)
Seat 6: wuzzza1744 collected ($4.75)



PokerStars Hand #254426140436:  Hold'em No Limit ($0.50/$1.00 USD) - 2025/01/17 3:37:26 WET [2025/01/17 22:37:26 ET]
Table 'Achernar III' 6-max Seat #2 is the button
Seat 1: rostickkin ($100 in chips) 
Seat 2: LuckyShikari ($120.80 in chips) 
Seat 3: mironchikvld ($105.51 in chips) 
Seat 4: steelNike ($133.96 in chips) 
Seat 5: Rysiff ($164.43 in chips) 
Seat 6: wuzzza1744 ($118.88 in chips) 
mironchikvld: posts small blind $0.50
steelNike: posts big blind $1
*** HOLE CARDS ***
Rysiff: folds 
wuzzza1744: folds 
rostickkin: raises $1.50 to $2.50
LuckyShikari: folds 
mironchikvld: folds 
steelNike: folds 
Uncalled bet ($1.50) returned to rostickkin
rostickkin collected $2.50 from pot
rostickkin: doesn't show hand 
*** SUMMARY ***
Total pot $2.50 | Rake $0 
Seat 1: rostickkin collected ($2.50)
Seat 2: LuckyShikari (button) folded before Flop (didn't bet)
Seat 3: mironchikvld (small blind) folded before Flop
Seat 4: steelNike (big blind) folded before Flop
Seat 5: Rysiff folded before Flop (didn't bet)
Seat 6: wuzzza1744 folded before Flop (didn't bet)



PokerStars Hand #254426143019:  Hold'em No Limit ($0.50/$1.00 USD) - 2025/01/17 3:37:45 WET [2025/01/17 22:37:45 ET]
Table 'Achernar III' 6-max Seat #3 is the button
Seat 1: rostickkin ($101.50 in chips) 
Seat 2: LuckyShikari ($120.80 in chips) 
Seat 3: mironchikvld ($105.01 in chips) 
Seat 4: steelNike ($132.96 in chips) 
Seat 5: Rysiff ($164.43 in chips) 
Seat 6: wuzzza1744 ($118.88 in chips) 
steelNike: posts small blind $0.50
Rysiff: posts big blind $1
*** HOLE CARDS ***
wuzzza1744: folds 
rostickkin: folds 
LuckyShikari: folds 
mironchikvld: raises $2 to $3
steelNike: folds 
Rysiff: folds 
Uncalled bet ($2) returned to mironchikvld
mironchikvld collected $2.50 from pot
mironchikvld: doesn't show hand 
*** SUMMARY ***
Total pot $2.50 | Rake $0 
Seat 1: rostickkin folded before Flop (didn't bet)
Seat 2: LuckyShikari folded before Flop (didn't bet)
Seat 3: mironchikvld (button) collected ($2.50)
Seat 4: steelNike (small blind) folded before Flop
Seat 5: Rysiff (big blind) folded before Flop
Seat 6: wuzzza1744 folded before Flop (didn't bet)



PokerStars Hand #254426145574:  Hold'em No Limit ($0.50/$1.00 USD) - 2025/01/17 3:38:04 WET [2025/01/17 22:38:04 ET]
Table 'Achernar III' 6-max Seat #4 is the button
Seat 1: rostickkin ($101.50 in chips) 
Seat 2: LuckyShikari ($120.80 in chips) 
Seat 3: mironchikvld ($106.51 in chips) 
Seat 4: steelNike ($132.46 in chips) 
Seat 5: Rysiff ($163.43 in chips) 
Seat 6: wuzzza1744 ($118.88 in chips) 
Rysiff: posts small blind $0.50
wuzzza1744: posts big blind $1
*** HOLE CARDS ***
rostickkin: folds 
LuckyShikari: folds 
mironchikvld: folds 
steelNike: raises $1.50 to $2.50
Rysiff: raises $8.50 to $11
wuzzza1744: folds 
steelNike: folds 
Uncalled bet ($8.50) returned to Rysiff
Rysiff collected $6 from pot
Rysiff: doesn't show hand 
*** SUMMARY ***
Total pot $6 | Rake $0 
Seat 1: rostickkin folded before Flop (didn't bet)
Seat 2: LuckyShikari folded before Flop (didn't bet)
Seat 3: mironchikvld folded before Flop (didn't bet)
Seat 4: steelNike (button) folded before Flop
Seat 5: Rysiff (small blind) collected ($6)
Seat 6: wuzzza1744 (big blind) folded before Flop



PokerStars Hand #254426150202:  Hold'em No Limit ($0.50/$1.00 USD) - 2025/01/17 3:38:37 WET [2025/01/17 22:38:37 ET]
Table 'Achernar III' 6-max Seat #5 is the button
Seat 6: wuzzza1744 ($117.88 in chips) is sitting out
Seat 1: rostickkin ($101.50 in chips) 
Seat 2: LuckyShikari ($120.80 in chips) 
Seat 3: mironchikvld ($106.51 in chips) 
Seat 4: steelNike ($129.96 in chips) 
Seat 5: Rysiff ($166.93 in chips) 
rostickkin: posts small blind $0.50
LuckyShikari: posts big blind $1
*** HOLE CARDS ***
mironchikvld: folds 
steelNike: raises $1.30 to $2.30
Rysiff: folds 
rostickkin: folds 
LuckyShikari: calls $1.30
*** FLOP *** [4h 4s 6d]
LuckyShikari: checks 
steelNike: bets $1.21
LuckyShikari: folds 
Uncalled bet ($1.21) returned to steelNike
steelNike collected $4.84 from pot
*** SUMMARY ***
Total pot $5.10 | Rake $0.26 
Board [4h 4s 6d]
Seat 6: wuzzza1744
Seat 1: rostickkin (small blind) folded before Flop
Seat 2: LuckyShikari (big blind) folded on the Flop
Seat 3: mironchikvld folded before Flop (didn't bet)
Seat 4: steelNike collected ($4.84)
Seat 5: Rysiff (button) folded before Flop (didn't bet)



PokerStars Hand #254426155367:  Hold'em No Limit ($0.50/$1.00 USD) - 2025/01/17 3:39:16 WET [2025/01/17 22:39:16 ET]
Table 'Achernar III' 6-max Seat #1 is the button
Seat 6: wuzzza1744 ($117.88 in chips) is sitting out
Seat 1: rostickkin ($101 in chips) 
Seat 2: LuckyShikari ($118.50 in chips) 
Seat 3: mironchikvld ($106.51 in chips) 
Seat 4: steelNike ($132.50 in chips) 
Seat 5: Rysiff ($166.93 in chips) 
LuckyShikari: posts small blind $0.50
mironchikvld: posts big blind $1
wuzzza1744: sits out 
*** HOLE CARDS ***
steelNike: folds 
Rysiff: folds 
rostickkin: raises $1.50 to $2.50
LuckyShikari: folds 
mironchikvld: calls $1.50
*** FLOP *** [9s 4c Jd]
mironchikvld: checks 
rostickkin: bets $1.77
mironchikvld: folds 
Uncalled bet ($1.77) returned to rostickkin
rostickkin collected $5.22 from pot
rostickkin: doesn't show hand 
*** SUMMARY ***
Total pot $5.50 | Rake $0.28 
Board [9s 4c Jd]
Seat 6: wuzzza1744
Seat 1: rostickkin (button) collected ($5.22)
Seat 2: LuckyShikari (small blind) folded before Flop
Seat 3: mironchikvld (big blind) folded on the Flop
Seat 4: steelNike folded before Flop (didn't bet)
Seat 5: Rysiff folded before Flop (didn't bet)



PokerStars Hand #254426162449:  Hold'em No Limit ($0.50/$1.00 USD) - 2025/01/17 3:40:08 WET [2025/01/17 22:40:08 ET]
Table 'Achernar III' 6-max Seat #2 is the button
Seat 1: rostickkin ($103.72 in chips) 
Seat 2: LuckyShikari ($118 in chips) 
Seat 3: mironchikvld ($104.01 in chips) 
Seat 4: steelNike ($132.50 in chips) 
Seat 5: Rysiff ($166.93 in chips) 
Seat 6: wuzzza1744 ($117.88 in chips) 
mironchikvld: posts small blind $0.50
steelNike: posts big blind $1
wuzzza1744: posts small blind $0.50
*** HOLE CARDS ***
Rysiff: folds 
wuzzza1744: calls $1
rostickkin: raises $3 to $4
LuckyShikari: folds 
mironchikvld: folds 
steelNike: folds 
wuzzza1744: folds 
Uncalled bet ($3) returned to rostickkin
rostickkin collected $4 from pot
rostickkin: doesn't show hand 
*** SUMMARY ***
Total pot $4 | Rake $0 
Seat 1: rostickkin collected ($4)
Seat 2: LuckyShikari (button) folded before Flop (didn't bet)
Seat 3: mironchikvld (small blind) folded before Flop
Seat 4: steelNike (big blind) folded before Flop
Seat 5: Rysiff folded before Flop (didn't bet)
Seat 6: wuzzza1744 folded before Flop



PokerStars Hand #254426165654:  Hold'em No Limit ($0.50/$1.00 USD) - 2025/01/17 3:40:32 WET [2025/01/17 22:40:32 ET]
Table 'Achernar III' 6-max Seat #3 is the button
Seat 1: rostickkin ($106.72 in chips) 
Seat 2: LuckyShikari ($118 in chips) 
Seat 3: mironchikvld ($103.51 in chips) 
Seat 4: steelNike ($131.50 in chips) 
Seat 5: Rysiff ($166.93 in chips) 
Seat 6: wuzzza1744 ($116.38 in chips) 
steelNike: posts small blind $0.50
Rysiff: posts big blind $1
*** HOLE CARDS ***
wuzzza1744: calls $1
rostickkin: folds 
LuckyShikari: folds 
mironchikvld: raises $3 to $4
steelNike: raises $10.50 to $14.50
Rysiff: folds 
wuzzza1744: folds 
mironchikvld: folds 
Uncalled bet ($10.50) returned to steelNike
steelNike collected $10 from pot
*** SUMMARY ***
Total pot $10 | Rake $0 
Seat 1: rostickkin folded before Flop (didn't bet)
Seat 2: LuckyShikari folded before Flop (didn't bet)
Seat 3: mironchikvld (button) folded before Flop
Seat 4: steelNike (small blind) collected ($10)
Seat 5: Rysiff (big blind) folded before Flop
Seat 6: wuzzza1744 folded before Flop



PokerStars Hand #254426173597:  Hold'em No Limit ($0.50/$1.00 USD) - 2025/01/17 3:41:30 WET [2025/01/17 22:41:30 ET]
Table 'Achernar III' 6-max Seat #4 is the button
Seat 1: rostickkin ($106.72 in chips) 
Seat 2: LuckyShikari ($118 in chips) 
Seat 3: mironchikvld ($100 in chips) 
Seat 4: steelNike ($137.50 in chips) 
Seat 5: Rysiff ($165.93 in chips) 
Seat 6: wuzzza1744 ($115.38 in chips) 
Rysiff: posts small blind $0.50
wuzzza1744: posts big blind $1
*** HOLE CARDS ***
rostickkin: folds 
LuckyShikari: folds 
mironchikvld: raises $2 to $3
steelNike: raises $5.50 to $8.50
Rysiff: folds 
wuzzza1744: folds 
mironchikvld: folds 
Uncalled bet ($5.50) returned to steelNike
steelNike collected $7.50 from pot
*** SUMMARY ***
Total pot $7.50 | Rake $0 
Seat 1: rostickkin folded before Flop (didn't bet)
Seat 2: LuckyShikari folded before Flop (didn't bet)
Seat 3: mironchikvld folded before Flop
Seat 4: steelNike (button) collected ($7.50)
Seat 5: Rysiff (small blind) folded before Flop
Seat 6: wuzzza1744 (big blind) folded before Flop



PokerStars Hand #254426179027:  Hold'em No Limit ($0.50/$1.00 USD) - 2025/01/17 3:42:09 WET [2025/01/17 22:42:09 ET]
Table 'Achernar III' 6-max Seat #5 is the button
Seat 1: rostickkin ($106.72 in chips) 
Seat 2: LuckyShikari ($118 in chips) 
Seat 3: mironchikvld ($100 in chips) 
Seat 4: steelNike ($142 in chips) 
Seat 5: Rysiff ($165.43 in chips) 
Seat 6: wuzzza1744 ($114.38 in chips) 
wuzzza1744: posts small blind $0.50
rostickkin: posts big blind $1
*** HOLE CARDS ***
LuckyShikari: folds 
mironchikvld: folds 
steelNike: folds 
Rysiff: raises $1.50 to $2.50
wuzzza1744: calls $2
rostickkin: folds 
*** FLOP *** [5h 6s As]
wuzzza1744: checks 
Rysiff: bets $4.56
wuzzza1744: folds 
Uncalled bet ($4.56) returned to Rysiff
Rysiff collected $5.70 from pot
Rysiff: doesn't show hand 
*** SUMMARY ***
Total pot $6 | Rake $0.30 
Board [5h 6s As]
Seat 1: rostickkin (big blind) folded before Flop
Seat 2: LuckyShikari folded before Flop (didn't bet)
Seat 3: mironchikvld folded before Flop (didn't bet)
Seat 4: steelNike folded before Flop (didn't bet)
Seat 5: Rysiff (button) collected ($5.70)
Seat 6: wuzzza1744 (small blind) folded on the Flop



PokerStars Hand #254426182510:  Hold'em No Limit ($0.50/$1.00 USD) - 2025/01/17 3:42:35 WET [2025/01/17 22:42:35 ET]
Table 'Achernar III' 6-max Seat #6 is the button
Seat 1: rostickkin ($105.72 in chips) 
Seat 2: LuckyShikari ($118 in chips) 
Seat 3: mironchikvld ($100 in chips) 
Seat 4: steelNike ($142 in chips) 
Seat 5: Rysiff ($168.63 in chips) 
Seat 6: wuzzza1744 ($111.88 in chips) 
rostickkin: posts small blind $0.50
LuckyShikari: posts big blind $1
*** HOLE CARDS ***
mironchikvld: folds 
steelNike: folds 
Rysiff: folds 
wuzzza1744: raises $1 to $2
rostickkin: folds 
LuckyShikari: calls $1
*** FLOP *** [Qs Ah 3d]
LuckyShikari: checks 
wuzzza1744: checks 
*** TURN *** [Qs Ah 3d] [4h]
LuckyShikari: checks 
wuzzza1744: checks 
*** RIVER *** [Qs Ah 3d 4h] [Ts]
LuckyShikari: checks 
wuzzza1744: checks 
*** SHOW DOWN ***
LuckyShikari: shows [6d 4c] (a pair of Fours)
wuzzza1744: mucks hand 
LuckyShikari collected $4.28 from pot
*** SUMMARY ***
Total pot $4.50 | Rake $0.22 
Board [Qs Ah 3d 4h Ts]
Seat 1: rostickkin (small blind) folded before Flop
Seat 2: LuckyShikari (big blind) showed [6d 4c] and won ($4.28) with a pair of Fours
Seat 3: mironchikvld folded before Flop (didn't bet)
Seat 4: steelNike folded before Flop (didn't bet)
Seat 5: Rysiff folded before Flop (didn't bet)
Seat 6: wuzzza1744 (button) mucked



PokerStars Hand #254426188015:  Hold'em No Limit ($0.50/$1.00 USD) - 2025/01/17 3:43:16 WET [2025/01/17 22:43:16 ET]
Table 'Achernar III' 6-max Seat #1 is the button
Seat 1: rostickkin ($105.22 in chips) 
Seat 2: LuckyShikari ($120.28 in chips) 
Seat 3: mironchikvld ($100 in chips) 
Seat 4: steelNike ($142 in chips) 
Seat 5: Rysiff ($168.63 in chips) 
Seat 6: wuzzza1744 ($109.88 in chips) 
LuckyShikari: posts small blind $0.50
mironchikvld: posts big blind $1
*** HOLE CARDS ***
steelNike: folds 
Rysiff: folds 
wuzzza1744: raises $1 to $2
rostickkin: folds 
LuckyShikari: folds 
mironchikvld: folds 
Uncalled bet ($1) returned to wuzzza1744
wuzzza1744 collected $2.50 from pot
*** SUMMARY ***
Total pot $2.50 | Rake $0 
Seat 1: rostickkin (button) folded before Flop (didn't bet)
Seat 2: LuckyShikari (small blind) folded before Flop
Seat 3: mironchikvld (big blind) folded before Flop
Seat 4: steelNike folded before Flop (didn't bet)
Seat 5: Rysiff folded before Flop (didn't bet)
Seat 6: wuzzza1744 collected ($2.50)



