PokerStars Hand #254414258007:  Hold'em No Limit ($0.50/$1.00 USD) - 2025/01/17 14:31:02 WET [2025/01/17 9:31:02 ET]
Table 'Fogelin III' 6-max Seat #5 is the button
Seat 1: vikonda85 ($100 in chips) 
Seat 3: perketti ($100 in chips) 
Seat 5: Supermegopro ($100 in chips) 
vikonda85: posts small blind $0.50
perketti: posts big blind $1
*** HOLE CARDS ***
Supermegopro: raises $1.50 to $2.50
vikonda85: folds 
perketti: folds 
Uncalled bet ($1.50) returned to Supermegopro
Supermegopro collected $2.50 from pot
Supermegopro: doesn't show hand 
*** SUMMARY ***
Total pot $2.50 | Rake $0 
Seat 1: vikonda85 (small blind) folded before Flop
Seat 3: perketti (big blind) folded before Flop
Seat 5: Supermegopro (button) collected ($2.50)



PokerStars Hand #254414259625:  Hold'em No Limit ($0.50/$1.00 USD) - 2025/01/17 14:31:11 WET [2025/01/17 9:31:11 ET]
Table 'Fogelin III' 6-max Seat #1 is the button
Seat 1: vikonda85 ($100 in chips) 
Seat 3: perketti ($99 in chips) 
Seat 5: Supermegopro ($101.50 in chips) 
perketti: posts small blind $0.50
Supermegopro: posts big blind $1
*** HOLE CARDS ***
MauriFierro27 joins the table at seat #4 
vikonda85: folds 
perketti: folds 
Uncalled bet ($0.50) returned to Supermegopro
Supermegopro collected $1 from pot
Supermegopro: doesn't show hand 
*** SUMMARY ***
Total pot $1 | Rake $0 
Seat 1: vikonda85 (button) folded before Flop (didn't bet)
Seat 3: perketti (small blind) folded before Flop
Seat 5: Supermegopro (big blind) collected ($1)



PokerStars Hand #254414261290:  Hold'em No Limit ($0.50/$1.00 USD) - 2025/01/17 14:31:20 WET [2025/01/17 9:31:20 ET]
Table 'Fogelin III' 6-max Seat #3 is the button
Seat 4: MauriFierro27 ($100 in chips) is sitting out
Seat 1: vikonda85 ($100 in chips) 
Seat 3: perketti ($98.50 in chips) 
Seat 5: Supermegopro ($102 in chips) 
Supermegopro: posts small blind $0.50
vikonda85: posts big blind $1
*** HOLE CARDS ***
perketti: raises $2 to $3
Supermegopro: folds 
vikonda85: calls $2
*** FLOP *** [7h Kd Td]
Pippa83 joins the table at seat #6 
vikonda85: checks 
value_ftw joins the table at seat #2 
perketti: bets $4.08
vikonda85: folds 
Uncalled bet ($4.08) returned to perketti
perketti collected $6.18 from pot
perketti: doesn't show hand 
*** SUMMARY ***
Total pot $6.50 | Rake $0.32 
Board [7h Kd Td]
Seat 4: MauriFierro27
Seat 1: vikonda85 (big blind) folded on the Flop
Seat 3: perketti (button) collected ($6.18)
Seat 5: Supermegopro (small blind) folded before Flop



PokerStars Hand #254414265311:  Hold'em No Limit ($0.50/$1.00 USD) - 2025/01/17 14:31:42 WET [2025/01/17 9:31:42 ET]
Table 'Fogelin III' 6-max Seat #5 is the button
Seat 4: MauriFierro27 ($100 in chips) is sitting out
Seat 6: Pippa83 ($100 in chips) is sitting out
Seat 1: vikonda85 ($100 in chips) 
Seat 2: value_ftw ($100 in chips) 
Seat 3: perketti ($101.68 in chips) 
Seat 5: Supermegopro ($101.50 in chips) 
vikonda85: posts small blind $0.50
value_ftw: posts big blind $1
MauriFierro27: sits out 
*** HOLE CARDS ***
perketti: calls $1
Supermegopro: folds 
vikonda85: folds 
value_ftw: checks 
*** FLOP *** [7s 6d 4d]
value_ftw: bets $1
perketti: raises $2 to $3
value_ftw: calls $2
*** TURN *** [7s 6d 4d] [5d]
value_ftw: checks 
perketti: bets $5.33
value_ftw: folds 
Uncalled bet ($5.33) returned to perketti
perketti collected $8.08 from pot
perketti: doesn't show hand 
*** SUMMARY ***
Total pot $8.50 | Rake $0.42 
Board [7s 6d 4d 5d]
Seat 4: MauriFierro27
Seat 6: Pippa83
Seat 1: vikonda85 (small blind) folded before Flop
Seat 2: value_ftw (big blind) folded on the Turn
Seat 3: perketti collected ($8.08)
Seat 5: Supermegopro (button) folded before Flop (didn't bet)



PokerStars Hand #254414271965:  Hold'em No Limit ($0.50/$1.00 USD) - 2025/01/17 14:32:19 WET [2025/01/17 9:32:19 ET]
Table 'Fogelin III' 6-max Seat #1 is the button
Seat 4: MauriFierro27 ($100 in chips) is sitting out
Seat 6: Pippa83 ($100 in chips) is sitting out
Seat 1: vikonda85 ($100 in chips) 
Seat 2: value_ftw ($100 in chips) 
Seat 3: perketti ($105.76 in chips) 
Seat 5: Supermegopro ($101.50 in chips) 
value_ftw: posts small blind $0.50
perketti: posts big blind $1
MauriFierro27: sits out 
Pippa83: sits out 
*** HOLE CARDS ***
Supermegopro: folds 
vikonda85: folds 
value_ftw: raises $2 to $3
perketti: calls $2
*** FLOP *** [Kc 4h 9c]
value_ftw: checks 
perketti: checks 
*** TURN *** [Kc 4h 9c] [As]
value_ftw: bets $8.55
perketti: folds 
Uncalled bet ($8.55) returned to value_ftw
value_ftw collected $5.70 from pot
value_ftw: doesn't show hand 
*** SUMMARY ***
Total pot $6 | Rake $0.30 
Board [Kc 4h 9c As]
Seat 4: MauriFierro27
Seat 6: Pippa83
Seat 1: vikonda85 (button) folded before Flop (didn't bet)
Seat 2: value_ftw (small blind) collected ($5.70)
Seat 3: perketti (big blind) folded on the Turn
Seat 5: Supermegopro folded before Flop (didn't bet)



PokerStars Hand #254414279263:  Hold'em No Limit ($0.50/$1.00 USD) - 2025/01/17 14:32:59 WET [2025/01/17 9:32:59 ET]
Table 'Fogelin III' 6-max Seat #2 is the button
Seat 6: Pippa83 ($100 in chips) is sitting out
Seat 1: vikonda85 ($100 in chips) 
Seat 2: value_ftw ($102.70 in chips) 
Seat 3: perketti ($102.76 in chips) 
Seat 4: MauriFierro27 ($100 in chips) 
Seat 5: Supermegopro ($101.50 in chips) 
perketti: posts small blind $0.50
MauriFierro27: posts big blind $1
Pippa83: sits out 
*** HOLE CARDS ***
Supermegopro: folds 
vikonda85: folds 
value_ftw: folds 
perketti: raises $2 to $3
MauriFierro27: calls $2
*** FLOP *** [Kh Kc 6c]
perketti: bets $3.76
MauriFierro27: folds 
Uncalled bet ($3.76) returned to perketti
perketti collected $5.70 from pot
perketti: doesn't show hand 
*** SUMMARY ***
Total pot $6 | Rake $0.30 
Board [Kh Kc 6c]
Seat 6: Pippa83
Seat 1: vikonda85 folded before Flop (didn't bet)
Seat 2: value_ftw (button) folded before Flop (didn't bet)
Seat 3: perketti (small blind) collected ($5.70)
Seat 4: MauriFierro27 (big blind) folded on the Flop
Seat 5: Supermegopro folded before Flop (didn't bet)



PokerStars Hand #254414283815:  Hold'em No Limit ($0.50/$1.00 USD) - 2025/01/17 14:33:24 WET [2025/01/17 9:33:24 ET]
Table 'Fogelin III' 6-max Seat #3 is the button
Seat 6: Pippa83 ($100 in chips) is sitting out
Seat 1: vikonda85 ($100 in chips) 
Seat 2: value_ftw ($102.70 in chips) 
Seat 3: perketti ($105.46 in chips) 
Seat 4: MauriFierro27 ($100 in chips) 
Seat 5: Supermegopro ($101.50 in chips) 
MauriFierro27: posts small blind $0.50
Supermegopro: posts big blind $1
Pippa83: sits out 
*** HOLE CARDS ***
vikonda85: folds 
value_ftw: folds 
perketti: raises $2 to $3
MauriFierro27: folds 
Supermegopro: calls $2
*** FLOP *** [3d 4d 7s]
Supermegopro: checks 
perketti: bets $4.08
Supermegopro: folds 
Uncalled bet ($4.08) returned to perketti
perketti collected $6.18 from pot
perketti: doesn't show hand 
*** SUMMARY ***
Total pot $6.50 | Rake $0.32 
Board [3d 4d 7s]
Seat 6: Pippa83
Seat 1: vikonda85 folded before Flop (didn't bet)
Seat 2: value_ftw folded before Flop (didn't bet)
Seat 3: perketti (button) collected ($6.18)
Seat 4: MauriFierro27 (small blind) folded before Flop
Seat 5: Supermegopro (big blind) folded on the Flop



PokerStars Hand #254414288726:  Hold'em No Limit ($0.50/$1.00 USD) - 2025/01/17 14:33:50 WET [2025/01/17 9:33:50 ET]
Table 'Fogelin III' 6-max Seat #4 is the button
Seat 1: vikonda85 ($100 in chips) 
Seat 2: value_ftw ($102.70 in chips) 
Seat 3: perketti ($108.64 in chips) 
Seat 4: MauriFierro27 ($100 in chips) 
Seat 5: Supermegopro ($100 in chips) 
Seat 6: Pippa83 ($100 in chips) 
Supermegopro: posts small blind $0.50
Pippa83: posts big blind $1
*** HOLE CARDS ***
vikonda85: folds 
value_ftw: folds 
perketti: raises $1 to $2
MauriFierro27: folds 
Supermegopro: raises $6 to $8
Pippa83: folds 
perketti: folds 
Uncalled bet ($6) returned to Supermegopro
Supermegopro collected $5 from pot
Supermegopro: doesn't show hand 
*** SUMMARY ***
Total pot $5 | Rake $0 
Seat 1: vikonda85 folded before Flop (didn't bet)
Seat 2: value_ftw folded before Flop (didn't bet)
Seat 3: perketti folded before Flop
Seat 4: MauriFierro27 (button) folded before Flop (didn't bet)
Seat 5: Supermegopro (small blind) collected ($5)
Seat 6: Pippa83 (big blind) folded before Flop



PokerStars Hand #254414292794:  Hold'em No Limit ($0.50/$1.00 USD) - 2025/01/17 14:34:13 WET [2025/01/17 9:34:13 ET]
Table 'Fogelin III' 6-max Seat #5 is the button
Seat 1: vikonda85 ($100 in chips) 
Seat 2: value_ftw ($102.70 in chips) 
Seat 3: perketti ($106.64 in chips) 
Seat 4: MauriFierro27 ($100 in chips) 
Seat 5: Supermegopro ($103 in chips) 
Seat 6: Pippa83 ($100 in chips) 
Pippa83: posts small blind $0.50
vikonda85: posts big blind $1
*** HOLE CARDS ***
value_ftw: folds 
perketti: raises $2 to $3
MauriFierro27: folds 
Supermegopro: folds 
Pippa83: folds 
vikonda85: calls $2
*** FLOP *** [Ad 8s 9d]
vikonda85: checks 
perketti: bets $4.08
vikonda85: folds 
Uncalled bet ($4.08) returned to perketti
perketti collected $6.18 from pot
perketti: doesn't show hand 
*** SUMMARY ***
Total pot $6.50 | Rake $0.32 
Board [Ad 8s 9d]
Seat 1: vikonda85 (big blind) folded on the Flop
Seat 2: value_ftw folded before Flop (didn't bet)
Seat 3: perketti collected ($6.18)
Seat 4: MauriFierro27 folded before Flop (didn't bet)
Seat 5: Supermegopro (button) folded before Flop (didn't bet)
Seat 6: Pippa83 (small blind) folded before Flop



PokerStars Hand #254414298767:  Hold'em No Limit ($0.50/$1.00 USD) - 2025/01/17 14:34:45 WET [2025/01/17 9:34:45 ET]
Table 'Fogelin III' 6-max Seat #6 is the button
Seat 1: vikonda85 ($100 in chips) 
Seat 2: value_ftw ($102.70 in chips) 
Seat 3: perketti ($109.82 in chips) 
Seat 4: MauriFierro27 ($100 in chips) 
Seat 5: Supermegopro ($103 in chips) 
Seat 6: Pippa83 ($100 in chips) 
vikonda85: posts small blind $0.50
value_ftw: posts big blind $1
*** HOLE CARDS ***
perketti: folds 
MauriFierro27: folds 
Supermegopro: raises $1.50 to $2.50
Pippa83: folds 
vikonda85: folds 
value_ftw: calls $1.50
*** FLOP *** [9d 2s 4h]
value_ftw: checks 
Supermegopro: bets $3.48
value_ftw: folds 
Uncalled bet ($3.48) returned to Supermegopro
Supermegopro collected $5.22 from pot
Supermegopro: doesn't show hand 
*** SUMMARY ***
Total pot $5.50 | Rake $0.28 
Board [9d 2s 4h]
Seat 1: vikonda85 (small blind) folded before Flop
Seat 2: value_ftw (big blind) folded on the Flop
Seat 3: perketti folded before Flop (didn't bet)
Seat 4: MauriFierro27 folded before Flop (didn't bet)
Seat 5: Supermegopro collected ($5.22)
Seat 6: Pippa83 (button) folded before Flop (didn't bet)



PokerStars Hand #254414304849:  Hold'em No Limit ($0.50/$1.00 USD) - 2025/01/17 14:35:18 WET [2025/01/17 9:35:18 ET]
Table 'Fogelin III' 6-max Seat #1 is the button
Seat 1: vikonda85 ($100 in chips) 
Seat 2: value_ftw ($100.20 in chips) 
Seat 3: perketti ($109.82 in chips) 
Seat 4: MauriFierro27 ($100 in chips) 
Seat 5: Supermegopro ($105.72 in chips) 
Seat 6: Pippa83 ($100 in chips) 
value_ftw: posts small blind $0.50
perketti: posts big blind $1
*** HOLE CARDS ***
MauriFierro27: folds 
Supermegopro: folds 
Pippa83: raises $1.50 to $2.50
vikonda85: folds 
value_ftw: folds 
perketti: raises $6.50 to $9
Pippa83: raises $13.50 to $22.50
perketti: folds 
Uncalled bet ($13.50) returned to Pippa83
Pippa83 collected $18.50 from pot
Pippa83: doesn't show hand 
*** SUMMARY ***
Total pot $18.50 | Rake $0 
Seat 1: vikonda85 (button) folded before Flop (didn't bet)
Seat 2: value_ftw (small blind) folded before Flop
Seat 3: perketti (big blind) folded before Flop
Seat 4: MauriFierro27 folded before Flop (didn't bet)
Seat 5: Supermegopro folded before Flop (didn't bet)
Seat 6: Pippa83 collected ($18.50)



PokerStars Hand #254414312024:  Hold'em No Limit ($0.50/$1.00 USD) - 2025/01/17 14:35:57 WET [2025/01/17 9:35:57 ET]
Table 'Fogelin III' 6-max Seat #2 is the button
Seat 1: vikonda85 ($100 in chips) 
Seat 2: value_ftw ($100 in chips) 
Seat 3: perketti ($100.82 in chips) 
Seat 4: MauriFierro27 ($100 in chips) 
Seat 5: Supermegopro ($105.72 in chips) 
Seat 6: Pippa83 ($109.50 in chips) 
perketti: posts small blind $0.50
MauriFierro27: posts big blind $1
*** HOLE CARDS ***
Supermegopro: folds 
Pippa83: raises $1.20 to $2.20
vikonda85: folds 
value_ftw: folds 
perketti: calls $1.70
MauriFierro27: folds 
*** FLOP *** [8s 8c Jc]
perketti: checks 
Pippa83: checks 
*** TURN *** [8s 8c Jc] [3h]
perketti: checks 
Pippa83: bets $1.69
perketti: raises $4.62 to $6.31
Pippa83: calls $4.62
*** RIVER *** [8s 8c Jc 3h] [2s]
perketti: bets $11.30
Pippa83: calls $11.30
*** SHOW DOWN ***
perketti: shows [7s Ks] (a pair of Eights)
Pippa83: shows [7h 7c] (two pair, Eights and Sevens)
Pippa83 collected $38.59 from pot
*** SUMMARY ***
Total pot $40.62 | Rake $2.03 
Board [8s 8c Jc 3h 2s]
Seat 1: vikonda85 folded before Flop (didn't bet)
Seat 2: value_ftw (button) folded before Flop (didn't bet)
Seat 3: perketti (small blind) showed [7s Ks] and lost with a pair of Eights
Seat 4: MauriFierro27 (big blind) folded before Flop
Seat 5: Supermegopro folded before Flop (didn't bet)
Seat 6: Pippa83 showed [7h 7c] and won ($38.59) with two pair, Eights and Sevens



PokerStars Hand #254414322101:  Hold'em No Limit ($0.50/$1.00 USD) - 2025/01/17 14:36:52 WET [2025/01/17 9:36:52 ET]
Table 'Fogelin III' 6-max Seat #3 is the button
Seat 1: vikonda85 ($100 in chips) 
Seat 2: value_ftw ($100 in chips) 
Seat 3: perketti ($81.01 in chips) 
Seat 4: MauriFierro27 ($100 in chips) 
Seat 5: Supermegopro ($105.72 in chips) 
Seat 6: Pippa83 ($128.28 in chips) 
MauriFierro27: posts small blind $0.50
Supermegopro: posts big blind $1
*** HOLE CARDS ***
Pippa83: folds 
vikonda85: folds 
value_ftw: raises $1.20 to $2.20
perketti: raises $5.90 to $8.10
MauriFierro27: folds 
Supermegopro: folds 
value_ftw: folds 
Uncalled bet ($5.90) returned to perketti
perketti collected $5.90 from pot
perketti: doesn't show hand 
*** SUMMARY ***
Total pot $5.90 | Rake $0 
Seat 1: vikonda85 folded before Flop (didn't bet)
Seat 2: value_ftw folded before Flop
Seat 3: perketti (button) collected ($5.90)
Seat 4: MauriFierro27 (small blind) folded before Flop
Seat 5: Supermegopro (big blind) folded before Flop
Seat 6: Pippa83 folded before Flop (didn't bet)



PokerStars Hand #254414326566:  Hold'em No Limit ($0.50/$1.00 USD) - 2025/01/17 14:37:17 WET [2025/01/17 9:37:17 ET]
Table 'Fogelin III' 6-max Seat #4 is the button
Seat 1: vikonda85 ($100 in chips) 
Seat 2: value_ftw ($100 in chips) 
Seat 3: perketti ($84.71 in chips) 
Seat 4: MauriFierro27 ($100 in chips) 
Seat 5: Supermegopro ($104.72 in chips) 
Seat 6: Pippa83 ($128.28 in chips) 
Supermegopro: posts small blind $0.50
Pippa83: posts big blind $1
*** HOLE CARDS ***
vikonda85: folds 
value_ftw: folds 
perketti: raises $2.50 to $3.50
MauriFierro27: folds 
Supermegopro: folds 
Pippa83: folds 
Uncalled bet ($2.50) returned to perketti
perketti collected $2.50 from pot
perketti: doesn't show hand 
*** SUMMARY ***
Total pot $2.50 | Rake $0 
Seat 1: vikonda85 folded before Flop (didn't bet)
Seat 2: value_ftw folded before Flop (didn't bet)
Seat 3: perketti collected ($2.50)
Seat 4: MauriFierro27 (button) folded before Flop (didn't bet)
Seat 5: Supermegopro (small blind) folded before Flop
Seat 6: Pippa83 (big blind) folded before Flop



PokerStars Hand #254414330136:  Hold'em No Limit ($0.50/$1.00 USD) - 2025/01/17 14:37:36 WET [2025/01/17 9:37:36 ET]
Table 'Fogelin III' 6-max Seat #5 is the button
Seat 1: vikonda85 ($100 in chips) 
Seat 2: value_ftw ($100 in chips) 
Seat 3: perketti ($86.21 in chips) 
Seat 4: MauriFierro27 ($100 in chips) 
Seat 5: Supermegopro ($104.22 in chips) 
Seat 6: Pippa83 ($127.28 in chips) 
Pippa83: posts small blind $0.50
vikonda85: posts big blind $1
*** HOLE CARDS ***
value_ftw: raises $1.20 to $2.20
perketti: folds 
MauriFierro27: folds 
Supermegopro: folds 
Pippa83: folds 
vikonda85: folds 
Uncalled bet ($1.20) returned to value_ftw
value_ftw collected $2.50 from pot
value_ftw: doesn't show hand 
*** SUMMARY ***
Total pot $2.50 | Rake $0 
Seat 1: vikonda85 (big blind) folded before Flop
Seat 2: value_ftw collected ($2.50)
Seat 3: perketti folded before Flop (didn't bet)
Seat 4: MauriFierro27 folded before Flop (didn't bet)
Seat 5: Supermegopro (button) folded before Flop (didn't bet)
Seat 6: Pippa83 (small blind) folded before Flop



PokerStars Hand #254414332578:  Hold'em No Limit ($0.50/$1.00 USD) - 2025/01/17 14:37:50 WET [2025/01/17 9:37:50 ET]
Table 'Fogelin III' 6-max Seat #6 is the button
Seat 1: vikonda85 ($100 in chips) 
Seat 2: value_ftw ($101.50 in chips) 
Seat 3: perketti ($86.21 in chips) 
Seat 4: MauriFierro27 ($100 in chips) 
Seat 5: Supermegopro ($104.22 in chips) 
Seat 6: Pippa83 ($126.78 in chips) 
vikonda85: posts small blind $0.50
value_ftw: posts big blind $1
*** HOLE CARDS ***
perketti: raises $2 to $3
MauriFierro27: folds 
Supermegopro: folds 
Pippa83: folds 
vikonda85: folds 
value_ftw: folds 
Uncalled bet ($2) returned to perketti
perketti collected $2.50 from pot
perketti: doesn't show hand 
*** SUMMARY ***
Total pot $2.50 | Rake $0 
Seat 1: vikonda85 (small blind) folded before Flop
Seat 2: value_ftw (big blind) folded before Flop
Seat 3: perketti collected ($2.50)
Seat 4: MauriFierro27 folded before Flop (didn't bet)
Seat 5: Supermegopro folded before Flop (didn't bet)
Seat 6: Pippa83 (button) folded before Flop (didn't bet)



PokerStars Hand #254414334409:  Hold'em No Limit ($0.50/$1.00 USD) - 2025/01/17 14:38:00 WET [2025/01/17 9:38:00 ET]
Table 'Fogelin III' 6-max Seat #1 is the button
Seat 3: perketti ($87.71 in chips) is sitting out
Seat 1: vikonda85 ($100 in chips) 
Seat 2: value_ftw ($100.50 in chips) 
Seat 4: MauriFierro27 ($100 in chips) 
Seat 5: Supermegopro ($104.22 in chips) 
Seat 6: Pippa83 ($126.78 in chips) 
value_ftw: posts small blind $0.50
perketti: is sitting out 
MauriFierro27: posts big blind $1
*** HOLE CARDS ***
Supermegopro: folds 
perketti leaves the table
Pippa83: folds 
vikonda85: raises $1.50 to $2.50
value_ftw: folds 
MauriFierro27: folds 
Uncalled bet ($1.50) returned to vikonda85
vikonda85 collected $2.50 from pot
vikonda85: doesn't show hand 
*** SUMMARY ***
Total pot $2.50 | Rake $0 
Seat 3: perketti
Seat 1: vikonda85 (button) collected ($2.50)
Seat 2: value_ftw (small blind) folded before Flop
Seat 4: MauriFierro27 (big blind) folded before Flop
Seat 5: Supermegopro folded before Flop (didn't bet)
Seat 6: Pippa83 folded before Flop (didn't bet)



PokerStars Hand #254414339144:  Hold'em No Limit ($0.50/$1.00 USD) - 2025/01/17 14:38:25 WET [2025/01/17 9:38:25 ET]
Table 'Fogelin III' 6-max Seat #2 is the button
Seat 1: vikonda85 ($101.50 in chips) 
Seat 2: value_ftw ($100 in chips) 
Seat 4: MauriFierro27 ($100 in chips) 
Seat 5: Supermegopro ($104.22 in chips) 
Seat 6: Pippa83 ($126.78 in chips) 
MauriFierro27: posts small blind $0.50
Supermegopro: posts big blind $1
*** HOLE CARDS ***
Pippa83: folds 
vikonda85: folds 
value_ftw: folds 
MauriFierro27: folds 
Uncalled bet ($0.50) returned to Supermegopro
Supermegopro collected $1 from pot
Supermegopro: doesn't show hand 
*** SUMMARY ***
Total pot $1 | Rake $0 
Seat 1: vikonda85 folded before Flop (didn't bet)
Seat 2: value_ftw (button) folded before Flop (didn't bet)
Seat 4: MauriFierro27 (small blind) folded before Flop
Seat 5: Supermegopro (big blind) collected ($1)
Seat 6: Pippa83 folded before Flop (didn't bet)



PokerStars Hand #254414342314:  Hold'em No Limit ($0.50/$1.00 USD) - 2025/01/17 14:38:42 WET [2025/01/17 9:38:42 ET]
Table 'Fogelin III' 6-max Seat #4 is the button
Seat 1: vikonda85 ($101.50 in chips) 
Seat 2: value_ftw ($100 in chips) 
Seat 4: MauriFierro27 ($100 in chips) 
Seat 5: Supermegopro ($104.72 in chips) 
Seat 6: Pippa83 ($126.78 in chips) 
Supermegopro: posts small blind $0.50
Pippa83: posts big blind $1
*** HOLE CARDS ***
vikonda85: folds 
value_ftw: raises $1.20 to $2.20
MauriFierro27: folds 
Supermegopro: calls $1.70
Pippa83: raises $11.30 to $13.50
value_ftw: raises $86.50 to $100 and is all-in
Supermegopro: folds 
Pippa83: folds 
Uncalled bet ($86.50) returned to value_ftw
value_ftw collected $29.20 from pot
value_ftw: doesn't show hand 
*** SUMMARY ***
Total pot $29.20 | Rake $0 
Seat 1: vikonda85 folded before Flop (didn't bet)
Seat 2: value_ftw collected ($29.20)
Seat 4: MauriFierro27 (button) folded before Flop (didn't bet)
Seat 5: Supermegopro (small blind) folded before Flop
Seat 6: Pippa83 (big blind) folded before Flop



PokerStars Hand #254414350873:  Hold'em No Limit ($0.50/$1.00 USD) - 2025/01/17 14:39:28 WET [2025/01/17 9:39:28 ET]
Table 'Fogelin III' 6-max Seat #5 is the button
Seat 1: vikonda85 ($101.50 in chips) is sitting out
Seat 2: value_ftw ($115.70 in chips) 
Seat 4: MauriFierro27 ($100 in chips) 
Seat 5: Supermegopro ($102.52 in chips) 
Seat 6: Pippa83 ($113.28 in chips) 
Pippa83: posts small blind $0.50
vikonda85: is sitting out 
value_ftw: posts big blind $1
*** HOLE CARDS ***
MauriFierro27: folds 
vikonda85 leaves the table
Supermegopro: raises $2 to $3
Pippa83: folds 
value_ftw: calls $2
*** FLOP *** [Js 5d Qc]
value_ftw: checks 
Supermegopro: checks 
*** TURN *** [Js 5d Qc] [7d]
value_ftw: checks 
Supermegopro: bets $2.04
value_ftw: calls $2.04
*** RIVER *** [Js 5d Qc 7d] [5s]
value_ftw: checks 
Supermegopro: bets $1
value_ftw: calls $1
*** SHOW DOWN ***
Supermegopro: shows [7c 4d] (two pair, Sevens and Fives)
value_ftw: shows [As Jc] (two pair, Jacks and Fives)
value_ftw collected $11.95 from pot
*** SUMMARY ***
Total pot $12.58 | Rake $0.63 
Board [Js 5d Qc 7d 5s]
Seat 1: vikonda85
Seat 2: value_ftw (big blind) showed [As Jc] and won ($11.95) with two pair, Jacks and Fives
Seat 4: MauriFierro27 folded before Flop (didn't bet)
Seat 5: Supermegopro (button) showed [7c 4d] and lost with two pair, Sevens and Fives
Seat 6: Pippa83 (small blind) folded before Flop



PokerStars Hand #254414363410:  Hold'em No Limit ($0.50/$1.00 USD) - 2025/01/17 14:40:36 WET [2025/01/17 9:40:36 ET]
Table 'Fogelin III' 6-max Seat #6 is the button
Seat 4: MauriFierro27 ($100 in chips) is sitting out
Seat 2: value_ftw ($121.61 in chips) 
Seat 5: Supermegopro ($100 in chips) 
Seat 6: Pippa83 ($112.78 in chips) 
value_ftw: posts small blind $0.50
MauriFierro27: is sitting out 
Supermegopro: posts big blind $1
*** HOLE CARDS ***
MauriFierro27 leaves the table
Pippa83: folds 
value_ftw: folds 
Uncalled bet ($0.50) returned to Supermegopro
Supermegopro collected $1 from pot
Supermegopro: doesn't show hand 
*** SUMMARY ***
Total pot $1 | Rake $0 
Seat 4: MauriFierro27
Seat 2: value_ftw (small blind) folded before Flop
Seat 5: Supermegopro (big blind) collected ($1)
Seat 6: Pippa83 (button) folded before Flop (didn't bet)



