PokerStars Hand #254422446595:  Hold'em No Limit ($0.50/$1.00 USD) - 2025/01/17 23:10:18 WET [2025/01/17 18:10:18 ET]
Table 'Euforbo III' 6-max Seat #3 is the button
Seat 1: Poker9803 ($100 in chips) 
Seat 2: Manifestorr ($100 in chips) 
Seat 3: SorinS28 ($100 in chips) 
Seat 4: Timonessb ($100 in chips) 
Seat 5: aribiz ($41.17 in chips) 
Seat 6: ReVeu710 ($100 in chips) 
Timonessb: posts small blind $0.50
aribiz: posts big blind $1
*** HOLE CARDS ***
ReVeu710: folds 
Poker9803: raises $1 to $2
Manifestorr: folds 
SorinS28: calls $2
Timonessb: folds 
aribiz: calls $1
*** FLOP *** [Td 5c 9d]
aribiz: checks 
Poker9803: checks 
SorinS28: bets $4.63
aribiz: calls $4.63
Poker9803: folds 
*** TURN *** [Td 5c 9d] [Jh]
aribiz: checks 
SorinS28: bets $42.51
aribiz: folds 
Uncalled bet ($42.51) returned to SorinS28
SorinS28 collected $14.97 from pot
SorinS28: doesn't show hand 
*** SUMMARY ***
Total pot $15.76 | Rake $0.79 
Board [Td 5c 9d Jh]
Seat 1: Poker9803 folded on the Flop
Seat 2: Manifestorr folded before Flop (didn't bet)
Seat 3: SorinS28 (button) collected ($14.97)
Seat 4: Timonessb (small blind) folded before Flop
Seat 5: aribiz (big blind) folded on the Turn
Seat 6: ReVeu710 folded before Flop (didn't bet)



PokerStars Hand #254422463416:  Hold'em No Limit ($0.50/$1.00 USD) - 2025/01/17 23:11:16 WET [2025/01/17 18:11:16 ET]
Table 'Euforbo III' 6-max Seat #4 is the button
Seat 1: Poker9803 ($100 in chips) 
Seat 2: Manifestorr ($100 in chips) 
Seat 3: SorinS28 ($108.34 in chips) 
Seat 4: Timonessb ($100 in chips) 
Seat 5: aribiz ($34.54 in chips) 
Seat 6: ReVeu710 ($100 in chips) 
aribiz: posts small blind $0.50
ReVeu710: posts big blind $1
*** HOLE CARDS ***
Poker9803: folds 
Manifestorr: folds 
SorinS28: raises $1.30 to $2.30
Timonessb: raises $5.20 to $7.50
aribiz: folds 
ReVeu710: folds 
SorinS28: calls $5.20
*** FLOP *** [4s 9d Kh]
SorinS28: checks 
Timonessb: bets $5.17
SorinS28: raises $10.33 to $15.50
Timonessb: folds 
Uncalled bet ($10.33) returned to SorinS28
SorinS28 collected $25.50 from pot
SorinS28: doesn't show hand 
*** SUMMARY ***
Total pot $26.84 | Rake $1.34 
Board [4s 9d Kh]
Seat 1: Poker9803 folded before Flop (didn't bet)
Seat 2: Manifestorr folded before Flop (didn't bet)
Seat 3: SorinS28 collected ($25.50)
Seat 4: Timonessb (button) folded on the Flop
Seat 5: aribiz (small blind) folded before Flop
Seat 6: ReVeu710 (big blind) folded before Flop



PokerStars Hand #254422485366:  Hold'em No Limit ($0.50/$1.00 USD) - 2025/01/17 23:12:32 WET [2025/01/17 18:12:32 ET]
Table 'Euforbo III' 6-max Seat #5 is the button
Seat 1: Poker9803 ($100 in chips) 
Seat 2: Manifestorr ($100 in chips) 
Seat 3: SorinS28 ($121.17 in chips) 
Seat 4: Timonessb ($100 in chips) 
Seat 5: aribiz ($34.04 in chips) 
Seat 6: ReVeu710 ($100 in chips) 
ReVeu710: posts small blind $0.50
Poker9803: posts big blind $1
*** HOLE CARDS ***
Manifestorr: folds 
SorinS28: raises $1.02 to $2.02
Timonessb: folds 
aribiz: folds 
ReVeu710: folds 
Poker9803: folds 
Uncalled bet ($1.02) returned to SorinS28
SorinS28 collected $2.50 from pot
SorinS28: doesn't show hand 
*** SUMMARY ***
Total pot $2.50 | Rake $0 
Seat 1: Poker9803 (big blind) folded before Flop
Seat 2: Manifestorr folded before Flop (didn't bet)
Seat 3: SorinS28 collected ($2.50)
Seat 4: Timonessb folded before Flop (didn't bet)
Seat 5: aribiz (button) folded before Flop (didn't bet)
Seat 6: ReVeu710 (small blind) folded before Flop



PokerStars Hand #254422488415:  Hold'em No Limit ($0.50/$1.00 USD) - 2025/01/17 23:12:43 WET [2025/01/17 18:12:43 ET]
Table 'Euforbo III' 6-max Seat #6 is the button
Seat 1: Poker9803 ($100 in chips) 
Seat 2: Manifestorr ($100 in chips) 
Seat 3: SorinS28 ($122.67 in chips) 
Seat 4: Timonessb ($100 in chips) 
Seat 5: aribiz ($34.04 in chips) 
Seat 6: ReVeu710 ($100 in chips) 
Poker9803: posts small blind $0.50
Manifestorr: posts big blind $1
*** HOLE CARDS ***
SorinS28: folds 
Timonessb: raises $1.30 to $2.30
aribiz: folds 
ReVeu710: folds 
Poker9803: folds 
Manifestorr: calls $1.30
*** FLOP *** [Th Tc 8s]
Manifestorr: checks 
Timonessb: bets $2.47
Manifestorr: calls $2.47
*** TURN *** [Th Tc 8s] [2c]
Manifestorr: checks 
Timonessb: checks 
*** RIVER *** [Th Tc 8s 2c] [8d]
Manifestorr: checks 
Timonessb: checks 
*** SHOW DOWN ***
Manifestorr: shows [Jd Js] (two pair, Jacks and Tens)
Timonessb: mucks hand 
Manifestorr collected $9.54 from pot
*** SUMMARY ***
Total pot $10.04 | Rake $0.50 
Board [Th Tc 8s 2c 8d]
Seat 1: Poker9803 (small blind) folded before Flop
Seat 2: Manifestorr (big blind) showed [Jd Js] and won ($9.54) with two pair, Jacks and Tens
Seat 3: SorinS28 folded before Flop (didn't bet)
Seat 4: Timonessb mucked
Seat 5: aribiz folded before Flop (didn't bet)
Seat 6: ReVeu710 (button) folded before Flop (didn't bet)



PokerStars Hand #254422496821:  Hold'em No Limit ($0.50/$1.00 USD) - 2025/01/17 23:13:11 WET [2025/01/17 18:13:11 ET]
Table 'Euforbo III' 6-max Seat #1 is the button
Seat 1: Poker9803 ($100 in chips) 
Seat 2: Manifestorr ($104.77 in chips) 
Seat 3: SorinS28 ($122.67 in chips) 
Seat 4: Timonessb ($100 in chips) 
Seat 5: aribiz ($34.04 in chips) 
Seat 6: ReVeu710 ($100 in chips) 
Manifestorr: posts small blind $0.50
SorinS28: posts big blind $1
*** HOLE CARDS ***
Timonessb: folds 
aribiz: calls $1
ReVeu710: folds 
Poker9803: folds 
Manifestorr: folds 
SorinS28: raises $4 to $5
aribiz: calls $4
*** FLOP *** [2s 7h 2c]
SorinS28: bets $3.29
aribiz: folds 
Uncalled bet ($3.29) returned to SorinS28
SorinS28 collected $9.98 from pot
SorinS28: doesn't show hand 
*** SUMMARY ***
Total pot $10.50 | Rake $0.52 
Board [2s 7h 2c]
Seat 1: Poker9803 (button) folded before Flop (didn't bet)
Seat 2: Manifestorr (small blind) folded before Flop
Seat 3: SorinS28 (big blind) collected ($9.98)
Seat 4: Timonessb folded before Flop (didn't bet)
Seat 5: aribiz folded on the Flop
Seat 6: ReVeu710 folded before Flop (didn't bet)



PokerStars Hand #254422510714:  Hold'em No Limit ($0.50/$1.00 USD) - 2025/01/17 23:14:00 WET [2025/01/17 18:14:00 ET]
Table 'Euforbo III' 6-max Seat #2 is the button
Seat 1: Poker9803 ($100 in chips) 
Seat 2: Manifestorr ($104.27 in chips) 
Seat 3: SorinS28 ($127.65 in chips) 
Seat 4: Timonessb ($100 in chips) 
Seat 5: aribiz ($29.04 in chips) 
Seat 6: ReVeu710 ($100 in chips) 
SorinS28: posts small blind $0.50
Timonessb: posts big blind $1
*** HOLE CARDS ***
aribiz: folds 
ReVeu710: folds 
Poker9803: folds 
Manifestorr: raises $1.20 to $2.20
SorinS28: raises $8.80 to $11
Timonessb: folds 
Manifestorr: folds 
Uncalled bet ($8.80) returned to SorinS28
SorinS28 collected $5.40 from pot
SorinS28: doesn't show hand 
*** SUMMARY ***
Total pot $5.40 | Rake $0 
Seat 1: Poker9803 folded before Flop (didn't bet)
Seat 2: Manifestorr (button) folded before Flop
Seat 3: SorinS28 (small blind) collected ($5.40)
Seat 4: Timonessb (big blind) folded before Flop
Seat 5: aribiz folded before Flop (didn't bet)
Seat 6: ReVeu710 folded before Flop (didn't bet)



PokerStars Hand #254422515741:  Hold'em No Limit ($0.50/$1.00 USD) - 2025/01/17 23:14:17 WET [2025/01/17 18:14:17 ET]
Table 'Euforbo III' 6-max Seat #3 is the button
Seat 1: Poker9803 ($100 in chips) 
Seat 2: Manifestorr ($102.07 in chips) 
Seat 3: SorinS28 ($130.85 in chips) 
Seat 4: Timonessb ($100 in chips) 
Seat 5: aribiz ($29.04 in chips) 
Seat 6: ReVeu710 ($100 in chips) 
Timonessb: posts small blind $0.50
aribiz: posts big blind $1
*** HOLE CARDS ***
ReVeu710: folds 
Poker9803: raises $1 to $2
Manifestorr: folds 
SorinS28: folds 
Timonessb: folds 
aribiz: calls $1
*** FLOP *** [Ah Js Qs]
aribiz: checks 
Poker9803: checks 
*** TURN *** [Ah Js Qs] [6c]
aribiz: checks 
Poker9803: bets $3.21
aribiz: calls $3.21
*** RIVER *** [Ah Js Qs 6c] [8h]
aribiz: checks 
Poker9803: bets $7.78
aribiz: folds 
Uncalled bet ($7.78) returned to Poker9803
Poker9803 collected $10.37 from pot
Poker9803: doesn't show hand 
*** SUMMARY ***
Total pot $10.92 | Rake $0.55 
Board [Ah Js Qs 6c 8h]
Seat 1: Poker9803 collected ($10.37)
Seat 2: Manifestorr folded before Flop (didn't bet)
Seat 3: SorinS28 (button) folded before Flop (didn't bet)
Seat 4: Timonessb (small blind) folded before Flop
Seat 5: aribiz (big blind) folded on the River
Seat 6: ReVeu710 folded before Flop (didn't bet)



PokerStars Hand #254422528817:  Hold'em No Limit ($0.50/$1.00 USD) - 2025/01/17 23:15:02 WET [2025/01/17 18:15:02 ET]
Table 'Euforbo III' 6-max Seat #4 is the button
Seat 6: ReVeu710 ($100 in chips) is sitting out
Seat 1: Poker9803 ($105.16 in chips) 
Seat 2: Manifestorr ($102.07 in chips) 
Seat 3: SorinS28 ($130.85 in chips) 
Seat 4: Timonessb ($100 in chips) 
Seat 5: aribiz ($23.83 in chips) 
aribiz: posts small blind $0.50
ReVeu710: is sitting out 
Poker9803: posts big blind $1
*** HOLE CARDS ***
Manifestorr: folds 
SorinS28: folds 
Timonessb: raises $1.50 to $2.50
aribiz: calls $2
Poker9803: folds 
*** FLOP *** [2c 6c 4h]
aribiz: checks 
ReVeu710 leaves the table
Timonessb: bets $3.82
aribiz: calls $3.82
*** TURN *** [2c 6c 4h] [Qh]
aribiz: checks 
Timonessb: bets $13.35
aribiz: folds 
Uncalled bet ($13.35) returned to Timonessb
Timonessb collected $12.96 from pot
Timonessb: doesn't show hand 
*** SUMMARY ***
Total pot $13.64 | Rake $0.68 
Board [2c 6c 4h Qh]
Seat 6: ReVeu710
Seat 1: Poker9803 (big blind) folded before Flop
Seat 2: Manifestorr folded before Flop (didn't bet)
Seat 3: SorinS28 folded before Flop (didn't bet)
Seat 4: Timonessb (button) collected ($12.96)
Seat 5: aribiz (small blind) folded on the Turn



PokerStars Hand #254422535487:  Hold'em No Limit ($0.50/$1.00 USD) - 2025/01/17 23:15:25 WET [2025/01/17 18:15:25 ET]
Table 'Euforbo III' 6-max Seat #5 is the button
Seat 1: Poker9803 ($104.16 in chips) 
Seat 2: Manifestorr ($102.07 in chips) 
Seat 3: SorinS28 ($130.85 in chips) 
Seat 4: Timonessb ($106.64 in chips) 
Seat 5: aribiz ($17.51 in chips) 
Poker9803: posts small blind $0.50
Manifestorr: posts big blind $1
*** HOLE CARDS ***
SorinS28: folds 
Timonessb: folds 
aribiz: calls $1
Oli3579 joins the table at seat #6 
Poker9803: folds 
Manifestorr: raises $4 to $5
aribiz: raises $12.51 to $17.51 and is all-in
Manifestorr: calls $12.51
*** FLOP *** [2d 8d 3d]
*** TURN *** [2d 8d 3d] [9c]
*** RIVER *** [2d 8d 3d 9c] [9s]
*** SHOW DOWN ***
Manifestorr: shows [9d Ad] (a flush, Ace high)
aribiz: shows [Jc Qd] (a pair of Nines)
Manifestorr collected $33.74 from pot
*** SUMMARY ***
Total pot $35.52 | Rake $1.78 
Board [2d 8d 3d 9c 9s]
Seat 1: Poker9803 (small blind) folded before Flop
Seat 2: Manifestorr (big blind) showed [9d Ad] and won ($33.74) with a flush, Ace high
Seat 3: SorinS28 folded before Flop (didn't bet)
Seat 4: Timonessb folded before Flop (didn't bet)
Seat 5: aribiz (button) showed [Jc Qd] and lost with a pair of Nines



PokerStars Hand #254422544046:  Hold'em No Limit ($0.50/$1.00 USD) - 2025/01/17 23:15:55 WET [2025/01/17 18:15:55 ET]
Table 'Euforbo III' 6-max Seat #1 is the button
Seat 5: aribiz ($0 in chips) is sitting out
Seat 6: Oli3579 ($100 in chips) is sitting out
Seat 1: Poker9803 ($103.66 in chips) 
Seat 2: Manifestorr ($118.30 in chips) 
Seat 3: SorinS28 ($130.85 in chips) 
Seat 4: Timonessb ($106.64 in chips) 
Manifestorr: posts small blind $0.50
SorinS28: posts big blind $1
Oli3579: sits out 
*** HOLE CARDS ***
Timonessb: folds 
Poker9803: raises $1.50 to $2.50
Manifestorr: folds 
SorinS28: folds 
Uncalled bet ($1.50) returned to Poker9803
Poker9803 collected $2.50 from pot
Poker9803: doesn't show hand 
*** SUMMARY ***
Total pot $2.50 | Rake $0 
Seat 5: aribiz
Seat 6: Oli3579
Seat 1: Poker9803 (button) collected ($2.50)
Seat 2: Manifestorr (small blind) folded before Flop
Seat 3: SorinS28 (big blind) folded before Flop
Seat 4: Timonessb folded before Flop (didn't bet)



PokerStars Hand #254422547211:  Hold'em No Limit ($0.50/$1.00 USD) - 2025/01/17 23:16:06 WET [2025/01/17 18:16:06 ET]
Table 'Euforbo III' 6-max Seat #2 is the button
Seat 5: aribiz ($0 in chips) is sitting out
Seat 6: Oli3579 ($100 in chips) is sitting out
Seat 1: Poker9803 ($105.16 in chips) 
Seat 2: Manifestorr ($117.80 in chips) 
Seat 3: SorinS28 ($129.85 in chips) 
Seat 4: Timonessb ($106.64 in chips) 
SorinS28: posts small blind $0.50
Timonessb: posts big blind $1
Oli3579: sits out 
*** HOLE CARDS ***
Poker9803: folds 
Manifestorr: raises $1.20 to $2.20
SorinS28: raises $8.80 to $11
Timonessb: folds 
Manifestorr: raises $13 to $24
SorinS28: folds 
Uncalled bet ($13) returned to Manifestorr
Manifestorr collected $23 from pot
*** SUMMARY ***
Total pot $23 | Rake $0 
Seat 5: aribiz
Seat 6: Oli3579
Seat 1: Poker9803 folded before Flop (didn't bet)
Seat 2: Manifestorr (button) collected ($23)
Seat 3: SorinS28 (small blind) folded before Flop
Seat 4: Timonessb (big blind) folded before Flop



PokerStars Hand #254422557727:  Hold'em No Limit ($0.50/$1.00 USD) - 2025/01/17 23:16:42 WET [2025/01/17 18:16:42 ET]
Table 'Euforbo III' 6-max Seat #3 is the button
Seat 5: aribiz ($0 in chips) is sitting out
Seat 1: Poker9803 ($105.16 in chips) 
Seat 2: Manifestorr ($129.80 in chips) 
Seat 3: SorinS28 ($118.85 in chips) 
Seat 4: Timonessb ($105.64 in chips) 
Seat 6: Oli3579 ($100 in chips) 
Timonessb: posts small blind $0.50
Oli3579: posts big blind $1
*** HOLE CARDS ***
Poker9803: folds 
Manifestorr: raises $1.20 to $2.20
SorinS28: raises $5.80 to $8
aribiz leaves the table
Timonessb: folds 
Oli3579: raises $12.50 to $20.50
Manifestorr: folds 
SorinS28: folds 
Uncalled bet ($12.50) returned to Oli3579
Oli3579 collected $18.70 from pot
Oli3579: doesn't show hand 
*** SUMMARY ***
Total pot $18.70 | Rake $0 
Seat 5: aribiz
Seat 1: Poker9803 folded before Flop (didn't bet)
Seat 2: Manifestorr folded before Flop
Seat 3: SorinS28 (button) folded before Flop
Seat 4: Timonessb (small blind) folded before Flop
Seat 6: Oli3579 (big blind) collected ($18.70)



PokerStars Hand #254422575997:  Hold'em No Limit ($0.50/$1.00 USD) - 2025/01/17 23:17:46 WET [2025/01/17 18:17:46 ET]
Table 'Euforbo III' 6-max Seat #5 is the button
Seat 5: crist_89870 ($100 in chips) 
Seat 6: Oli3579 ($110.70 in chips) 
crist_89870: posts small blind $0.50
Oli3579: posts big blind $1
*** HOLE CARDS ***
crist_89870: raises $1.50 to $2.50
Oli3579: folds 
Uncalled bet ($1.50) returned to crist_89870
crist_89870 collected $2 from pot
crist_89870: doesn't show hand 
*** SUMMARY ***
Total pot $2 | Rake $0 
Seat 5: crist_89870 (button) (small blind) collected ($2)
Seat 6: Oli3579 (big blind) folded before Flop



PokerStars Hand #254422578982:  Hold'em No Limit ($0.50/$1.00 USD) - 2025/01/17 23:17:56 WET [2025/01/17 18:17:56 ET]
Table 'Euforbo III' 6-max Seat #6 is the button
Seat 5: crist_89870 ($101 in chips) 
Seat 6: Oli3579 ($109.70 in chips) 
Oli3579: posts small blind $0.50
crist_89870: posts big blind $1
*** HOLE CARDS ***
Oli3579: raises $1.50 to $2.50
crist_89870: folds 
Uncalled bet ($1.50) returned to Oli3579
crist_89870 leaves the table
Oli3579 collected $2 from pot
Oli3579: doesn't show hand 
*** SUMMARY ***
Total pot $2 | Rake $0 
Seat 5: crist_89870 (big blind) folded before Flop
Seat 6: Oli3579 (button) (small blind) collected ($2)



