PokerStars Hand #254409836378:  Hold'em No Limit ($0.50/$1.00 USD) - 2025/01/17 3:17:11 WET [2025/01/16 22:17:11 ET]
Table 'Cloelia III' 6-max Seat #1 is the button
Seat 1: 50CandyJoe ($100 in chips) 
Seat 2: rostickkin ($159.26 in chips) 
Seat 3: Parabelum911 ($100 in chips) 
Seat 4: Melenya ($203.85 in chips) 
Seat 5: Overmyrange ($111.92 in chips) 
Seat 6: J2DaMac ($151.07 in chips) 
rostickkin: posts small blind $0.50
Parabelum911: posts big blind $1
*** HOLE CARDS ***
Melenya: folds 
Overmyrange: raises $1.20 to $2.20
J2DaMac: folds 
50CandyJoe: folds 
rostickkin: folds 
Parabelum911: folds 
Uncalled bet ($1.20) returned to Overmyrange
Overmyrange collected $2.50 from pot
Overmyrange: doesn't show hand 
*** SUMMARY ***
Total pot $2.50 | Rake $0 
Seat 1: 50CandyJoe (button) folded before Flop (didn't bet)
Seat 2: rostickkin (small blind) folded before Flop
Seat 3: Parabelum911 (big blind) folded before Flop
Seat 4: Melenya folded before Flop (didn't bet)
Seat 5: Overmyrange collected ($2.50)
Seat 6: J2DaMac folded before Flop (didn't bet)



PokerStars Hand #254409839105:  Hold'em No Limit ($0.50/$1.00 USD) - 2025/01/17 3:17:31 WET [2025/01/16 22:17:31 ET]
Table 'Cloelia III' 6-max Seat #2 is the button
Seat 1: 50CandyJoe ($100 in chips) 
Seat 2: rostickkin ($158.76 in chips) 
Seat 3: Parabelum911 ($100 in chips) 
Seat 4: Melenya ($203.85 in chips) 
Seat 5: Overmyrange ($113.42 in chips) 
Seat 6: J2DaMac ($151.07 in chips) 
Parabelum911: posts small blind $0.50
Melenya: posts big blind $1
*** HOLE CARDS ***
Overmyrange: folds 
J2DaMac: calls $1
50CandyJoe: raises $2.50 to $3.50
rostickkin: folds 
Parabelum911: folds 
Melenya: folds 
J2DaMac: calls $2.50
*** FLOP *** [Kd Jh 4s]
J2DaMac: checks 
50CandyJoe: bets $2
J2DaMac: calls $2
*** TURN *** [Kd Jh 4s] [Tc]
J2DaMac: checks 
50CandyJoe: checks 
*** RIVER *** [Kd Jh 4s Tc] [As]
J2DaMac: checks 
50CandyJoe: bets $12
J2DaMac: folds 
Uncalled bet ($12) returned to 50CandyJoe
50CandyJoe collected $11.88 from pot
50CandyJoe: doesn't show hand 
*** SUMMARY ***
Total pot $12.50 | Rake $0.62 
Board [Kd Jh 4s Tc As]
Seat 1: 50CandyJoe collected ($11.88)
Seat 2: rostickkin (button) folded before Flop (didn't bet)
Seat 3: Parabelum911 (small blind) folded before Flop
Seat 4: Melenya (big blind) folded before Flop
Seat 5: Overmyrange folded before Flop (didn't bet)
Seat 6: J2DaMac folded on the River



PokerStars Hand #254409844812:  Hold'em No Limit ($0.50/$1.00 USD) - 2025/01/17 3:18:15 WET [2025/01/16 22:18:15 ET]
Table 'Cloelia III' 6-max Seat #3 is the button
Seat 1: 50CandyJoe ($106.38 in chips) 
Seat 2: rostickkin ($158.76 in chips) 
Seat 3: Parabelum911 ($100 in chips) 
Seat 4: Melenya ($202.85 in chips) 
Seat 5: Overmyrange ($113.42 in chips) 
Seat 6: J2DaMac ($145.57 in chips) 
Melenya: posts small blind $0.50
Overmyrange: posts big blind $1
*** HOLE CARDS ***
J2DaMac: calls $1
50CandyJoe: folds 
rostickkin: folds 
Parabelum911: raises $3 to $4
Melenya: folds 
Overmyrange: folds 
J2DaMac: calls $3
*** FLOP *** [Th 8s Kh]
J2DaMac: checks 
Parabelum911: bets $6.77
J2DaMac: calls $6.77
*** TURN *** [Th 8s Kh] [6c]
J2DaMac: checks 
Parabelum911: bets $16.40
J2DaMac: calls $16.40
*** RIVER *** [Th 8s Kh 6c] [2c]
J2DaMac: bets $26.67
Parabelum911: calls $26.67
*** SHOW DOWN ***
J2DaMac: shows [Jd Qs] (high card King)
Parabelum911: shows [Kc Qd] (a pair of Kings)
Parabelum911 collected $106.68 from pot
*** SUMMARY ***
Total pot $109.18 | Rake $2.50 
Board [Th 8s Kh 6c 2c]
Seat 1: 50CandyJoe folded before Flop (didn't bet)
Seat 2: rostickkin folded before Flop (didn't bet)
Seat 3: Parabelum911 (button) showed [Kc Qd] and won ($106.68) with a pair of Kings
Seat 4: Melenya (small blind) folded before Flop
Seat 5: Overmyrange (big blind) folded before Flop
Seat 6: J2DaMac showed [Jd Qs] and lost with high card King



PokerStars Hand #254409851868:  Hold'em No Limit ($0.50/$1.00 USD) - 2025/01/17 3:19:09 WET [2025/01/16 22:19:09 ET]
Table 'Cloelia III' 6-max Seat #4 is the button
Seat 1: 50CandyJoe ($106.38 in chips) 
Seat 2: rostickkin ($158.76 in chips) 
Seat 3: Parabelum911 ($152.84 in chips) 
Seat 4: Melenya ($202.35 in chips) 
Seat 5: Overmyrange ($112.42 in chips) 
Seat 6: J2DaMac ($91.73 in chips) 
Overmyrange: posts small blind $0.50
J2DaMac: posts big blind $1
*** HOLE CARDS ***
50CandyJoe: raises $1.20 to $2.20
rostickkin: folds 
Parabelum911: raises $4.80 to $7
Melenya: folds 
Overmyrange: folds 
J2DaMac: calls $6
50CandyJoe: calls $4.80
*** FLOP *** [Qs 9h 8d]
J2DaMac: bets $2
50CandyJoe: folds 
Parabelum911: raises $2 to $4
J2DaMac: calls $2
*** TURN *** [Qs 9h 8d] [8c]
J2DaMac: checks 
Parabelum911: checks 
*** RIVER *** [Qs 9h 8d 8c] [4d]
J2DaMac: checks 
Parabelum911: checks 
*** SHOW DOWN ***
J2DaMac: shows [9s 2s] (two pair, Nines and Eights)
Parabelum911: mucks hand 
J2DaMac collected $28.02 from pot
*** SUMMARY ***
Total pot $29.50 | Rake $1.48 
Board [Qs 9h 8d 8c 4d]
Seat 1: 50CandyJoe folded on the Flop
Seat 2: rostickkin folded before Flop (didn't bet)
Seat 3: Parabelum911 mucked
Seat 4: Melenya (button) folded before Flop (didn't bet)
Seat 5: Overmyrange (small blind) folded before Flop
Seat 6: J2DaMac (big blind) showed [9s 2s] and won ($28.02) with two pair, Nines and Eights



PokerStars Hand #254409859063:  Hold'em No Limit ($0.50/$1.00 USD) - 2025/01/17 3:20:04 WET [2025/01/16 22:20:04 ET]
Table 'Cloelia III' 6-max Seat #5 is the button
Seat 1: 50CandyJoe ($100 in chips) 
Seat 2: rostickkin ($158.76 in chips) 
Seat 3: Parabelum911 ($141.84 in chips) 
Seat 4: Melenya ($202.35 in chips) 
Seat 5: Overmyrange ($111.92 in chips) 
Seat 6: J2DaMac ($108.75 in chips) 
J2DaMac: posts small blind $0.50
50CandyJoe: posts big blind $1
*** HOLE CARDS ***
rostickkin: folds 
Parabelum911: folds 
Melenya: folds 
Overmyrange: raises $2 to $3
J2DaMac: folds 
50CandyJoe: folds 
Uncalled bet ($2) returned to Overmyrange
Overmyrange collected $2.50 from pot
Overmyrange: doesn't show hand 
*** SUMMARY ***
Total pot $2.50 | Rake $0 
Seat 1: 50CandyJoe (big blind) folded before Flop
Seat 2: rostickkin folded before Flop (didn't bet)
Seat 3: Parabelum911 folded before Flop (didn't bet)
Seat 4: Melenya folded before Flop (didn't bet)
Seat 5: Overmyrange (button) collected ($2.50)
Seat 6: J2DaMac (small blind) folded before Flop



PokerStars Hand #254409863742:  Hold'em No Limit ($0.50/$1.00 USD) - 2025/01/17 3:20:40 WET [2025/01/16 22:20:40 ET]
Table 'Cloelia III' 6-max Seat #6 is the button
Seat 1: 50CandyJoe ($100 in chips) 
Seat 2: rostickkin ($158.76 in chips) 
Seat 3: Parabelum911 ($141.84 in chips) 
Seat 4: Melenya ($202.35 in chips) 
Seat 5: Overmyrange ($113.42 in chips) 
Seat 6: J2DaMac ($108.25 in chips) 
50CandyJoe: posts small blind $0.50
rostickkin: posts big blind $1
*** HOLE CARDS ***
Parabelum911: folds 
Melenya: folds 
Overmyrange: folds 
J2DaMac: calls $1
50CandyJoe: raises $3 to $4
rostickkin: raises $8.50 to $12.50
J2DaMac: folds 
50CandyJoe: folds 
Uncalled bet ($8.50) returned to rostickkin
rostickkin collected $9 from pot
rostickkin: doesn't show hand 
*** SUMMARY ***
Total pot $9 | Rake $0 
Seat 1: 50CandyJoe (small blind) folded before Flop
Seat 2: rostickkin (big blind) collected ($9)
Seat 3: Parabelum911 folded before Flop (didn't bet)
Seat 4: Melenya folded before Flop (didn't bet)
Seat 5: Overmyrange folded before Flop (didn't bet)
Seat 6: J2DaMac (button) folded before Flop



PokerStars Hand #254409866715:  Hold'em No Limit ($0.50/$1.00 USD) - 2025/01/17 3:21:03 WET [2025/01/16 22:21:03 ET]
Table 'Cloelia III' 6-max Seat #1 is the button
Seat 1: 50CandyJoe ($100 in chips) 
Seat 2: rostickkin ($163.76 in chips) 
Seat 3: Parabelum911 ($141.84 in chips) 
Seat 4: Melenya ($202.35 in chips) 
Seat 5: Overmyrange ($113.42 in chips) 
Seat 6: J2DaMac ($107.25 in chips) 
rostickkin: posts small blind $0.50
Parabelum911: posts big blind $1
*** HOLE CARDS ***
Melenya: folds 
Overmyrange: folds 
J2DaMac: calls $1
50CandyJoe: folds 
rostickkin: folds 
Parabelum911: checks 
*** FLOP *** [2h Qc 7h]
Parabelum911: checks 
J2DaMac: bets $1
Parabelum911: folds 
Uncalled bet ($1) returned to J2DaMac
J2DaMac collected $2.38 from pot
*** SUMMARY ***
Total pot $2.50 | Rake $0.12 
Board [2h Qc 7h]
Seat 1: 50CandyJoe (button) folded before Flop (didn't bet)
Seat 2: rostickkin (small blind) folded before Flop
Seat 3: Parabelum911 (big blind) folded on the Flop
Seat 4: Melenya folded before Flop (didn't bet)
Seat 5: Overmyrange folded before Flop (didn't bet)
Seat 6: J2DaMac collected ($2.38)



PokerStars Hand #254409869762:  Hold'em No Limit ($0.50/$1.00 USD) - 2025/01/17 3:21:27 WET [2025/01/16 22:21:27 ET]
Table 'Cloelia III' 6-max Seat #2 is the button
Seat 1: 50CandyJoe ($100 in chips) 
Seat 2: rostickkin ($163.26 in chips) 
Seat 3: Parabelum911 ($140.84 in chips) 
Seat 4: Melenya ($202.35 in chips) 
Seat 5: Overmyrange ($113.42 in chips) 
Seat 6: J2DaMac ($108.63 in chips) 
Parabelum911: posts small blind $0.50
Melenya: posts big blind $1
*** HOLE CARDS ***
Overmyrange: folds 
J2DaMac: calls $1
50CandyJoe: raises $10 to $11
rostickkin: folds 
Parabelum911: folds 
Melenya: folds 
J2DaMac: folds 
Uncalled bet ($10) returned to 50CandyJoe
50CandyJoe collected $3.50 from pot
50CandyJoe: doesn't show hand 
*** SUMMARY ***
Total pot $3.50 | Rake $0 
Seat 1: 50CandyJoe collected ($3.50)
Seat 2: rostickkin (button) folded before Flop (didn't bet)
Seat 3: Parabelum911 (small blind) folded before Flop
Seat 4: Melenya (big blind) folded before Flop
Seat 5: Overmyrange folded before Flop (didn't bet)
Seat 6: J2DaMac folded before Flop



PokerStars Hand #254409871839:  Hold'em No Limit ($0.50/$1.00 USD) - 2025/01/17 3:21:43 WET [2025/01/16 22:21:43 ET]
Table 'Cloelia III' 6-max Seat #3 is the button
Seat 1: 50CandyJoe ($102.50 in chips) 
Seat 2: rostickkin ($163.26 in chips) 
Seat 3: Parabelum911 ($140.34 in chips) 
Seat 4: Melenya ($201.35 in chips) 
Seat 5: Overmyrange ($113.42 in chips) 
Seat 6: J2DaMac ($107.63 in chips) 
Melenya: posts small blind $0.50
Overmyrange: posts big blind $1
*** HOLE CARDS ***
J2DaMac: calls $1
50CandyJoe: raises $2.50 to $3.50
rostickkin: raises $6.50 to $10
Parabelum911: folds 
Melenya: folds 
Overmyrange: folds 
J2DaMac: calls $9
50CandyJoe: calls $6.50
*** FLOP *** [Kc 5s Qd]
J2DaMac: checks 
50CandyJoe: checks 
rostickkin: bets $10.17
J2DaMac: calls $10.17
50CandyJoe: folds 
*** TURN *** [Kc 5s Qd] [3h]
J2DaMac: checks 
rostickkin: bets $25.16
J2DaMac: calls $25.16
*** RIVER *** [Kc 5s Qd 3h] [9s]
J2DaMac: bets $38
rostickkin: raises $79.93 to $117.93 and is all-in
J2DaMac: calls $24.30 and is all-in
Uncalled bet ($55.63) returned to rostickkin
*** SHOW DOWN ***
rostickkin: shows [Ks Qc] (two pair, Kings and Queens)
J2DaMac: shows [7s 7c] (a pair of Sevens)
rostickkin collected $224.26 from pot
*** SUMMARY ***
Total pot $226.76 | Rake $2.50 
Board [Kc 5s Qd 3h 9s]
Seat 1: 50CandyJoe folded on the Flop
Seat 2: rostickkin showed [Ks Qc] and won ($224.26) with two pair, Kings and Queens
Seat 3: Parabelum911 (button) folded before Flop (didn't bet)
Seat 4: Melenya (small blind) folded before Flop
Seat 5: Overmyrange (big blind) folded before Flop
Seat 6: J2DaMac showed [7s 7c] and lost with a pair of Sevens



PokerStars Hand #254409887189:  Hold'em No Limit ($0.50/$1.00 USD) - 2025/01/17 3:23:43 WET [2025/01/16 22:23:43 ET]
Table 'Cloelia III' 6-max Seat #4 is the button
Seat 6: J2DaMac ($0 in chips) is sitting out
Seat 1: 50CandyJoe ($100 in chips) 
Seat 2: rostickkin ($279.89 in chips) 
Seat 3: Parabelum911 ($140.34 in chips) 
Seat 4: Melenya ($200.85 in chips) 
Seat 5: Overmyrange ($112.42 in chips) 
Overmyrange: posts small blind $0.50
50CandyJoe: posts big blind $1
*** HOLE CARDS ***
rostickkin: folds 
Parabelum911: folds 
Melenya: raises $1.50 to $2.50
J2DaMac leaves the table
Overmyrange: raises $9.50 to $12
50CandyJoe: folds 
Melenya: raises $14 to $26
Overmyrange: folds 
Uncalled bet ($14) returned to Melenya
Melenya collected $25 from pot
Melenya: doesn't show hand 
*** SUMMARY ***
Total pot $25 | Rake $0 
Seat 6: J2DaMac
Seat 1: 50CandyJoe (big blind) folded before Flop
Seat 2: rostickkin folded before Flop (didn't bet)
Seat 3: Parabelum911 folded before Flop (didn't bet)
Seat 4: Melenya (button) collected ($25)
Seat 5: Overmyrange (small blind) folded before Flop



PokerStars Hand #254409891361:  Hold'em No Limit ($0.50/$1.00 USD) - 2025/01/17 3:24:16 WET [2025/01/16 22:24:16 ET]
Table 'Cloelia III' 6-max Seat #5 is the button
Seat 2: rostickkin ($279.89 in chips) is sitting out
Seat 1: 50CandyJoe ($100 in chips) 
Seat 3: Parabelum911 ($140.34 in chips) 
Seat 4: Melenya ($213.85 in chips) 
Seat 5: Overmyrange ($100.42 in chips) 
50CandyJoe: posts small blind $0.50
rostickkin: is sitting out 
Parabelum911: posts big blind $1
*** HOLE CARDS ***
Melenya: folds 
Overmyrange: folds 
rostickkin leaves the table
50CandyJoe: raises $2 to $3
Parabelum911: calls $2
*** FLOP *** [Js 4d Jd]
50CandyJoe: bets $1.43
Parabelum911: raises $3.77 to $5.20
50CandyJoe: raises $9.80 to $15
Parabelum911: raises $22 to $37
50CandyJoe: folds [Ac]
Uncalled bet ($22) returned to Parabelum911
Parabelum911 collected $35 from pot
Parabelum911: doesn't show hand 
*** SUMMARY ***
Total pot $36 | Rake $1 
Board [Js 4d Jd]
Seat 2: rostickkin
Seat 1: 50CandyJoe (small blind) folded on the Flop
Seat 3: Parabelum911 (big blind) collected ($35)
Seat 4: Melenya folded before Flop (didn't bet)
Seat 5: Overmyrange (button) folded before Flop (didn't bet)



PokerStars Hand #254409904116:  Hold'em No Limit ($0.50/$1.00 USD) - 2025/01/17 3:25:57 WET [2025/01/16 22:25:57 ET]
Table 'Cloelia III' 6-max Seat #4 is the button
Seat 1: 50CandyJoe ($100 in chips) is sitting out
Seat 5: Overmyrange ($100.42 in chips) is sitting out
Seat 3: Parabelum911 ($157.34 in chips) 
Seat 4: Melenya ($213.85 in chips) 
Melenya: posts small blind $0.50
Overmyrange: is sitting out 
Parabelum911: posts big blind $1
*** HOLE CARDS ***
50CandyJoe leaves the table
Overmyrange leaves the table
Melenya: raises $1.50 to $2.50
Overmyrange joins the table at seat #1 
Parabelum911: calls $1.50
*** FLOP *** [Qc Qs Kh]
Parabelum911: checks 
Melenya: checks 
*** TURN *** [Qc Qs Kh] [7h]
Parabelum911: bets $1.43
Melenya: calls $1.43
*** RIVER *** [Qc Qs Kh 7h] [Td]
Parabelum911: bets $2.24
Melenya: calls $2.24
*** SHOW DOWN ***
Parabelum911: shows [Tc Ad] (two pair, Queens and Tens)
Melenya: shows [Kd 6c] (two pair, Kings and Queens)
Melenya collected $11.72 from pot
*** SUMMARY ***
Total pot $12.34 | Rake $0.62 
Board [Qc Qs Kh 7h Td]
Seat 1: 50CandyJoe
Seat 5: Overmyrange
Seat 3: Parabelum911 (big blind) showed [Tc Ad] and lost with two pair, Queens and Tens
Seat 4: Melenya (button) (small blind) showed [Kd 6c] and won ($11.72) with two pair, Kings and Queens



PokerStars Hand #254409910473:  Hold'em No Limit ($0.50/$1.00 USD) - 2025/01/17 3:26:48 WET [2025/01/16 22:26:48 ET]
Table 'Cloelia III' 6-max Seat #3 is the button
Seat 1: Overmyrange ($100.42 in chips) 
Seat 3: Parabelum911 ($151.17 in chips) 
Seat 4: Melenya ($219.40 in chips) 
Melenya: posts small blind $0.50
Overmyrange: posts big blind $1
*** HOLE CARDS ***
Parabelum911: folds 
Parabelum911 leaves the table
Melenya: raises $2 to $3
Overmyrange: folds 
Uncalled bet ($2) returned to Melenya
Melenya collected $2 from pot
Melenya: doesn't show hand 
*** SUMMARY ***
Total pot $2 | Rake $0 
Seat 1: Overmyrange (big blind) folded before Flop
Seat 3: Parabelum911 (button) folded before Flop (didn't bet)
Seat 4: Melenya (small blind) collected ($2)



