PokerStars Hand #254418969197:  Hold'em No Limit ($0.50/$1.00 USD) - 2025/01/17 19:59:47 WET [2025/01/17 14:59:47 ET]
Table 'Herge III' 6-max Seat #4 is the button
Seat 1: XneferX ($100 in chips) 
Seat 2: Nicedaymybro ($100 in chips) 
Seat 3: ReVeu710 ($100 in chips) 
Seat 4: Jones Joe666 ($105.50 in chips) 
Seat 5: Gfoer ($100 in chips) 
Seat 6: DL1B ($100 in chips) 
Gfoer: posts small blind $0.50
DL1B: posts big blind $1
*** HOLE CARDS ***
XneferX: folds 
Nicedaymybro: raises $1.50 to $2.50
ReVeu710: folds 
Jones Joe666: folds 
Gfoer: folds 
DL1B: folds 
Uncalled bet ($1.50) returned to Nicedaymybro
Nicedaymybro collected $2.50 from pot
Nicedaymybro: doesn't show hand 
*** SUMMARY ***
Total pot $2.50 | Rake $0 
Seat 1: XneferX folded before Flop (didn't bet)
Seat 2: Nicedaymybro collected ($2.50)
Seat 3: ReVeu710 folded before Flop (didn't bet)
Seat 4: Jones Joe666 (button) folded before Flop (didn't bet)
Seat 5: Gfoer (small blind) folded before Flop
Seat 6: DL1B (big blind) folded before Flop



PokerStars Hand #254418973345:  Hold'em No Limit ($0.50/$1.00 USD) - 2025/01/17 20:00:06 WET [2025/01/17 15:00:06 ET]
Table 'Herge III' 6-max Seat #5 is the button
Seat 1: XneferX ($100 in chips) is sitting out
Seat 2: Nicedaymybro ($101.50 in chips) 
Seat 3: ReVeu710 ($100 in chips) 
Seat 4: Jones Joe666 ($105.50 in chips) 
Seat 5: Gfoer ($100 in chips) 
Seat 6: DL1B ($100 in chips) 
DL1B: posts small blind $0.50
XneferX: is sitting out 
Nicedaymybro: posts big blind $1
*** HOLE CARDS ***
ReVeu710: folds 
ReVeu710 leaves the table
Jones Joe666: raises $1.50 to $2.50
Gfoer: folds 
DL1B: folds 
kars0n joins the table at seat #3 
XneferX leaves the table
Nicedaymybro: raises $8.50 to $11
Jones Joe666: raises $8.50 to $19.50
Nicedaymybro: raises $82 to $101.50 and is all-in
Trojanovich joins the table at seat #1 
Jones Joe666: calls $82
*** FLOP *** [3h 5s 5h]
*** TURN *** [3h 5s 5h] [5d]
*** RIVER *** [3h 5s 5h 5d] [9s]
*** SHOW DOWN ***
Nicedaymybro: shows [Ac Ad] (a full house, Fives full of Aces)
Jones Joe666: shows [Ks Kh] (a full house, Fives full of Kings)
Nicedaymybro collected $201 from pot
Jones Joe666 cashed out the hand for $36.92 | Cash Out Fee $0.75
*** SUMMARY ***
Total pot $203.50 | Rake $2.50 
Board [3h 5s 5h 5d 9s]
Seat 1: XneferX
Seat 2: Nicedaymybro (big blind) showed [Ac Ad] and won ($201) with a full house, Fives full of Aces
Seat 3: ReVeu710 folded before Flop (didn't bet)
Seat 4: Jones Joe666 showed [Ks Kh] and lost with a full house, Fives full of Kings (cashed out).
Seat 5: Gfoer (button) folded before Flop (didn't bet)
Seat 6: DL1B (small blind) folded before Flop



PokerStars Hand #254418982204:  Hold'em No Limit ($0.50/$1.00 USD) - 2025/01/17 20:00:46 WET [2025/01/17 15:00:46 ET]
Table 'Herge III' 6-max Seat #6 is the button
Seat 1: Trojanovich ($100 in chips) is sitting out
Seat 2: Nicedaymybro ($201 in chips) 
Seat 3: kars0n ($100 in chips) 
Seat 4: Jones Joe666 ($40.92 in chips) 
Seat 5: Gfoer ($100 in chips) 
Seat 6: DL1B ($100 in chips) 
Nicedaymybro: posts small blind $0.50
kars0n: posts big blind $1
*** HOLE CARDS ***
Jones Joe666: raises $2.50 to $3.50
Gfoer: folds 
DL1B: raises $6.25 to $9.75
Nicedaymybro: folds 
kars0n: folds 
Jones Joe666: calls $6.25
*** FLOP *** [Kc Qc 4s]
Jones Joe666: bets $31.17 and is all-in
DL1B: calls $31.17
*** TURN *** [Kc Qc 4s] [3s]
*** RIVER *** [Kc Qc 4s 3s] [8s]
*** SHOW DOWN ***
Jones Joe666: shows [7c 6c] (high card King)
DL1B: shows [Qd Qh] (three of a kind, Queens)
DL1B collected $80.84 from pot
*** SUMMARY ***
Total pot $83.34 | Rake $2.50 
Board [Kc Qc 4s 3s 8s]
Seat 1: Trojanovich
Seat 2: Nicedaymybro (small blind) folded before Flop
Seat 3: kars0n (big blind) folded before Flop
Seat 4: Jones Joe666 showed [7c 6c] and lost with high card King
Seat 5: Gfoer folded before Flop (didn't bet)
Seat 6: DL1B (button) showed [Qd Qh] and won ($80.84) with three of a kind, Queens



PokerStars Hand #254418989634:  Hold'em No Limit ($0.50/$1.00 USD) - 2025/01/17 20:01:17 WET [2025/01/17 15:01:17 ET]
Table 'Herge III' 6-max Seat #2 is the button
Seat 1: Trojanovich ($100 in chips) is sitting out
Seat 4: Jones Joe666 ($0 in chips) is sitting out
Seat 5: Gfoer ($100 in chips) is sitting out
Seat 2: Nicedaymybro ($200.50 in chips) 
Seat 3: kars0n ($100 in chips) 
Seat 6: DL1B ($139.92 in chips) 
kars0n: posts small blind $0.50
Gfoer: is sitting out 
DL1B: posts big blind $1
Trojanovich: sits out 
*** HOLE CARDS ***
Gfoer leaves the table
Nicedaymybro: raises $1.50 to $2.50
kars0n: folds 
Jones Joe666 leaves the table
DL1B: raises $9.50 to $12
Nicedaymybro: folds 
Uncalled bet ($9.50) returned to DL1B
DL1B collected $5.50 from pot
DL1B: doesn't show hand 
*** SUMMARY ***
Total pot $5.50 | Rake $0 
Seat 1: Trojanovich
Seat 4: Jones Joe666
Seat 5: Gfoer
Seat 2: Nicedaymybro (button) folded before Flop
Seat 3: kars0n (small blind) folded before Flop
Seat 6: DL1B (big blind) collected ($5.50)



PokerStars Hand #254418993817:  Hold'em No Limit ($0.50/$1.00 USD) - 2025/01/17 20:01:32 WET [2025/01/17 15:01:32 ET]
Table 'Herge III' 6-max Seat #3 is the button
Seat 1: Trojanovich ($100 in chips) 
Seat 2: Nicedaymybro ($198 in chips) 
Seat 3: kars0n ($100 in chips) 
Seat 6: DL1B ($142.92 in chips) 
DL1B: posts small blind $0.50
Trojanovich: posts big blind $1
*** HOLE CARDS ***
Nicedaymybro: raises $1.50 to $2.50
kars0n: folds 
DL1B: folds 
Trojanovich: calls $1.50
*** FLOP *** [Jh 6d 8d]
Trojanovich: checks 
Nicedaymybro: bets $2.61
Trojanovich: folds 
Uncalled bet ($2.61) returned to Nicedaymybro
Nicedaymybro collected $5.22 from pot
Nicedaymybro: doesn't show hand 
*** SUMMARY ***
Total pot $5.50 | Rake $0.28 
Board [Jh 6d 8d]
Seat 1: Trojanovich (big blind) folded on the Flop
Seat 2: Nicedaymybro collected ($5.22)
Seat 3: kars0n (button) folded before Flop (didn't bet)
Seat 6: DL1B (small blind) folded before Flop



PokerStars Hand #254418999271:  Hold'em No Limit ($0.50/$1.00 USD) - 2025/01/17 20:01:52 WET [2025/01/17 15:01:52 ET]
Table 'Herge III' 6-max Seat #6 is the button
Seat 2: Nicedaymybro ($200.72 in chips) is sitting out
Seat 1: Trojanovich ($100 in chips) 
Seat 3: kars0n ($100 in chips) 
Seat 6: DL1B ($142.42 in chips) 
Trojanovich: posts small blind $0.50
Nicedaymybro: is sitting out 
kars0n: posts big blind $1
*** HOLE CARDS ***
Nicedaymybro leaves the table
DL1B: raises $1.50 to $2.50
Trojanovich: folds 
kars0n: folds 
Uncalled bet ($1.50) returned to DL1B
DL1B collected $2.50 from pot
DL1B: doesn't show hand 
*** SUMMARY ***
Total pot $2.50 | Rake $0 
Seat 2: Nicedaymybro
Seat 1: Trojanovich (small blind) folded before Flop
Seat 3: kars0n (big blind) folded before Flop
Seat 6: DL1B (button) collected ($2.50)



PokerStars Hand #254419258975:  Hold'em No Limit ($0.50/$1.00 USD) - 2025/01/17 20:16:07 WET [2025/01/17 15:16:07 ET]
Table 'Herge III' 6-max Seat #2 is the button
Seat 2: shootingGRID ($100 in chips) 
Seat 3: michasia ($100 in chips) 
Seat 4: nastja336 ($100 in chips) 
Seat 6: Manifestorr ($100 in chips) 
michasia: posts small blind $0.50
nastja336: posts big blind $1
*** HOLE CARDS ***
Manifestorr: raises $1.20 to $2.20
shootingGRID: folds 
michasia: raises $8.80 to $11
nastja336: folds 
Manifestorr: folds 
Uncalled bet ($8.80) returned to michasia
michasia collected $5.40 from pot
michasia: doesn't show hand 
*** SUMMARY ***
Total pot $5.40 | Rake $0 
Seat 2: shootingGRID (button) folded before Flop (didn't bet)
Seat 3: michasia (small blind) collected ($5.40)
Seat 4: nastja336 (big blind) folded before Flop
Seat 6: Manifestorr folded before Flop



PokerStars Hand #254419271070:  Hold'em No Limit ($0.50/$1.00 USD) - 2025/01/17 20:16:46 WET [2025/01/17 15:16:46 ET]
Table 'Herge III' 6-max Seat #3 is the button
Seat 2: shootingGRID ($100 in chips) 
Seat 3: michasia ($103.20 in chips) 
Seat 4: nastja336 ($100 in chips) 
Seat 6: Manifestorr ($100 in chips) 
nastja336: posts small blind $0.50
Manifestorr: posts big blind $1
*** HOLE CARDS ***
AAKiller11 joins the table at seat #5 
AAKiller11 is disconnected 
skanb joins the table at seat #1 
shootingGRID: folds 
michasia: raises $1.80 to $2.80
nastja336: raises $9.20 to $12
Manifestorr: folds 
michasia: calls $9.20
*** FLOP *** [3h 2c Ts]
nastja336: bets $7.92
michasia: calls $7.92
*** TURN *** [3h 2c Ts] [Ac]
nastja336: checks 
michasia: bets $13.15
nastja336: calls $13.15
*** RIVER *** [3h 2c Ts Ac] [9s]
nastja336: checks 
michasia: checks 
*** SHOW DOWN ***
nastja336: shows [Th Jh] (a pair of Tens)
michasia: mucks hand 
nastja336 collected $66.14 from pot
*** SUMMARY ***
Total pot $67.14 | Rake $1 
Board [3h 2c Ts Ac 9s]
Seat 2: shootingGRID folded before Flop (didn't bet)
Seat 3: michasia (button) mucked
Seat 4: nastja336 (small blind) showed [Th Jh] and won ($66.14) with a pair of Tens
Seat 6: Manifestorr (big blind) folded before Flop



PokerStars Hand #254419293535:  Hold'em No Limit ($0.50/$1.00 USD) - 2025/01/17 20:17:59 WET [2025/01/17 15:17:59 ET]
Table 'Herge III' 6-max Seat #4 is the button
Seat 5: AAKiller11 ($100 in chips) is sitting out
Seat 1: skanb ($100 in chips) 
Seat 2: shootingGRID ($100 in chips) 
Seat 3: michasia ($100 in chips) 
Seat 4: nastja336 ($133.07 in chips) 
Seat 6: Manifestorr ($100 in chips) 
Manifestorr: posts small blind $0.50
skanb: posts big blind $1
*** HOLE CARDS ***
shootingGRID: folds 
michasia: folds 
nastja336: raises $1.50 to $2.50
Manifestorr: folds 
skanb: folds 
Uncalled bet ($1.50) returned to nastja336
nastja336 collected $2.50 from pot
nastja336: doesn't show hand 
*** SUMMARY ***
Total pot $2.50 | Rake $0 
Seat 5: AAKiller11
Seat 1: skanb (big blind) folded before Flop
Seat 2: shootingGRID folded before Flop (didn't bet)
Seat 3: michasia folded before Flop (didn't bet)
Seat 4: nastja336 (button) collected ($2.50)
Seat 6: Manifestorr (small blind) folded before Flop



PokerStars Hand #254419297717:  Hold'em No Limit ($0.50/$1.00 USD) - 2025/01/17 20:18:13 WET [2025/01/17 15:18:13 ET]
Table 'Herge III' 6-max Seat #6 is the button
Seat 1: skanb ($100 in chips) 
Seat 2: shootingGRID ($100 in chips) 
Seat 3: michasia ($100 in chips) 
Seat 4: nastja336 ($134.57 in chips) 
Seat 5: AAKiller11 ($100 in chips) 
Seat 6: Manifestorr ($100 in chips) 
skanb: posts small blind $0.50
shootingGRID: posts big blind $1
AAKiller11: posts big blind $1
*** HOLE CARDS ***
michasia: folds 
nastja336: folds 
AAKiller11: raises $1 to $2
Manifestorr: folds 
skanb: folds 
shootingGRID: calls $1
*** FLOP *** [2d 6c Td]
shootingGRID: checks 
AAKiller11: bets $2
shootingGRID: raises $5.14 to $7.14
AAKiller11: calls $5.14
*** TURN *** [2d 6c Td] [3d]
shootingGRID: bets $8.92
AAKiller11: calls $8.92
*** RIVER *** [2d 6c Td 3d] [6h]
shootingGRID: checks 
AAKiller11: checks 
*** SHOW DOWN ***
shootingGRID: shows [9c 8d] (a pair of Sixes)
AAKiller11: shows [Tc Js] (two pair, Tens and Sixes)
AAKiller11 collected $34.33 from pot
*** SUMMARY ***
Total pot $36.62 | Rake $2.29 
Board [2d 6c Td 3d 6h]
Seat 1: skanb (small blind) folded before Flop
Seat 2: shootingGRID (big blind) showed [9c 8d] and lost with a pair of Sixes
Seat 3: michasia folded before Flop (didn't bet)
Seat 4: nastja336 folded before Flop (didn't bet)
Seat 5: AAKiller11 showed [Tc Js] and won ($34.33) with two pair, Tens and Sixes
Seat 6: Manifestorr (button) folded before Flop (didn't bet)



PokerStars Hand #254419313546:  Hold'em No Limit ($0.50/$1.00 USD) - 2025/01/17 20:19:04 WET [2025/01/17 15:19:04 ET]
Table 'Herge III' 6-max Seat #1 is the button
Seat 1: skanb ($100 in chips) 
Seat 2: shootingGRID ($100 in chips) 
Seat 3: michasia ($100 in chips) 
Seat 4: nastja336 ($134.57 in chips) 
Seat 5: AAKiller11 ($116.27 in chips) 
Seat 6: Manifestorr ($100 in chips) 
shootingGRID: posts small blind $0.50
michasia: posts big blind $1
*** HOLE CARDS ***
nastja336: folds 
AAKiller11: raises $2 to $3
Manifestorr: folds 
skanb: folds 
shootingGRID: folds 
michasia: folds 
Uncalled bet ($2) returned to AAKiller11
AAKiller11 collected $2.50 from pot
*** SUMMARY ***
Total pot $2.50 | Rake $0 
Seat 1: skanb (button) folded before Flop (didn't bet)
Seat 2: shootingGRID (small blind) folded before Flop
Seat 3: michasia (big blind) folded before Flop
Seat 4: nastja336 folded before Flop (didn't bet)
Seat 5: AAKiller11 collected ($2.50)
Seat 6: Manifestorr folded before Flop (didn't bet)



PokerStars Hand #254419318229:  Hold'em No Limit ($0.50/$1.00 USD) - 2025/01/17 20:19:19 WET [2025/01/17 15:19:19 ET]
Table 'Herge III' 6-max Seat #2 is the button
Seat 1: skanb ($100 in chips) 
Seat 2: shootingGRID ($100 in chips) 
Seat 3: michasia ($100 in chips) 
Seat 4: nastja336 ($134.57 in chips) 
Seat 5: AAKiller11 ($117.77 in chips) 
Seat 6: Manifestorr ($100 in chips) 
michasia: posts small blind $0.50
nastja336: posts big blind $1
*** HOLE CARDS ***
AAKiller11: raises $1 to $2
Manifestorr: folds 
skanb: folds 
shootingGRID: folds 
michasia: folds 
nastja336: folds 
Uncalled bet ($1) returned to AAKiller11
AAKiller11 collected $2.50 from pot
*** SUMMARY ***
Total pot $2.50 | Rake $0 
Seat 1: skanb folded before Flop (didn't bet)
Seat 2: shootingGRID (button) folded before Flop (didn't bet)
Seat 3: michasia (small blind) folded before Flop
Seat 4: nastja336 (big blind) folded before Flop
Seat 5: AAKiller11 collected ($2.50)
Seat 6: Manifestorr folded before Flop (didn't bet)



PokerStars Hand #254419323594:  Hold'em No Limit ($0.50/$1.00 USD) - 2025/01/17 20:19:36 WET [2025/01/17 15:19:36 ET]
Table 'Herge III' 6-max Seat #3 is the button
Seat 1: skanb ($100 in chips) 
Seat 2: shootingGRID ($100 in chips) 
Seat 3: michasia ($100 in chips) 
Seat 4: nastja336 ($133.57 in chips) 
Seat 5: AAKiller11 ($119.27 in chips) 
Seat 6: Manifestorr ($100 in chips) 
nastja336: posts small blind $0.50
AAKiller11: posts big blind $1
*** HOLE CARDS ***
Manifestorr: raises $1.20 to $2.20
skanb: folds 
shootingGRID: raises $4.80 to $7
michasia: folds 
nastja336: raises $17 to $24
AAKiller11: folds 
Manifestorr: folds 
shootingGRID: folds 
Uncalled bet ($17) returned to nastja336
nastja336 collected $17.20 from pot
nastja336: doesn't show hand 
*** SUMMARY ***
Total pot $17.20 | Rake $0 
Seat 1: skanb folded before Flop (didn't bet)
Seat 2: shootingGRID folded before Flop
Seat 3: michasia (button) folded before Flop (didn't bet)
Seat 4: nastja336 (small blind) collected ($17.20)
Seat 5: AAKiller11 (big blind) folded before Flop
Seat 6: Manifestorr folded before Flop



PokerStars Hand #254419337479:  Hold'em No Limit ($0.50/$1.00 USD) - 2025/01/17 20:20:21 WET [2025/01/17 15:20:21 ET]
Table 'Herge III' 6-max Seat #4 is the button
Seat 1: skanb ($100 in chips) 
Seat 2: shootingGRID ($100 in chips) 
Seat 3: michasia ($100 in chips) 
Seat 4: nastja336 ($143.77 in chips) 
Seat 5: AAKiller11 ($118.27 in chips) 
Seat 6: Manifestorr ($100 in chips) 
AAKiller11: posts small blind $0.50
Manifestorr: posts big blind $1
*** HOLE CARDS ***
skanb: folds 
shootingGRID: raises $1.25 to $2.25
michasia: folds 
nastja336: folds 
AAKiller11: folds 
Manifestorr: folds 
Uncalled bet ($1.25) returned to shootingGRID
shootingGRID collected $2.50 from pot
*** SUMMARY ***
Total pot $2.50 | Rake $0 
Seat 1: skanb folded before Flop (didn't bet)
Seat 2: shootingGRID collected ($2.50)
Seat 3: michasia folded before Flop (didn't bet)
Seat 4: nastja336 (button) folded before Flop (didn't bet)
Seat 5: AAKiller11 (small blind) folded before Flop
Seat 6: Manifestorr (big blind) folded before Flop



PokerStars Hand #254419342146:  Hold'em No Limit ($0.50/$1.00 USD) - 2025/01/17 20:20:36 WET [2025/01/17 15:20:36 ET]
Table 'Herge III' 6-max Seat #5 is the button
Seat 1: skanb ($100 in chips) 
Seat 2: shootingGRID ($101.50 in chips) 
Seat 3: michasia ($100 in chips) 
Seat 4: nastja336 ($143.77 in chips) 
Seat 5: AAKiller11 ($117.77 in chips) 
Seat 6: Manifestorr ($100 in chips) 
Manifestorr: posts small blind $0.50
skanb: posts big blind $1
*** HOLE CARDS ***
shootingGRID: folds 
michasia: folds 
nastja336: raises $1.50 to $2.50
AAKiller11: calls $2.50
Manifestorr: folds 
skanb: raises $12.50 to $15
nastja336: raises $128.77 to $143.77 and is all-in
AAKiller11: folds 
skanb: folds 
Uncalled bet ($128.77) returned to nastja336
nastja336 collected $33 from pot
nastja336: doesn't show hand 
*** SUMMARY ***
Total pot $33 | Rake $0 
Seat 1: skanb (big blind) folded before Flop
Seat 2: shootingGRID folded before Flop (didn't bet)
Seat 3: michasia folded before Flop (didn't bet)
Seat 4: nastja336 collected ($33)
Seat 5: AAKiller11 (button) folded before Flop
Seat 6: Manifestorr (small blind) folded before Flop



PokerStars Hand #254419356982:  Hold'em No Limit ($0.50/$1.00 USD) - 2025/01/17 20:21:23 WET [2025/01/17 15:21:23 ET]
Table 'Herge III' 6-max Seat #6 is the button
Seat 1: skanb ($100 in chips) 
Seat 2: shootingGRID ($101.50 in chips) 
Seat 3: michasia ($100 in chips) 
Seat 4: nastja336 ($161.77 in chips) 
Seat 5: AAKiller11 ($115.27 in chips) 
Seat 6: Manifestorr ($100 in chips) 
skanb: posts small blind $0.50
shootingGRID: posts big blind $1
*** HOLE CARDS ***
michasia: folds 
nastja336: folds 
AAKiller11: raises $2 to $3
Manifestorr: folds 
skanb: folds 
shootingGRID: folds 
Uncalled bet ($2) returned to AAKiller11
AAKiller11 collected $2.50 from pot
*** SUMMARY ***
Total pot $2.50 | Rake $0 
Seat 1: skanb (small blind) folded before Flop
Seat 2: shootingGRID (big blind) folded before Flop
Seat 3: michasia folded before Flop (didn't bet)
Seat 4: nastja336 folded before Flop (didn't bet)
Seat 5: AAKiller11 collected ($2.50)
Seat 6: Manifestorr (button) folded before Flop (didn't bet)



PokerStars Hand #254419361732:  Hold'em No Limit ($0.50/$1.00 USD) - 2025/01/17 20:21:39 WET [2025/01/17 15:21:39 ET]
Table 'Herge III' 6-max Seat #1 is the button
Seat 1: skanb ($100 in chips) 
Seat 2: shootingGRID ($100.50 in chips) 
Seat 3: michasia ($100 in chips) 
Seat 4: nastja336 ($161.77 in chips) 
Seat 5: AAKiller11 ($116.77 in chips) 
Seat 6: Manifestorr ($100 in chips) 
shootingGRID: posts small blind $0.50
michasia: posts big blind $1
*** HOLE CARDS ***
nastja336: folds 
AAKiller11: folds 
Manifestorr: folds 
skanb: folds 
shootingGRID: raises $2 to $3
michasia: folds 
Uncalled bet ($2) returned to shootingGRID
shootingGRID collected $2 from pot
*** SUMMARY ***
Total pot $2 | Rake $0 
Seat 1: skanb (button) folded before Flop (didn't bet)
Seat 2: shootingGRID (small blind) collected ($2)
Seat 3: michasia (big blind) folded before Flop
Seat 4: nastja336 folded before Flop (didn't bet)
Seat 5: AAKiller11 folded before Flop (didn't bet)
Seat 6: Manifestorr folded before Flop (didn't bet)



PokerStars Hand #254419365753:  Hold'em No Limit ($0.50/$1.00 USD) - 2025/01/17 20:21:52 WET [2025/01/17 15:21:52 ET]
Table 'Herge III' 6-max Seat #2 is the button
Seat 1: skanb ($100 in chips) 
Seat 2: shootingGRID ($101.50 in chips) 
Seat 3: michasia ($100 in chips) 
Seat 4: nastja336 ($161.77 in chips) 
Seat 5: AAKiller11 ($116.77 in chips) 
Seat 6: Manifestorr ($100 in chips) 
michasia: posts small blind $0.50
nastja336: posts big blind $1
*** HOLE CARDS ***
AAKiller11: folds 
Manifestorr: folds 
skanb: folds 
shootingGRID: raises $1.50 to $2.50
michasia: folds 
nastja336: folds 
Uncalled bet ($1.50) returned to shootingGRID
shootingGRID collected $2.50 from pot
*** SUMMARY ***
Total pot $2.50 | Rake $0 
Seat 1: skanb folded before Flop (didn't bet)
Seat 2: shootingGRID (button) collected ($2.50)
Seat 3: michasia (small blind) folded before Flop
Seat 4: nastja336 (big blind) folded before Flop
Seat 5: AAKiller11 folded before Flop (didn't bet)
Seat 6: Manifestorr folded before Flop (didn't bet)



PokerStars Hand #254419371654:  Hold'em No Limit ($0.50/$1.00 USD) - 2025/01/17 20:22:11 WET [2025/01/17 15:22:11 ET]
Table 'Herge III' 6-max Seat #3 is the button
Seat 1: skanb ($100 in chips) 
Seat 2: shootingGRID ($103 in chips) 
Seat 3: michasia ($100 in chips) 
Seat 4: nastja336 ($160.77 in chips) 
Seat 5: AAKiller11 ($116.77 in chips) 
Seat 6: Manifestorr ($100 in chips) 
nastja336: posts small blind $0.50
AAKiller11: posts big blind $1
*** HOLE CARDS ***
Manifestorr: folds 
skanb: folds 
shootingGRID: raises $1.25 to $2.25
michasia: raises $4.50 to $6.75
nastja336: folds 
AAKiller11: folds 
shootingGRID: folds 
Uncalled bet ($4.50) returned to michasia
michasia collected $6 from pot
michasia: doesn't show hand 
*** SUMMARY ***
Total pot $6 | Rake $0 
Seat 1: skanb folded before Flop (didn't bet)
Seat 2: shootingGRID folded before Flop
Seat 3: michasia (button) collected ($6)
Seat 4: nastja336 (small blind) folded before Flop
Seat 5: AAKiller11 (big blind) folded before Flop
Seat 6: Manifestorr folded before Flop (didn't bet)



PokerStars Hand #254419387815:  Hold'em No Limit ($0.50/$1.00 USD) - 2025/01/17 20:23:03 WET [2025/01/17 15:23:03 ET]
Table 'Herge III' 6-max Seat #4 is the button
Seat 1: skanb ($100 in chips) 
Seat 2: shootingGRID ($100.75 in chips) 
Seat 3: michasia ($103.75 in chips) 
Seat 4: nastja336 ($160.27 in chips) 
Seat 5: AAKiller11 ($115.77 in chips) 
Seat 6: Manifestorr ($100 in chips) 
AAKiller11: posts small blind $0.50
Manifestorr: posts big blind $1
*** HOLE CARDS ***
skanb: raises $2 to $3
shootingGRID: folds 
michasia: raises $6 to $9
nastja336: raises $15 to $24
AAKiller11: folds 
Manifestorr: folds 
skanb: folds 
michasia: calls $15
*** FLOP *** [8s Ks Ad]
michasia: checks 
nastja336: bets $16.50
michasia: folds 
Uncalled bet ($16.50) returned to nastja336
nastja336 collected $50 from pot
nastja336: doesn't show hand 
*** SUMMARY ***
Total pot $52.50 | Rake $2.50 
Board [8s Ks Ad]
Seat 1: skanb folded before Flop
Seat 2: shootingGRID folded before Flop (didn't bet)
Seat 3: michasia folded on the Flop
Seat 4: nastja336 (button) collected ($50)
Seat 5: AAKiller11 (small blind) folded before Flop
Seat 6: Manifestorr (big blind) folded before Flop



PokerStars Hand #254419402617:  Hold'em No Limit ($0.50/$1.00 USD) - 2025/01/17 20:23:51 WET [2025/01/17 15:23:51 ET]
Table 'Herge III' 6-max Seat #5 is the button
Seat 1: skanb ($100 in chips) 
Seat 2: shootingGRID ($100.75 in chips) 
Seat 3: michasia ($100 in chips) 
Seat 4: nastja336 ($186.27 in chips) 
Seat 5: AAKiller11 ($115.27 in chips) 
Seat 6: Manifestorr ($100 in chips) 
Manifestorr: posts small blind $0.50
skanb: posts big blind $1
*** HOLE CARDS ***
shootingGRID: folds 
michasia: folds 
nastja336: folds 
AAKiller11: raises $2 to $3
Manifestorr: folds 
skanb: folds 
Uncalled bet ($2) returned to AAKiller11
AAKiller11 collected $2.50 from pot
*** SUMMARY ***
Total pot $2.50 | Rake $0 
Seat 1: skanb (big blind) folded before Flop
Seat 2: shootingGRID folded before Flop (didn't bet)
Seat 3: michasia folded before Flop (didn't bet)
Seat 4: nastja336 folded before Flop (didn't bet)
Seat 5: AAKiller11 (button) collected ($2.50)
Seat 6: Manifestorr (small blind) folded before Flop



PokerStars Hand #254419408180:  Hold'em No Limit ($0.50/$1.00 USD) - 2025/01/17 20:24:09 WET [2025/01/17 15:24:09 ET]
Table 'Herge III' 6-max Seat #6 is the button
Seat 1: skanb ($100 in chips) 
Seat 2: shootingGRID ($100.75 in chips) 
Seat 3: michasia ($100 in chips) 
Seat 4: nastja336 ($186.27 in chips) 
Seat 5: AAKiller11 ($116.77 in chips) 
Seat 6: Manifestorr ($100 in chips) 
skanb: posts small blind $0.50
shootingGRID: posts big blind $1
*** HOLE CARDS ***
michasia: folds 
nastja336: folds 
AAKiller11: raises $2 to $3
Manifestorr: folds 
skanb: folds 
shootingGRID: raises $9 to $12
AAKiller11: calls $9
*** FLOP *** [Jd Ah As]
shootingGRID: bets $5.82
AAKiller11: calls $5.82
*** TURN *** [Jd Ah As] [Jc]
shootingGRID: checks 
AAKiller11: bets $8
shootingGRID: raises $14.61 to $22.61
AAKiller11: folds 
Uncalled bet ($14.61) returned to shootingGRID
shootingGRID collected $49.64 from pot
*** SUMMARY ***
Total pot $52.14 | Rake $2.50 
Board [Jd Ah As Jc]
Seat 1: skanb (small blind) folded before Flop
Seat 2: shootingGRID (big blind) collected ($49.64)
Seat 3: michasia folded before Flop (didn't bet)
Seat 4: nastja336 folded before Flop (didn't bet)
Seat 5: AAKiller11 folded on the Turn
Seat 6: Manifestorr (button) folded before Flop (didn't bet)



PokerStars Hand #254419433430:  Hold'em No Limit ($0.50/$1.00 USD) - 2025/01/17 20:25:30 WET [2025/01/17 15:25:30 ET]
Table 'Herge III' 6-max Seat #1 is the button
Seat 1: skanb ($100 in chips) 
Seat 2: shootingGRID ($124.57 in chips) 
Seat 3: michasia ($100 in chips) 
Seat 4: nastja336 ($186.27 in chips) 
Seat 5: AAKiller11 ($90.95 in chips) 
Seat 6: Manifestorr ($100 in chips) 
shootingGRID: posts small blind $0.50
michasia: posts big blind $1
*** HOLE CARDS ***
nastja336: folds 
AAKiller11 has timed out
AAKiller11: folds 
Manifestorr: folds 
skanb: folds 
shootingGRID: folds 
Uncalled bet ($0.50) returned to michasia
michasia collected $1 from pot
michasia: doesn't show hand 
*** SUMMARY ***
Total pot $1 | Rake $0 
Seat 1: skanb (button) folded before Flop (didn't bet)
Seat 2: shootingGRID (small blind) folded before Flop
Seat 3: michasia (big blind) collected ($1)
Seat 4: nastja336 folded before Flop (didn't bet)
Seat 5: AAKiller11 folded before Flop (didn't bet)
Seat 6: Manifestorr folded before Flop (didn't bet)



PokerStars Hand #254419445428:  Hold'em No Limit ($0.50/$1.00 USD) - 2025/01/17 20:26:09 WET [2025/01/17 15:26:09 ET]
Table 'Herge III' 6-max Seat #2 is the button
Seat 1: skanb ($100 in chips) 
Seat 2: shootingGRID ($124.07 in chips) 
Seat 3: michasia ($100.50 in chips) 
Seat 4: nastja336 ($186.27 in chips) 
Seat 5: AAKiller11 ($100 in chips) 
Seat 6: Manifestorr ($100 in chips) 
michasia: posts small blind $0.50
nastja336: posts big blind $1
*** HOLE CARDS ***
AAKiller11: raises $2 to $3
Manifestorr: folds 
skanb: folds 
shootingGRID: folds 
michasia: folds 
nastja336: calls $2
*** FLOP *** [Ts 6d 5d]
nastja336: checks 
AAKiller11: bets $2
nastja336: calls $2
*** TURN *** [Ts 6d 5d] [Jc]
nastja336: checks 
AAKiller11: bets $3
nastja336: raises $14 to $17
AAKiller11: folds 
Uncalled bet ($14) returned to nastja336
nastja336 collected $15.68 from pot
nastja336: doesn't show hand 
*** SUMMARY ***
Total pot $16.50 | Rake $0.82 
Board [Ts 6d 5d Jc]
Seat 1: skanb folded before Flop (didn't bet)
Seat 2: shootingGRID (button) folded before Flop (didn't bet)
Seat 3: michasia (small blind) folded before Flop
Seat 4: nastja336 (big blind) collected ($15.68)
Seat 5: AAKiller11 folded on the Turn
Seat 6: Manifestorr folded before Flop (didn't bet)



PokerStars Hand #254419462517:  Hold'em No Limit ($0.50/$1.00 USD) - 2025/01/17 20:27:05 WET [2025/01/17 15:27:05 ET]
Table 'Herge III' 6-max Seat #3 is the button
Seat 1: skanb ($100 in chips) 
Seat 2: shootingGRID ($124.07 in chips) 
Seat 3: michasia ($100 in chips) 
Seat 4: nastja336 ($193.95 in chips) 
Seat 5: AAKiller11 ($92 in chips) 
Seat 6: Manifestorr ($100 in chips) 
nastja336: posts small blind $0.50
AAKiller11: posts big blind $1
*** HOLE CARDS ***
Manifestorr: raises $1.20 to $2.20
skanb: raises $5.80 to $8
shootingGRID: folds 
michasia: folds 
nastja336: folds 
AAKiller11: folds 
Manifestorr: raises $16 to $24
skanb: folds 
Uncalled bet ($16) returned to Manifestorr
Manifestorr collected $17.50 from pot
*** SUMMARY ***
Total pot $17.50 | Rake $0 
Seat 1: skanb folded before Flop
Seat 2: shootingGRID folded before Flop (didn't bet)
Seat 3: michasia (button) folded before Flop (didn't bet)
Seat 4: nastja336 (small blind) folded before Flop
Seat 5: AAKiller11 (big blind) folded before Flop
Seat 6: Manifestorr collected ($17.50)



PokerStars Hand #254419473000:  Hold'em No Limit ($0.50/$1.00 USD) - 2025/01/17 20:27:39 WET [2025/01/17 15:27:39 ET]
Table 'Herge III' 6-max Seat #4 is the button
Seat 1: skanb ($100 in chips) 
Seat 2: shootingGRID ($124.07 in chips) 
Seat 3: michasia ($100 in chips) 
Seat 4: nastja336 ($193.45 in chips) 
Seat 5: AAKiller11 ($100 in chips) 
Seat 6: Manifestorr ($109.50 in chips) 
AAKiller11: posts small blind $0.50
Manifestorr: posts big blind $1
*** HOLE CARDS ***
skanb: folds 
shootingGRID: folds 
michasia: folds 
nastja336: folds 
AAKiller11: calls $0.50
Manifestorr: checks 
*** FLOP *** [9d 5s 2s]
AAKiller11: bets $1
Manifestorr: folds 
Uncalled bet ($1) returned to AAKiller11
AAKiller11 collected $1.88 from pot
*** SUMMARY ***
Total pot $2 | Rake $0.12 
Board [9d 5s 2s]
Seat 1: skanb folded before Flop (didn't bet)
Seat 2: shootingGRID folded before Flop (didn't bet)
Seat 3: michasia folded before Flop (didn't bet)
Seat 4: nastja336 (button) folded before Flop (didn't bet)
Seat 5: AAKiller11 (small blind) collected ($1.88)
Seat 6: Manifestorr (big blind) folded on the Flop



PokerStars Hand #254419482569:  Hold'em No Limit ($0.50/$1.00 USD) - 2025/01/17 20:28:10 WET [2025/01/17 15:28:10 ET]
Table 'Herge III' 6-max Seat #5 is the button
Seat 1: skanb ($100 in chips) 
Seat 2: shootingGRID ($124.07 in chips) 
Seat 3: michasia ($100 in chips) 
Seat 4: nastja336 ($193.45 in chips) 
Seat 5: AAKiller11 ($100.88 in chips) 
Seat 6: Manifestorr ($108.50 in chips) 
Manifestorr: posts small blind $0.50
skanb: posts big blind $1
*** HOLE CARDS ***
shootingGRID: raises $1.25 to $2.25
michasia: folds 
nastja336: folds 
AAKiller11: calls $2.25
Manifestorr: folds 
skanb: folds 
*** FLOP *** [9h 5c 8d]
shootingGRID: bets $1.88
AAKiller11: raises $1.88 to $3.76
shootingGRID: calls $1.88
*** TURN *** [9h 5c 8d] [Qd]
shootingGRID: checks 
AAKiller11: bets $2
shootingGRID: calls $2
*** RIVER *** [9h 5c 8d Qd] [Qs]
shootingGRID: checks 
AAKiller11: checks 
*** SHOW DOWN ***
shootingGRID: shows [7c Jc] (a pair of Queens)
AAKiller11: shows [Kc 8c] (two pair, Queens and Eights)
AAKiller11 collected $16.42 from pot
*** SUMMARY ***
Total pot $17.52 | Rake $1.10 
Board [9h 5c 8d Qd Qs]
Seat 1: skanb (big blind) folded before Flop
Seat 2: shootingGRID showed [7c Jc] and lost with a pair of Queens
Seat 3: michasia folded before Flop (didn't bet)
Seat 4: nastja336 folded before Flop (didn't bet)
Seat 5: AAKiller11 (button) showed [Kc 8c] and won ($16.42) with two pair, Queens and Eights
Seat 6: Manifestorr (small blind) folded before Flop



PokerStars Hand #254419497336:  Hold'em No Limit ($0.50/$1.00 USD) - 2025/01/17 20:28:58 WET [2025/01/17 15:28:58 ET]
Table 'Herge III' 6-max Seat #6 is the button
Seat 1: skanb ($100 in chips) 
Seat 2: shootingGRID ($116.06 in chips) 
Seat 3: michasia ($100 in chips) 
Seat 4: nastja336 ($193.45 in chips) 
Seat 5: AAKiller11 ($109.29 in chips) 
Seat 6: Manifestorr ($108 in chips) 
skanb: posts small blind $0.50
shootingGRID: posts big blind $1
*** HOLE CARDS ***
michasia: raises $1.60 to $2.60
nastja336: folds 
AAKiller11: calls $2.60
Manifestorr: folds 
skanb: folds 
shootingGRID: calls $1.60
*** FLOP *** [8h 7d Jh]
shootingGRID: checks 
michasia: bets $2.60
AAKiller11: calls $2.60
shootingGRID: raises $8.40 to $11
michasia: calls $8.40
AAKiller11: calls $8.40
*** TURN *** [8h 7d Jh] [Tc]
shootingGRID: checks 
michasia: checks 
AAKiller11: checks 
*** RIVER *** [8h 7d Jh Tc] [5h]
shootingGRID: checks 
michasia: checks 
AAKiller11: bets $15
shootingGRID: calls $15
michasia: folds 
*** SHOW DOWN ***
AAKiller11: shows [6h Th] (a flush, Jack high)
shootingGRID: mucks hand 
AAKiller11 collected $68.18 from pot
*** SUMMARY ***
Total pot $71.30 | Rake $3.12 
Board [8h 7d Jh Tc 5h]
Seat 1: skanb (small blind) folded before Flop
Seat 2: shootingGRID (big blind) mucked
Seat 3: michasia folded on the River
Seat 4: nastja336 folded before Flop (didn't bet)
Seat 5: AAKiller11 showed [6h Th] and won ($68.18) with a flush, Jack high
Seat 6: Manifestorr (button) folded before Flop (didn't bet)



PokerStars Hand #254419531453:  Hold'em No Limit ($0.50/$1.00 USD) - 2025/01/17 20:30:49 WET [2025/01/17 15:30:49 ET]
Table 'Herge III' 6-max Seat #1 is the button
Seat 1: skanb ($100 in chips) 
Seat 2: shootingGRID ($100 in chips) 
Seat 3: michasia ($100 in chips) 
Seat 4: nastja336 ($193.45 in chips) 
Seat 5: AAKiller11 ($148.87 in chips) 
Seat 6: Manifestorr ($108 in chips) 
shootingGRID: posts small blind $0.50
michasia: posts big blind $1
*** HOLE CARDS ***
nastja336: folds 
AAKiller11: folds 
Manifestorr: folds 
skanb: folds 
shootingGRID: raises $2 to $3
michasia: folds 
Uncalled bet ($2) returned to shootingGRID
shootingGRID collected $2 from pot
*** SUMMARY ***
Total pot $2 | Rake $0 
Seat 1: skanb (button) folded before Flop (didn't bet)
Seat 2: shootingGRID (small blind) collected ($2)
Seat 3: michasia (big blind) folded before Flop
Seat 4: nastja336 folded before Flop (didn't bet)
Seat 5: AAKiller11 folded before Flop (didn't bet)
Seat 6: Manifestorr folded before Flop (didn't bet)



PokerStars Hand #254419541439:  Hold'em No Limit ($0.50/$1.00 USD) - 2025/01/17 20:31:21 WET [2025/01/17 15:31:21 ET]
Table 'Herge III' 6-max Seat #2 is the button
Seat 1: skanb ($100 in chips) 
Seat 2: shootingGRID ($101 in chips) 
Seat 3: michasia ($100 in chips) 
Seat 4: nastja336 ($193.45 in chips) 
Seat 5: AAKiller11 ($148.87 in chips) 
Seat 6: Manifestorr ($108 in chips) 
michasia: posts small blind $0.50
nastja336: posts big blind $1
*** HOLE CARDS ***
AAKiller11: raises $1 to $2
Manifestorr: raises $5 to $7
skanb: folds 
shootingGRID: folds 
michasia: folds 
nastja336: folds 
AAKiller11: calls $5
*** FLOP *** [9c 5d Tc]
AAKiller11: checks 
Manifestorr: bets $7.36
AAKiller11: calls $7.36
*** TURN *** [9c 5d Tc] [3s]
AAKiller11: checks 
Manifestorr: checks 
*** RIVER *** [9c 5d Tc 3s] [4s]
AAKiller11: bets $4
Manifestorr: folds 
Uncalled bet ($4) returned to AAKiller11
AAKiller11 collected $28.33 from pot
*** SUMMARY ***
Total pot $30.22 | Rake $1.89 
Board [9c 5d Tc 3s 4s]
Seat 1: skanb folded before Flop (didn't bet)
Seat 2: shootingGRID (button) folded before Flop (didn't bet)
Seat 3: michasia (small blind) folded before Flop
Seat 4: nastja336 (big blind) folded before Flop
Seat 5: AAKiller11 collected ($28.33)
Seat 6: Manifestorr folded on the River



PokerStars Hand #254419564923:  Hold'em No Limit ($0.50/$1.00 USD) - 2025/01/17 20:32:36 WET [2025/01/17 15:32:36 ET]
Table 'Herge III' 6-max Seat #3 is the button
Seat 1: skanb ($100 in chips) 
Seat 2: shootingGRID ($101 in chips) 
Seat 3: michasia ($100 in chips) 
Seat 4: nastja336 ($192.45 in chips) 
Seat 5: AAKiller11 ($162.84 in chips) 
Seat 6: Manifestorr ($100 in chips) 
nastja336: posts small blind $0.50
AAKiller11: posts big blind $1
*** HOLE CARDS ***
Manifestorr: folds 
skanb: raises $2 to $3
shootingGRID: folds 
michasia: folds 
nastja336: folds 
AAKiller11: calls $2
*** FLOP *** [3h Td 5c]
AAKiller11: bets $3.09
skanb: raises $8.03 to $11.12
AAKiller11: calls $8.03
*** TURN *** [3h Td 5c] [8d]
AAKiller11: bets $5
skanb: raises $13 to $18
AAKiller11: folds 
Uncalled bet ($13) returned to skanb
skanb collected $36.80 from pot
skanb: doesn't show hand 
*** SUMMARY ***
Total pot $38.74 | Rake $1.94 
Board [3h Td 5c 8d]
Seat 1: skanb collected ($36.80)
Seat 2: shootingGRID folded before Flop (didn't bet)
Seat 3: michasia (button) folded before Flop (didn't bet)
Seat 4: nastja336 (small blind) folded before Flop
Seat 5: AAKiller11 (big blind) folded on the Turn
Seat 6: Manifestorr folded before Flop (didn't bet)



PokerStars Hand #254419587409:  Hold'em No Limit ($0.50/$1.00 USD) - 2025/01/17 20:33:49 WET [2025/01/17 15:33:49 ET]
Table 'Herge III' 6-max Seat #4 is the button
Seat 1: skanb ($117.68 in chips) 
Seat 2: shootingGRID ($101 in chips) 
Seat 3: michasia ($100 in chips) 
Seat 4: nastja336 ($191.95 in chips) 
Seat 5: AAKiller11 ($143.72 in chips) 
Seat 6: Manifestorr ($100 in chips) 
AAKiller11: posts small blind $0.50
Manifestorr: posts big blind $1
*** HOLE CARDS ***
skanb: raises $2 to $3
shootingGRID: folds 
michasia: folds 
nastja336: folds 
AAKiller11: calls $2.50
Manifestorr: calls $2
*** FLOP *** [Th 2d 6h]
AAKiller11: checks 
Manifestorr: checks 
skanb: bets $6.41
AAKiller11: folds 
Manifestorr: folds 
Uncalled bet ($6.41) returned to skanb
skanb collected $8.55 from pot
skanb: doesn't show hand 
*** SUMMARY ***
Total pot $9 | Rake $0.45 
Board [Th 2d 6h]
Seat 1: skanb collected ($8.55)
Seat 2: shootingGRID folded before Flop (didn't bet)
Seat 3: michasia folded before Flop (didn't bet)
Seat 4: nastja336 (button) folded before Flop (didn't bet)
Seat 5: AAKiller11 (small blind) folded on the Flop
Seat 6: Manifestorr (big blind) folded on the Flop



PokerStars Hand #254419599356:  Hold'em No Limit ($0.50/$1.00 USD) - 2025/01/17 20:34:27 WET [2025/01/17 15:34:27 ET]
Table 'Herge III' 6-max Seat #5 is the button
Seat 1: skanb ($123.23 in chips) 
Seat 2: shootingGRID ($101 in chips) 
Seat 3: michasia ($100 in chips) 
Seat 4: nastja336 ($191.95 in chips) 
Seat 5: AAKiller11 ($140.72 in chips) 
Seat 6: Manifestorr ($100 in chips) 
Manifestorr: posts small blind $0.50
skanb: posts big blind $1
*** HOLE CARDS ***
shootingGRID: folds 
michasia: folds 
nastja336: raises $1.50 to $2.50
AAKiller11: raises $2.50 to $5
Manifestorr: folds 
skanb: folds 
nastja336: calls $2.50
*** FLOP *** [2d Jd 8c]
nastja336: checks 
AAKiller11: bets $5.46
nastja336: folds 
Uncalled bet ($5.46) returned to AAKiller11
AAKiller11 collected $10.78 from pot
*** SUMMARY ***
Total pot $11.50 | Rake $0.72 
Board [2d Jd 8c]
Seat 1: skanb (big blind) folded before Flop
Seat 2: shootingGRID folded before Flop (didn't bet)
Seat 3: michasia folded before Flop (didn't bet)
Seat 4: nastja336 folded on the Flop
Seat 5: AAKiller11 (button) collected ($10.78)
Seat 6: Manifestorr (small blind) folded before Flop



PokerStars Hand #254419612458:  Hold'em No Limit ($0.50/$1.00 USD) - 2025/01/17 20:35:10 WET [2025/01/17 15:35:10 ET]
Table 'Herge III' 6-max Seat #6 is the button
Seat 1: skanb ($122.23 in chips) 
Seat 2: shootingGRID ($101 in chips) 
Seat 3: michasia ($100 in chips) 
Seat 4: nastja336 ($186.95 in chips) 
Seat 5: AAKiller11 ($146.50 in chips) 
Seat 6: Manifestorr ($100 in chips) 
skanb: posts small blind $0.50
shootingGRID: posts big blind $1
*** HOLE CARDS ***
michasia: raises $1.60 to $2.60
nastja336: folds 
AAKiller11: calls $2.60
Manifestorr: folds 
skanb: calls $2.10
shootingGRID: calls $1.60
*** FLOP *** [2h 6h 5c]
skanb: checks 
shootingGRID: checks 
michasia: checks 
AAKiller11: checks 
*** TURN *** [2h 6h 5c] [2s]
skanb: checks 
shootingGRID: checks 
michasia: bets $6.59
AAKiller11: folds 
skanb: calls $6.59
shootingGRID: folds 
*** RIVER *** [2h 6h 5c 2s] [4s]
skanb: checks 
michasia: checks 
*** SHOW DOWN ***
skanb: shows [5s 5h] (a full house, Fives full of Deuces)
michasia: mucks hand 
skanb collected $22.40 from pot
*** SUMMARY ***
Total pot $23.58 | Rake $1.18 
Board [2h 6h 5c 2s 4s]
Seat 1: skanb (small blind) showed [5s 5h] and won ($22.40) with a full house, Fives full of Deuces
Seat 2: shootingGRID (big blind) folded on the Turn
Seat 3: michasia mucked
Seat 4: nastja336 folded before Flop (didn't bet)
Seat 5: AAKiller11 folded on the Turn
Seat 6: Manifestorr (button) folded before Flop (didn't bet)



PokerStars Hand #254419632239:  Hold'em No Limit ($0.50/$1.00 USD) - 2025/01/17 20:36:13 WET [2025/01/17 15:36:13 ET]
Table 'Herge III' 6-max Seat #1 is the button
Seat 1: skanb ($135.44 in chips) 
Seat 2: shootingGRID ($100 in chips) 
Seat 3: michasia ($100 in chips) 
Seat 4: nastja336 ($186.95 in chips) 
Seat 5: AAKiller11 ($143.90 in chips) 
Seat 6: Manifestorr ($100 in chips) 
shootingGRID: posts small blind $0.50
michasia: posts big blind $1
*** HOLE CARDS ***
nastja336: raises $1.50 to $2.50
AAKiller11: raises $2.50 to $5
Manifestorr: folds 
skanb: folds 
shootingGRID: raises $10 to $15
michasia: folds 
nastja336: raises $171.95 to $186.95 and is all-in
AAKiller11: calls $138.90 and is all-in
shootingGRID: folds 
Uncalled bet ($43.05) returned to nastja336
*** FLOP *** [Tc Kc 2d]
*** TURN *** [Tc Kc 2d] [4d]
*** RIVER *** [Tc Kc 2d 4d] [8c]
*** SHOW DOWN ***
nastja336: shows [Ad Kd] (a pair of Kings)
AAKiller11: shows [Jc Js] (a pair of Jacks)
nastja336 collected $301.30 from pot
AAKiller11 cashed out the hand for $159.06 | Cash Out Fee $3.25
*** SUMMARY ***
Total pot $303.80 | Rake $2.50 
Board [Tc Kc 2d 4d 8c]
Seat 1: skanb (button) folded before Flop (didn't bet)
Seat 2: shootingGRID (small blind) folded before Flop
Seat 3: michasia (big blind) folded before Flop
Seat 4: nastja336 showed [Ad Kd] and won ($301.30) with a pair of Kings
Seat 5: AAKiller11 showed [Jc Js] and lost with a pair of Jacks (cashed out).
Seat 6: Manifestorr folded before Flop (didn't bet)



PokerStars Hand #254419644052:  Hold'em No Limit ($0.50/$1.00 USD) - 2025/01/17 20:36:51 WET [2025/01/17 15:36:51 ET]
Table 'Herge III' 6-max Seat #2 is the button
Seat 1: skanb ($135.44 in chips) 
Seat 2: shootingGRID ($100 in chips) 
Seat 3: michasia ($100 in chips) 
Seat 4: nastja336 ($344.35 in chips) 
Seat 5: AAKiller11 ($159.06 in chips) 
Seat 6: Manifestorr ($100 in chips) 
michasia: posts small blind $0.50
nastja336: posts big blind $1
*** HOLE CARDS ***
AAKiller11: folds 
Manifestorr: raises $1.20 to $2.20
skanb: folds 
shootingGRID: folds 
michasia: folds 
nastja336: folds 
Uncalled bet ($1.20) returned to Manifestorr
Manifestorr collected $2.50 from pot
*** SUMMARY ***
Total pot $2.50 | Rake $0 
Seat 1: skanb folded before Flop (didn't bet)
Seat 2: shootingGRID (button) folded before Flop (didn't bet)
Seat 3: michasia (small blind) folded before Flop
Seat 4: nastja336 (big blind) folded before Flop
Seat 5: AAKiller11 folded before Flop (didn't bet)
Seat 6: Manifestorr collected ($2.50)



PokerStars Hand #254419650760:  Hold'em No Limit ($0.50/$1.00 USD) - 2025/01/17 20:37:12 WET [2025/01/17 15:37:12 ET]
Table 'Herge III' 6-max Seat #3 is the button
Seat 1: skanb ($135.44 in chips) 
Seat 2: shootingGRID ($100 in chips) 
Seat 3: michasia ($100 in chips) 
Seat 4: nastja336 ($343.35 in chips) 
Seat 5: AAKiller11 ($159.06 in chips) 
Seat 6: Manifestorr ($101.50 in chips) 
nastja336: posts small blind $0.50
AAKiller11: posts big blind $1
*** HOLE CARDS ***
Manifestorr: folds 
skanb: folds 
shootingGRID: folds 
michasia: raises $1.80 to $2.80
nastja336: folds 
AAKiller11: calls $1.80
*** FLOP *** [5s Kh Ad]
AAKiller11: checks 
michasia: bets $3.87
AAKiller11: folds 
Uncalled bet ($3.87) returned to michasia
michasia collected $5.80 from pot
michasia: doesn't show hand 
*** SUMMARY ***
Total pot $6.10 | Rake $0.30 
Board [5s Kh Ad]
Seat 1: skanb folded before Flop (didn't bet)
Seat 2: shootingGRID folded before Flop (didn't bet)
Seat 3: michasia (button) collected ($5.80)
Seat 4: nastja336 (small blind) folded before Flop
Seat 5: AAKiller11 (big blind) folded on the Flop
Seat 6: Manifestorr folded before Flop (didn't bet)



PokerStars Hand #254419662448:  Hold'em No Limit ($0.50/$1.00 USD) - 2025/01/17 20:37:50 WET [2025/01/17 15:37:50 ET]
Table 'Herge III' 6-max Seat #4 is the button
Seat 1: skanb ($135.44 in chips) 
Seat 2: shootingGRID ($100 in chips) 
Seat 3: michasia ($103 in chips) 
Seat 4: nastja336 ($342.85 in chips) 
Seat 5: AAKiller11 ($156.26 in chips) 
Seat 6: Manifestorr ($101.50 in chips) 
AAKiller11: posts small blind $0.50
Manifestorr: posts big blind $1
*** HOLE CARDS ***
skanb: folds 
shootingGRID: folds 
michasia: folds 
nastja336: folds 
AAKiller11: raises $2 to $3
Manifestorr: folds 
Uncalled bet ($2) returned to AAKiller11
AAKiller11 collected $2 from pot
*** SUMMARY ***
Total pot $2 | Rake $0 
Seat 1: skanb folded before Flop (didn't bet)
Seat 2: shootingGRID folded before Flop (didn't bet)
Seat 3: michasia folded before Flop (didn't bet)
Seat 4: nastja336 (button) folded before Flop (didn't bet)
Seat 5: AAKiller11 (small blind) collected ($2)
Seat 6: Manifestorr (big blind) folded before Flop



PokerStars Hand #254419669767:  Hold'em No Limit ($0.50/$1.00 USD) - 2025/01/17 20:38:12 WET [2025/01/17 15:38:12 ET]
Table 'Herge III' 6-max Seat #5 is the button
Seat 1: skanb ($135.44 in chips) 
Seat 2: shootingGRID ($100 in chips) 
Seat 3: michasia ($103 in chips) 
Seat 4: nastja336 ($342.85 in chips) 
Seat 5: AAKiller11 ($157.26 in chips) 
Seat 6: Manifestorr ($100.50 in chips) 
Manifestorr: posts small blind $0.50
skanb: posts big blind $1
*** HOLE CARDS ***
shootingGRID: folds 
michasia: folds 
nastja336: folds 
AAKiller11 is disconnected 
AAKiller11 has timed out while disconnected
AAKiller11: folds 
Manifestorr: raises $2 to $3
skanb: raises $6 to $9
Manifestorr: folds 
Uncalled bet ($6) returned to skanb
skanb collected $6 from pot
skanb: doesn't show hand 
*** SUMMARY ***
Total pot $6 | Rake $0 
Seat 1: skanb (big blind) collected ($6)
Seat 2: shootingGRID folded before Flop (didn't bet)
Seat 3: michasia folded before Flop (didn't bet)
Seat 4: nastja336 folded before Flop (didn't bet)
Seat 5: AAKiller11 (button) folded before Flop (didn't bet)
Seat 6: Manifestorr (small blind) folded before Flop



PokerStars Hand #254419680276:  Hold'em No Limit ($0.50/$1.00 USD) - 2025/01/17 20:38:46 WET [2025/01/17 15:38:46 ET]
Table 'Herge III' 6-max Seat #6 is the button
Seat 3: michasia ($103 in chips) is sitting out
Seat 1: skanb ($138.44 in chips) 
Seat 2: shootingGRID ($100 in chips) 
Seat 4: nastja336 ($342.85 in chips) 
Seat 5: AAKiller11 ($157.26 in chips) 
Seat 6: Manifestorr ($100 in chips) 
skanb: posts small blind $0.50
shootingGRID: posts big blind $1
*** HOLE CARDS ***
nastja336: raises $1.50 to $2.50
AAKiller11: raises $4.50 to $7
Manifestorr: folds 
skanb: folds 
shootingGRID: folds 
nastja336: calls $4.50
*** FLOP *** [Td Ac 4c]
nastja336: checks 
AAKiller11: checks 
*** TURN *** [Td Ac 4c] [4d]
nastja336: bets $4.86
AAKiller11: calls $4.86
*** RIVER *** [Td Ac 4c 4d] [Jd]
nastja336: bets $7.91
AAKiller11: calls $7.91
*** SHOW DOWN ***
nastja336: shows [7h Ah] (two pair, Aces and Fours)
AAKiller11: mucks hand 
nastja336 collected $38.99 from pot
*** SUMMARY ***
Total pot $41.04 | Rake $2.05 
Board [Td Ac 4c 4d Jd]
Seat 3: michasia
Seat 1: skanb (small blind) folded before Flop
Seat 2: shootingGRID (big blind) folded before Flop
Seat 4: nastja336 showed [7h Ah] and won ($38.99) with two pair, Aces and Fours
Seat 5: AAKiller11 mucked
Seat 6: Manifestorr (button) folded before Flop (didn't bet)



PokerStars Hand #254419693060:  Hold'em No Limit ($0.50/$1.00 USD) - 2025/01/17 20:39:27 WET [2025/01/17 15:39:27 ET]
Table 'Herge III' 6-max Seat #1 is the button
Seat 3: michasia ($103 in chips) is sitting out
Seat 1: skanb ($137.94 in chips) 
Seat 2: shootingGRID ($100 in chips) 
Seat 4: nastja336 ($362.07 in chips) 
Seat 5: AAKiller11 ($137.49 in chips) 
Seat 6: Manifestorr ($100 in chips) 
shootingGRID: posts small blind $0.50
nastja336: posts big blind $1
*** HOLE CARDS ***
AAKiller11: raises $1 to $2
Manifestorr: folds 
skanb: folds 
shootingGRID: folds 
nastja336: folds 
Uncalled bet ($1) returned to AAKiller11
AAKiller11 collected $2.50 from pot
*** SUMMARY ***
Total pot $2.50 | Rake $0 
Seat 3: michasia
Seat 1: skanb (button) folded before Flop (didn't bet)
Seat 2: shootingGRID (small blind) folded before Flop
Seat 4: nastja336 (big blind) folded before Flop
Seat 5: AAKiller11 collected ($2.50)
Seat 6: Manifestorr folded before Flop (didn't bet)



PokerStars Hand #254419698756:  Hold'em No Limit ($0.50/$1.00 USD) - 2025/01/17 20:39:45 WET [2025/01/17 15:39:45 ET]
Table 'Herge III' 6-max Seat #2 is the button
Seat 3: michasia ($103 in chips) is sitting out
Seat 1: skanb ($137.94 in chips) 
Seat 2: shootingGRID ($100 in chips) 
Seat 4: nastja336 ($361.07 in chips) 
Seat 5: AAKiller11 ($138.99 in chips) 
Seat 6: Manifestorr ($100 in chips) 
nastja336: posts small blind $0.50
AAKiller11: posts big blind $1
*** HOLE CARDS ***
Manifestorr: folds 
skanb: folds 
shootingGRID: raises $1.50 to $2.50
nastja336: folds 
AAKiller11: calls $1.50
*** FLOP *** [Js 8d Ad]
AAKiller11: checks 
shootingGRID: bets $3.45
AAKiller11: calls $3.45
*** TURN *** [Js 8d Ad] [4c]
AAKiller11: checks 
shootingGRID: bets $18
AAKiller11: folds 
Uncalled bet ($18) returned to shootingGRID
shootingGRID collected $11.78 from pot
*** SUMMARY ***
Total pot $12.40 | Rake $0.62 
Board [Js 8d Ad 4c]
Seat 3: michasia
Seat 1: skanb folded before Flop (didn't bet)
Seat 2: shootingGRID (button) collected ($11.78)
Seat 4: nastja336 (small blind) folded before Flop
Seat 5: AAKiller11 (big blind) folded on the Turn
Seat 6: Manifestorr folded before Flop (didn't bet)



PokerStars Hand #254419716767:  Hold'em No Limit ($0.50/$1.00 USD) - 2025/01/17 20:40:43 WET [2025/01/17 15:40:43 ET]
Table 'Herge III' 6-max Seat #4 is the button
Seat 3: michasia ($103 in chips) is sitting out
Seat 1: skanb ($137.94 in chips) 
Seat 2: shootingGRID ($105.83 in chips) 
Seat 4: nastja336 ($360.57 in chips) 
Seat 5: AAKiller11 ($133.04 in chips) 
Seat 6: Manifestorr ($100 in chips) 
AAKiller11: posts small blind $0.50
Manifestorr: posts big blind $1
*** HOLE CARDS ***
skanb: folds 
shootingGRID: raises $1.25 to $2.25
nastja336: calls $2.25
AAKiller11: folds 
Manifestorr: folds 
*** FLOP *** [8c 3s 3c]
shootingGRID: checks 
nastja336: bets $1.88
shootingGRID: raises $9.12 to $11
nastja336: folds 
Uncalled bet ($9.12) returned to shootingGRID
shootingGRID collected $9.27 from pot
*** SUMMARY ***
Total pot $9.76 | Rake $0.49 
Board [8c 3s 3c]
Seat 3: michasia
Seat 1: skanb folded before Flop (didn't bet)
Seat 2: shootingGRID collected ($9.27)
Seat 4: nastja336 (button) folded on the Flop
Seat 5: AAKiller11 (small blind) folded before Flop
Seat 6: Manifestorr (big blind) folded before Flop



PokerStars Hand #254419725046:  Hold'em No Limit ($0.50/$1.00 USD) - 2025/01/17 20:41:09 WET [2025/01/17 15:41:09 ET]
Table 'Herge III' 6-max Seat #5 is the button
Seat 3: michasia ($103 in chips) is sitting out
Seat 1: skanb ($137.94 in chips) 
Seat 2: shootingGRID ($110.97 in chips) 
Seat 4: nastja336 ($356.44 in chips) 
Seat 5: AAKiller11 ($132.54 in chips) 
Seat 6: Manifestorr ($100 in chips) 
Manifestorr: posts small blind $0.50
skanb: posts big blind $1
*** HOLE CARDS ***
shootingGRID: folds 
nastja336: raises $1.50 to $2.50
AAKiller11: folds 
Manifestorr: folds 
skanb: folds 
Uncalled bet ($1.50) returned to nastja336
nastja336 collected $2.50 from pot
nastja336: doesn't show hand 
*** SUMMARY ***
Total pot $2.50 | Rake $0 
Seat 3: michasia
Seat 1: skanb (big blind) folded before Flop
Seat 2: shootingGRID folded before Flop (didn't bet)
Seat 4: nastja336 collected ($2.50)
Seat 5: AAKiller11 (button) folded before Flop (didn't bet)
Seat 6: Manifestorr (small blind) folded before Flop



PokerStars Hand #254419731042:  Hold'em No Limit ($0.50/$1.00 USD) - 2025/01/17 20:41:28 WET [2025/01/17 15:41:28 ET]
Table 'Herge III' 6-max Seat #6 is the button
Seat 3: michasia ($103 in chips) is sitting out
Seat 1: skanb ($136.94 in chips) 
Seat 2: shootingGRID ($110.97 in chips) 
Seat 4: nastja336 ($357.94 in chips) 
Seat 5: AAKiller11 ($132.54 in chips) 
Seat 6: Manifestorr ($100 in chips) 
skanb: posts small blind $0.50
shootingGRID: posts big blind $1
*** HOLE CARDS ***
nastja336: raises $1.50 to $2.50
AAKiller11: folds 
Manifestorr: folds 
skanb: folds 
shootingGRID: folds 
Uncalled bet ($1.50) returned to nastja336
nastja336 collected $2.50 from pot
nastja336: doesn't show hand 
*** SUMMARY ***
Total pot $2.50 | Rake $0 
Seat 3: michasia
Seat 1: skanb (small blind) folded before Flop
Seat 2: shootingGRID (big blind) folded before Flop
Seat 4: nastja336 collected ($2.50)
Seat 5: AAKiller11 folded before Flop (didn't bet)
Seat 6: Manifestorr (button) folded before Flop (didn't bet)



PokerStars Hand #254419737819:  Hold'em No Limit ($0.50/$1.00 USD) - 2025/01/17 20:41:50 WET [2025/01/17 15:41:50 ET]
Table 'Herge III' 6-max Seat #1 is the button
Seat 1: skanb ($136.44 in chips) 
Seat 2: shootingGRID ($109.97 in chips) 
Seat 3: michasia ($103 in chips) 
Seat 4: nastja336 ($359.44 in chips) 
Seat 5: AAKiller11 ($132.54 in chips) 
Seat 6: Manifestorr ($100 in chips) 
shootingGRID: posts small blind $0.50
michasia: posts big blind $1
*** HOLE CARDS ***
nastja336: folds 
AAKiller11: raises $1 to $2
Manifestorr: folds 
skanb: folds 
shootingGRID: folds 
michasia: folds 
Uncalled bet ($1) returned to AAKiller11
AAKiller11 collected $2.50 from pot
*** SUMMARY ***
Total pot $2.50 | Rake $0 
Seat 1: skanb (button) folded before Flop (didn't bet)
Seat 2: shootingGRID (small blind) folded before Flop
Seat 3: michasia (big blind) folded before Flop
Seat 4: nastja336 folded before Flop (didn't bet)
Seat 5: AAKiller11 collected ($2.50)
Seat 6: Manifestorr folded before Flop (didn't bet)



PokerStars Hand #254419745219:  Hold'em No Limit ($0.50/$1.00 USD) - 2025/01/17 20:42:13 WET [2025/01/17 15:42:13 ET]
Table 'Herge III' 6-max Seat #2 is the button
Seat 1: skanb ($136.44 in chips) 
Seat 2: shootingGRID ($109.47 in chips) 
Seat 3: michasia ($102 in chips) 
Seat 4: nastja336 ($359.44 in chips) 
Seat 5: AAKiller11 ($134.04 in chips) 
Seat 6: Manifestorr ($100 in chips) 
michasia: posts small blind $0.50
nastja336: posts big blind $1
*** HOLE CARDS ***
AAKiller11: calls $1
Manifestorr: folds 
skanb: folds 
shootingGRID: raises $3.50 to $4.50
michasia: raises $11.50 to $16
nastja336: folds 
AAKiller11: folds 
shootingGRID: calls $11.50
*** FLOP *** [Js Jh Jd]
michasia: bets $10.66
shootingGRID: folds 
Uncalled bet ($10.66) returned to michasia
michasia collected $32.30 from pot
michasia: doesn't show hand 
*** SUMMARY ***
Total pot $34 | Rake $1.70 
Board [Js Jh Jd]
Seat 1: skanb folded before Flop (didn't bet)
Seat 2: shootingGRID (button) folded on the Flop
Seat 3: michasia (small blind) collected ($32.30)
Seat 4: nastja336 (big blind) folded before Flop
Seat 5: AAKiller11 folded before Flop
Seat 6: Manifestorr folded before Flop (didn't bet)



PokerStars Hand #254420041103:  Hold'em No Limit ($0.50/$1.00 USD) - 2025/01/17 20:59:18 WET [2025/01/17 15:59:18 ET]
Table 'Herge III' 6-max Seat #2 is the button
Seat 1: skanb ($128.77 in chips) 
Seat 2: shootingGRID ($221.01 in chips) 
Seat 3: michasia ($105.04 in chips) 
Seat 4: nastja336 ($315.09 in chips) 
Seat 5: AAKiller11 ($148.01 in chips) 
Seat 6: Manifestorr ($100 in chips) 
michasia: posts small blind $0.50
nastja336: posts big blind $1
*** HOLE CARDS ***
AAKiller11: raises $2 to $3
Manifestorr: folds 
skanb: folds 
shootingGRID: raises $9 to $12
michasia: folds 
nastja336: folds 
AAKiller11: calls $9
*** FLOP *** [4s 9h 6s]
AAKiller11: checks 
shootingGRID: bets $12.11
AAKiller11: calls $12.11
*** TURN *** [4s 9h 6s] [2h]
AAKiller11: checks 
shootingGRID: bets $33.92
AAKiller11: folds 
Uncalled bet ($33.92) returned to shootingGRID
shootingGRID collected $47.23 from pot
*** SUMMARY ***
Total pot $49.72 | Rake $2.49 
Board [4s 9h 6s 2h]
Seat 1: skanb folded before Flop (didn't bet)
Seat 2: shootingGRID (button) collected ($47.23)
Seat 3: michasia (small blind) folded before Flop
Seat 4: nastja336 (big blind) folded before Flop
Seat 5: AAKiller11 folded on the Turn
Seat 6: Manifestorr folded before Flop (didn't bet)



PokerStars Hand #254420051250:  Hold'em No Limit ($0.50/$1.00 USD) - 2025/01/17 21:00:04 WET [2025/01/17 16:00:04 ET]
Table 'Herge III' 6-max Seat #3 is the button
Seat 1: skanb ($128.77 in chips) 
Seat 2: shootingGRID ($244.13 in chips) 
Seat 3: michasia ($104.54 in chips) 
Seat 4: nastja336 ($314.09 in chips) 
Seat 5: AAKiller11 ($123.90 in chips) 
Seat 6: Manifestorr ($100 in chips) 
nastja336: posts small blind $0.50
AAKiller11: posts big blind $1
*** HOLE CARDS ***
Manifestorr: folds 
skanb: raises $2 to $3
shootingGRID: folds 
michasia: folds 
nastja336: folds 
AAKiller11: calls $2
*** FLOP *** [Kd Jd 9c]
AAKiller11: checks 
skanb: bets $2.04
AAKiller11: calls $2.04
*** TURN *** [Kd Jd 9c] [3s]
AAKiller11: checks 
skanb: checks 
*** RIVER *** [Kd Jd 9c 3s] [8c]
AAKiller11: bets $3
skanb: calls $3
*** SHOW DOWN ***
AAKiller11: shows [2s Ts] (high card King)
skanb: shows [Jc Tc] (a pair of Jacks)
skanb collected $15.75 from pot
*** SUMMARY ***
Total pot $16.58 | Rake $0.83 
Board [Kd Jd 9c 3s 8c]
Seat 1: skanb showed [Jc Tc] and won ($15.75) with a pair of Jacks
Seat 2: shootingGRID folded before Flop (didn't bet)
Seat 3: michasia (button) folded before Flop (didn't bet)
Seat 4: nastja336 (small blind) folded before Flop
Seat 5: AAKiller11 (big blind) showed [2s Ts] and lost with high card King
Seat 6: Manifestorr folded before Flop (didn't bet)



PokerStars Hand #254420060476:  Hold'em No Limit ($0.50/$1.00 USD) - 2025/01/17 21:00:43 WET [2025/01/17 16:00:43 ET]
Table 'Herge III' 6-max Seat #4 is the button
Seat 1: skanb ($136.48 in chips) 
Seat 2: shootingGRID ($244.13 in chips) 
Seat 3: michasia ($104.54 in chips) 
Seat 4: nastja336 ($313.59 in chips) 
Seat 5: AAKiller11 ($115.86 in chips) 
Seat 6: Manifestorr ($100 in chips) 
AAKiller11: posts small blind $0.50
Manifestorr: posts big blind $1
*** HOLE CARDS ***
skanb: folds 
shootingGRID: folds 
michasia: folds 
nastja336: raises $1.50 to $2.50
AAKiller11: calls $2
Manifestorr: folds 
*** FLOP *** [8d 4d 5d]
AAKiller11: checks 
nastja336: checks 
*** TURN *** [8d 4d 5d] [Qd]
AAKiller11: checks 
nastja336: checks 
*** RIVER *** [8d 4d 5d Qd] [3c]
AAKiller11: bets $2.85
nastja336: calls $2.85
*** SHOW DOWN ***
AAKiller11: shows [7d 6s] (a flush, Queen high)
nastja336: mucks hand 
AAKiller11 collected $10.98 from pot
*** SUMMARY ***
Total pot $11.70 | Rake $0.72 
Board [8d 4d 5d Qd 3c]
Seat 1: skanb folded before Flop (didn't bet)
Seat 2: shootingGRID folded before Flop (didn't bet)
Seat 3: michasia folded before Flop (didn't bet)
Seat 4: nastja336 (button) mucked
Seat 5: AAKiller11 (small blind) showed [7d 6s] and won ($10.98) with a flush, Queen high
Seat 6: Manifestorr (big blind) folded before Flop



PokerStars Hand #254420067093:  Hold'em No Limit ($0.50/$1.00 USD) - 2025/01/17 21:01:09 WET [2025/01/17 16:01:09 ET]
Table 'Herge III' 6-max Seat #5 is the button
Seat 1: skanb ($136.48 in chips) 
Seat 2: shootingGRID ($244.13 in chips) 
Seat 3: michasia ($104.54 in chips) 
Seat 4: nastja336 ($308.24 in chips) 
Seat 5: AAKiller11 ($121.49 in chips) 
Seat 6: Manifestorr ($100 in chips) 
Manifestorr: posts small blind $0.50
skanb: posts big blind $1
*** HOLE CARDS ***
shootingGRID: folds 
michasia: raises $1.60 to $2.60
nastja336: folds 
AAKiller11: calls $2.60
Manifestorr: folds 
skanb: folds 
*** FLOP *** [Td 2c 3h]
michasia: bets $2.10
AAKiller11: folds 
Uncalled bet ($2.10) returned to michasia
michasia collected $6.36 from pot
michasia: doesn't show hand 
*** SUMMARY ***
Total pot $6.70 | Rake $0.34 
Board [Td 2c 3h]
Seat 1: skanb (big blind) folded before Flop
Seat 2: shootingGRID folded before Flop (didn't bet)
Seat 3: michasia collected ($6.36)
Seat 4: nastja336 folded before Flop (didn't bet)
Seat 5: AAKiller11 (button) folded on the Flop
Seat 6: Manifestorr (small blind) folded before Flop



PokerStars Hand #254420081269:  Hold'em No Limit ($0.50/$1.00 USD) - 2025/01/17 21:01:59 WET [2025/01/17 16:01:59 ET]
Table 'Herge III' 6-max Seat #6 is the button
Seat 1: skanb ($135.48 in chips) 
Seat 2: shootingGRID ($244.13 in chips) 
Seat 3: michasia ($108.30 in chips) 
Seat 4: nastja336 ($308.24 in chips) 
Seat 5: AAKiller11 ($118.89 in chips) 
Seat 6: Manifestorr ($100 in chips) 
skanb: posts small blind $0.50
shootingGRID: posts big blind $1
*** HOLE CARDS ***
michasia: folds 
nastja336: raises $1.50 to $2.50
AAKiller11: calls $2.50
Manifestorr: folds 
skanb: folds 
shootingGRID: calls $1.50
*** FLOP *** [8h 3d 5s]
shootingGRID: checks 
nastja336: checks 
AAKiller11: checks 
*** TURN *** [8h 3d 5s] [2s]
shootingGRID: bets $3.80
nastja336: folds 
AAKiller11: calls $3.80
*** RIVER *** [8h 3d 5s 2s] [Jh]
shootingGRID: checks 
AAKiller11: bets $3
shootingGRID: calls $3
*** SHOW DOWN ***
AAKiller11: shows [Ts 6s] (high card Jack)
shootingGRID: shows [5h Kh] (a pair of Fives)
shootingGRID collected $20.52 from pot
*** SUMMARY ***
Total pot $21.60 | Rake $1.08 
Board [8h 3d 5s 2s Jh]
Seat 1: skanb (small blind) folded before Flop
Seat 2: shootingGRID (big blind) showed [5h Kh] and won ($20.52) with a pair of Fives
Seat 3: michasia folded before Flop (didn't bet)
Seat 4: nastja336 folded on the Turn
Seat 5: AAKiller11 showed [Ts 6s] and lost with high card Jack
Seat 6: Manifestorr (button) folded before Flop (didn't bet)



PokerStars Hand #254420101927:  Hold'em No Limit ($0.50/$1.00 USD) - 2025/01/17 21:03:07 WET [2025/01/17 16:03:07 ET]
Table 'Herge III' 6-max Seat #1 is the button
Seat 1: skanb ($134.98 in chips) 
Seat 2: shootingGRID ($255.35 in chips) 
Seat 3: michasia ($108.30 in chips) 
Seat 4: nastja336 ($305.74 in chips) 
Seat 5: AAKiller11 ($109.59 in chips) 
Seat 6: Manifestorr ($100 in chips) 
shootingGRID: posts small blind $0.50
michasia: posts big blind $1
*** HOLE CARDS ***
nastja336: folds 
AAKiller11: folds 
Manifestorr: raises $1.20 to $2.20
skanb: folds 
shootingGRID: folds 
michasia: calls $1.20
*** FLOP *** [4c 5s 2c]
michasia: checks 
Manifestorr: checks 
*** TURN *** [4c 5s 2c] [Td]
michasia: checks 
Manifestorr: checks 
*** RIVER *** [4c 5s 2c Td] [9d]
michasia: bets $3.11
Manifestorr: folds 
Uncalled bet ($3.11) returned to michasia
michasia collected $4.66 from pot
michasia: doesn't show hand 
*** SUMMARY ***
Total pot $4.90 | Rake $0.24 
Board [4c 5s 2c Td 9d]
Seat 1: skanb (button) folded before Flop (didn't bet)
Seat 2: shootingGRID (small blind) folded before Flop
Seat 3: michasia (big blind) collected ($4.66)
Seat 4: nastja336 folded before Flop (didn't bet)
Seat 5: AAKiller11 folded before Flop (didn't bet)
Seat 6: Manifestorr folded on the River



PokerStars Hand #254420117284:  Hold'em No Limit ($0.50/$1.00 USD) - 2025/01/17 21:03:56 WET [2025/01/17 16:03:56 ET]
Table 'Herge III' 6-max Seat #2 is the button
Seat 1: skanb ($134.98 in chips) 
Seat 2: shootingGRID ($254.85 in chips) 
Seat 3: michasia ($110.76 in chips) 
Seat 4: nastja336 ($305.74 in chips) 
Seat 5: AAKiller11 ($109.59 in chips) 
Seat 6: Manifestorr ($100 in chips) 
michasia: posts small blind $0.50
nastja336: posts big blind $1
*** HOLE CARDS ***
AAKiller11: raises $2.50 to $3.50
Manifestorr: raises $6.50 to $10
skanb: folds 
shootingGRID: calls $10
michasia: folds 
nastja336: folds 
AAKiller11: calls $6.50
*** FLOP *** [2s Tc 3d]
AAKiller11: checks 
Manifestorr: checks 
shootingGRID: bets $9.87
AAKiller11: folds 
Manifestorr: folds 
Uncalled bet ($9.87) returned to shootingGRID
shootingGRID collected $29.92 from pot
*** SUMMARY ***
Total pot $31.50 | Rake $1.58 
Board [2s Tc 3d]
Seat 1: skanb folded before Flop (didn't bet)
Seat 2: shootingGRID (button) collected ($29.92)
Seat 3: michasia (small blind) folded before Flop
Seat 4: nastja336 (big blind) folded before Flop
Seat 5: AAKiller11 folded on the Flop
Seat 6: Manifestorr folded on the Flop



PokerStars Hand #254420130241:  Hold'em No Limit ($0.50/$1.00 USD) - 2025/01/17 21:04:37 WET [2025/01/17 16:04:37 ET]
Table 'Herge III' 6-max Seat #3 is the button
Seat 1: skanb ($134.98 in chips) 
Seat 2: shootingGRID ($274.77 in chips) 
Seat 3: michasia ($110.26 in chips) 
Seat 4: nastja336 ($304.74 in chips) 
Seat 5: AAKiller11 ($99.59 in chips) 
Seat 6: Manifestorr ($100 in chips) 
nastja336: posts small blind $0.50
AAKiller11: posts big blind $1
*** HOLE CARDS ***
Manifestorr: raises $1.20 to $2.20
skanb: folds 
shootingGRID: folds 
michasia: folds 
nastja336: folds 
AAKiller11: calls $1.20
*** FLOP *** [9c Jh 7c]
AAKiller11: checks 
Manifestorr: bets $3.50
AAKiller11: folds 
Uncalled bet ($3.50) returned to Manifestorr
Manifestorr collected $4.66 from pot
Manifestorr: doesn't show hand 
*** SUMMARY ***
Total pot $4.90 | Rake $0.24 
Board [9c Jh 7c]
Seat 1: skanb folded before Flop (didn't bet)
Seat 2: shootingGRID folded before Flop (didn't bet)
Seat 3: michasia (button) folded before Flop (didn't bet)
Seat 4: nastja336 (small blind) folded before Flop
Seat 5: AAKiller11 (big blind) folded on the Flop
Seat 6: Manifestorr collected ($4.66)



PokerStars Hand #254420137254:  Hold'em No Limit ($0.50/$1.00 USD) - 2025/01/17 21:04:59 WET [2025/01/17 16:04:59 ET]
Table 'Herge III' 6-max Seat #4 is the button
Seat 1: skanb ($134.98 in chips) 
Seat 2: shootingGRID ($274.77 in chips) 
Seat 3: michasia ($110.26 in chips) 
Seat 4: nastja336 ($304.24 in chips) 
Seat 5: AAKiller11 ($97.39 in chips) 
AAKiller11: posts small blind $0.50
skanb: posts big blind $1
*** HOLE CARDS ***
shootingGRID: folds 
michasia: folds 
AlexPinsk1 joins the table at seat #6 
nastja336: raises $1.50 to $2.50
AAKiller11: calls $2
skanb: raises $11.50 to $14
nastja336: calls $11.50
AAKiller11: folds 
*** FLOP *** [8d Ad 6c]
skanb: bets $9.56
nastja336: calls $9.56
*** TURN *** [8d Ad 6c] [5c]
skanb: checks 
nastja336: checks 
*** RIVER *** [8d Ad 6c 5c] [3c]
skanb: checks 
nastja336: checks 
*** SHOW DOWN ***
skanb: shows [Kd Ks] (a pair of Kings)
nastja336: mucks hand 
skanb collected $47.14 from pot
*** SUMMARY ***
Total pot $49.62 | Rake $2.48 
Board [8d Ad 6c 5c 3c]
Seat 1: skanb (big blind) showed [Kd Ks] and won ($47.14) with a pair of Kings
Seat 2: shootingGRID folded before Flop (didn't bet)
Seat 3: michasia folded before Flop (didn't bet)
Seat 4: nastja336 (button) mucked
Seat 5: AAKiller11 (small blind) folded before Flop



PokerStars Hand #254420159415:  Hold'em No Limit ($0.50/$1.00 USD) - 2025/01/17 21:06:09 WET [2025/01/17 16:06:09 ET]
Table 'Herge III' 6-max Seat #5 is the button
Seat 6: AlexPinsk1 ($100 in chips) is sitting out
Seat 1: skanb ($158.56 in chips) 
Seat 2: shootingGRID ($274.77 in chips) 
Seat 3: michasia ($110.26 in chips) 
Seat 4: nastja336 ($280.68 in chips) 
Seat 5: AAKiller11 ($100 in chips) 
skanb: posts small blind $0.50
shootingGRID: posts big blind $1
*** HOLE CARDS ***
michasia: folds 
nastja336: folds 
AAKiller11: folds 
skanb: raises $2 to $3
shootingGRID: calls $2
*** FLOP *** [Qc As 8s]
skanb: bets $1.88
shootingGRID: calls $1.88
*** TURN *** [Qc As 8s] [3c]
skanb: checks 
shootingGRID: checks 
*** RIVER *** [Qc As 8s 3c] [7s]
skanb: bets $12.05
shootingGRID: folds 
Uncalled bet ($12.05) returned to skanb
skanb collected $9.27 from pot
skanb: doesn't show hand 
*** SUMMARY ***
Total pot $9.76 | Rake $0.49 
Board [Qc As 8s 3c 7s]
Seat 6: AlexPinsk1
Seat 1: skanb (small blind) collected ($9.27)
Seat 2: shootingGRID (big blind) folded on the River
Seat 3: michasia folded before Flop (didn't bet)
Seat 4: nastja336 folded before Flop (didn't bet)
Seat 5: AAKiller11 (button) folded before Flop (didn't bet)



PokerStars Hand #254420177538:  Hold'em No Limit ($0.50/$1.00 USD) - 2025/01/17 21:07:06 WET [2025/01/17 16:07:06 ET]
Table 'Herge III' 6-max Seat #1 is the button
Seat 3: michasia ($110.26 in chips) is sitting out
Seat 6: AlexPinsk1 ($100 in chips) is sitting out
Seat 1: skanb ($162.95 in chips) 
Seat 2: shootingGRID ($269.89 in chips) 
Seat 4: nastja336 ($280.68 in chips) 
Seat 5: AAKiller11 ($100 in chips) 
shootingGRID: posts small blind $0.50
nastja336: posts big blind $1
AlexPinsk1: sits out 
*** HOLE CARDS ***
AAKiller11: raises $2 to $3
skanb: folds 
shootingGRID: calls $2.50
nastja336: raises $12 to $15
AAKiller11: calls $12
shootingGRID: folds 
*** FLOP *** [Jc Qd Kd]
nastja336: checks 
AAKiller11: bets $32
nastja336: folds 
Uncalled bet ($32) returned to AAKiller11
AAKiller11 collected $31.75 from pot
*** SUMMARY ***
Total pot $33 | Rake $1.25 
Board [Jc Qd Kd]
Seat 3: michasia
Seat 6: AlexPinsk1
Seat 1: skanb (button) folded before Flop (didn't bet)
Seat 2: shootingGRID (small blind) folded before Flop
Seat 4: nastja336 (big blind) folded on the Flop
Seat 5: AAKiller11 collected ($31.75)



PokerStars Hand #254420187107:  Hold'em No Limit ($0.50/$1.00 USD) - 2025/01/17 21:07:36 WET [2025/01/17 16:07:36 ET]
Table 'Herge III' 6-max Seat #2 is the button
Seat 3: michasia ($110.26 in chips) is sitting out
Seat 6: AlexPinsk1 ($100 in chips) is sitting out
Seat 1: skanb ($162.95 in chips) 
Seat 2: shootingGRID ($266.89 in chips) 
Seat 4: nastja336 ($265.68 in chips) 
Seat 5: AAKiller11 ($116.75 in chips) 
nastja336: posts small blind $0.50
AAKiller11: posts big blind $1
AlexPinsk1: sits out 
*** HOLE CARDS ***
skanb: folds 
shootingGRID: folds 
nastja336: raises $2 to $3
AAKiller11: calls $2
*** FLOP *** [3s 8s 4h]
nastja336: bets $4.20
AAKiller11: calls $4.20
*** TURN *** [3s 8s 4h] [2h]
nastja336: bets $10.20
AAKiller11: raises $10.20 to $20.40
nastja336: calls $10.20
*** RIVER *** [3s 8s 4h 2h] [8c]
nastja336: checks 
AAKiller11: bets $30.10
nastja336: calls $30.10
*** SHOW DOWN ***
AAKiller11: shows [8h Kc] (three of a kind, Eights)
nastja336: mucks hand 
AAKiller11 collected $114.15 from pot
*** SUMMARY ***
Total pot $115.40 | Rake $1.25 
Board [3s 8s 4h 2h 8c]
Seat 3: michasia
Seat 6: AlexPinsk1
Seat 1: skanb folded before Flop (didn't bet)
Seat 2: shootingGRID (button) folded before Flop (didn't bet)
Seat 4: nastja336 (small blind) mucked
Seat 5: AAKiller11 (big blind) showed [8h Kc] and won ($114.15) with three of a kind, Eights



PokerStars Hand #254420203331:  Hold'em No Limit ($0.50/$1.00 USD) - 2025/01/17 21:08:27 WET [2025/01/17 16:08:27 ET]
Table 'Herge III' 6-max Seat #4 is the button
Seat 3: michasia ($110.26 in chips) is sitting out
Seat 1: skanb ($162.95 in chips) 
Seat 2: shootingGRID ($266.89 in chips) 
Seat 4: nastja336 ($207.98 in chips) 
Seat 5: AAKiller11 ($173.20 in chips) 
Seat 6: AlexPinsk1 ($100 in chips) 
AAKiller11: posts small blind $0.50
AlexPinsk1: posts big blind $1
*** HOLE CARDS ***
skanb: folds 
shootingGRID: folds 
nastja336: raises $1.50 to $2.50
AAKiller11: folds 
AlexPinsk1: calls $1.50
*** FLOP *** [4c 3c 8s]
AlexPinsk1: checks 
nastja336: bets $1.72
AlexPinsk1: calls $1.72
*** TURN *** [4c 3c 8s] [9s]
AlexPinsk1: checks 
nastja336: checks 
*** RIVER *** [4c 3c 8s 9s] [Td]
AlexPinsk1: checks 
nastja336: checks 
*** SHOW DOWN ***
AlexPinsk1: shows [Qs Kd] (high card King)
nastja336: shows [Ah 4h] (a pair of Fours)
nastja336 collected $8.49 from pot
*** SUMMARY ***
Total pot $8.94 | Rake $0.45 
Board [4c 3c 8s 9s Td]
Seat 3: michasia
Seat 1: skanb folded before Flop (didn't bet)
Seat 2: shootingGRID folded before Flop (didn't bet)
Seat 4: nastja336 (button) showed [Ah 4h] and won ($8.49) with a pair of Fours
Seat 5: AAKiller11 (small blind) folded before Flop
Seat 6: AlexPinsk1 (big blind) showed [Qs Kd] and lost with high card King



PokerStars Hand #254420222842:  Hold'em No Limit ($0.50/$1.00 USD) - 2025/01/17 21:09:29 WET [2025/01/17 16:09:29 ET]
Table 'Herge III' 6-max Seat #5 is the button
Seat 3: michasia ($110.26 in chips) is sitting out
Seat 1: skanb ($162.95 in chips) 
Seat 2: shootingGRID ($266.89 in chips) 
Seat 4: nastja336 ($212.25 in chips) 
Seat 5: AAKiller11 ($172.70 in chips) 
Seat 6: AlexPinsk1 ($100 in chips) 
AlexPinsk1: posts small blind $0.50
skanb: posts big blind $1
*** HOLE CARDS ***
shootingGRID: folds 
nastja336: folds 
AAKiller11: raises $2 to $3
AlexPinsk1: folds 
skanb: folds 
Uncalled bet ($2) returned to AAKiller11
AAKiller11 collected $2.50 from pot
*** SUMMARY ***
Total pot $2.50 | Rake $0 
Seat 3: michasia
Seat 1: skanb (big blind) folded before Flop
Seat 2: shootingGRID folded before Flop (didn't bet)
Seat 4: nastja336 folded before Flop (didn't bet)
Seat 5: AAKiller11 (button) collected ($2.50)
Seat 6: AlexPinsk1 (small blind) folded before Flop



PokerStars Hand #254420231574:  Hold'em No Limit ($0.50/$1.00 USD) - 2025/01/17 21:09:56 WET [2025/01/17 16:09:56 ET]
Table 'Herge III' 6-max Seat #6 is the button
Seat 3: michasia ($110.26 in chips) is sitting out
Seat 1: skanb ($161.95 in chips) 
Seat 2: shootingGRID ($266.89 in chips) 
Seat 4: nastja336 ($212.25 in chips) 
Seat 5: AAKiller11 ($174.20 in chips) 
Seat 6: AlexPinsk1 ($100 in chips) 
skanb: posts small blind $0.50
shootingGRID: posts big blind $1
michasia: sits out 
*** HOLE CARDS ***
nastja336: folds 
AAKiller11: raises $2 to $3
AlexPinsk1: folds 
skanb: raises $7 to $10
shootingGRID: folds 
AAKiller11: calls $7
*** FLOP *** [4s 5c 2c]
skanb: checks 
AAKiller11: bets $4
skanb: calls $4
*** TURN *** [4s 5c 2c] [Td]
skanb: checks 
AAKiller11: bets $8
skanb: calls $8
*** RIVER *** [4s 5c 2c Td] [Kh]
skanb: checks 
AAKiller11: checks 
*** SHOW DOWN ***
skanb: shows [Ac Ks] (a pair of Kings)
AAKiller11: mucks hand 
skanb collected $42.75 from pot
*** SUMMARY ***
Total pot $45 | Rake $2.25 
Board [4s 5c 2c Td Kh]
Seat 3: michasia
Seat 1: skanb (small blind) showed [Ac Ks] and won ($42.75) with a pair of Kings
Seat 2: shootingGRID (big blind) folded before Flop
Seat 4: nastja336 folded before Flop (didn't bet)
Seat 5: AAKiller11 mucked
Seat 6: AlexPinsk1 (button) folded before Flop (didn't bet)



PokerStars Hand #254420250814:  Hold'em No Limit ($0.50/$1.00 USD) - 2025/01/17 21:10:55 WET [2025/01/17 16:10:55 ET]
Table 'Herge III' 6-max Seat #1 is the button
Seat 1: skanb ($182.70 in chips) 
Seat 2: shootingGRID ($265.89 in chips) 
Seat 3: michasia ($110.26 in chips) 
Seat 4: nastja336 ($212.25 in chips) 
Seat 5: AAKiller11 ($152.20 in chips) 
Seat 6: AlexPinsk1 ($100 in chips) 
shootingGRID: posts small blind $0.50
michasia: posts big blind $1
*** HOLE CARDS ***
nastja336: folds 
AAKiller11: calls $1
AlexPinsk1: folds 
skanb: folds 
shootingGRID: raises $4.50 to $5.50
michasia: folds 
AAKiller11: folds 
Uncalled bet ($4.50) returned to shootingGRID
shootingGRID collected $3 from pot
*** SUMMARY ***
Total pot $3 | Rake $0 
Seat 1: skanb (button) folded before Flop (didn't bet)
Seat 2: shootingGRID (small blind) collected ($3)
Seat 3: michasia (big blind) folded before Flop
Seat 4: nastja336 folded before Flop (didn't bet)
Seat 5: AAKiller11 folded before Flop
Seat 6: AlexPinsk1 folded before Flop (didn't bet)



PokerStars Hand #254420261374:  Hold'em No Limit ($0.50/$1.00 USD) - 2025/01/17 21:11:28 WET [2025/01/17 16:11:28 ET]
Table 'Herge III' 6-max Seat #2 is the button
Seat 1: skanb ($182.70 in chips) 
Seat 2: shootingGRID ($267.89 in chips) 
Seat 3: michasia ($109.26 in chips) 
Seat 4: nastja336 ($212.25 in chips) 
Seat 5: AAKiller11 ($151.20 in chips) 
Seat 6: AlexPinsk1 ($100 in chips) 
michasia: posts small blind $0.50
nastja336: posts big blind $1
*** HOLE CARDS ***
AAKiller11: folds 
AlexPinsk1: raises $1.50 to $2.50
skanb: raises $5.50 to $8
shootingGRID: folds 
michasia: folds 
nastja336: folds 
AlexPinsk1: folds 
Uncalled bet ($5.50) returned to skanb
skanb collected $6.50 from pot
skanb: doesn't show hand 
*** SUMMARY ***
Total pot $6.50 | Rake $0 
Seat 1: skanb collected ($6.50)
Seat 2: shootingGRID (button) folded before Flop (didn't bet)
Seat 3: michasia (small blind) folded before Flop
Seat 4: nastja336 (big blind) folded before Flop
Seat 5: AAKiller11 folded before Flop (didn't bet)
Seat 6: AlexPinsk1 folded before Flop



PokerStars Hand #254420270161:  Hold'em No Limit ($0.50/$1.00 USD) - 2025/01/17 21:11:55 WET [2025/01/17 16:11:55 ET]
Table 'Herge III' 6-max Seat #3 is the button
Seat 1: skanb ($186.70 in chips) 
Seat 2: shootingGRID ($267.89 in chips) 
Seat 3: michasia ($108.76 in chips) 
Seat 4: nastja336 ($211.25 in chips) 
Seat 5: AAKiller11 ($151.20 in chips) 
Seat 6: AlexPinsk1 ($100 in chips) 
nastja336: posts small blind $0.50
AAKiller11: posts big blind $1
*** HOLE CARDS ***
AlexPinsk1: raises $1.50 to $2.50
skanb: folds 
shootingGRID: folds 
michasia: folds 
nastja336: raises $9.50 to $12
AAKiller11: folds 
AlexPinsk1: folds 
Uncalled bet ($9.50) returned to nastja336
nastja336 collected $6 from pot
nastja336: doesn't show hand 
*** SUMMARY ***
Total pot $6 | Rake $0 
Seat 1: skanb folded before Flop (didn't bet)
Seat 2: shootingGRID folded before Flop (didn't bet)
Seat 3: michasia (button) folded before Flop (didn't bet)
Seat 4: nastja336 (small blind) collected ($6)
Seat 5: AAKiller11 (big blind) folded before Flop
Seat 6: AlexPinsk1 folded before Flop



PokerStars Hand #254420276831:  Hold'em No Limit ($0.50/$1.00 USD) - 2025/01/17 21:12:15 WET [2025/01/17 16:12:15 ET]
Table 'Herge III' 6-max Seat #4 is the button
Seat 1: skanb ($186.70 in chips) 
Seat 2: shootingGRID ($267.89 in chips) 
Seat 3: michasia ($108.76 in chips) 
Seat 4: nastja336 ($214.75 in chips) 
Seat 5: AAKiller11 ($150.20 in chips) 
Seat 6: AlexPinsk1 ($100 in chips) 
AAKiller11: posts small blind $0.50
AlexPinsk1: posts big blind $1
*** HOLE CARDS ***
skanb: folds 
shootingGRID: folds 
michasia: raises $1.80 to $2.80
nastja336: folds 
AAKiller11: calls $2.30
AlexPinsk1: folds 
*** FLOP *** [Jc 2h 9d]
AAKiller11: checks 
michasia: bets $2.07
AAKiller11: calls $2.07
*** TURN *** [Jc 2h 9d] [8h]
AAKiller11: checks 
michasia: bets $12.75
AAKiller11: folds 
Uncalled bet ($12.75) returned to michasia
michasia collected $10.20 from pot
michasia: doesn't show hand 
*** SUMMARY ***
Total pot $10.74 | Rake $0.54 
Board [Jc 2h 9d 8h]
Seat 1: skanb folded before Flop (didn't bet)
Seat 2: shootingGRID folded before Flop (didn't bet)
Seat 3: michasia collected ($10.20)
Seat 4: nastja336 (button) folded before Flop (didn't bet)
Seat 5: AAKiller11 (small blind) folded on the Turn
Seat 6: AlexPinsk1 (big blind) folded before Flop



PokerStars Hand #254420291074:  Hold'em No Limit ($0.50/$1.00 USD) - 2025/01/17 21:12:59 WET [2025/01/17 16:12:59 ET]
Table 'Herge III' 6-max Seat #5 is the button
Seat 1: skanb ($186.70 in chips) 
Seat 2: shootingGRID ($267.89 in chips) 
Seat 3: michasia ($114.09 in chips) 
Seat 4: nastja336 ($214.75 in chips) 
Seat 5: AAKiller11 ($145.33 in chips) 
Seat 6: AlexPinsk1 ($100 in chips) 
AlexPinsk1: posts small blind $0.50
skanb: posts big blind $1
*** HOLE CARDS ***
shootingGRID: folds 
michasia: folds 
nastja336: folds 
AAKiller11: raises $2 to $3
AlexPinsk1: folds 
skanb: calls $2
*** FLOP *** [Kd 7h 4c]
skanb: checks 
AAKiller11: bets $3.09
skanb: raises $8.03 to $11.12
AAKiller11: folds 
Uncalled bet ($8.03) returned to skanb
skanb collected $12.05 from pot
skanb: doesn't show hand 
*** SUMMARY ***
Total pot $12.68 | Rake $0.63 
Board [Kd 7h 4c]
Seat 1: skanb (big blind) collected ($12.05)
Seat 2: shootingGRID folded before Flop (didn't bet)
Seat 3: michasia folded before Flop (didn't bet)
Seat 4: nastja336 folded before Flop (didn't bet)
Seat 5: AAKiller11 (button) folded on the Flop
Seat 6: AlexPinsk1 (small blind) folded before Flop



PokerStars Hand #254420305997:  Hold'em No Limit ($0.50/$1.00 USD) - 2025/01/17 21:13:45 WET [2025/01/17 16:13:45 ET]
Table 'Herge III' 6-max Seat #6 is the button
Seat 1: skanb ($192.66 in chips) 
Seat 2: shootingGRID ($267.89 in chips) 
Seat 3: michasia ($114.09 in chips) 
Seat 4: nastja336 ($214.75 in chips) 
Seat 5: AAKiller11 ($139.24 in chips) 
Seat 6: AlexPinsk1 ($100 in chips) 
skanb: posts small blind $0.50
shootingGRID: posts big blind $1
*** HOLE CARDS ***
michasia: folds 
nastja336: folds 
AAKiller11: raises $2 to $3
AlexPinsk1: folds 
skanb: calls $2.50
shootingGRID: raises $11.50 to $14.50
AAKiller11: folds 
skanb: folds 
Uncalled bet ($11.50) returned to shootingGRID
shootingGRID collected $9 from pot
*** SUMMARY ***
Total pot $9 | Rake $0 
Seat 1: skanb (small blind) folded before Flop
Seat 2: shootingGRID (big blind) collected ($9)
Seat 3: michasia folded before Flop (didn't bet)
Seat 4: nastja336 folded before Flop (didn't bet)
Seat 5: AAKiller11 folded before Flop
Seat 6: AlexPinsk1 (button) folded before Flop (didn't bet)



PokerStars Hand #254420319651:  Hold'em No Limit ($0.50/$1.00 USD) - 2025/01/17 21:14:27 WET [2025/01/17 16:14:27 ET]
Table 'Herge III' 6-max Seat #1 is the button
Seat 1: skanb ($189.66 in chips) 
Seat 2: shootingGRID ($273.89 in chips) 
Seat 3: michasia ($114.09 in chips) 
Seat 4: nastja336 ($214.75 in chips) 
Seat 5: AAKiller11 ($136.24 in chips) 
Seat 6: AlexPinsk1 ($100 in chips) 
shootingGRID: posts small blind $0.50
michasia: posts big blind $1
*** HOLE CARDS ***
nastja336: folds 
AAKiller11: folds 
AlexPinsk1: folds 
skanb: folds 
shootingGRID: folds 
Uncalled bet ($0.50) returned to michasia
michasia collected $1 from pot
michasia: doesn't show hand 
*** SUMMARY ***
Total pot $1 | Rake $0 
Seat 1: skanb (button) folded before Flop (didn't bet)
Seat 2: shootingGRID (small blind) folded before Flop
Seat 3: michasia (big blind) collected ($1)
Seat 4: nastja336 folded before Flop (didn't bet)
Seat 5: AAKiller11 folded before Flop (didn't bet)
Seat 6: AlexPinsk1 folded before Flop (didn't bet)



PokerStars Hand #254420326999:  Hold'em No Limit ($0.50/$1.00 USD) - 2025/01/17 21:14:49 WET [2025/01/17 16:14:49 ET]
Table 'Herge III' 6-max Seat #2 is the button
Seat 1: skanb ($189.66 in chips) 
Seat 2: shootingGRID ($273.39 in chips) 
Seat 3: michasia ($114.59 in chips) 
Seat 4: nastja336 ($214.75 in chips) 
Seat 5: AAKiller11 ($136.24 in chips) 
Seat 6: AlexPinsk1 ($100 in chips) 
michasia: posts small blind $0.50
nastja336: posts big blind $1
*** HOLE CARDS ***
AAKiller11: raises $2.50 to $3.50
AlexPinsk1: folds 
skanb: folds 
shootingGRID: folds 
michasia: folds 
nastja336: folds 
Uncalled bet ($2.50) returned to AAKiller11
AAKiller11 collected $2.50 from pot
*** SUMMARY ***
Total pot $2.50 | Rake $0 
Seat 1: skanb folded before Flop (didn't bet)
Seat 2: shootingGRID (button) folded before Flop (didn't bet)
Seat 3: michasia (small blind) folded before Flop
Seat 4: nastja336 (big blind) folded before Flop
Seat 5: AAKiller11 collected ($2.50)
Seat 6: AlexPinsk1 folded before Flop (didn't bet)



PokerStars Hand #254420333440:  Hold'em No Limit ($0.50/$1.00 USD) - 2025/01/17 21:15:09 WET [2025/01/17 16:15:09 ET]
Table 'Herge III' 6-max Seat #3 is the button
Seat 1: skanb ($189.66 in chips) 
Seat 2: shootingGRID ($273.39 in chips) 
Seat 3: michasia ($114.09 in chips) 
Seat 4: nastja336 ($213.75 in chips) 
Seat 5: AAKiller11 ($137.74 in chips) 
Seat 6: AlexPinsk1 ($100 in chips) 
nastja336: posts small blind $0.50
AAKiller11: posts big blind $1
*** HOLE CARDS ***
AlexPinsk1: folds 
skanb: folds 
shootingGRID: folds 
michasia: folds 
nastja336: folds 
Uncalled bet ($0.50) returned to AAKiller11
AAKiller11 collected $1 from pot
*** SUMMARY ***
Total pot $1 | Rake $0 
Seat 1: skanb folded before Flop (didn't bet)
Seat 2: shootingGRID folded before Flop (didn't bet)
Seat 3: michasia (button) folded before Flop (didn't bet)
Seat 4: nastja336 (small blind) folded before Flop
Seat 5: AAKiller11 (big blind) collected ($1)
Seat 6: AlexPinsk1 folded before Flop (didn't bet)



PokerStars Hand #254420338918:  Hold'em No Limit ($0.50/$1.00 USD) - 2025/01/17 21:15:26 WET [2025/01/17 16:15:26 ET]
Table 'Herge III' 6-max Seat #4 is the button
Seat 1: skanb ($189.66 in chips) 
Seat 2: shootingGRID ($273.39 in chips) 
Seat 3: michasia ($114.09 in chips) 
Seat 4: nastja336 ($213.25 in chips) 
Seat 5: AAKiller11 ($138.24 in chips) 
Seat 6: AlexPinsk1 ($100 in chips) 
AAKiller11: posts small blind $0.50
AlexPinsk1: posts big blind $1
*** HOLE CARDS ***
skanb: folds 
shootingGRID: folds 
michasia: raises $1.80 to $2.80
nastja336: folds 
AAKiller11: calls $2.30
AlexPinsk1: folds 
*** FLOP *** [8d 9s Ac]
AAKiller11: checks 
michasia: bets $2.07
AAKiller11: calls $2.07
*** TURN *** [8d 9s Ac] [2d]
AAKiller11: checks 
michasia: checks 
*** RIVER *** [8d 9s Ac 2d] [7h]
AAKiller11: bets $5.10
michasia: folds 
Uncalled bet ($5.10) returned to AAKiller11
AAKiller11 collected $10.06 from pot
*** SUMMARY ***
Total pot $10.74 | Rake $0.68 
Board [8d 9s Ac 2d 7h]
Seat 1: skanb folded before Flop (didn't bet)
Seat 2: shootingGRID folded before Flop (didn't bet)
Seat 3: michasia folded on the River
Seat 4: nastja336 (button) folded before Flop (didn't bet)
Seat 5: AAKiller11 (small blind) collected ($10.06)
Seat 6: AlexPinsk1 (big blind) folded before Flop



PokerStars Hand #254420352153:  Hold'em No Limit ($0.50/$1.00 USD) - 2025/01/17 21:16:06 WET [2025/01/17 16:16:06 ET]
Table 'Herge III' 6-max Seat #5 is the button
Seat 1: skanb ($189.66 in chips) 
Seat 2: shootingGRID ($273.39 in chips) 
Seat 3: michasia ($109.22 in chips) 
Seat 4: nastja336 ($213.25 in chips) 
Seat 5: AAKiller11 ($143.43 in chips) 
Seat 6: AlexPinsk1 ($100 in chips) 
AlexPinsk1: posts small blind $0.50
skanb: posts big blind $1
*** HOLE CARDS ***
shootingGRID: folds 
michasia: raises $1.60 to $2.60
nastja336: folds 
AAKiller11: calls $2.60
AlexPinsk1: folds 
skanb: folds 
*** FLOP *** [Ks 5d Ah]
michasia: bets $4.24
AAKiller11: calls $4.24
*** TURN *** [Ks 5d Ah] [4d]
michasia: bets $18.02
AAKiller11: folds 
Uncalled bet ($18.02) returned to michasia
michasia collected $14.42 from pot
michasia: doesn't show hand 
*** SUMMARY ***
Total pot $15.18 | Rake $0.76 
Board [Ks 5d Ah 4d]
Seat 1: skanb (big blind) folded before Flop
Seat 2: shootingGRID folded before Flop (didn't bet)
Seat 3: michasia collected ($14.42)
Seat 4: nastja336 folded before Flop (didn't bet)
Seat 5: AAKiller11 (button) folded on the Turn
Seat 6: AlexPinsk1 (small blind) folded before Flop



PokerStars Hand #254420363954:  Hold'em No Limit ($0.50/$1.00 USD) - 2025/01/17 21:16:42 WET [2025/01/17 16:16:42 ET]
Table 'Herge III' 6-max Seat #6 is the button
Seat 1: skanb ($188.66 in chips) 
Seat 2: shootingGRID ($273.39 in chips) 
Seat 3: michasia ($116.80 in chips) 
Seat 4: nastja336 ($213.25 in chips) 
Seat 5: AAKiller11 ($136.59 in chips) 
Seat 6: AlexPinsk1 ($100 in chips) 
skanb: posts small blind $0.50
shootingGRID: posts big blind $1
*** HOLE CARDS ***
michasia: folds 
nastja336: folds 
AAKiller11: raises $2 to $3
AlexPinsk1: folds 
skanb: folds 
shootingGRID: folds 
Uncalled bet ($2) returned to AAKiller11
AAKiller11 collected $2.50 from pot
*** SUMMARY ***
Total pot $2.50 | Rake $0 
Seat 1: skanb (small blind) folded before Flop
Seat 2: shootingGRID (big blind) folded before Flop
Seat 3: michasia folded before Flop (didn't bet)
Seat 4: nastja336 folded before Flop (didn't bet)
Seat 5: AAKiller11 collected ($2.50)
Seat 6: AlexPinsk1 (button) folded before Flop (didn't bet)



PokerStars Hand #254420370367:  Hold'em No Limit ($0.50/$1.00 USD) - 2025/01/17 21:17:02 WET [2025/01/17 16:17:02 ET]
Table 'Herge III' 6-max Seat #1 is the button
Seat 1: skanb ($188.16 in chips) 
Seat 2: shootingGRID ($272.39 in chips) 
Seat 3: michasia ($116.80 in chips) 
Seat 4: nastja336 ($213.25 in chips) 
Seat 5: AAKiller11 ($138.09 in chips) 
Seat 6: AlexPinsk1 ($100 in chips) 
shootingGRID: posts small blind $0.50
michasia: posts big blind $1
*** HOLE CARDS ***
nastja336: folds 
AAKiller11: folds 
AlexPinsk1: raises $1.50 to $2.50
skanb: folds 
shootingGRID: folds 
michasia: folds 
Uncalled bet ($1.50) returned to AlexPinsk1
AlexPinsk1 collected $2.50 from pot
AlexPinsk1: doesn't show hand 
*** SUMMARY ***
Total pot $2.50 | Rake $0 
Seat 1: skanb (button) folded before Flop (didn't bet)
Seat 2: shootingGRID (small blind) folded before Flop
Seat 3: michasia (big blind) folded before Flop
Seat 4: nastja336 folded before Flop (didn't bet)
Seat 5: AAKiller11 folded before Flop (didn't bet)
Seat 6: AlexPinsk1 collected ($2.50)



PokerStars Hand #254420375562:  Hold'em No Limit ($0.50/$1.00 USD) - 2025/01/17 21:17:18 WET [2025/01/17 16:17:18 ET]
Table 'Herge III' 6-max Seat #2 is the button
Seat 1: skanb ($188.16 in chips) 
Seat 2: shootingGRID ($271.89 in chips) 
Seat 3: michasia ($115.80 in chips) 
Seat 4: nastja336 ($213.25 in chips) 
Seat 5: AAKiller11 ($138.09 in chips) 
Seat 6: AlexPinsk1 ($101.50 in chips) 
michasia: posts small blind $0.50
nastja336: posts big blind $1
*** HOLE CARDS ***
AAKiller11: raises $1 to $2
AlexPinsk1: folds 
skanb: raises $6 to $8
shootingGRID: folds 
michasia: folds 
nastja336: folds 
AAKiller11: calls $6
*** FLOP *** [Qd 2h Td]
AAKiller11: checks 
skanb: bets $5.48
AAKiller11: folds 
Uncalled bet ($5.48) returned to skanb
skanb collected $16.62 from pot
skanb: doesn't show hand 
*** SUMMARY ***
Total pot $17.50 | Rake $0.88 
Board [Qd 2h Td]
Seat 1: skanb collected ($16.62)
Seat 2: shootingGRID (button) folded before Flop (didn't bet)
Seat 3: michasia (small blind) folded before Flop
Seat 4: nastja336 (big blind) folded before Flop
Seat 5: AAKiller11 folded on the Flop
Seat 6: AlexPinsk1 folded before Flop (didn't bet)



PokerStars Hand #254420385411:  Hold'em No Limit ($0.50/$1.00 USD) - 2025/01/17 21:17:48 WET [2025/01/17 16:17:48 ET]
Table 'Herge III' 6-max Seat #3 is the button
Seat 1: skanb ($196.78 in chips) 
Seat 2: shootingGRID ($271.89 in chips) 
Seat 3: michasia ($115.30 in chips) 
Seat 4: nastja336 ($212.25 in chips) 
Seat 5: AAKiller11 ($130.09 in chips) 
Seat 6: AlexPinsk1 ($101.50 in chips) 
nastja336: posts small blind $0.50
AAKiller11: posts big blind $1
*** HOLE CARDS ***
AlexPinsk1: folds 
skanb: raises $2 to $3
shootingGRID: folds 
michasia: folds 
nastja336: folds 
AAKiller11: calls $2
*** FLOP *** [Ts Qh 6s]
AAKiller11: checks 
skanb: bets $3
AAKiller11: folds 
Uncalled bet ($3) returned to skanb
skanb collected $6.18 from pot
skanb: doesn't show hand 
*** SUMMARY ***
Total pot $6.50 | Rake $0.32 
Board [Ts Qh 6s]
Seat 1: skanb collected ($6.18)
Seat 2: shootingGRID folded before Flop (didn't bet)
Seat 3: michasia (button) folded before Flop (didn't bet)
Seat 4: nastja336 (small blind) folded before Flop
Seat 5: AAKiller11 (big blind) folded on the Flop
Seat 6: AlexPinsk1 folded before Flop (didn't bet)



PokerStars Hand #254420396429:  Hold'em No Limit ($0.50/$1.00 USD) - 2025/01/17 21:18:21 WET [2025/01/17 16:18:21 ET]
Table 'Herge III' 6-max Seat #4 is the button
Seat 1: skanb ($199.96 in chips) 
Seat 2: shootingGRID ($271.89 in chips) 
Seat 3: michasia ($115.30 in chips) 
Seat 4: nastja336 ($211.75 in chips) 
Seat 5: AAKiller11 ($127.09 in chips) 
Seat 6: AlexPinsk1 ($101.50 in chips) 
AAKiller11: posts small blind $0.50
AlexPinsk1: posts big blind $1
*** HOLE CARDS ***
skanb: folds 
shootingGRID: folds 
michasia: raises $1.80 to $2.80
nastja336: folds 
AAKiller11: folds 
AlexPinsk1: folds 
Uncalled bet ($1.80) returned to michasia
michasia collected $2.50 from pot
michasia: doesn't show hand 
*** SUMMARY ***
Total pot $2.50 | Rake $0 
Seat 1: skanb folded before Flop (didn't bet)
Seat 2: shootingGRID folded before Flop (didn't bet)
Seat 3: michasia collected ($2.50)
Seat 4: nastja336 (button) folded before Flop (didn't bet)
Seat 5: AAKiller11 (small blind) folded before Flop
Seat 6: AlexPinsk1 (big blind) folded before Flop



PokerStars Hand #254420406084:  Hold'em No Limit ($0.50/$1.00 USD) - 2025/01/17 21:18:50 WET [2025/01/17 16:18:50 ET]
Table 'Herge III' 6-max Seat #5 is the button
Seat 1: skanb ($199.96 in chips) 
Seat 2: shootingGRID ($271.89 in chips) 
Seat 3: michasia ($116.80 in chips) 
Seat 4: nastja336 ($211.75 in chips) 
Seat 5: AAKiller11 ($126.59 in chips) 
Seat 6: AlexPinsk1 ($100.50 in chips) 
AlexPinsk1: posts small blind $0.50
skanb: posts big blind $1
*** HOLE CARDS ***
shootingGRID: raises $1.25 to $2.25
michasia: folds 
nastja336: folds 
AAKiller11: calls $2.25
AlexPinsk1: folds 
skanb: folds 
*** FLOP *** [3s 7s 6d]
shootingGRID: checks 
AAKiller11: checks 
*** TURN *** [3s 7s 6d] [Js]
shootingGRID: checks 
AAKiller11: checks 
*** RIVER *** [3s 7s 6d Js] [2d]
shootingGRID: checks 
AAKiller11: bets $2.85
shootingGRID: folds 
Uncalled bet ($2.85) returned to AAKiller11
AAKiller11 collected $5.62 from pot
*** SUMMARY ***
Total pot $6 | Rake $0.38 
Board [3s 7s 6d Js 2d]
Seat 1: skanb (big blind) folded before Flop
Seat 2: shootingGRID folded on the River
Seat 3: michasia folded before Flop (didn't bet)
Seat 4: nastja336 folded before Flop (didn't bet)
Seat 5: AAKiller11 (button) collected ($5.62)
Seat 6: AlexPinsk1 (small blind) folded before Flop



PokerStars Hand #254420432921:  Hold'em No Limit ($0.50/$1.00 USD) - 2025/01/17 21:20:11 WET [2025/01/17 16:20:11 ET]
Table 'Herge III' 6-max Seat #6 is the button
Seat 2: shootingGRID ($269.64 in chips) is sitting out
Seat 1: skanb ($198.96 in chips) 
Seat 3: michasia ($116.80 in chips) 
Seat 4: nastja336 ($211.75 in chips) 
Seat 5: AAKiller11 ($129.96 in chips) 
Seat 6: AlexPinsk1 ($100 in chips) 
skanb: posts small blind $0.50
michasia: posts big blind $1
*** HOLE CARDS ***
nastja336: folds 
AAKiller11: raises $2.50 to $3.50
AlexPinsk1: folds 
skanb: calls $3
michasia: calls $2.50
*** FLOP *** [Qc Tc 3s]
skanb: checks 
michasia: checks 
AAKiller11: checks 
*** TURN *** [Qc Tc 3s] [Qs]
skanb: checks 
michasia: bets $6.65
AAKiller11: calls $6.65
skanb: folds 
*** RIVER *** [Qc Tc 3s Qs] [4d]
michasia: checks 
AAKiller11: bets $9.31
michasia: folds 
Uncalled bet ($9.31) returned to AAKiller11
AAKiller11 collected $22.31 from pot
*** SUMMARY ***
Total pot $23.80 | Rake $1.49 
Board [Qc Tc 3s Qs 4d]
Seat 2: shootingGRID
Seat 1: skanb (small blind) folded on the Turn
Seat 3: michasia (big blind) folded on the River
Seat 4: nastja336 folded before Flop (didn't bet)
Seat 5: AAKiller11 collected ($22.31)
Seat 6: AlexPinsk1 (button) folded before Flop (didn't bet)



PokerStars Hand #254420451419:  Hold'em No Limit ($0.50/$1.00 USD) - 2025/01/17 21:21:07 WET [2025/01/17 16:21:07 ET]
Table 'Herge III' 6-max Seat #1 is the button
Seat 2: shootingGRID ($269.64 in chips) is sitting out
Seat 1: skanb ($195.46 in chips) 
Seat 3: michasia ($106.65 in chips) 
Seat 4: nastja336 ($211.75 in chips) 
Seat 5: AAKiller11 ($142.12 in chips) 
Seat 6: AlexPinsk1 ($100 in chips) 
michasia: posts small blind $0.50
nastja336: posts big blind $1
*** HOLE CARDS ***
AAKiller11: raises $1 to $2
AlexPinsk1: folds 
skanb: folds 
michasia: folds 
nastja336: folds 
Uncalled bet ($1) returned to AAKiller11
AAKiller11 collected $2.50 from pot
*** SUMMARY ***
Total pot $2.50 | Rake $0 
Seat 2: shootingGRID
Seat 1: skanb (button) folded before Flop (didn't bet)
Seat 3: michasia (small blind) folded before Flop
Seat 4: nastja336 (big blind) folded before Flop
Seat 5: AAKiller11 collected ($2.50)
Seat 6: AlexPinsk1 folded before Flop (didn't bet)



PokerStars Hand #254420455481:  Hold'em No Limit ($0.50/$1.00 USD) - 2025/01/17 21:21:19 WET [2025/01/17 16:21:19 ET]
Table 'Herge III' 6-max Seat #3 is the button
Seat 2: shootingGRID ($269.64 in chips) is sitting out
Seat 1: skanb ($195.46 in chips) 
Seat 3: michasia ($106.15 in chips) 
Seat 4: nastja336 ($210.75 in chips) 
Seat 5: AAKiller11 ($143.62 in chips) 
Seat 6: AlexPinsk1 ($100 in chips) 
nastja336: posts small blind $0.50
AAKiller11: posts big blind $1
*** HOLE CARDS ***
AlexPinsk1: folds 
skanb: folds 
michasia: folds 
nastja336: raises $2 to $3
AAKiller11: calls $2
*** FLOP *** [2d 6c Qh]
nastja336: bets $1.88
AAKiller11: folds 
Uncalled bet ($1.88) returned to nastja336
nastja336 collected $5.70 from pot
nastja336: doesn't show hand 
*** SUMMARY ***
Total pot $6 | Rake $0.30 
Board [2d 6c Qh]
Seat 2: shootingGRID
Seat 1: skanb folded before Flop (didn't bet)
Seat 3: michasia (button) folded before Flop (didn't bet)
Seat 4: nastja336 (small blind) collected ($5.70)
Seat 5: AAKiller11 (big blind) folded on the Flop
Seat 6: AlexPinsk1 folded before Flop (didn't bet)



PokerStars Hand #254420462134:  Hold'em No Limit ($0.50/$1.00 USD) - 2025/01/17 21:21:40 WET [2025/01/17 16:21:40 ET]
Table 'Herge III' 6-max Seat #4 is the button
Seat 2: shootingGRID ($269.64 in chips) is sitting out
Seat 1: skanb ($195.46 in chips) 
Seat 3: michasia ($106.15 in chips) 
Seat 4: nastja336 ($213.45 in chips) 
Seat 5: AAKiller11 ($140.62 in chips) 
Seat 6: AlexPinsk1 ($100 in chips) 
AAKiller11: posts small blind $0.50
AlexPinsk1: posts big blind $1
*** HOLE CARDS ***
skanb: folds 
michasia: raises $1.80 to $2.80
nastja336: folds 
AAKiller11: folds 
AlexPinsk1: calls $1.80
*** FLOP *** [4c Qc Qh]
AlexPinsk1: checks 
michasia: checks 
*** TURN *** [4c Qc Qh] [8h]
AlexPinsk1: checks 
michasia: checks 
*** RIVER *** [4c Qc Qh 8h] [Ts]
AlexPinsk1: checks 
michasia: checks 
*** SHOW DOWN ***
AlexPinsk1: shows [7s As] (a pair of Queens)
michasia: shows [Ad Kh] (a pair of Queens - Ace+King kicker)
michasia collected $5.80 from pot
*** SUMMARY ***
Total pot $6.10 | Rake $0.30 
Board [4c Qc Qh 8h Ts]
Seat 2: shootingGRID
Seat 1: skanb folded before Flop (didn't bet)
Seat 3: michasia showed [Ad Kh] and won ($5.80) with a pair of Queens
Seat 4: nastja336 (button) folded before Flop (didn't bet)
Seat 5: AAKiller11 (small blind) folded before Flop
Seat 6: AlexPinsk1 (big blind) showed [7s As] and lost with a pair of Queens



PokerStars Hand #254420473838:  Hold'em No Limit ($0.50/$1.00 USD) - 2025/01/17 21:22:16 WET [2025/01/17 16:22:16 ET]
Table 'Herge III' 6-max Seat #5 is the button
Seat 2: shootingGRID ($269.64 in chips) is sitting out
Seat 1: skanb ($195.46 in chips) 
Seat 3: michasia ($109.15 in chips) 
Seat 4: nastja336 ($213.45 in chips) 
Seat 5: AAKiller11 ($140.12 in chips) 
Seat 6: AlexPinsk1 ($100 in chips) 
AlexPinsk1: posts small blind $0.50
skanb: posts big blind $1
*** HOLE CARDS ***
michasia: folds 
nastja336: folds 
AAKiller11: calls $1
AlexPinsk1: calls $0.50
skanb: checks 
*** FLOP *** [6d 5s Jd]
AlexPinsk1: bets $1.50
skanb: calls $1.50
AAKiller11: calls $1.50
*** TURN *** [6d 5s Jd] [2h]
AlexPinsk1: bets $4
skanb: calls $4
AAKiller11: folds 
*** RIVER *** [6d 5s Jd 2h] [9h]
AlexPinsk1: bets $21.50
skanb: folds 
Uncalled bet ($21.50) returned to AlexPinsk1
AlexPinsk1 collected $14.72 from pot
AlexPinsk1: doesn't show hand 
*** SUMMARY ***
Total pot $15.50 | Rake $0.78 
Board [6d 5s Jd 2h 9h]
Seat 2: shootingGRID
Seat 1: skanb (big blind) folded on the River
Seat 3: michasia folded before Flop (didn't bet)
Seat 4: nastja336 folded before Flop (didn't bet)
Seat 5: AAKiller11 (button) folded on the Turn
Seat 6: AlexPinsk1 (small blind) collected ($14.72)



PokerStars Hand #254420493006:  Hold'em No Limit ($0.50/$1.00 USD) - 2025/01/17 21:23:14 WET [2025/01/17 16:23:14 ET]
Table 'Herge III' 6-max Seat #6 is the button
Seat 2: shootingGRID ($269.64 in chips) is sitting out
Seat 1: skanb ($188.96 in chips) 
Seat 3: michasia ($109.15 in chips) 
Seat 4: nastja336 ($213.45 in chips) 
Seat 5: AAKiller11 ($137.62 in chips) 
Seat 6: AlexPinsk1 ($108.22 in chips) 
skanb: posts small blind $0.50
michasia: posts big blind $1
*** HOLE CARDS ***
nastja336: folds 
AAKiller11: raises $3.50 to $4.50
AlexPinsk1: folds 
skanb: folds 
michasia: folds 
Uncalled bet ($3.50) returned to AAKiller11
AAKiller11 collected $2.50 from pot
*** SUMMARY ***
Total pot $2.50 | Rake $0 
Seat 2: shootingGRID
Seat 1: skanb (small blind) folded before Flop
Seat 3: michasia (big blind) folded before Flop
Seat 4: nastja336 folded before Flop (didn't bet)
Seat 5: AAKiller11 collected ($2.50)
Seat 6: AlexPinsk1 (button) folded before Flop (didn't bet)



PokerStars Hand #254420501320:  Hold'em No Limit ($0.50/$1.00 USD) - 2025/01/17 21:23:39 WET [2025/01/17 16:23:39 ET]
Table 'Herge III' 6-max Seat #1 is the button
Seat 2: shootingGRID ($269.64 in chips) is sitting out
Seat 1: skanb ($188.46 in chips) 
Seat 3: michasia ($108.15 in chips) 
Seat 4: nastja336 ($213.45 in chips) 
Seat 5: AAKiller11 ($139.12 in chips) 
Seat 6: AlexPinsk1 ($108.22 in chips) 
michasia: posts small blind $0.50
nastja336: posts big blind $1
*** HOLE CARDS ***
AAKiller11: folds 
AlexPinsk1: folds 
skanb: raises $1.10 to $2.10
michasia: folds 
nastja336: folds 
Uncalled bet ($1.10) returned to skanb
skanb collected $2.50 from pot
skanb: doesn't show hand 
*** SUMMARY ***
Total pot $2.50 | Rake $0 
Seat 2: shootingGRID
Seat 1: skanb (button) collected ($2.50)
Seat 3: michasia (small blind) folded before Flop
Seat 4: nastja336 (big blind) folded before Flop
Seat 5: AAKiller11 folded before Flop (didn't bet)
Seat 6: AlexPinsk1 folded before Flop (didn't bet)



PokerStars Hand #254420506224:  Hold'em No Limit ($0.50/$1.00 USD) - 2025/01/17 21:23:54 WET [2025/01/17 16:23:54 ET]
Table 'Herge III' 6-max Seat #3 is the button
Seat 2: shootingGRID ($269.64 in chips) is sitting out
Seat 1: skanb ($189.96 in chips) 
Seat 3: michasia ($107.65 in chips) 
Seat 4: nastja336 ($212.45 in chips) 
Seat 5: AAKiller11 ($139.12 in chips) 
Seat 6: AlexPinsk1 ($108.22 in chips) 
nastja336: posts small blind $0.50
AAKiller11: posts big blind $1
*** HOLE CARDS ***
AlexPinsk1: folds 
skanb: folds 
michasia: raises $1.80 to $2.80
nastja336: folds 
AAKiller11: raises $6.10 to $8.90
michasia: raises $15.10 to $24
AAKiller11: calls $15.10
*** FLOP *** [2d Ac Js]
AAKiller11: checks 
michasia: bets $11.52
AAKiller11: raises $11.52 to $23.04
michasia: calls $11.52
*** TURN *** [2d Ac Js] [9c]
AAKiller11: bets $46.04
michasia: raises $14.57 to $60.61 and is all-in
AAKiller11: calls $14.57
*** RIVER *** [2d Ac Js 9c] [9s]
*** SHOW DOWN ***
AAKiller11: shows [Jh Ah] (two pair, Aces and Jacks)
michasia: shows [As Kd] (two pair, Aces and Nines)
AAKiller11 cashed out the hand for $194.78 | Cash Out Fee $3.98
*** SUMMARY ***
Total pot $215.80 | Rake $2.50 
Board [2d Ac Js 9c 9s]
Seat 2: shootingGRID
Seat 1: skanb folded before Flop (didn't bet)
Seat 3: michasia (button) showed [As Kd] and lost with two pair, Aces and Nines
Seat 4: nastja336 (small blind) folded before Flop
Seat 5: AAKiller11 (big blind) showed [Jh Ah] and won ($213.30) with two pair, Aces and Jacks (pot not awarded as player cashed out)
Seat 6: AlexPinsk1 folded before Flop (didn't bet)



PokerStars Hand #254420529320:  Hold'em No Limit ($0.50/$1.00 USD) - 2025/01/17 21:25:05 WET [2025/01/17 16:25:05 ET]
Table 'Herge III' 6-max Seat #4 is the button
Seat 2: shootingGRID ($269.64 in chips) is sitting out
Seat 1: skanb ($189.96 in chips) 
Seat 3: michasia ($100 in chips) 
Seat 4: nastja336 ($211.95 in chips) 
Seat 5: AAKiller11 ($226.25 in chips) 
Seat 6: AlexPinsk1 ($108.22 in chips) 
AAKiller11: posts small blind $0.50
AlexPinsk1: posts big blind $1
shootingGRID: sits out 
*** HOLE CARDS ***
skanb: folds 
michasia: folds 
nastja336: folds 
AAKiller11: raises $1 to $2
AlexPinsk1: calls $1
*** FLOP *** [Qh 9h Js]
AAKiller11: checks 
AlexPinsk1: checks 
*** TURN *** [Qh 9h Js] [Kd]
AAKiller11: bets $1.90
AlexPinsk1: folds 
Uncalled bet ($1.90) returned to AAKiller11
AAKiller11 collected $3.75 from pot
*** SUMMARY ***
Total pot $4 | Rake $0.25 
Board [Qh 9h Js Kd]
Seat 2: shootingGRID
Seat 1: skanb folded before Flop (didn't bet)
Seat 3: michasia folded before Flop (didn't bet)
Seat 4: nastja336 (button) folded before Flop (didn't bet)
Seat 5: AAKiller11 (small blind) collected ($3.75)
Seat 6: AlexPinsk1 (big blind) folded on the Turn



PokerStars Hand #254420542956:  Hold'em No Limit ($0.50/$1.00 USD) - 2025/01/17 21:25:46 WET [2025/01/17 16:25:46 ET]
Table 'Herge III' 6-max Seat #5 is the button
Seat 2: shootingGRID ($269.64 in chips) is sitting out
Seat 1: skanb ($189.96 in chips) 
Seat 3: michasia ($100 in chips) 
Seat 4: nastja336 ($211.95 in chips) 
Seat 5: AAKiller11 ($228 in chips) 
Seat 6: AlexPinsk1 ($106.22 in chips) 
AlexPinsk1: posts small blind $0.50
skanb: posts big blind $1
shootingGRID: sits out 
*** HOLE CARDS ***
michasia: folds 
nastja336: folds 
AAKiller11: raises $1 to $2
AlexPinsk1: folds 
skanb: calls $1
*** FLOP *** [7s 5d Th]
skanb: checks 
AAKiller11: checks 
*** TURN *** [7s 5d Th] [7d]
skanb: checks 
AAKiller11: bets $2.14
skanb: calls $2.14
*** RIVER *** [7s 5d Th 7d] [2h]
skanb: checks 
AAKiller11: checks 
*** SHOW DOWN ***
skanb: shows [5c 8c] (two pair, Sevens and Fives)
AAKiller11: mucks hand 
skanb collected $8.34 from pot
*** SUMMARY ***
Total pot $8.78 | Rake $0.44 
Board [7s 5d Th 7d 2h]
Seat 2: shootingGRID
Seat 1: skanb (big blind) showed [5c 8c] and won ($8.34) with two pair, Sevens and Fives
Seat 3: michasia folded before Flop (didn't bet)
Seat 4: nastja336 folded before Flop (didn't bet)
Seat 5: AAKiller11 (button) mucked
Seat 6: AlexPinsk1 (small blind) folded before Flop



PokerStars Hand #254420557817:  Hold'em No Limit ($0.50/$1.00 USD) - 2025/01/17 21:26:31 WET [2025/01/17 16:26:31 ET]
Table 'Herge III' 6-max Seat #6 is the button
Seat 1: skanb ($194.16 in chips) 
Seat 2: shootingGRID ($269.64 in chips) 
Seat 3: michasia ($100 in chips) 
Seat 4: nastja336 ($211.95 in chips) 
Seat 5: AAKiller11 ($223.86 in chips) 
Seat 6: AlexPinsk1 ($105.72 in chips) 
skanb: posts small blind $0.50
shootingGRID: posts big blind $1
*** HOLE CARDS ***
michasia: folds 
nastja336: folds 
AAKiller11: raises $2 to $3
AlexPinsk1: calls $3
skanb: folds 
shootingGRID: calls $2
*** FLOP *** [6h Qh As]
shootingGRID: checks 
AAKiller11: checks 
AlexPinsk1: checks 
*** TURN *** [6h Qh As] [7s]
shootingGRID: bets $6.77
AAKiller11: raises $6.77 to $13.54
AlexPinsk1: folds 
shootingGRID: calls $6.77
*** RIVER *** [6h Qh As 7s] [4c]
shootingGRID: checks 
AAKiller11: bets $34.75
shootingGRID: folds 
Uncalled bet ($34.75) returned to AAKiller11
AAKiller11 collected $34.29 from pot
*** SUMMARY ***
Total pot $36.58 | Rake $2.29 
Board [6h Qh As 7s 4c]
Seat 1: skanb (small blind) folded before Flop
Seat 2: shootingGRID (big blind) folded on the River
Seat 3: michasia folded before Flop (didn't bet)
Seat 4: nastja336 folded before Flop (didn't bet)
Seat 5: AAKiller11 collected ($34.29)
Seat 6: AlexPinsk1 (button) folded on the Turn



PokerStars Hand #254420588298:  Hold'em No Limit ($0.50/$1.00 USD) - 2025/01/17 21:28:05 WET [2025/01/17 16:28:05 ET]
Table 'Herge III' 6-max Seat #1 is the button
Seat 1: skanb ($193.66 in chips) 
Seat 2: shootingGRID ($253.10 in chips) 
Seat 3: michasia ($100 in chips) 
Seat 4: nastja336 ($211.95 in chips) 
Seat 5: AAKiller11 ($241.61 in chips) 
Seat 6: AlexPinsk1 ($102.72 in chips) 
shootingGRID: posts small blind $0.50
michasia: posts big blind $1
*** HOLE CARDS ***
nastja336: raises $1.50 to $2.50
AAKiller11: calls $2.50
AlexPinsk1: folds 
skanb: folds 
shootingGRID: folds 
michasia: folds 
*** FLOP *** [Ks 3h Kc]
nastja336: checks 
AAKiller11: bets $3.09
nastja336: calls $3.09
*** TURN *** [Ks 3h Kc] [9h]
nastja336: checks 
AAKiller11: bets $6.03
nastja336: calls $6.03
*** RIVER *** [Ks 3h Kc 9h] [3c]
nastja336: checks 
AAKiller11: checks 
*** SHOW DOWN ***
nastja336: shows [Ad Qd] (two pair, Kings and Threes)
AAKiller11: shows [8c 8h] (two pair, Kings and Eights)
AAKiller11 collected $23.19 from pot
*** SUMMARY ***
Total pot $24.74 | Rake $1.55 
Board [Ks 3h Kc 9h 3c]
Seat 1: skanb (button) folded before Flop (didn't bet)
Seat 2: shootingGRID (small blind) folded before Flop
Seat 3: michasia (big blind) folded before Flop
Seat 4: nastja336 showed [Ad Qd] and lost with two pair, Kings and Threes
Seat 5: AAKiller11 showed [8c 8h] and won ($23.19) with two pair, Kings and Eights
Seat 6: AlexPinsk1 folded before Flop (didn't bet)



PokerStars Hand #254420600859:  Hold'em No Limit ($0.50/$1.00 USD) - 2025/01/17 21:28:43 WET [2025/01/17 16:28:43 ET]
Table 'Herge III' 6-max Seat #2 is the button
Seat 1: skanb ($193.66 in chips) 
Seat 2: shootingGRID ($252.60 in chips) 
Seat 3: michasia ($100 in chips) 
Seat 4: nastja336 ($200.33 in chips) 
Seat 5: AAKiller11 ($253.18 in chips) 
Seat 6: AlexPinsk1 ($102.72 in chips) 
michasia: posts small blind $0.50
nastja336: posts big blind $1
*** HOLE CARDS ***
AAKiller11: folds 
AlexPinsk1: folds 
skanb: folds 
shootingGRID: raises $1.50 to $2.50
michasia: folds 
nastja336: folds 
Uncalled bet ($1.50) returned to shootingGRID
shootingGRID collected $2.50 from pot
*** SUMMARY ***
Total pot $2.50 | Rake $0 
Seat 1: skanb folded before Flop (didn't bet)
Seat 2: shootingGRID (button) collected ($2.50)
Seat 3: michasia (small blind) folded before Flop
Seat 4: nastja336 (big blind) folded before Flop
Seat 5: AAKiller11 folded before Flop (didn't bet)
Seat 6: AlexPinsk1 folded before Flop (didn't bet)



PokerStars Hand #254420608706:  Hold'em No Limit ($0.50/$1.00 USD) - 2025/01/17 21:29:07 WET [2025/01/17 16:29:07 ET]
Table 'Herge III' 6-max Seat #3 is the button
Seat 1: skanb ($193.66 in chips) 
Seat 2: shootingGRID ($254.10 in chips) 
Seat 3: michasia ($100 in chips) 
Seat 4: nastja336 ($199.33 in chips) 
Seat 5: AAKiller11 ($253.18 in chips) 
Seat 6: AlexPinsk1 ($102.72 in chips) 
nastja336: posts small blind $0.50
AAKiller11: posts big blind $1
*** HOLE CARDS ***
AlexPinsk1: folds 
skanb: raises $2 to $3
shootingGRID: folds 
michasia: folds 
nastja336: folds 
AAKiller11: calls $2
*** FLOP *** [4c 6c 4h]
AAKiller11: checks 
skanb: bets $2.04
AAKiller11: raises $2.04 to $4.08
skanb: folds 
Uncalled bet ($2.04) returned to AAKiller11
AAKiller11 collected $9.92 from pot
*** SUMMARY ***
Total pot $10.58 | Rake $0.66 
Board [4c 6c 4h]
Seat 1: skanb folded on the Flop
Seat 2: shootingGRID folded before Flop (didn't bet)
Seat 3: michasia (button) folded before Flop (didn't bet)
Seat 4: nastja336 (small blind) folded before Flop
Seat 5: AAKiller11 (big blind) collected ($9.92)
Seat 6: AlexPinsk1 folded before Flop (didn't bet)



PokerStars Hand #254420621608:  Hold'em No Limit ($0.50/$1.00 USD) - 2025/01/17 21:29:47 WET [2025/01/17 16:29:47 ET]
Table 'Herge III' 6-max Seat #4 is the button
Seat 1: skanb ($188.62 in chips) 
Seat 2: shootingGRID ($254.10 in chips) 
Seat 3: michasia ($100 in chips) 
Seat 4: nastja336 ($198.83 in chips) 
Seat 5: AAKiller11 ($258.06 in chips) 
Seat 6: AlexPinsk1 ($102.72 in chips) 
AAKiller11: posts small blind $0.50
AlexPinsk1: posts big blind $1
*** HOLE CARDS ***
skanb: folds 
shootingGRID: folds 
michasia: folds 
nastja336: folds 
AAKiller11: raises $2 to $3
AlexPinsk1: raises $6 to $9
AAKiller11: calls $6
*** FLOP *** [Qd 9d 4c]
AAKiller11: checks 
AlexPinsk1: bets $8.55
AAKiller11: calls $8.55
*** TURN *** [Qd 9d 4c] [Ad]
AAKiller11: checks 
AlexPinsk1: bets $19.50
AAKiller11: calls $19.50
*** RIVER *** [Qd 9d 4c Ad] [6h]
AAKiller11: checks 
AlexPinsk1: checks 
*** SHOW DOWN ***
AAKiller11: shows [Td Js] (high card Ace)
AlexPinsk1: shows [Jd Ks] (high card Ace - King kicker)
AlexPinsk1 collected $71.60 from pot
*** SUMMARY ***
Total pot $74.10 | Rake $2.50 
Board [Qd 9d 4c Ad 6h]
Seat 1: skanb folded before Flop (didn't bet)
Seat 2: shootingGRID folded before Flop (didn't bet)
Seat 3: michasia folded before Flop (didn't bet)
Seat 4: nastja336 (button) folded before Flop (didn't bet)
Seat 5: AAKiller11 (small blind) showed [Td Js] and lost with high card Ace
Seat 6: AlexPinsk1 (big blind) showed [Jd Ks] and won ($71.60) with high card Ace



PokerStars Hand #254420647487:  Hold'em No Limit ($0.50/$1.00 USD) - 2025/01/17 21:31:06 WET [2025/01/17 16:31:06 ET]
Table 'Herge III' 6-max Seat #5 is the button
Seat 1: skanb ($188.62 in chips) 
Seat 2: shootingGRID ($254.10 in chips) 
Seat 3: michasia ($100 in chips) 
Seat 4: nastja336 ($198.83 in chips) 
Seat 5: AAKiller11 ($221.01 in chips) 
Seat 6: AlexPinsk1 ($137.27 in chips) 
AlexPinsk1: posts small blind $0.50
skanb: posts big blind $1
*** HOLE CARDS ***
shootingGRID: folds 
michasia: folds 
nastja336: folds 
AAKiller11: raises $2 to $3
AlexPinsk1: folds 
skanb: folds 
Uncalled bet ($2) returned to AAKiller11
AAKiller11 collected $2.50 from pot
*** SUMMARY ***
Total pot $2.50 | Rake $0 
Seat 1: skanb (big blind) folded before Flop
Seat 2: shootingGRID folded before Flop (didn't bet)
Seat 3: michasia folded before Flop (didn't bet)
Seat 4: nastja336 folded before Flop (didn't bet)
Seat 5: AAKiller11 (button) collected ($2.50)
Seat 6: AlexPinsk1 (small blind) folded before Flop



PokerStars Hand #254420657957:  Hold'em No Limit ($0.50/$1.00 USD) - 2025/01/17 21:31:38 WET [2025/01/17 16:31:38 ET]
Table 'Herge III' 6-max Seat #6 is the button
Seat 1: skanb ($187.62 in chips) 
Seat 2: shootingGRID ($254.10 in chips) 
Seat 3: michasia ($100 in chips) 
Seat 4: nastja336 ($198.83 in chips) 
Seat 5: AAKiller11 ($222.51 in chips) 
Seat 6: AlexPinsk1 ($136.77 in chips) 
skanb: posts small blind $0.50
shootingGRID: posts big blind $1
*** HOLE CARDS ***
michasia: folds 
nastja336: raises $1.50 to $2.50
AAKiller11: raises $2.50 to $5
AlexPinsk1: folds 
skanb: folds 
shootingGRID: folds 
nastja336: raises $41 to $46
AAKiller11: folds 
Uncalled bet ($41) returned to nastja336
nastja336 collected $11.50 from pot
nastja336: doesn't show hand 
*** SUMMARY ***
Total pot $11.50 | Rake $0 
Seat 1: skanb (small blind) folded before Flop
Seat 2: shootingGRID (big blind) folded before Flop
Seat 3: michasia folded before Flop (didn't bet)
Seat 4: nastja336 collected ($11.50)
Seat 5: AAKiller11 folded before Flop
Seat 6: AlexPinsk1 (button) folded before Flop (didn't bet)



PokerStars Hand #254420670712:  Hold'em No Limit ($0.50/$1.00 USD) - 2025/01/17 21:32:17 WET [2025/01/17 16:32:17 ET]
Table 'Herge III' 6-max Seat #1 is the button
Seat 1: skanb ($187.12 in chips) 
Seat 2: shootingGRID ($253.10 in chips) 
Seat 3: michasia ($100 in chips) 
Seat 4: nastja336 ($205.33 in chips) 
Seat 5: AAKiller11 ($217.51 in chips) 
Seat 6: AlexPinsk1 ($136.77 in chips) 
shootingGRID: posts small blind $0.50
michasia: posts big blind $1
*** HOLE CARDS ***
nastja336: raises $1.50 to $2.50
AAKiller11: raises $4.50 to $7
AlexPinsk1: folds 
skanb: folds 
shootingGRID: folds 
michasia: folds 
nastja336: calls $4.50
*** FLOP *** [Th Jd 2d]
nastja336: checks 
AAKiller11: bets $7.36
nastja336: calls $7.36
*** TURN *** [Th Jd 2d] [Kd]
nastja336: checks 
AAKiller11: bets $14.36
nastja336: folds 
Uncalled bet ($14.36) returned to AAKiller11
AAKiller11 collected $28.33 from pot
*** SUMMARY ***
Total pot $30.22 | Rake $1.89 
Board [Th Jd 2d Kd]
Seat 1: skanb (button) folded before Flop (didn't bet)
Seat 2: shootingGRID (small blind) folded before Flop
Seat 3: michasia (big blind) folded before Flop
Seat 4: nastja336 folded on the Turn
Seat 5: AAKiller11 collected ($28.33)
Seat 6: AlexPinsk1 folded before Flop (didn't bet)



PokerStars Hand #254420681934:  Hold'em No Limit ($0.50/$1.00 USD) - 2025/01/17 21:32:51 WET [2025/01/17 16:32:51 ET]
Table 'Herge III' 6-max Seat #2 is the button
Seat 1: skanb ($187.12 in chips) 
Seat 2: shootingGRID ($252.60 in chips) 
Seat 3: michasia ($100 in chips) 
Seat 4: nastja336 ($190.97 in chips) 
Seat 5: AAKiller11 ($231.48 in chips) 
Seat 6: AlexPinsk1 ($136.77 in chips) 
michasia: posts small blind $0.50
nastja336: posts big blind $1
*** HOLE CARDS ***
AAKiller11: raises $1 to $2
AlexPinsk1: folds 
skanb: folds 
shootingGRID: folds 
michasia: folds 
nastja336: calls $1
*** FLOP *** [Ts 2s 6c]
nastja336: checks 
AAKiller11: bets $2.14
nastja336: calls $2.14
*** TURN *** [Ts 2s 6c] [Td]
nastja336: checks 
AAKiller11: bets $4.17
nastja336: folds 
Uncalled bet ($4.17) returned to AAKiller11
AAKiller11 collected $8.23 from pot
*** SUMMARY ***
Total pot $8.78 | Rake $0.55 
Board [Ts 2s 6c Td]
Seat 1: skanb folded before Flop (didn't bet)
Seat 2: shootingGRID (button) folded before Flop (didn't bet)
Seat 3: michasia (small blind) folded before Flop
Seat 4: nastja336 (big blind) folded on the Turn
Seat 5: AAKiller11 collected ($8.23)
Seat 6: AlexPinsk1 folded before Flop (didn't bet)



PokerStars Hand #254420694632:  Hold'em No Limit ($0.50/$1.00 USD) - 2025/01/17 21:33:30 WET [2025/01/17 16:33:30 ET]
Table 'Herge III' 6-max Seat #3 is the button
Seat 1: skanb ($187.12 in chips) 
Seat 2: shootingGRID ($252.60 in chips) 
Seat 3: michasia ($100 in chips) 
Seat 4: nastja336 ($186.83 in chips) 
Seat 5: AAKiller11 ($235.57 in chips) 
Seat 6: AlexPinsk1 ($136.77 in chips) 
nastja336: posts small blind $0.50
AAKiller11: posts big blind $1
*** HOLE CARDS ***
AlexPinsk1 has timed out
AlexPinsk1: folds 
skanb: folds 
shootingGRID: folds 
michasia: raises $1.80 to $2.80
nastja336: raises $9.20 to $12
AAKiller11: calls $11
michasia: calls $9.20
*** FLOP *** [5h 3s Ah]
nastja336: checks 
AAKiller11: checks 
michasia: checks 
*** TURN *** [5h 3s Ah] [8h]
nastja336: checks 
AAKiller11: bets $12
michasia: calls $12
nastja336: folds 
*** RIVER *** [5h 3s Ah 8h] [6s]
AAKiller11: checks 
michasia: checks 
*** SHOW DOWN ***
AAKiller11: shows [4h 4d] (a pair of Fours)
michasia: shows [Ts Td] (a pair of Tens)
michasia collected $57.50 from pot
*** SUMMARY ***
Total pot $60 | Rake $2.50 
Board [5h 3s Ah 8h 6s]
Seat 1: skanb folded before Flop (didn't bet)
Seat 2: shootingGRID folded before Flop (didn't bet)
Seat 3: michasia (button) showed [Ts Td] and won ($57.50) with a pair of Tens
Seat 4: nastja336 (small blind) folded on the Turn
Seat 5: AAKiller11 (big blind) showed [4h 4d] and lost with a pair of Fours
Seat 6: AlexPinsk1 folded before Flop (didn't bet)



PokerStars Hand #254420724641:  Hold'em No Limit ($0.50/$1.00 USD) - 2025/01/17 21:35:01 WET [2025/01/17 16:35:01 ET]
Table 'Herge III' 6-max Seat #4 is the button
Seat 1: skanb ($187.12 in chips) 
Seat 2: shootingGRID ($252.60 in chips) 
Seat 3: michasia ($133.50 in chips) 
Seat 4: nastja336 ($174.83 in chips) 
Seat 5: AAKiller11 ($211.57 in chips) 
Seat 6: AlexPinsk1 ($136.77 in chips) 
AAKiller11: posts small blind $0.50
AlexPinsk1: posts big blind $1
*** HOLE CARDS ***
skanb: folds 
shootingGRID: folds 
michasia: folds 
nastja336: folds 
AAKiller11: raises $1 to $2
AlexPinsk1: calls $1
*** FLOP *** [5c Ks 9h]
AAKiller11: checks 
AlexPinsk1: checks 
*** TURN *** [5c Ks 9h] [Kd]
AAKiller11: bets $2
AlexPinsk1: calls $2
*** RIVER *** [5c Ks 9h Kd] [Kc]
AAKiller11: checks 
AlexPinsk1: checks 
*** SHOW DOWN ***
AAKiller11: shows [Jh 3h] (three of a kind, Kings)
AlexPinsk1: shows [3d Ac] (three of a kind, Kings - Ace kicker)
AlexPinsk1 collected $7.60 from pot
*** SUMMARY ***
Total pot $8 | Rake $0.40 
Board [5c Ks 9h Kd Kc]
Seat 1: skanb folded before Flop (didn't bet)
Seat 2: shootingGRID folded before Flop (didn't bet)
Seat 3: michasia folded before Flop (didn't bet)
Seat 4: nastja336 (button) folded before Flop (didn't bet)
Seat 5: AAKiller11 (small blind) showed [Jh 3h] and lost with three of a kind, Kings
Seat 6: AlexPinsk1 (big blind) showed [3d Ac] and won ($7.60) with three of a kind, Kings



PokerStars Hand #254420738993:  Hold'em No Limit ($0.50/$1.00 USD) - 2025/01/17 21:35:44 WET [2025/01/17 16:35:44 ET]
Table 'Herge III' 6-max Seat #5 is the button
Seat 1: skanb ($187.12 in chips) 
Seat 2: shootingGRID ($252.60 in chips) 
Seat 3: michasia ($133.50 in chips) 
Seat 4: nastja336 ($174.83 in chips) 
Seat 5: AAKiller11 ($207.57 in chips) 
Seat 6: AlexPinsk1 ($140.37 in chips) 
AlexPinsk1: posts small blind $0.50
skanb: posts big blind $1
*** HOLE CARDS ***
shootingGRID: folds 
michasia: folds 
nastja336: folds 
AAKiller11: raises $1 to $2
AlexPinsk1: folds 
skanb: calls $1
*** FLOP *** [Tc 8d 4h]
skanb: checks 
AAKiller11: checks 
*** TURN *** [Tc 8d 4h] [3h]
skanb: checks 
AAKiller11: checks 
*** RIVER *** [Tc 8d 4h 3h] [Ks]
skanb: checks 
AAKiller11: bets $2.14
skanb: folds 
Uncalled bet ($2.14) returned to AAKiller11
AAKiller11 collected $4.22 from pot
*** SUMMARY ***
Total pot $4.50 | Rake $0.28 
Board [Tc 8d 4h 3h Ks]
Seat 1: skanb (big blind) folded on the River
Seat 2: shootingGRID folded before Flop (didn't bet)
Seat 3: michasia folded before Flop (didn't bet)
Seat 4: nastja336 folded before Flop (didn't bet)
Seat 5: AAKiller11 (button) collected ($4.22)
Seat 6: AlexPinsk1 (small blind) folded before Flop



PokerStars Hand #254420758451:  Hold'em No Limit ($0.50/$1.00 USD) - 2025/01/17 21:36:44 WET [2025/01/17 16:36:44 ET]
Table 'Herge III' 6-max Seat #6 is the button
Seat 3: michasia ($133.50 in chips) is sitting out
Seat 1: skanb ($185.12 in chips) 
Seat 2: shootingGRID ($252.60 in chips) 
Seat 4: nastja336 ($174.83 in chips) 
Seat 5: AAKiller11 ($209.79 in chips) 
Seat 6: AlexPinsk1 ($139.87 in chips) 
skanb: posts small blind $0.50
shootingGRID: posts big blind $1
*** HOLE CARDS ***
nastja336: folds 
AAKiller11: calls $1
AlexPinsk1: folds 
skanb: calls $0.50
shootingGRID: checks 
*** FLOP *** [Jh Js 9s]
skanb: checks 
shootingGRID: checks 
AAKiller11: checks 
*** TURN *** [Jh Js 9s] [2h]
skanb: checks 
shootingGRID: checks 
AAKiller11: bets $1.43
skanb: calls $1.43
shootingGRID: folds 
*** RIVER *** [Jh Js 9s 2h] [4h]
skanb: checks 
AAKiller11: checks 
*** SHOW DOWN ***
skanb: shows [Ts 9h] (two pair, Jacks and Nines)
AAKiller11: mucks hand 
skanb collected $5.57 from pot
*** SUMMARY ***
Total pot $5.86 | Rake $0.29 
Board [Jh Js 9s 2h 4h]
Seat 3: michasia
Seat 1: skanb (small blind) showed [Ts 9h] and won ($5.57) with two pair, Jacks and Nines
Seat 2: shootingGRID (big blind) folded on the Turn
Seat 4: nastja336 folded before Flop (didn't bet)
Seat 5: AAKiller11 mucked
Seat 6: AlexPinsk1 (button) folded before Flop (didn't bet)



PokerStars Hand #254420782138:  Hold'em No Limit ($0.50/$1.00 USD) - 2025/01/17 21:37:57 WET [2025/01/17 16:37:57 ET]
Table 'Herge III' 6-max Seat #1 is the button
Seat 3: michasia ($133.50 in chips) is sitting out
Seat 1: skanb ($188.26 in chips) 
Seat 2: shootingGRID ($251.60 in chips) 
Seat 4: nastja336 ($174.83 in chips) 
Seat 5: AAKiller11 ($207.36 in chips) 
Seat 6: AlexPinsk1 ($139.87 in chips) 
shootingGRID: posts small blind $0.50
nastja336: posts big blind $1
*** HOLE CARDS ***
AAKiller11: folds 
AlexPinsk1: folds 
skanb: folds 
shootingGRID: folds 
Uncalled bet ($0.50) returned to nastja336
nastja336 collected $1 from pot
nastja336: doesn't show hand 
*** SUMMARY ***
Total pot $1 | Rake $0 
Seat 3: michasia
Seat 1: skanb (button) folded before Flop (didn't bet)
Seat 2: shootingGRID (small blind) folded before Flop
Seat 4: nastja336 (big blind) collected ($1)
Seat 5: AAKiller11 folded before Flop (didn't bet)
Seat 6: AlexPinsk1 folded before Flop (didn't bet)



PokerStars Hand #254420786584:  Hold'em No Limit ($0.50/$1.00 USD) - 2025/01/17 21:38:10 WET [2025/01/17 16:38:10 ET]
Table 'Herge III' 6-max Seat #2 is the button
Seat 3: michasia ($133.50 in chips) is sitting out
Seat 1: skanb ($188.26 in chips) 
Seat 2: shootingGRID ($251.10 in chips) 
Seat 4: nastja336 ($175.33 in chips) 
Seat 5: AAKiller11 ($207.36 in chips) 
Seat 6: AlexPinsk1 ($139.87 in chips) 
nastja336: posts small blind $0.50
AAKiller11: posts big blind $1
*** HOLE CARDS ***
AlexPinsk1: raises $1.50 to $2.50
skanb: folds 
shootingGRID: folds 
nastja336: folds 
AAKiller11: calls $1.50
*** FLOP *** [Jh 6d Tc]
AAKiller11: checks 
AlexPinsk1: checks 
*** TURN *** [Jh 6d Tc] [Jc]
AAKiller11: bets $2
AlexPinsk1: calls $2
*** RIVER *** [Jh 6d Tc Jc] [Kh]
AAKiller11: checks 
AlexPinsk1: checks 
*** SHOW DOWN ***
AAKiller11: shows [3c 4c] (a pair of Jacks)
AlexPinsk1: shows [8h Ac] (a pair of Jacks - Ace kicker)
AlexPinsk1 collected $9.02 from pot
*** SUMMARY ***
Total pot $9.50 | Rake $0.48 
Board [Jh 6d Tc Jc Kh]
Seat 3: michasia
Seat 1: skanb folded before Flop (didn't bet)
Seat 2: shootingGRID (button) folded before Flop (didn't bet)
Seat 4: nastja336 (small blind) folded before Flop
Seat 5: AAKiller11 (big blind) showed [3c 4c] and lost with a pair of Jacks
Seat 6: AlexPinsk1 showed [8h Ac] and won ($9.02) with a pair of Jacks



PokerStars Hand #254420808239:  Hold'em No Limit ($0.50/$1.00 USD) - 2025/01/17 21:39:16 WET [2025/01/17 16:39:16 ET]
Table 'Herge III' 6-max Seat #4 is the button
Seat 3: michasia ($133.50 in chips) is sitting out
Seat 1: skanb ($188.26 in chips) 
Seat 2: shootingGRID ($251.10 in chips) 
Seat 4: nastja336 ($174.83 in chips) 
Seat 5: AAKiller11 ($202.86 in chips) 
Seat 6: AlexPinsk1 ($144.39 in chips) 
AAKiller11: posts small blind $0.50
AlexPinsk1: posts big blind $1
michasia: sits out 
*** HOLE CARDS ***
skanb: folds 
shootingGRID: folds 
nastja336: raises $1.50 to $2.50
AAKiller11: folds 
AlexPinsk1: folds 
Uncalled bet ($1.50) returned to nastja336
nastja336 collected $2.50 from pot
nastja336: doesn't show hand 
*** SUMMARY ***
Total pot $2.50 | Rake $0 
Seat 3: michasia
Seat 1: skanb folded before Flop (didn't bet)
Seat 2: shootingGRID folded before Flop (didn't bet)
Seat 4: nastja336 (button) collected ($2.50)
Seat 5: AAKiller11 (small blind) folded before Flop
Seat 6: AlexPinsk1 (big blind) folded before Flop



PokerStars Hand #254420813894:  Hold'em No Limit ($0.50/$1.00 USD) - 2025/01/17 21:39:34 WET [2025/01/17 16:39:34 ET]
Table 'Herge III' 6-max Seat #5 is the button
Seat 3: michasia ($133.50 in chips) is sitting out
Seat 1: skanb ($188.26 in chips) 
Seat 2: shootingGRID ($251.10 in chips) 
Seat 4: nastja336 ($176.33 in chips) 
Seat 5: AAKiller11 ($202.36 in chips) 
Seat 6: AlexPinsk1 ($143.39 in chips) 
AlexPinsk1: posts small blind $0.50
skanb: posts big blind $1
michasia: sits out 
*** HOLE CARDS ***
shootingGRID: folds 
nastja336: folds 
AAKiller11: raises $2 to $3
AlexPinsk1: folds 
skanb: folds 
Uncalled bet ($2) returned to AAKiller11
AAKiller11 collected $2.50 from pot
*** SUMMARY ***
Total pot $2.50 | Rake $0 
Seat 3: michasia
Seat 1: skanb (big blind) folded before Flop
Seat 2: shootingGRID folded before Flop (didn't bet)
Seat 4: nastja336 folded before Flop (didn't bet)
Seat 5: AAKiller11 (button) collected ($2.50)
Seat 6: AlexPinsk1 (small blind) folded before Flop



PokerStars Hand #254420819084:  Hold'em No Limit ($0.50/$1.00 USD) - 2025/01/17 21:39:49 WET [2025/01/17 16:39:49 ET]
Table 'Herge III' 6-max Seat #6 is the button
Seat 3: michasia ($133.50 in chips) is sitting out
Seat 1: skanb ($187.26 in chips) 
Seat 2: shootingGRID ($251.10 in chips) 
Seat 4: nastja336 ($176.33 in chips) 
Seat 5: AAKiller11 ($203.86 in chips) 
Seat 6: AlexPinsk1 ($142.89 in chips) 
skanb: posts small blind $0.50
shootingGRID: posts big blind $1
michasia: sits out 
*** HOLE CARDS ***
nastja336: folds 
AAKiller11: raises $2 to $3
AlexPinsk1: folds 
skanb: raises $7 to $10
shootingGRID: folds 
AAKiller11: calls $7
*** FLOP *** [8d Jc Qs]
skanb: bets $6.58
AAKiller11: calls $6.58
*** TURN *** [8d Jc Qs] [6d]
skanb: checks 
AAKiller11: checks 
*** RIVER *** [8d Jc Qs 6d] [4h]
skanb: checks 
AAKiller11: bets $32.45
skanb: folds 
Uncalled bet ($32.45) returned to AAKiller11
AAKiller11 collected $32.02 from pot
*** SUMMARY ***
Total pot $34.16 | Rake $2.14 
Board [8d Jc Qs 6d 4h]
Seat 3: michasia
Seat 1: skanb (small blind) folded on the River
Seat 2: shootingGRID (big blind) folded before Flop
Seat 4: nastja336 folded before Flop (didn't bet)
Seat 5: AAKiller11 collected ($32.02)
Seat 6: AlexPinsk1 (button) folded before Flop (didn't bet)



PokerStars Hand #254420837248:  Hold'em No Limit ($0.50/$1.00 USD) - 2025/01/17 21:40:45 WET [2025/01/17 16:40:45 ET]
Table 'Herge III' 6-max Seat #1 is the button
Seat 1: skanb ($170.68 in chips) 
Seat 2: shootingGRID ($250.10 in chips) 
Seat 3: michasia ($133.50 in chips) 
Seat 4: nastja336 ($176.33 in chips) 
Seat 5: AAKiller11 ($219.30 in chips) 
Seat 6: AlexPinsk1 ($142.89 in chips) 
shootingGRID: posts small blind $0.50
michasia: posts big blind $1
*** HOLE CARDS ***
nastja336: folds 
AAKiller11: raises $1 to $2
AlexPinsk1: raises $5.50 to $7.50
skanb: calls $7.50
shootingGRID: folds 
michasia: folds 
AAKiller11: calls $5.50
*** FLOP *** [Kh 4s Qc]
AAKiller11: checks 
AlexPinsk1: checks 
skanb: checks 
*** TURN *** [Kh 4s Qc] [Th]
AAKiller11: checks 
AlexPinsk1: checks 
skanb: bets $14.82
AAKiller11: folds 
AlexPinsk1: folds 
Uncalled bet ($14.82) returned to skanb
skanb collected $22.80 from pot
skanb: doesn't show hand 
*** SUMMARY ***
Total pot $24 | Rake $1.20 
Board [Kh 4s Qc Th]
Seat 1: skanb (button) collected ($22.80)
Seat 2: shootingGRID (small blind) folded before Flop
Seat 3: michasia (big blind) folded before Flop
Seat 4: nastja336 folded before Flop (didn't bet)
Seat 5: AAKiller11 folded on the Turn
Seat 6: AlexPinsk1 folded on the Turn



PokerStars Hand #254420857453:  Hold'em No Limit ($0.50/$1.00 USD) - 2025/01/17 21:41:46 WET [2025/01/17 16:41:46 ET]
Table 'Herge III' 6-max Seat #2 is the button
Seat 1: skanb ($185.98 in chips) 
Seat 2: shootingGRID ($249.60 in chips) 
Seat 3: michasia ($132.50 in chips) 
Seat 4: nastja336 ($176.33 in chips) 
Seat 5: AAKiller11 ($211.80 in chips) 
Seat 6: AlexPinsk1 ($135.39 in chips) 
michasia: posts small blind $0.50
nastja336: posts big blind $1
*** HOLE CARDS ***
AAKiller11: folds 
AlexPinsk1: folds 
skanb: folds 
shootingGRID: folds 
michasia: folds 
Uncalled bet ($0.50) returned to nastja336
nastja336 collected $1 from pot
nastja336: doesn't show hand 
*** SUMMARY ***
Total pot $1 | Rake $0 
Seat 1: skanb folded before Flop (didn't bet)
Seat 2: shootingGRID (button) folded before Flop (didn't bet)
Seat 3: michasia (small blind) folded before Flop
Seat 4: nastja336 (big blind) collected ($1)
Seat 5: AAKiller11 folded before Flop (didn't bet)
Seat 6: AlexPinsk1 folded before Flop (didn't bet)



PokerStars Hand #254420862490:  Hold'em No Limit ($0.50/$1.00 USD) - 2025/01/17 21:42:02 WET [2025/01/17 16:42:02 ET]
Table 'Herge III' 6-max Seat #3 is the button
Seat 1: skanb ($185.98 in chips) 
Seat 2: shootingGRID ($249.60 in chips) 
Seat 3: michasia ($132 in chips) 
Seat 4: nastja336 ($176.83 in chips) 
Seat 5: AAKiller11 ($211.80 in chips) 
Seat 6: AlexPinsk1 ($135.39 in chips) 
nastja336: posts small blind $0.50
AAKiller11: posts big blind $1
*** HOLE CARDS ***
AlexPinsk1: folds 
skanb: folds 
shootingGRID: raises $1.25 to $2.25
michasia: calls $2.25
nastja336: folds 
AAKiller11: calls $1.25
*** FLOP *** [Jd 5d 4d]
AAKiller11: checks 
shootingGRID: checks 
michasia: checks 
*** TURN *** [Jd 5d 4d] [8s]
AAKiller11: bets $3
shootingGRID: calls $3
michasia: folds 
*** RIVER *** [Jd 5d 4d 8s] [Kd]
AAKiller11: checks 
shootingGRID: bets $7.30
AAKiller11: calls $7.30
*** SHOW DOWN ***
shootingGRID: shows [7c Tc] (high card King)
AAKiller11: shows [2c 2d] (a flush, King high)
AAKiller11 collected $26.11 from pot
*** SUMMARY ***
Total pot $27.85 | Rake $1.74 
Board [Jd 5d 4d 8s Kd]
Seat 1: skanb folded before Flop (didn't bet)
Seat 2: shootingGRID showed [7c Tc] and lost with high card King
Seat 3: michasia (button) folded on the Turn
Seat 4: nastja336 (small blind) folded before Flop
Seat 5: AAKiller11 (big blind) showed [2c 2d] and won ($26.11) with a flush, King high
Seat 6: AlexPinsk1 folded before Flop (didn't bet)



PokerStars Hand #254420882248:  Hold'em No Limit ($0.50/$1.00 USD) - 2025/01/17 21:43:03 WET [2025/01/17 16:43:03 ET]
Table 'Herge III' 6-max Seat #4 is the button
Seat 1: skanb ($185.98 in chips) 
Seat 2: shootingGRID ($237.05 in chips) 
Seat 3: michasia ($129.75 in chips) 
Seat 4: nastja336 ($176.33 in chips) 
Seat 5: AAKiller11 ($225.36 in chips) 
Seat 6: AlexPinsk1 ($135.39 in chips) 
AAKiller11: posts small blind $0.50
AlexPinsk1: posts big blind $1
*** HOLE CARDS ***
skanb: folds 
shootingGRID: folds 
michasia: folds 
nastja336: raises $1.50 to $2.50
AAKiller11: calls $2
AlexPinsk1: raises $15 to $17.50
nastja336: folds 
AAKiller11: folds 
Uncalled bet ($15) returned to AlexPinsk1
AlexPinsk1 collected $7.50 from pot
AlexPinsk1: doesn't show hand 
*** SUMMARY ***
Total pot $7.50 | Rake $0 
Seat 1: skanb folded before Flop (didn't bet)
Seat 2: shootingGRID folded before Flop (didn't bet)
Seat 3: michasia folded before Flop (didn't bet)
Seat 4: nastja336 (button) folded before Flop
Seat 5: AAKiller11 (small blind) folded before Flop
Seat 6: AlexPinsk1 (big blind) collected ($7.50)



PokerStars Hand #254420891504:  Hold'em No Limit ($0.50/$1.00 USD) - 2025/01/17 21:43:32 WET [2025/01/17 16:43:32 ET]
Table 'Herge III' 6-max Seat #5 is the button
Seat 1: skanb ($185.98 in chips) 
Seat 2: shootingGRID ($237.05 in chips) 
Seat 3: michasia ($129.75 in chips) 
Seat 4: nastja336 ($173.83 in chips) 
Seat 5: AAKiller11 ($222.86 in chips) 
Seat 6: AlexPinsk1 ($140.39 in chips) 
AlexPinsk1: posts small blind $0.50
skanb: posts big blind $1
*** HOLE CARDS ***
shootingGRID: folds 
michasia: folds 
nastja336: raises $1.50 to $2.50
AAKiller11: calls $2.50
AlexPinsk1: folds 
skanb: folds 
*** FLOP *** [Ts 7d 5s]
nastja336: checks 
AAKiller11: bets $3.09
nastja336: calls $3.09
*** TURN *** [Ts 7d 5s] [5h]
nastja336: checks 
AAKiller11: bets $6.03
nastja336: folds 
Uncalled bet ($6.03) returned to AAKiller11
AAKiller11 collected $11.89 from pot
*** SUMMARY ***
Total pot $12.68 | Rake $0.79 
Board [Ts 7d 5s 5h]
Seat 1: skanb (big blind) folded before Flop
Seat 2: shootingGRID folded before Flop (didn't bet)
Seat 3: michasia folded before Flop (didn't bet)
Seat 4: nastja336 folded on the Turn
Seat 5: AAKiller11 (button) collected ($11.89)
Seat 6: AlexPinsk1 (small blind) folded before Flop



PokerStars Hand #254420899960:  Hold'em No Limit ($0.50/$1.00 USD) - 2025/01/17 21:43:58 WET [2025/01/17 16:43:58 ET]
Table 'Herge III' 6-max Seat #6 is the button
Seat 1: skanb ($184.98 in chips) 
Seat 2: shootingGRID ($237.05 in chips) 
Seat 3: michasia ($129.75 in chips) 
Seat 4: nastja336 ($168.24 in chips) 
Seat 5: AAKiller11 ($229.16 in chips) 
Seat 6: AlexPinsk1 ($139.89 in chips) 
skanb: posts small blind $0.50
shootingGRID: posts big blind $1
*** HOLE CARDS ***
michasia: folds 
nastja336: raises $1.50 to $2.50
AAKiller11: calls $2.50
AlexPinsk1: folds 
skanb: calls $2
shootingGRID: raises $12.50 to $15
nastja336: calls $12.50
AAKiller11: calls $12.50
skanb: calls $12.50
*** FLOP *** [Qh 6c Js]
skanb: checks 
shootingGRID: bets $28.75
nastja336: calls $28.75
AAKiller11: folds 
skanb: raises $30.25 to $59
shootingGRID: folds 
nastja336: folds 
Uncalled bet ($30.25) returned to skanb
skanb collected $143.75 from pot
skanb: doesn't show hand 
*** SUMMARY ***
Total pot $146.25 | Rake $2.50 
Board [Qh 6c Js]
Seat 1: skanb (small blind) collected ($143.75)
Seat 2: shootingGRID (big blind) folded on the Flop
Seat 3: michasia folded before Flop (didn't bet)
Seat 4: nastja336 folded on the Flop
Seat 5: AAKiller11 folded on the Flop
Seat 6: AlexPinsk1 (button) folded before Flop (didn't bet)



PokerStars Hand #254420922653:  Hold'em No Limit ($0.50/$1.00 USD) - 2025/01/17 21:45:09 WET [2025/01/17 16:45:09 ET]
Table 'Herge III' 6-max Seat #1 is the button
Seat 1: skanb ($284.98 in chips) 
Seat 2: shootingGRID ($193.30 in chips) 
Seat 3: michasia ($129.75 in chips) 
Seat 4: nastja336 ($124.49 in chips) 
Seat 5: AAKiller11 ($214.16 in chips) 
Seat 6: AlexPinsk1 ($139.89 in chips) 
shootingGRID: posts small blind $0.50
michasia: posts big blind $1
*** HOLE CARDS ***
nastja336: folds 
AAKiller11: raises $2 to $3
AlexPinsk1: folds 
skanb: folds 
shootingGRID: raises $9 to $12
michasia: folds 
AAKiller11: calls $9
*** FLOP *** [8c 9c 5c]
shootingGRID: checks 
AAKiller11: bets $5
shootingGRID: calls $5
*** TURN *** [8c 9c 5c] [Th]
shootingGRID: checks 
AAKiller11: bets $10
shootingGRID: calls $10
*** RIVER *** [8c 9c 5c Th] [Kc]
shootingGRID: bets $18.33
AAKiller11: folds 
Uncalled bet ($18.33) returned to shootingGRID
shootingGRID collected $52.50 from pot
*** SUMMARY ***
Total pot $55 | Rake $2.50 
Board [8c 9c 5c Th Kc]
Seat 1: skanb (button) folded before Flop (didn't bet)
Seat 2: shootingGRID (small blind) collected ($52.50)
Seat 3: michasia (big blind) folded before Flop
Seat 4: nastja336 folded before Flop (didn't bet)
Seat 5: AAKiller11 folded on the River
Seat 6: AlexPinsk1 folded before Flop (didn't bet)



PokerStars Hand #254420941534:  Hold'em No Limit ($0.50/$1.00 USD) - 2025/01/17 21:46:08 WET [2025/01/17 16:46:08 ET]
Table 'Herge III' 6-max Seat #2 is the button
Seat 1: skanb ($284.98 in chips) 
Seat 2: shootingGRID ($218.80 in chips) 
Seat 3: michasia ($128.75 in chips) 
Seat 4: nastja336 ($124.49 in chips) 
Seat 5: AAKiller11 ($187.16 in chips) 
Seat 6: AlexPinsk1 ($139.89 in chips) 
michasia: posts small blind $0.50
nastja336: posts big blind $1
*** HOLE CARDS ***
AAKiller11: folds 
AlexPinsk1: folds 
skanb: folds 
shootingGRID: folds 
michasia: folds 
Uncalled bet ($0.50) returned to nastja336
nastja336 collected $1 from pot
nastja336: doesn't show hand 
*** SUMMARY ***
Total pot $1 | Rake $0 
Seat 1: skanb folded before Flop (didn't bet)
Seat 2: shootingGRID (button) folded before Flop (didn't bet)
Seat 3: michasia (small blind) folded before Flop
Seat 4: nastja336 (big blind) collected ($1)
Seat 5: AAKiller11 folded before Flop (didn't bet)
Seat 6: AlexPinsk1 folded before Flop (didn't bet)



PokerStars Hand #254420946575:  Hold'em No Limit ($0.50/$1.00 USD) - 2025/01/17 21:46:24 WET [2025/01/17 16:46:24 ET]
Table 'Herge III' 6-max Seat #3 is the button
Seat 1: skanb ($284.98 in chips) 
Seat 2: shootingGRID ($218.80 in chips) 
Seat 3: michasia ($128.25 in chips) 
Seat 4: nastja336 ($124.99 in chips) 
Seat 5: AAKiller11 ($187.16 in chips) 
Seat 6: AlexPinsk1 ($139.89 in chips) 
nastja336: posts small blind $0.50
AAKiller11: posts big blind $1
*** HOLE CARDS ***
AlexPinsk1: folds 
skanb: folds 
shootingGRID: folds 
michasia: folds 
nastja336: raises $2 to $3
AAKiller11: raises $6 to $9
nastja336: calls $6
*** FLOP *** [Kc 7h 5h]
nastja336: checks 
AAKiller11: bets $8.55
nastja336: folds 
Uncalled bet ($8.55) returned to AAKiller11
AAKiller11 collected $16.88 from pot
*** SUMMARY ***
Total pot $18 | Rake $1.12 
Board [Kc 7h 5h]
Seat 1: skanb folded before Flop (didn't bet)
Seat 2: shootingGRID folded before Flop (didn't bet)
Seat 3: michasia (button) folded before Flop (didn't bet)
Seat 4: nastja336 (small blind) folded on the Flop
Seat 5: AAKiller11 (big blind) collected ($16.88)
Seat 6: AlexPinsk1 folded before Flop (didn't bet)



PokerStars Hand #254420959180:  Hold'em No Limit ($0.50/$1.00 USD) - 2025/01/17 21:47:03 WET [2025/01/17 16:47:03 ET]
Table 'Herge III' 6-max Seat #4 is the button
Seat 1: skanb ($284.98 in chips) 
Seat 2: shootingGRID ($218.80 in chips) 
Seat 3: michasia ($128.25 in chips) 
Seat 4: nastja336 ($115.99 in chips) 
Seat 5: AAKiller11 ($195.04 in chips) 
Seat 6: AlexPinsk1 ($139.89 in chips) 
AAKiller11: posts small blind $0.50
AlexPinsk1: posts big blind $1
*** HOLE CARDS ***
skanb: folds 
shootingGRID: folds 
michasia: folds 
nastja336: folds 
AAKiller11: raises $1 to $2
AlexPinsk1: raises $6.50 to $8.50
AAKiller11: folds 
Uncalled bet ($6.50) returned to AlexPinsk1
AlexPinsk1 collected $4 from pot
AlexPinsk1: doesn't show hand 
*** SUMMARY ***
Total pot $4 | Rake $0 
Seat 1: skanb folded before Flop (didn't bet)
Seat 2: shootingGRID folded before Flop (didn't bet)
Seat 3: michasia folded before Flop (didn't bet)
Seat 4: nastja336 (button) folded before Flop (didn't bet)
Seat 5: AAKiller11 (small blind) folded before Flop
Seat 6: AlexPinsk1 (big blind) collected ($4)



PokerStars Hand #254420964937:  Hold'em No Limit ($0.50/$1.00 USD) - 2025/01/17 21:47:21 WET [2025/01/17 16:47:21 ET]
Table 'Herge III' 6-max Seat #5 is the button
Seat 1: skanb ($284.98 in chips) 
Seat 2: shootingGRID ($218.80 in chips) 
Seat 3: michasia ($128.25 in chips) 
Seat 4: nastja336 ($115.99 in chips) 
Seat 5: AAKiller11 ($193.04 in chips) 
Seat 6: AlexPinsk1 ($141.89 in chips) 
AlexPinsk1: posts small blind $0.50
skanb: posts big blind $1
*** HOLE CARDS ***
shootingGRID: folds 
michasia: raises $1.60 to $2.60
nastja336: raises $6.40 to $9
AAKiller11: folds 
AlexPinsk1: folds 
skanb: folds 
michasia: folds 
Uncalled bet ($6.40) returned to nastja336
nastja336 collected $6.70 from pot
nastja336: doesn't show hand 
*** SUMMARY ***
Total pot $6.70 | Rake $0 
Seat 1: skanb (big blind) folded before Flop
Seat 2: shootingGRID folded before Flop (didn't bet)
Seat 3: michasia folded before Flop
Seat 4: nastja336 collected ($6.70)
Seat 5: AAKiller11 (button) folded before Flop (didn't bet)
Seat 6: AlexPinsk1 (small blind) folded before Flop



PokerStars Hand #254420975517:  Hold'em No Limit ($0.50/$1.00 USD) - 2025/01/17 21:47:54 WET [2025/01/17 16:47:54 ET]
Table 'Herge III' 6-max Seat #6 is the button
Seat 1: skanb ($283.98 in chips) 
Seat 2: shootingGRID ($218.80 in chips) 
Seat 3: michasia ($125.65 in chips) 
Seat 4: nastja336 ($120.09 in chips) 
Seat 5: AAKiller11 ($193.04 in chips) 
Seat 6: AlexPinsk1 ($141.39 in chips) 
skanb: posts small blind $0.50
shootingGRID: posts big blind $1
*** HOLE CARDS ***
michasia: raises $1.60 to $2.60
nastja336: folds 
AAKiller11: raises $1.60 to $4.20
AlexPinsk1: folds 
skanb: folds 
shootingGRID: folds 
michasia: calls $1.60
*** FLOP *** [8h Qh Js]
michasia: checks 
AAKiller11: bets $4.70
michasia: raises $9.40 to $14.10
AAKiller11: calls $9.40
*** TURN *** [8h Qh Js] [8c]
michasia: bets $24.13
AAKiller11: calls $24.13
*** RIVER *** [8h Qh Js 8c] [Qs]
michasia: checks 
AAKiller11: checks 
*** SHOW DOWN ***
michasia: shows [9c Tc] (a straight, Eight to Queen)
AAKiller11: mucks hand 
michasia collected $83.86 from pot
*** SUMMARY ***
Total pot $86.36 | Rake $2.50 
Board [8h Qh Js 8c Qs]
Seat 1: skanb (small blind) folded before Flop
Seat 2: shootingGRID (big blind) folded before Flop
Seat 3: michasia showed [9c Tc] and won ($83.86) with a straight, Eight to Queen
Seat 4: nastja336 folded before Flop (didn't bet)
Seat 5: AAKiller11 mucked
Seat 6: AlexPinsk1 (button) folded before Flop (didn't bet)



PokerStars Hand #254420997545:  Hold'em No Limit ($0.50/$1.00 USD) - 2025/01/17 21:49:03 WET [2025/01/17 16:49:03 ET]
Table 'Herge III' 6-max Seat #1 is the button
Seat 1: skanb ($283.48 in chips) 
Seat 2: shootingGRID ($217.80 in chips) 
Seat 3: michasia ($167.08 in chips) 
Seat 4: nastja336 ($120.09 in chips) 
Seat 5: AAKiller11 ($150.61 in chips) 
Seat 6: AlexPinsk1 ($141.39 in chips) 
shootingGRID: posts small blind $0.50
michasia: posts big blind $1
*** HOLE CARDS ***
nastja336: folds 
AAKiller11: raises $4.50 to $5.50
AlexPinsk1: folds 
skanb: calls $5.50
shootingGRID: calls $5
michasia: folds 
*** FLOP *** [3d 9c Kh]
shootingGRID: checks 
AAKiller11: checks 
skanb: checks 
*** TURN *** [3d 9c Kh] [2d]
shootingGRID: checks 
AAKiller11: bets $8.31
skanb: folds 
shootingGRID: folds 
Uncalled bet ($8.31) returned to AAKiller11
AAKiller11 collected $16.40 from pot
*** SUMMARY ***
Total pot $17.50 | Rake $1.10 
Board [3d 9c Kh 2d]
Seat 1: skanb (button) folded on the Turn
Seat 2: shootingGRID (small blind) folded on the Turn
Seat 3: michasia (big blind) folded before Flop
Seat 4: nastja336 folded before Flop (didn't bet)
Seat 5: AAKiller11 collected ($16.40)
Seat 6: AlexPinsk1 folded before Flop (didn't bet)



PokerStars Hand #254421014447:  Hold'em No Limit ($0.50/$1.00 USD) - 2025/01/17 21:49:56 WET [2025/01/17 16:49:56 ET]
Table 'Herge III' 6-max Seat #2 is the button
Seat 1: skanb ($277.98 in chips) 
Seat 2: shootingGRID ($212.30 in chips) 
Seat 3: michasia ($166.08 in chips) 
Seat 4: nastja336 ($120.09 in chips) 
Seat 5: AAKiller11 ($161.51 in chips) 
Seat 6: AlexPinsk1 ($141.39 in chips) 
michasia: posts small blind $0.50
nastja336: posts big blind $1
*** HOLE CARDS ***
AAKiller11: raises $1 to $2
AlexPinsk1: folds 
skanb: raises $7 to $9
shootingGRID: folds 
michasia: folds 
nastja336: folds 
AAKiller11: calls $7
*** FLOP *** [3c 5c 7s]
AAKiller11: checks 
skanb: bets $6.11
AAKiller11: calls $6.11
*** TURN *** [3c 5c 7s] [2s]
AAKiller11: checks 
skanb: checks 
*** RIVER *** [3c 5c 7s 2s] [9s]
AAKiller11: checks 
skanb: checks 
*** SHOW DOWN ***
AAKiller11: shows [2h 6h] (a pair of Deuces)
skanb: mucks hand 
AAKiller11 collected $29.73 from pot
*** SUMMARY ***
Total pot $31.72 | Rake $1.99 
Board [3c 5c 7s 2s 9s]
Seat 1: skanb mucked
Seat 2: shootingGRID (button) folded before Flop (didn't bet)
Seat 3: michasia (small blind) folded before Flop
Seat 4: nastja336 (big blind) folded before Flop
Seat 5: AAKiller11 showed [2h 6h] and won ($29.73) with a pair of Deuces
Seat 6: AlexPinsk1 folded before Flop (didn't bet)



PokerStars Hand #254421032506:  Hold'em No Limit ($0.50/$1.00 USD) - 2025/01/17 21:50:53 WET [2025/01/17 16:50:53 ET]
Table 'Herge III' 6-max Seat #3 is the button
Seat 1: skanb ($262.87 in chips) 
Seat 2: shootingGRID ($212.30 in chips) 
Seat 3: michasia ($165.58 in chips) 
Seat 4: nastja336 ($119.09 in chips) 
Seat 5: AAKiller11 ($176.13 in chips) 
Seat 6: AlexPinsk1 ($141.39 in chips) 
nastja336: posts small blind $0.50
AAKiller11: posts big blind $1
*** HOLE CARDS ***
AlexPinsk1: folds 
skanb: folds 
shootingGRID: folds 
michasia: raises $1.80 to $2.80
nastja336: folds 
AAKiller11: calls $1.80
*** FLOP *** [Kh 3h 6s]
AAKiller11: checks 
michasia: bets $1.91
AAKiller11: calls $1.91
*** TURN *** [Kh 3h 6s] [3c]
AAKiller11: checks 
michasia: bets $11.78
AAKiller11: folds 
Uncalled bet ($11.78) returned to michasia
michasia collected $9.42 from pot
michasia: doesn't show hand 
*** SUMMARY ***
Total pot $9.92 | Rake $0.50 
Board [Kh 3h 6s 3c]
Seat 1: skanb folded before Flop (didn't bet)
Seat 2: shootingGRID folded before Flop (didn't bet)
Seat 3: michasia (button) collected ($9.42)
Seat 4: nastja336 (small blind) folded before Flop
Seat 5: AAKiller11 (big blind) folded on the Turn
Seat 6: AlexPinsk1 folded before Flop (didn't bet)



PokerStars Hand #254421049330:  Hold'em No Limit ($0.50/$1.00 USD) - 2025/01/17 21:51:45 WET [2025/01/17 16:51:45 ET]
Table 'Herge III' 6-max Seat #4 is the button
Seat 1: skanb ($262.87 in chips) 
Seat 2: shootingGRID ($212.30 in chips) 
Seat 3: michasia ($170.29 in chips) 
Seat 4: nastja336 ($118.59 in chips) 
Seat 5: AAKiller11 ($171.42 in chips) 
Seat 6: AlexPinsk1 ($141.39 in chips) 
AAKiller11: posts small blind $0.50
AlexPinsk1: posts big blind $1
*** HOLE CARDS ***
skanb: folds 
shootingGRID: folds 
michasia: folds 
nastja336: raises $1.50 to $2.50
AAKiller11: calls $2
AlexPinsk1: folds 
*** FLOP *** [Qs Td 2s]
AAKiller11: checks 
nastja336: checks 
*** TURN *** [Qs Td 2s] [As]
AAKiller11: checks 
nastja336: checks 
*** RIVER *** [Qs Td 2s As] [9h]
AAKiller11: bets $10.70
nastja336: folds 
Uncalled bet ($10.70) returned to AAKiller11
AAKiller11 collected $5.62 from pot
*** SUMMARY ***
Total pot $6 | Rake $0.38 
Board [Qs Td 2s As 9h]
Seat 1: skanb folded before Flop (didn't bet)
Seat 2: shootingGRID folded before Flop (didn't bet)
Seat 3: michasia folded before Flop (didn't bet)
Seat 4: nastja336 (button) folded on the River
Seat 5: AAKiller11 (small blind) collected ($5.62)
Seat 6: AlexPinsk1 (big blind) folded before Flop



PokerStars Hand #254421063591:  Hold'em No Limit ($0.50/$1.00 USD) - 2025/01/17 21:52:30 WET [2025/01/17 16:52:30 ET]
Table 'Herge III' 6-max Seat #5 is the button
Seat 1: skanb ($262.87 in chips) 
Seat 2: shootingGRID ($212.30 in chips) 
Seat 3: michasia ($170.29 in chips) 
Seat 4: nastja336 ($116.09 in chips) 
Seat 5: AAKiller11 ($174.54 in chips) 
Seat 6: AlexPinsk1 ($140.39 in chips) 
AlexPinsk1: posts small blind $0.50
skanb: posts big blind $1
*** HOLE CARDS ***
shootingGRID: folds 
michasia: folds 
nastja336: folds 
AAKiller11: raises $2.50 to $3.50
AlexPinsk1: folds 
skanb: folds 
Uncalled bet ($2.50) returned to AAKiller11
AAKiller11 collected $2.50 from pot
*** SUMMARY ***
Total pot $2.50 | Rake $0 
Seat 1: skanb (big blind) folded before Flop
Seat 2: shootingGRID folded before Flop (didn't bet)
Seat 3: michasia folded before Flop (didn't bet)
Seat 4: nastja336 folded before Flop (didn't bet)
Seat 5: AAKiller11 (button) collected ($2.50)
Seat 6: AlexPinsk1 (small blind) folded before Flop



PokerStars Hand #254421071421:  Hold'em No Limit ($0.50/$1.00 USD) - 2025/01/17 21:52:54 WET [2025/01/17 16:52:54 ET]
Table 'Herge III' 6-max Seat #6 is the button
Seat 1: skanb ($261.87 in chips) 
Seat 2: shootingGRID ($212.30 in chips) 
Seat 3: michasia ($170.29 in chips) 
Seat 4: nastja336 ($116.09 in chips) 
Seat 5: AAKiller11 ($176.04 in chips) 
Seat 6: AlexPinsk1 ($139.89 in chips) 
skanb: posts small blind $0.50
shootingGRID: posts big blind $1
*** HOLE CARDS ***
michasia: folds 
nastja336: folds 
AAKiller11: raises $2.50 to $3.50
AlexPinsk1: raises $11 to $14.50
skanb: folds 
shootingGRID: folds 
AAKiller11: calls $11
*** FLOP *** [Tc 3h 8s]
AAKiller11: checks 
AlexPinsk1: bets $14.49
AAKiller11: folds 
Uncalled bet ($14.49) returned to AlexPinsk1
AlexPinsk1 collected $28.98 from pot
AlexPinsk1: doesn't show hand 
*** SUMMARY ***
Total pot $30.50 | Rake $1.52 
Board [Tc 3h 8s]
Seat 1: skanb (small blind) folded before Flop
Seat 2: shootingGRID (big blind) folded before Flop
Seat 3: michasia folded before Flop (didn't bet)
Seat 4: nastja336 folded before Flop (didn't bet)
Seat 5: AAKiller11 folded on the Flop
Seat 6: AlexPinsk1 (button) collected ($28.98)



PokerStars Hand #254421089230:  Hold'em No Limit ($0.50/$1.00 USD) - 2025/01/17 21:53:50 WET [2025/01/17 16:53:50 ET]
Table 'Herge III' 6-max Seat #1 is the button
Seat 1: skanb ($261.37 in chips) 
Seat 2: shootingGRID ($211.30 in chips) 
Seat 3: michasia ($170.29 in chips) 
Seat 4: nastja336 ($116.09 in chips) 
Seat 5: AAKiller11 ($161.54 in chips) 
Seat 6: AlexPinsk1 ($154.37 in chips) 
shootingGRID: posts small blind $0.50
michasia: posts big blind $1
*** HOLE CARDS ***
nastja336: folds 
AAKiller11: raises $2.50 to $3.50
AlexPinsk1: folds 
skanb: raises $9 to $12.50
shootingGRID: folds 
michasia: folds 
AAKiller11: calls $9
*** FLOP *** [2c 7d 6c]
AAKiller11: checks 
skanb: bets $15
AAKiller11: calls $15
*** TURN *** [2c 7d 6c] [3c]
AAKiller11: checks 
skanb: checks 
*** RIVER *** [2c 7d 6c 3c] [Td]
AAKiller11: bets $27
skanb: calls $27
*** SHOW DOWN ***
AAKiller11: shows [Jc As] (high card Ace)
skanb: shows [Ac Ad] (a pair of Aces)
skanb collected $108 from pot
*** SUMMARY ***
Total pot $110.50 | Rake $2.50 
Board [2c 7d 6c 3c Td]
Seat 1: skanb (button) showed [Ac Ad] and won ($108) with a pair of Aces
Seat 2: shootingGRID (small blind) folded before Flop
Seat 3: michasia (big blind) folded before Flop
Seat 4: nastja336 folded before Flop (didn't bet)
Seat 5: AAKiller11 showed [Jc As] and lost with high card Ace
Seat 6: AlexPinsk1 folded before Flop (didn't bet)



PokerStars Hand #254421103138:  Hold'em No Limit ($0.50/$1.00 USD) - 2025/01/17 21:54:33 WET [2025/01/17 16:54:33 ET]
Table 'Herge III' 6-max Seat #2 is the button
Seat 1: skanb ($314.87 in chips) 
Seat 2: shootingGRID ($210.80 in chips) 
Seat 3: michasia ($169.29 in chips) 
Seat 4: nastja336 ($116.09 in chips) 
Seat 5: AAKiller11 ($107.04 in chips) 
Seat 6: AlexPinsk1 ($154.37 in chips) 
michasia: posts small blind $0.50
nastja336: posts big blind $1
*** HOLE CARDS ***
AAKiller11: raises $2 to $3
AlexPinsk1: folds 
skanb: folds 
shootingGRID: folds 
michasia: folds 
nastja336: folds 
Uncalled bet ($2) returned to AAKiller11
AAKiller11 collected $2.50 from pot
*** SUMMARY ***
Total pot $2.50 | Rake $0 
Seat 1: skanb folded before Flop (didn't bet)
Seat 2: shootingGRID (button) folded before Flop (didn't bet)
Seat 3: michasia (small blind) folded before Flop
Seat 4: nastja336 (big blind) folded before Flop
Seat 5: AAKiller11 collected ($2.50)
Seat 6: AlexPinsk1 folded before Flop (didn't bet)



PokerStars Hand #254421110241:  Hold'em No Limit ($0.50/$1.00 USD) - 2025/01/17 21:54:56 WET [2025/01/17 16:54:56 ET]
Table 'Herge III' 6-max Seat #3 is the button
Seat 1: skanb ($314.87 in chips) 
Seat 2: shootingGRID ($210.80 in chips) 
Seat 3: michasia ($168.79 in chips) 
Seat 4: nastja336 ($115.09 in chips) 
Seat 5: AAKiller11 ($108.54 in chips) 
Seat 6: AlexPinsk1 ($154.37 in chips) 
nastja336: posts small blind $0.50
AAKiller11: posts big blind $1
*** HOLE CARDS ***
AlexPinsk1: folds 
skanb: folds 
shootingGRID: folds 
michasia: raises $1.80 to $2.80
nastja336: folds 
AAKiller11: raises $6.10 to $8.90
michasia: calls $6.10
*** FLOP *** [3s As Jc]
AAKiller11: checks 
michasia: checks 
*** TURN *** [3s As Jc] [7c]
AAKiller11: bets $8.69
michasia: calls $8.69
*** RIVER *** [3s As Jc 7c] [5s]
AAKiller11: bets $33.90
michasia: folds 
Uncalled bet ($33.90) returned to AAKiller11
AAKiller11 collected $33.46 from pot
*** SUMMARY ***
Total pot $35.68 | Rake $2.22 
Board [3s As Jc 7c 5s]
Seat 1: skanb folded before Flop (didn't bet)
Seat 2: shootingGRID folded before Flop (didn't bet)
Seat 3: michasia (button) folded on the River
Seat 4: nastja336 (small blind) folded before Flop
Seat 5: AAKiller11 (big blind) collected ($33.46)
Seat 6: AlexPinsk1 folded before Flop (didn't bet)



PokerStars Hand #254421123535:  Hold'em No Limit ($0.50/$1.00 USD) - 2025/01/17 21:55:48 WET [2025/01/17 16:55:48 ET]
Table 'Herge III' 6-max Seat #4 is the button
Seat 1: skanb ($314.87 in chips) 
Seat 2: shootingGRID ($210.80 in chips) 
Seat 3: michasia ($151.20 in chips) 
Seat 4: nastja336 ($114.59 in chips) 
Seat 5: AAKiller11 ($124.41 in chips) 
Seat 6: AlexPinsk1 ($154.37 in chips) 
AAKiller11: posts small blind $0.50
AlexPinsk1: posts big blind $1
*** HOLE CARDS ***
skanb: folds 
shootingGRID: folds 
michasia: raises $1.80 to $2.80
nastja336: folds 
AAKiller11: calls $2.30
AlexPinsk1: folds 
*** FLOP *** [Jc 6c 3s]
AAKiller11: checks 
michasia: bets $2.07
AAKiller11: calls $2.07
*** TURN *** [Jc 6c 3s] [6s]
AAKiller11: checks 
michasia: checks 
*** RIVER *** [Jc 6c 3s 6s] [As]
AAKiller11: checks 
michasia: bets $6.80
AAKiller11: folds 
Uncalled bet ($6.80) returned to michasia
michasia collected $10.20 from pot
michasia: doesn't show hand 
*** SUMMARY ***
Total pot $10.74 | Rake $0.54 
Board [Jc 6c 3s 6s As]
Seat 1: skanb folded before Flop (didn't bet)
Seat 2: shootingGRID folded before Flop (didn't bet)
Seat 3: michasia collected ($10.20)
Seat 4: nastja336 (button) folded before Flop (didn't bet)
Seat 5: AAKiller11 (small blind) folded on the River
Seat 6: AlexPinsk1 (big blind) folded before Flop



PokerStars Hand #254421138592:  Hold'em No Limit ($0.50/$1.00 USD) - 2025/01/17 21:56:52 WET [2025/01/17 16:56:52 ET]
Table 'Herge III' 6-max Seat #5 is the button
Seat 1: skanb ($314.87 in chips) 
Seat 2: shootingGRID ($210.80 in chips) 
Seat 3: michasia ($156.53 in chips) 
Seat 4: nastja336 ($114.59 in chips) 
Seat 5: AAKiller11 ($119.54 in chips) 
Seat 6: AlexPinsk1 ($153.37 in chips) 
AlexPinsk1: posts small blind $0.50
skanb: posts big blind $1
*** HOLE CARDS ***
shootingGRID: folds 
michasia: folds 
nastja336: folds 
AAKiller11: raises $1 to $2
AlexPinsk1: folds 
skanb: calls $1
*** FLOP *** [2h Th 9d]
skanb: checks 
AAKiller11: bets $2.14
skanb: folds 
Uncalled bet ($2.14) returned to AAKiller11
AAKiller11 collected $4.22 from pot
*** SUMMARY ***
Total pot $4.50 | Rake $0.28 
Board [2h Th 9d]
Seat 1: skanb (big blind) folded on the Flop
Seat 2: shootingGRID folded before Flop (didn't bet)
Seat 3: michasia folded before Flop (didn't bet)
Seat 4: nastja336 folded before Flop (didn't bet)
Seat 5: AAKiller11 (button) collected ($4.22)
Seat 6: AlexPinsk1 (small blind) folded before Flop



PokerStars Hand #254421146172:  Hold'em No Limit ($0.50/$1.00 USD) - 2025/01/17 21:57:25 WET [2025/01/17 16:57:25 ET]
Table 'Herge III' 6-max Seat #6 is the button
Seat 1: skanb ($312.87 in chips) 
Seat 2: shootingGRID ($210.80 in chips) 
Seat 3: michasia ($156.53 in chips) 
Seat 4: nastja336 ($114.59 in chips) 
Seat 5: AAKiller11 ($121.76 in chips) 
Seat 6: AlexPinsk1 ($152.87 in chips) 
skanb: posts small blind $0.50
shootingGRID: posts big blind $1
*** HOLE CARDS ***
michasia: folds 
nastja336: folds 
AAKiller11: folds 
AlexPinsk1: folds 
skanb: raises $2 to $3
shootingGRID: folds 
Uncalled bet ($2) returned to skanb
skanb collected $2 from pot
skanb: doesn't show hand 
*** SUMMARY ***
Total pot $2 | Rake $0 
Seat 1: skanb (small blind) collected ($2)
Seat 2: shootingGRID (big blind) folded before Flop
Seat 3: michasia folded before Flop (didn't bet)
Seat 4: nastja336 folded before Flop (didn't bet)
Seat 5: AAKiller11 folded before Flop (didn't bet)
Seat 6: AlexPinsk1 (button) folded before Flop (didn't bet)



PokerStars Hand #254421152212:  Hold'em No Limit ($0.50/$1.00 USD) - 2025/01/17 21:57:50 WET [2025/01/17 16:57:50 ET]
Table 'Herge III' 6-max Seat #1 is the button
Seat 1: skanb ($313.87 in chips) 
Seat 2: shootingGRID ($209.80 in chips) 
Seat 3: michasia ($156.53 in chips) 
Seat 4: nastja336 ($114.59 in chips) 
Seat 5: AAKiller11 ($121.76 in chips) 
Seat 6: AlexPinsk1 ($152.87 in chips) 
shootingGRID: posts small blind $0.50
michasia: posts big blind $1
*** HOLE CARDS ***
nastja336: folds 
AAKiller11: folds 
AlexPinsk1: raises $1.50 to $2.50
skanb: folds 
shootingGRID: folds 
michasia: folds 
Uncalled bet ($1.50) returned to AlexPinsk1
AlexPinsk1 collected $2.50 from pot
AlexPinsk1: doesn't show hand 
*** SUMMARY ***
Total pot $2.50 | Rake $0 
Seat 1: skanb (button) folded before Flop (didn't bet)
Seat 2: shootingGRID (small blind) folded before Flop
Seat 3: michasia (big blind) folded before Flop
Seat 4: nastja336 folded before Flop (didn't bet)
Seat 5: AAKiller11 folded before Flop (didn't bet)
Seat 6: AlexPinsk1 collected ($2.50)



PokerStars Hand #254421546869:  Hold'em No Limit ($0.50/$1.00 USD) - 2025/01/17 22:19:20 WET [2025/01/17 17:19:20 ET]
Table 'Herge III' 6-max Seat #3 is the button
Seat 1: wladys09 ($83.62 in chips) 
Seat 2: shootingGRID ($205.99 in chips) 
Seat 3: Rdalonso ($102.50 in chips) 
Seat 4: vezis3 ($100 in chips) 
Seat 5: BGS013 ($100 in chips) 
Seat 6: Rambo_nvd ($109.12 in chips) 
vezis3: posts small blind $0.50
BGS013: posts big blind $1
*** HOLE CARDS ***
Rambo_nvd: folds 
wladys09: calls $1
shootingGRID: folds 
Rdalonso: folds 
vezis3: folds 
BGS013: raises $4 to $5
Rambo_nvd leaves the table
wladys09: folds 
Uncalled bet ($4) returned to BGS013
BGS013 collected $2.50 from pot
BGS013: doesn't show hand 
*** SUMMARY ***
Total pot $2.50 | Rake $0 
Seat 1: wladys09 folded before Flop
Seat 2: shootingGRID folded before Flop (didn't bet)
Seat 3: Rdalonso (button) folded before Flop (didn't bet)
Seat 4: vezis3 (small blind) folded before Flop
Seat 5: BGS013 (big blind) collected ($2.50)
Seat 6: Rambo_nvd folded before Flop (didn't bet)



PokerStars Hand #254421553850:  Hold'em No Limit ($0.50/$1.00 USD) - 2025/01/17 22:19:42 WET [2025/01/17 17:19:42 ET]
Table 'Herge III' 6-max Seat #4 is the button
Seat 1: wladys09 ($82.62 in chips) 
Seat 2: shootingGRID ($205.99 in chips) 
Seat 3: Rdalonso ($102.50 in chips) 
Seat 4: vezis3 ($100 in chips) 
Seat 5: BGS013 ($101.50 in chips) 
BGS013: posts small blind $0.50
wladys09: posts big blind $1
*** HOLE CARDS ***
shootingGRID: folds 
Rdalonso: folds 
R.M.Farcas joins the table at seat #6 
vezis3: raises $1.40 to $2.40
BGS013: folds 
wladys09: raises $5.30 to $7.70
vezis3: calls $5.30
*** FLOP *** [Td Jd 6h]
wladys09: checks 
vezis3: bets $6.34
wladys09: calls $6.34
*** TURN *** [Td Jd 6h] [3d]
wladys09: checks 
vezis3: checks 
*** RIVER *** [Td Jd 6h 3d] [2h]
wladys09: checks 
vezis3: checks 
*** SHOW DOWN ***
wladys09: shows [7s 7h] (a pair of Sevens)
vezis3: mucks hand 
wladys09 collected $27.15 from pot
*** SUMMARY ***
Total pot $28.58 | Rake $1.43 
Board [Td Jd 6h 3d 2h]
Seat 1: wladys09 (big blind) showed [7s 7h] and won ($27.15) with a pair of Sevens
Seat 2: shootingGRID folded before Flop (didn't bet)
Seat 3: Rdalonso folded before Flop (didn't bet)
Seat 4: vezis3 (button) mucked
Seat 5: BGS013 (small blind) folded before Flop



PokerStars Hand #254421575805:  Hold'em No Limit ($0.50/$1.00 USD) - 2025/01/17 22:20:51 WET [2025/01/17 17:20:51 ET]
Table 'Herge III' 6-max Seat #5 is the button
Seat 6: R.M.Farcas ($98.72 in chips) is sitting out
Seat 1: wladys09 ($95.73 in chips) 
Seat 2: shootingGRID ($205.99 in chips) 
Seat 3: Rdalonso ($102.50 in chips) 
Seat 4: vezis3 ($100 in chips) 
Seat 5: BGS013 ($101 in chips) 
wladys09: posts small blind $0.50
shootingGRID: posts big blind $1
*** HOLE CARDS ***
Rdalonso: folds 
vezis3: folds 
BGS013: folds 
wladys09: folds 
Uncalled bet ($0.50) returned to shootingGRID
shootingGRID collected $1 from pot
*** SUMMARY ***
Total pot $1 | Rake $0 
Seat 6: R.M.Farcas
Seat 1: wladys09 (small blind) folded before Flop
Seat 2: shootingGRID (big blind) collected ($1)
Seat 3: Rdalonso folded before Flop (didn't bet)
Seat 4: vezis3 folded before Flop (didn't bet)
Seat 5: BGS013 (button) folded before Flop (didn't bet)



PokerStars Hand #254421579164:  Hold'em No Limit ($0.50/$1.00 USD) - 2025/01/17 22:21:02 WET [2025/01/17 17:21:02 ET]
Table 'Herge III' 6-max Seat #1 is the button
Seat 6: R.M.Farcas ($98.72 in chips) is sitting out
Seat 1: wladys09 ($95.23 in chips) 
Seat 2: shootingGRID ($206.49 in chips) 
Seat 3: Rdalonso ($102.50 in chips) 
Seat 4: vezis3 ($100 in chips) 
Seat 5: BGS013 ($101 in chips) 
shootingGRID: posts small blind $0.50
Rdalonso: posts big blind $1
R.M.Farcas: sits out 
*** HOLE CARDS ***
vezis3: raises $1 to $2
BGS013: folds 
wladys09: folds 
shootingGRID: raises $9.50 to $11.50
Rdalonso: folds 
vezis3: folds 
Uncalled bet ($9.50) returned to shootingGRID
shootingGRID collected $5 from pot
*** SUMMARY ***
Total pot $5 | Rake $0 
Seat 6: R.M.Farcas
Seat 1: wladys09 (button) folded before Flop (didn't bet)
Seat 2: shootingGRID (small blind) collected ($5)
Seat 3: Rdalonso (big blind) folded before Flop
Seat 4: vezis3 folded before Flop
Seat 5: BGS013 folded before Flop (didn't bet)



PokerStars Hand #254421584367:  Hold'em No Limit ($0.50/$1.00 USD) - 2025/01/17 22:21:18 WET [2025/01/17 17:21:18 ET]
Table 'Herge III' 6-max Seat #2 is the button
Seat 6: R.M.Farcas ($98.72 in chips) is sitting out
Seat 1: wladys09 ($95.23 in chips) 
Seat 2: shootingGRID ($209.49 in chips) 
Seat 3: Rdalonso ($101.50 in chips) 
Seat 4: vezis3 ($100 in chips) 
Seat 5: BGS013 ($101 in chips) 
Rdalonso: posts small blind $0.50
vezis3: posts big blind $1
R.M.Farcas: sits out 
*** HOLE CARDS ***
BGS013: folds 
wladys09: raises $1 to $2
shootingGRID: folds 
Rdalonso: folds 
vezis3: folds 
Uncalled bet ($1) returned to wladys09
wladys09 collected $2.50 from pot
*** SUMMARY ***
Total pot $2.50 | Rake $0 
Seat 6: R.M.Farcas
Seat 1: wladys09 collected ($2.50)
Seat 2: shootingGRID (button) folded before Flop (didn't bet)
Seat 3: Rdalonso (small blind) folded before Flop
Seat 4: vezis3 (big blind) folded before Flop
Seat 5: BGS013 folded before Flop (didn't bet)



PokerStars Hand #254421590771:  Hold'em No Limit ($0.50/$1.00 USD) - 2025/01/17 22:21:38 WET [2025/01/17 17:21:38 ET]
Table 'Herge III' 6-max Seat #3 is the button
Seat 6: R.M.Farcas ($98.72 in chips) is sitting out
Seat 1: wladys09 ($96.73 in chips) 
Seat 2: shootingGRID ($209.49 in chips) 
Seat 3: Rdalonso ($101 in chips) 
Seat 4: vezis3 ($100 in chips) 
Seat 5: BGS013 ($101 in chips) 
vezis3: posts small blind $0.50
BGS013: posts big blind $1
R.M.Farcas: sits out 
*** HOLE CARDS ***
wladys09: raises $1 to $2
shootingGRID: folds 
Rdalonso: folds 
vezis3: raises $10 to $12
BGS013: folds 
wladys09: folds 
Uncalled bet ($10) returned to vezis3
vezis3 collected $5 from pot
vezis3: doesn't show hand 
*** SUMMARY ***
Total pot $5 | Rake $0 
Seat 6: R.M.Farcas
Seat 1: wladys09 folded before Flop
Seat 2: shootingGRID folded before Flop (didn't bet)
Seat 3: Rdalonso (button) folded before Flop (didn't bet)
Seat 4: vezis3 (small blind) collected ($5)
Seat 5: BGS013 (big blind) folded before Flop



PokerStars Hand #254421595981:  Hold'em No Limit ($0.50/$1.00 USD) - 2025/01/17 22:21:55 WET [2025/01/17 17:21:55 ET]
Table 'Herge III' 6-max Seat #4 is the button
Seat 1: wladys09 ($94.73 in chips) 
Seat 2: shootingGRID ($209.49 in chips) 
Seat 3: Rdalonso ($101 in chips) 
Seat 4: vezis3 ($103 in chips) 
Seat 5: BGS013 ($100 in chips) 
Seat 6: R.M.Farcas ($98.72 in chips) 
BGS013: posts small blind $0.50
R.M.Farcas: posts big blind $1
*** HOLE CARDS ***
wladys09: folds 
shootingGRID: raises $1.25 to $2.25
Rdalonso: folds 
vezis3: raises $5.75 to $8
BGS013: folds 
R.M.Farcas: folds 
shootingGRID: raises $14.50 to $22.50
vezis3: folds 
Uncalled bet ($14.50) returned to shootingGRID
shootingGRID collected $17.50 from pot
*** SUMMARY ***
Total pot $17.50 | Rake $0 
Seat 1: wladys09 folded before Flop (didn't bet)
Seat 2: shootingGRID collected ($17.50)
Seat 3: Rdalonso folded before Flop (didn't bet)
Seat 4: vezis3 (button) folded before Flop
Seat 5: BGS013 (small blind) folded before Flop
Seat 6: R.M.Farcas (big blind) folded before Flop



PokerStars Hand #254421607858:  Hold'em No Limit ($0.50/$1.00 USD) - 2025/01/17 22:22:33 WET [2025/01/17 17:22:33 ET]
Table 'Herge III' 6-max Seat #5 is the button
Seat 1: wladys09 ($94.73 in chips) 
Seat 2: shootingGRID ($218.99 in chips) 
Seat 3: Rdalonso ($101 in chips) 
Seat 4: vezis3 ($100 in chips) 
Seat 5: BGS013 ($100 in chips) 
Seat 6: R.M.Farcas ($97.72 in chips) 
R.M.Farcas: posts small blind $0.50
wladys09: posts big blind $1
*** HOLE CARDS ***
shootingGRID: folds 
Rdalonso: raises $1.50 to $2.50
vezis3: folds 
BGS013: folds 
R.M.Farcas: raises $7.50 to $10
wladys09: folds 
Rdalonso: raises $12 to $22
R.M.Farcas: calls $12
*** FLOP *** [5d 2c 3c]
R.M.Farcas: checks 
Rdalonso: bets $10.70
R.M.Farcas: calls $10.70
*** TURN *** [5d 2c 3c] [Td]
R.M.Farcas: checks 
Rdalonso: bets $68.30 and is all-in
R.M.Farcas: calls $65.02 and is all-in
Uncalled bet ($3.28) returned to Rdalonso
*** RIVER *** [5d 2c 3c Td] [2s]
*** SHOW DOWN ***
R.M.Farcas: shows [Th Ts] (a full house, Tens full of Deuces)
Rdalonso: shows [Ks Kd] (two pair, Kings and Deuces)
R.M.Farcas collected $193.94 from pot
*** SUMMARY ***
Total pot $196.44 | Rake $2.50 
Board [5d 2c 3c Td 2s]
Seat 1: wladys09 (big blind) folded before Flop
Seat 2: shootingGRID folded before Flop (didn't bet)
Seat 3: Rdalonso showed [Ks Kd] and lost with two pair, Kings and Deuces
Seat 4: vezis3 folded before Flop (didn't bet)
Seat 5: BGS013 (button) folded before Flop (didn't bet)
Seat 6: R.M.Farcas (small blind) showed [Th Ts] and won ($193.94) with a full house, Tens full of Deuces



PokerStars Hand #254421631580:  Hold'em No Limit ($0.50/$1.00 USD) - 2025/01/17 22:23:49 WET [2025/01/17 17:23:49 ET]
Table 'Herge III' 6-max Seat #6 is the button
Seat 1: wladys09 ($93.73 in chips) 
Seat 2: shootingGRID ($218.99 in chips) 
Seat 3: Rdalonso ($100 in chips) 
Seat 4: vezis3 ($100 in chips) 
Seat 5: BGS013 ($100 in chips) 
Seat 6: R.M.Farcas ($193.94 in chips) 
wladys09: posts small blind $0.50
shootingGRID: posts big blind $1
*** HOLE CARDS ***
Rdalonso: folds 
vezis3: folds 
BGS013: folds 
R.M.Farcas: folds 
wladys09: raises $2 to $3
shootingGRID: calls $2
*** FLOP *** [2c Tc 5d]
wladys09: bets $2.85
shootingGRID: folds 
Uncalled bet ($2.85) returned to wladys09
wladys09 collected $5.70 from pot
*** SUMMARY ***
Total pot $6 | Rake $0.30 
Board [2c Tc 5d]
Seat 1: wladys09 (small blind) collected ($5.70)
Seat 2: shootingGRID (big blind) folded on the Flop
Seat 3: Rdalonso folded before Flop (didn't bet)
Seat 4: vezis3 folded before Flop (didn't bet)
Seat 5: BGS013 folded before Flop (didn't bet)
Seat 6: R.M.Farcas (button) folded before Flop (didn't bet)



PokerStars Hand #254421639359:  Hold'em No Limit ($0.50/$1.00 USD) - 2025/01/17 22:24:14 WET [2025/01/17 17:24:14 ET]
Table 'Herge III' 6-max Seat #1 is the button
Seat 1: wladys09 ($96.43 in chips) 
Seat 2: shootingGRID ($215.99 in chips) 
Seat 3: Rdalonso ($100 in chips) 
Seat 4: vezis3 ($100 in chips) 
Seat 5: BGS013 ($100 in chips) 
Seat 6: R.M.Farcas ($193.94 in chips) 
shootingGRID: posts small blind $0.50
Rdalonso: posts big blind $1
*** HOLE CARDS ***
vezis3: folds 
BGS013: folds 
R.M.Farcas: folds 
wladys09: folds 
shootingGRID: raises $2 to $3
Rdalonso: calls $2
*** FLOP *** [6h 8d As]
shootingGRID: checks 
Rdalonso: checks 
*** TURN *** [6h 8d As] [9s]
shootingGRID: checks 
Rdalonso: checks 
*** RIVER *** [6h 8d As 9s] [6c]
shootingGRID: checks 
Rdalonso: checks 
*** SHOW DOWN ***
shootingGRID: shows [Qc 9h] (two pair, Nines and Sixes)
Rdalonso: mucks hand 
shootingGRID collected $5.70 from pot
*** SUMMARY ***
Total pot $6 | Rake $0.30 
Board [6h 8d As 9s 6c]
Seat 1: wladys09 (button) folded before Flop (didn't bet)
Seat 2: shootingGRID (small blind) showed [Qc 9h] and won ($5.70) with two pair, Nines and Sixes
Seat 3: Rdalonso (big blind) mucked
Seat 4: vezis3 folded before Flop (didn't bet)
Seat 5: BGS013 folded before Flop (didn't bet)
Seat 6: R.M.Farcas folded before Flop (didn't bet)



PokerStars Hand #254421654855:  Hold'em No Limit ($0.50/$1.00 USD) - 2025/01/17 22:25:04 WET [2025/01/17 17:25:04 ET]
Table 'Herge III' 6-max Seat #2 is the button
Seat 1: wladys09 ($96.43 in chips) 
Seat 2: shootingGRID ($218.69 in chips) 
Seat 3: Rdalonso ($100 in chips) 
Seat 4: vezis3 ($100 in chips) 
Seat 5: BGS013 ($100 in chips) 
Seat 6: R.M.Farcas ($193.94 in chips) 
Rdalonso: posts small blind $0.50
vezis3: posts big blind $1
*** HOLE CARDS ***
BGS013: folds 
R.M.Farcas: folds 
wladys09: folds 
shootingGRID: folds 
Rdalonso: folds 
Uncalled bet ($0.50) returned to vezis3
vezis3 collected $1 from pot
vezis3: doesn't show hand 
*** SUMMARY ***
Total pot $1 | Rake $0 
Seat 1: wladys09 folded before Flop (didn't bet)
Seat 2: shootingGRID (button) folded before Flop (didn't bet)
Seat 3: Rdalonso (small blind) folded before Flop
Seat 4: vezis3 (big blind) collected ($1)
Seat 5: BGS013 folded before Flop (didn't bet)
Seat 6: R.M.Farcas folded before Flop (didn't bet)



PokerStars Hand #254421660929:  Hold'em No Limit ($0.50/$1.00 USD) - 2025/01/17 22:25:23 WET [2025/01/17 17:25:23 ET]
Table 'Herge III' 6-max Seat #3 is the button
Seat 1: wladys09 ($96.43 in chips) 
Seat 2: shootingGRID ($218.69 in chips) 
Seat 3: Rdalonso ($100 in chips) 
Seat 4: vezis3 ($100.50 in chips) 
Seat 5: BGS013 ($100 in chips) 
Seat 6: R.M.Farcas ($193.94 in chips) 
vezis3: posts small blind $0.50
BGS013: posts big blind $1
*** HOLE CARDS ***
R.M.Farcas: folds 
wladys09: raises $1 to $2
shootingGRID: folds 
Rdalonso: folds 
vezis3: folds 
BGS013: calls $1
*** FLOP *** [Kh 2c 9h]
BGS013: checks 
wladys09: checks 
*** TURN *** [Kh 2c 9h] [Th]
BGS013: bets $2.35
wladys09: calls $2.35
*** RIVER *** [Kh 2c 9h Th] [Ks]
BGS013: bets $95.65 and is all-in
wladys09: folds 
Uncalled bet ($95.65) returned to BGS013
BGS013 collected $8.74 from pot
BGS013: doesn't show hand 
*** SUMMARY ***
Total pot $9.20 | Rake $0.46 
Board [Kh 2c 9h Th Ks]
Seat 1: wladys09 folded on the River
Seat 2: shootingGRID folded before Flop (didn't bet)
Seat 3: Rdalonso (button) folded before Flop (didn't bet)
Seat 4: vezis3 (small blind) folded before Flop
Seat 5: BGS013 (big blind) collected ($8.74)
Seat 6: R.M.Farcas folded before Flop (didn't bet)



PokerStars Hand #254421674199:  Hold'em No Limit ($0.50/$1.00 USD) - 2025/01/17 22:26:05 WET [2025/01/17 17:26:05 ET]
Table 'Herge III' 6-max Seat #4 is the button
Seat 1: wladys09 ($92.08 in chips) 
Seat 2: shootingGRID ($218.69 in chips) 
Seat 3: Rdalonso ($100 in chips) 
Seat 4: vezis3 ($100 in chips) 
Seat 5: BGS013 ($104.39 in chips) 
Seat 6: R.M.Farcas ($193.94 in chips) 
BGS013: posts small blind $0.50
R.M.Farcas: posts big blind $1
*** HOLE CARDS ***
wladys09: folds 
shootingGRID: raises $1.25 to $2.25
Rdalonso: folds 
vezis3: raises $5.75 to $8
BGS013: folds 
R.M.Farcas: folds 
shootingGRID: folds 
Uncalled bet ($5.75) returned to vezis3
vezis3 collected $6 from pot
vezis3: doesn't show hand 
*** SUMMARY ***
Total pot $6 | Rake $0 
Seat 1: wladys09 folded before Flop (didn't bet)
Seat 2: shootingGRID folded before Flop
Seat 3: Rdalonso folded before Flop (didn't bet)
Seat 4: vezis3 (button) collected ($6)
Seat 5: BGS013 (small blind) folded before Flop
Seat 6: R.M.Farcas (big blind) folded before Flop



PokerStars Hand #254421682853:  Hold'em No Limit ($0.50/$1.00 USD) - 2025/01/17 22:26:33 WET [2025/01/17 17:26:33 ET]
Table 'Herge III' 6-max Seat #5 is the button
Seat 1: wladys09 ($92.08 in chips) 
Seat 2: shootingGRID ($216.44 in chips) 
Seat 3: Rdalonso ($100 in chips) 
Seat 4: vezis3 ($103.75 in chips) 
Seat 5: BGS013 ($103.89 in chips) 
Seat 6: R.M.Farcas ($192.94 in chips) 
R.M.Farcas: posts small blind $0.50
wladys09: posts big blind $1
*** HOLE CARDS ***
shootingGRID: folds 
Rdalonso: folds 
vezis3: folds 
BGS013: folds 
R.M.Farcas: folds 
Uncalled bet ($0.50) returned to wladys09
wladys09 collected $1 from pot
*** SUMMARY ***
Total pot $1 | Rake $0 
Seat 1: wladys09 (big blind) collected ($1)
Seat 2: shootingGRID folded before Flop (didn't bet)
Seat 3: Rdalonso folded before Flop (didn't bet)
Seat 4: vezis3 folded before Flop (didn't bet)
Seat 5: BGS013 (button) folded before Flop (didn't bet)
Seat 6: R.M.Farcas (small blind) folded before Flop



PokerStars Hand #254421686987:  Hold'em No Limit ($0.50/$1.00 USD) - 2025/01/17 22:26:46 WET [2025/01/17 17:26:46 ET]
Table 'Herge III' 6-max Seat #6 is the button
Seat 1: wladys09 ($92.58 in chips) 
Seat 2: shootingGRID ($216.44 in chips) 
Seat 3: Rdalonso ($100 in chips) 
Seat 4: vezis3 ($103.75 in chips) 
Seat 5: BGS013 ($103.89 in chips) 
Seat 6: R.M.Farcas ($192.44 in chips) 
wladys09: posts small blind $0.50
shootingGRID: posts big blind $1
*** HOLE CARDS ***
Rdalonso: raises $1.50 to $2.50
vezis3: folds 
BGS013: calls $2.50
R.M.Farcas: folds 
wladys09: folds 
shootingGRID: folds 
*** FLOP *** [2h 5c 5d]
Rdalonso: checks 
BGS013: bets $1.61
Rdalonso: raises $4.70 to $6.31
BGS013: calls $4.70
*** TURN *** [2h 5c 5d] [9s]
Rdalonso: checks 
BGS013: checks 
*** RIVER *** [2h 5c 5d 9s] [3c]
Rdalonso: checks 
BGS013: checks 
*** SHOW DOWN ***
Rdalonso: shows [Ac 6c] (a pair of Fives)
BGS013: shows [7c 7s] (two pair, Sevens and Fives)
BGS013 collected $18.16 from pot
*** SUMMARY ***
Total pot $19.12 | Rake $0.96 
Board [2h 5c 5d 9s 3c]
Seat 1: wladys09 (small blind) folded before Flop
Seat 2: shootingGRID (big blind) folded before Flop
Seat 3: Rdalonso showed [Ac 6c] and lost with a pair of Fives
Seat 4: vezis3 folded before Flop (didn't bet)
Seat 5: BGS013 showed [7c 7s] and won ($18.16) with two pair, Sevens and Fives
Seat 6: R.M.Farcas (button) folded before Flop (didn't bet)



PokerStars Hand #254421710003:  Hold'em No Limit ($0.50/$1.00 USD) - 2025/01/17 22:28:00 WET [2025/01/17 17:28:00 ET]
Table 'Herge III' 6-max Seat #1 is the button
Seat 1: wladys09 ($92.08 in chips) 
Seat 2: shootingGRID ($215.44 in chips) 
Seat 3: Rdalonso ($100 in chips) 
Seat 4: vezis3 ($103.75 in chips) 
Seat 5: BGS013 ($113.24 in chips) 
Seat 6: R.M.Farcas ($192.44 in chips) 
shootingGRID: posts small blind $0.50
Rdalonso: posts big blind $1
*** HOLE CARDS ***
vezis3: folds 
BGS013: folds 
R.M.Farcas: folds 
wladys09: folds 
shootingGRID: folds 
Uncalled bet ($0.50) returned to Rdalonso
Rdalonso collected $1 from pot
Rdalonso: doesn't show hand 
*** SUMMARY ***
Total pot $1 | Rake $0 
Seat 1: wladys09 (button) folded before Flop (didn't bet)
Seat 2: shootingGRID (small blind) folded before Flop
Seat 3: Rdalonso (big blind) collected ($1)
Seat 4: vezis3 folded before Flop (didn't bet)
Seat 5: BGS013 folded before Flop (didn't bet)
Seat 6: R.M.Farcas folded before Flop (didn't bet)



PokerStars Hand #254421714868:  Hold'em No Limit ($0.50/$1.00 USD) - 2025/01/17 22:28:15 WET [2025/01/17 17:28:15 ET]
Table 'Herge III' 6-max Seat #2 is the button
Seat 1: wladys09 ($92.08 in chips) 
Seat 2: shootingGRID ($214.94 in chips) 
Seat 3: Rdalonso ($100.50 in chips) 
Seat 4: vezis3 ($103.75 in chips) 
Seat 5: BGS013 ($113.24 in chips) 
Seat 6: R.M.Farcas ($192.44 in chips) 
Rdalonso: posts small blind $0.50
vezis3: posts big blind $1
*** HOLE CARDS ***
BGS013: folds 
R.M.Farcas: folds 
wladys09: folds 
shootingGRID: folds 
Rdalonso: folds 
Uncalled bet ($0.50) returned to vezis3
vezis3 collected $1 from pot
vezis3: doesn't show hand 
*** SUMMARY ***
Total pot $1 | Rake $0 
Seat 1: wladys09 folded before Flop (didn't bet)
Seat 2: shootingGRID (button) folded before Flop (didn't bet)
Seat 3: Rdalonso (small blind) folded before Flop
Seat 4: vezis3 (big blind) collected ($1)
Seat 5: BGS013 folded before Flop (didn't bet)
Seat 6: R.M.Farcas folded before Flop (didn't bet)



PokerStars Hand #254421718941:  Hold'em No Limit ($0.50/$1.00 USD) - 2025/01/17 22:28:28 WET [2025/01/17 17:28:28 ET]
Table 'Herge III' 6-max Seat #3 is the button
Seat 1: wladys09 ($92.08 in chips) 
Seat 2: shootingGRID ($214.94 in chips) 
Seat 3: Rdalonso ($100 in chips) 
Seat 4: vezis3 ($104.25 in chips) 
Seat 5: BGS013 ($113.24 in chips) 
Seat 6: R.M.Farcas ($192.44 in chips) 
vezis3: posts small blind $0.50
BGS013: posts big blind $1
*** HOLE CARDS ***
R.M.Farcas: folds 
wladys09: folds 
shootingGRID: folds 
Rdalonso: raises $1.50 to $2.50
vezis3: folds 
BGS013: folds 
Uncalled bet ($1.50) returned to Rdalonso
Rdalonso collected $2.50 from pot
Rdalonso: doesn't show hand 
*** SUMMARY ***
Total pot $2.50 | Rake $0 
Seat 1: wladys09 folded before Flop (didn't bet)
Seat 2: shootingGRID folded before Flop (didn't bet)
Seat 3: Rdalonso (button) collected ($2.50)
Seat 4: vezis3 (small blind) folded before Flop
Seat 5: BGS013 (big blind) folded before Flop
Seat 6: R.M.Farcas folded before Flop (didn't bet)



PokerStars Hand #254422001746:  Hold'em No Limit ($0.50/$1.00 USD) - 2025/01/17 22:43:41 WET [2025/01/17 17:43:41 ET]
Table 'Herge III' 6-max Seat #3 is the button
Seat 6: R.M.Farcas ($139.56 in chips) is sitting out
Seat 1: henri789 ($174.80 in chips) 
Seat 3: PostoronnimV ($100 in chips) 
PostoronnimV: posts small blind $0.50
R.M.Farcas: is sitting out 
henri789: posts big blind $1
*** HOLE CARDS ***
PostoronnimV: folds 
Uncalled bet ($0.50) returned to henri789
henri789 collected $1 from pot
henri789: doesn't show hand 
*** SUMMARY ***
Total pot $1 | Rake $0 
Seat 6: R.M.Farcas
Seat 1: henri789 (big blind) collected ($1)
Seat 3: PostoronnimV (button) (small blind) folded before Flop



PokerStars Hand #254422004188:  Hold'em No Limit ($0.50/$1.00 USD) - 2025/01/17 22:43:49 WET [2025/01/17 17:43:49 ET]
Table 'Herge III' 6-max Seat #1 is the button
Seat 6: R.M.Farcas ($139.56 in chips) is sitting out
Seat 1: henri789 ($175.30 in chips) 
Seat 3: PostoronnimV ($100 in chips) 
henri789: posts small blind $0.50
PostoronnimV: posts big blind $1
*** HOLE CARDS ***
henri789: folds 
Uncalled bet ($0.50) returned to PostoronnimV
henri789 leaves the table
R.M.Farcas leaves the table
PostoronnimV collected $1 from pot
PostoronnimV: doesn't show hand 
*** SUMMARY ***
Total pot $1 | Rake $0 
Seat 6: R.M.Farcas
Seat 1: henri789 (button) (small blind) folded before Flop
Seat 3: PostoronnimV (big blind) collected ($1)



