PokerStars Hand #254415121435:  Hold'em No Limit ($0.50/$1.00 USD) - 2025/01/17 15:44:11 WET [2025/01/17 10:44:11 ET]
Table 'Ragazza III' 6-max Seat #6 is the button
Seat 4: Supermegopro ($100 in chips) is sitting out
Seat 2: Joker007r ($100 in chips) 
Seat 6: crist_89870 ($100 in chips) 
crist_89870: posts small blind $0.50
Joker007r: posts big blind $1
*** HOLE CARDS ***
crist_89870: raises $1.50 to $2.50
Joker007r: folds 
Uncalled bet ($1.50) returned to crist_89870
crist_89870 collected $2 from pot
crist_89870: doesn't show hand 
*** SUMMARY ***
Total pot $2 | Rake $0 
Seat 4: Supermegopro
Seat 2: Joker007r (big blind) folded before Flop
Seat 6: crist_89870 (button) (small blind) collected ($2)



PokerStars Hand #254415125873:  Hold'em No Limit ($0.50/$1.00 USD) - 2025/01/17 15:44:31 WET [2025/01/17 10:44:31 ET]
Table 'Ragazza III' 6-max Seat #6 is the button
Seat 2: Joker007r ($100 in chips) 
Seat 4: Supermegopro ($100 in chips) 
Seat 6: crist_89870 ($101 in chips) 
Joker007r: posts small blind $0.50
Supermegopro: posts big blind $1
*** HOLE CARDS ***
crist_89870: raises $1.50 to $2.50
Joker007r: raises $8.50 to $11
Supermegopro: folds 
crist_89870: folds 
Uncalled bet ($8.50) returned to Joker007r
Joker007r collected $6 from pot
Joker007r: doesn't show hand 
*** SUMMARY ***
Total pot $6 | Rake $0 
Seat 2: Joker007r (small blind) collected ($6)
Seat 4: Supermegopro (big blind) folded before Flop
Seat 6: crist_89870 (button) folded before Flop



PokerStars Hand #254415129548:  Hold'em No Limit ($0.50/$1.00 USD) - 2025/01/17 15:44:48 WET [2025/01/17 10:44:48 ET]
Table 'Ragazza III' 6-max Seat #2 is the button
Seat 2: Joker007r ($103.50 in chips) 
Seat 4: Supermegopro ($100 in chips) 
Seat 6: crist_89870 ($100 in chips) 
Supermegopro: posts small blind $0.50
crist_89870: posts big blind $1
*** HOLE CARDS ***
Joker007r: raises $1.50 to $2.50
Supermegopro: folds 
crist_89870: calls $1.50
*** FLOP *** [7c 2s 2h]
crist_89870: checks 
Joker007r: bets $1.72
crist_89870: calls $1.72
*** TURN *** [7c 2s 2h] [3d]
crist_89870: checks 
Joker007r: checks 
*** RIVER *** [7c 2s 2h 3d] [9c]
crist_89870: bets $6.37
Joker007r: calls $6.37
*** SHOW DOWN ***
crist_89870: shows [7h Kh] (two pair, Sevens and Deuces)
Joker007r: shows [9d 6d] (two pair, Nines and Deuces)
Joker007r collected $20.68 from pot
*** SUMMARY ***
Total pot $21.68 | Rake $1 
Board [7c 2s 2h 3d 9c]
Seat 2: Joker007r (button) showed [9d 6d] and won ($20.68) with two pair, Nines and Deuces
Seat 4: Supermegopro (small blind) folded before Flop
Seat 6: crist_89870 (big blind) showed [7h Kh] and lost with two pair, Sevens and Deuces



PokerStars Hand #254415137744:  Hold'em No Limit ($0.50/$1.00 USD) - 2025/01/17 15:45:26 WET [2025/01/17 10:45:26 ET]
Table 'Ragazza III' 6-max Seat #4 is the button
Seat 2: Joker007r ($113.59 in chips) 
Seat 4: Supermegopro ($100 in chips) 
Seat 6: crist_89870 ($100 in chips) 
crist_89870: posts small blind $0.50
Joker007r: posts big blind $1
*** HOLE CARDS ***
Supermegopro: raises $1.50 to $2.50
crist_89870: folds 
Joker007r: folds 
Uncalled bet ($1.50) returned to Supermegopro
Supermegopro collected $2.50 from pot
Supermegopro: doesn't show hand 
*** SUMMARY ***
Total pot $2.50 | Rake $0 
Seat 2: Joker007r (big blind) folded before Flop
Seat 4: Supermegopro (button) collected ($2.50)
Seat 6: crist_89870 (small blind) folded before Flop



PokerStars Hand #254415139629:  Hold'em No Limit ($0.50/$1.00 USD) - 2025/01/17 15:45:34 WET [2025/01/17 10:45:34 ET]
Table 'Ragazza III' 6-max Seat #6 is the button
Seat 2: Joker007r ($112.59 in chips) 
Seat 4: Supermegopro ($101.50 in chips) 
Seat 6: crist_89870 ($100 in chips) 
Joker007r: posts small blind $0.50
Supermegopro: posts big blind $1
*** HOLE CARDS ***
crist_89870: raises $1.50 to $2.50
Joker007r: folds 
Supermegopro: folds 
Uncalled bet ($1.50) returned to crist_89870
crist_89870 collected $2.50 from pot
crist_89870: doesn't show hand 
*** SUMMARY ***
Total pot $2.50 | Rake $0 
Seat 2: Joker007r (small blind) folded before Flop
Seat 4: Supermegopro (big blind) folded before Flop
Seat 6: crist_89870 (button) collected ($2.50)



PokerStars Hand #254415142566:  Hold'em No Limit ($0.50/$1.00 USD) - 2025/01/17 15:45:48 WET [2025/01/17 10:45:48 ET]
Table 'Ragazza III' 6-max Seat #2 is the button
Seat 2: Joker007r ($112.09 in chips) 
Seat 4: Supermegopro ($100.50 in chips) 
Seat 6: crist_89870 ($101.50 in chips) 
Supermegopro: posts small blind $0.50
crist_89870: posts big blind $1
*** HOLE CARDS ***
Joker007r: raises $1.50 to $2.50
Supermegopro: folds 
crist_89870: raises $9.50 to $12
Joker007r: calls $9.50
*** FLOP *** [2s Qc 6h]
crist_89870: bets $7.05
Joker007r: calls $7.05
*** TURN *** [2s Qc 6h] [3h]
crist_89870: checks 
Joker007r: bets $19.55
crist_89870: calls $19.55
*** RIVER *** [2s Qc 6h 3h] [Ad]
crist_89870: checks 
Joker007r: checks 
*** SHOW DOWN ***
crist_89870: shows [Th Ts] (a pair of Tens)
Joker007r: shows [Qd Ks] (a pair of Queens)
Joker007r collected $76.70 from pot
*** SUMMARY ***
Total pot $77.70 | Rake $1 
Board [2s Qc 6h 3h Ad]
Seat 2: Joker007r (button) showed [Qd Ks] and won ($76.70) with a pair of Queens
Seat 4: Supermegopro (small blind) folded before Flop
Seat 6: crist_89870 (big blind) showed [Th Ts] and lost with a pair of Tens



PokerStars Hand #254415160144:  Hold'em No Limit ($0.50/$1.00 USD) - 2025/01/17 15:47:08 WET [2025/01/17 10:47:08 ET]
Table 'Ragazza III' 6-max Seat #4 is the button
Seat 2: Joker007r ($150.19 in chips) 
Seat 4: Supermegopro ($100 in chips) 
Seat 6: crist_89870 ($100 in chips) 
crist_89870: posts small blind $0.50
Joker007r: posts big blind $1
*** HOLE CARDS ***
Supermegopro: folds 
crist_89870: folds 
Uncalled bet ($0.50) returned to Joker007r
Joker007r collected $1 from pot
Joker007r: doesn't show hand 
*** SUMMARY ***
Total pot $1 | Rake $0 
Seat 2: Joker007r (big blind) collected ($1)
Seat 4: Supermegopro (button) folded before Flop (didn't bet)
Seat 6: crist_89870 (small blind) folded before Flop



PokerStars Hand #254415161764:  Hold'em No Limit ($0.50/$1.00 USD) - 2025/01/17 15:47:16 WET [2025/01/17 10:47:16 ET]
Table 'Ragazza III' 6-max Seat #6 is the button
Seat 2: Joker007r ($150.69 in chips) 
Seat 4: Supermegopro ($100 in chips) 
Seat 6: crist_89870 ($100 in chips) 
Joker007r: posts small blind $0.50
Supermegopro: posts big blind $1
*** HOLE CARDS ***
crist_89870: folds 
Joker007r: folds 
Uncalled bet ($0.50) returned to Supermegopro
Supermegopro collected $1 from pot
Supermegopro: doesn't show hand 
*** SUMMARY ***
Total pot $1 | Rake $0 
Seat 2: Joker007r (small blind) folded before Flop
Seat 4: Supermegopro (big blind) collected ($1)
Seat 6: crist_89870 (button) folded before Flop (didn't bet)



PokerStars Hand #254415164159:  Hold'em No Limit ($0.50/$1.00 USD) - 2025/01/17 15:47:27 WET [2025/01/17 10:47:27 ET]
Table 'Ragazza III' 6-max Seat #2 is the button
Seat 2: Joker007r ($150.19 in chips) 
Seat 4: Supermegopro ($100.50 in chips) 
Seat 6: crist_89870 ($100 in chips) 
Supermegopro: posts small blind $0.50
crist_89870: posts big blind $1
*** HOLE CARDS ***
Joker007r: raises $1.50 to $2.50
Supermegopro: folds 
crist_89870: raises $9.50 to $12
Joker007r: calls $9.50
*** FLOP *** [6d 8d 5s]
crist_89870: checks 
Joker007r: checks 
*** TURN *** [6d 8d 5s] [2h]
crist_89870: checks 
Joker007r: checks 
*** RIVER *** [6d 8d 5s 2h] [9c]
crist_89870: checks 
Joker007r: checks 
*** SHOW DOWN ***
crist_89870: shows [Td Th] (a pair of Tens)
Joker007r: mucks hand 
crist_89870 collected $23.50 from pot
*** SUMMARY ***
Total pot $24.50 | Rake $1 
Board [6d 8d 5s 2h 9c]
Seat 2: Joker007r (button) mucked
Seat 4: Supermegopro (small blind) folded before Flop
Seat 6: crist_89870 (big blind) showed [Td Th] and won ($23.50) with a pair of Tens



PokerStars Hand #254415178500:  Hold'em No Limit ($0.50/$1.00 USD) - 2025/01/17 15:48:32 WET [2025/01/17 10:48:32 ET]
Table 'Ragazza III' 6-max Seat #4 is the button
Seat 2: Joker007r ($138.19 in chips) 
Seat 4: Supermegopro ($100 in chips) 
Supermegopro: posts small blind $0.50
Joker007r: posts big blind $1
*** HOLE CARDS ***
Supermegopro: folds 
Uncalled bet ($0.50) returned to Joker007r
Joker007r collected $1 from pot
Joker007r: doesn't show hand 
*** SUMMARY ***
Total pot $1 | Rake $0 
Seat 2: Joker007r (big blind) collected ($1)
Seat 4: Supermegopro (button) (small blind) folded before Flop



PokerStars Hand #254415179859:  Hold'em No Limit ($0.50/$1.00 USD) - 2025/01/17 15:48:39 WET [2025/01/17 10:48:39 ET]
Table 'Ragazza III' 6-max Seat #2 is the button
Seat 2: Joker007r ($138.69 in chips) 
Seat 4: Supermegopro ($100 in chips) 
Joker007r: posts small blind $0.50
Supermegopro: posts big blind $1
*** HOLE CARDS ***
Joker007r: raises $1.50 to $2.50
Supermegopro: folds 
Uncalled bet ($1.50) returned to Joker007r
Joker007r collected $2 from pot
Joker007r: doesn't show hand 
*** SUMMARY ***
Total pot $2 | Rake $0 
Seat 2: Joker007r (button) (small blind) collected ($2)
Seat 4: Supermegopro (big blind) folded before Flop



PokerStars Hand #254415181501:  Hold'em No Limit ($0.50/$1.00 USD) - 2025/01/17 15:48:46 WET [2025/01/17 10:48:46 ET]
Table 'Ragazza III' 6-max Seat #4 is the button
Seat 2: Joker007r ($139.69 in chips) 
Seat 4: Supermegopro ($100 in chips) 
Supermegopro: posts small blind $0.50
Joker007r: posts big blind $1
*** HOLE CARDS ***
Supermegopro: folds 
Uncalled bet ($0.50) returned to Joker007r
Joker007r collected $1 from pot
Joker007r: doesn't show hand 
*** SUMMARY ***
Total pot $1 | Rake $0 
Seat 2: Joker007r (big blind) collected ($1)
Seat 4: Supermegopro (button) (small blind) folded before Flop



PokerStars Hand #254415182979:  Hold'em No Limit ($0.50/$1.00 USD) - 2025/01/17 15:48:53 WET [2025/01/17 10:48:53 ET]
Table 'Ragazza III' 6-max Seat #2 is the button
Seat 2: Joker007r ($140.19 in chips) 
Seat 4: Supermegopro ($100 in chips) 
Joker007r: posts small blind $0.50
Supermegopro: posts big blind $1
*** HOLE CARDS ***
Joker007r: folds 
Uncalled bet ($0.50) returned to Supermegopro
Supermegopro collected $1 from pot
Supermegopro: doesn't show hand 
*** SUMMARY ***
Total pot $1 | Rake $0 
Seat 2: Joker007r (button) (small blind) folded before Flop
Seat 4: Supermegopro (big blind) collected ($1)



PokerStars Hand #254415455917:  Hold'em No Limit ($0.50/$1.00 USD) - 2025/01/17 16:10:49 WET [2025/01/17 11:10:49 ET]
Table 'Ragazza III' 6-max Seat #5 is the button
Seat 3: 06Hookd ($100 in chips) is sitting out
Seat 2: Joker007r ($139.69 in chips) 
Seat 5: poker_soul11 ($100 in chips) 
poker_soul11: posts small blind $0.50
Joker007r: posts big blind $1
*** HOLE CARDS ***
poker_soul11 has timed out
poker_soul11: folds 
Uncalled bet ($0.50) returned to Joker007r
Joker007r collected $1 from pot
Joker007r: doesn't show hand 
*** SUMMARY ***
Total pot $1 | Rake $0 
Seat 3: 06Hookd
Seat 2: Joker007r (big blind) collected ($1)
Seat 5: poker_soul11 (button) (small blind) folded before Flop



PokerStars Hand #254415462696:  Hold'em No Limit ($0.50/$1.00 USD) - 2025/01/17 16:11:19 WET [2025/01/17 11:11:19 ET]
Table 'Ragazza III' 6-max Seat #2 is the button
Seat 3: 06Hookd ($100 in chips) is sitting out
Seat 2: Joker007r ($140.19 in chips) 
Seat 5: poker_soul11 ($100 in chips) 
Joker007r: posts small blind $0.50
poker_soul11: posts big blind $1
*** HOLE CARDS ***
Joker007r: folds 
Uncalled bet ($0.50) returned to poker_soul11
poker_soul11 collected $1 from pot
poker_soul11: doesn't show hand 
*** SUMMARY ***
Total pot $1 | Rake $0 
Seat 3: 06Hookd
Seat 2: Joker007r (button) (small blind) folded before Flop
Seat 5: poker_soul11 (big blind) collected ($1)



PokerStars Hand #254415503525:  Hold'em No Limit ($0.50/$1.00 USD) - 2025/01/17 16:14:20 WET [2025/01/17 11:14:20 ET]
Table 'Ragazza III' 6-max Seat #3 is the button
Seat 2: Joker007r ($139.69 in chips) 
Seat 3: 06Hookd ($100 in chips) 
Seat 4: Pippa83 ($100 in chips) 
Seat 5: poker_soul11 ($100.50 in chips) 
Seat 6: nastja336 ($100 in chips) 
Pippa83: posts small blind $0.50
poker_soul11: posts big blind $1
*** HOLE CARDS ***
nastja336: folds 
Slami4 joins the table at seat #1 
Joker007r has timed out while disconnected
Joker007r: folds 
06Hookd: folds 
Pippa83: folds 
Uncalled bet ($0.50) returned to poker_soul11
poker_soul11 collected $1 from pot
poker_soul11: doesn't show hand 
*** SUMMARY ***
Total pot $1 | Rake $0 
Seat 2: Joker007r folded before Flop (didn't bet)
Seat 3: 06Hookd (button) folded before Flop (didn't bet)
Seat 4: Pippa83 (small blind) folded before Flop
Seat 5: poker_soul11 (big blind) collected ($1)
Seat 6: nastja336 folded before Flop (didn't bet)



PokerStars Hand #254415507102:  Hold'em No Limit ($0.50/$1.00 USD) - 2025/01/17 16:14:35 WET [2025/01/17 11:14:35 ET]
Table 'Ragazza III' 6-max Seat #4 is the button
Seat 1: Slami4 ($100 in chips) is sitting out
Seat 2: Joker007r ($139.69 in chips) is sitting out
Seat 3: 06Hookd ($100 in chips) 
Seat 4: Pippa83 ($100 in chips) 
Seat 5: poker_soul11 ($101 in chips) 
Seat 6: nastja336 ($100 in chips) 
poker_soul11: posts small blind $0.50
nastja336: posts big blind $1
Slami4: sits out 
*** HOLE CARDS ***
06Hookd: raises $1.30 to $2.30
Pippa83: folds 
poker_soul11: folds 
nastja336: calls $1.30
*** FLOP *** [8d 9d Qd]
nastja336: checks 
06Hookd: checks 
*** TURN *** [8d 9d Qd] [Qh]
nastja336: checks 
06Hookd: bets $3.19
nastja336: folds 
Uncalled bet ($3.19) returned to 06Hookd
06Hookd collected $4.84 from pot
06Hookd: doesn't show hand 
*** SUMMARY ***
Total pot $5.10 | Rake $0.26 
Board [8d 9d Qd Qh]
Seat 1: Slami4
Seat 2: Joker007r
Seat 3: 06Hookd collected ($4.84)
Seat 4: Pippa83 (button) folded before Flop (didn't bet)
Seat 5: poker_soul11 (small blind) folded before Flop
Seat 6: nastja336 (big blind) folded on the Turn



PokerStars Hand #254415518224:  Hold'em No Limit ($0.50/$1.00 USD) - 2025/01/17 16:15:24 WET [2025/01/17 11:15:24 ET]
Table 'Ragazza III' 6-max Seat #5 is the button
Seat 2: Joker007r ($139.69 in chips) is sitting out
Seat 1: Slami4 ($100 in chips) 
Seat 3: 06Hookd ($102.54 in chips) 
Seat 4: Pippa83 ($100 in chips) 
Seat 5: poker_soul11 ($100.50 in chips) 
Seat 6: nastja336 ($100 in chips) 
nastja336: posts small blind $0.50
Slami4: posts big blind $1
*** HOLE CARDS ***
06Hookd: folds 
Pippa83: folds 
poker_soul11: folds 
nastja336: folds 
Uncalled bet ($0.50) returned to Slami4
Slami4 collected $1 from pot
Slami4: doesn't show hand 
*** SUMMARY ***
Total pot $1 | Rake $0 
Seat 2: Joker007r
Seat 1: Slami4 (big blind) collected ($1)
Seat 3: 06Hookd folded before Flop (didn't bet)
Seat 4: Pippa83 folded before Flop (didn't bet)
Seat 5: poker_soul11 (button) folded before Flop (didn't bet)
Seat 6: nastja336 (small blind) folded before Flop



PokerStars Hand #254415523377:  Hold'em No Limit ($0.50/$1.00 USD) - 2025/01/17 16:15:46 WET [2025/01/17 11:15:46 ET]
Table 'Ragazza III' 6-max Seat #6 is the button
Seat 2: Joker007r ($139.69 in chips) is sitting out
Seat 1: Slami4 ($100.50 in chips) 
Seat 3: 06Hookd ($102.54 in chips) 
Seat 4: Pippa83 ($100 in chips) 
Seat 5: poker_soul11 ($100.50 in chips) 
Seat 6: nastja336 ($100 in chips) 
Slami4: posts small blind $0.50
06Hookd: posts big blind $1
*** HOLE CARDS ***
Pippa83: folds 
poker_soul11: folds 
nastja336: raises $1.50 to $2.50
Slami4: raises $8.50 to $11
06Hookd: folds 
nastja336: calls $8.50
*** FLOP *** [2h Jh 3s]
Slami4: checks 
nastja336: bets $7.21
Slami4: folds 
Uncalled bet ($7.21) returned to nastja336
nastja336 collected $21.85 from pot
nastja336: doesn't show hand 
*** SUMMARY ***
Total pot $23 | Rake $1.15 
Board [2h Jh 3s]
Seat 2: Joker007r
Seat 1: Slami4 (small blind) folded on the Flop
Seat 3: 06Hookd (big blind) folded before Flop
Seat 4: Pippa83 folded before Flop (didn't bet)
Seat 5: poker_soul11 folded before Flop (didn't bet)
Seat 6: nastja336 (button) collected ($21.85)



PokerStars Hand #254415539742:  Hold'em No Limit ($0.50/$1.00 USD) - 2025/01/17 16:16:59 WET [2025/01/17 11:16:59 ET]
Table 'Ragazza III' 6-max Seat #1 is the button
Seat 2: Joker007r ($139.69 in chips) is sitting out
Seat 1: Slami4 ($100 in chips) 
Seat 3: 06Hookd ($101.54 in chips) 
Seat 4: Pippa83 ($100 in chips) 
Seat 5: poker_soul11 ($100.50 in chips) 
Seat 6: nastja336 ($110.85 in chips) 
06Hookd: posts small blind $0.50
Pippa83: posts big blind $1
*** HOLE CARDS ***
poker_soul11: raises $1.20 to $2.20
nastja336: folds 
Slami4: folds 
06Hookd: folds 
Pippa83: calls $1.20
*** FLOP *** [2d 9h 8d]
Pippa83: checks 
poker_soul11: bets $5.83
Pippa83: folds 
Uncalled bet ($5.83) returned to poker_soul11
poker_soul11 collected $4.66 from pot
poker_soul11: doesn't show hand 
*** SUMMARY ***
Total pot $4.90 | Rake $0.24 
Board [2d 9h 8d]
Seat 2: Joker007r
Seat 1: Slami4 (button) folded before Flop (didn't bet)
Seat 3: 06Hookd (small blind) folded before Flop
Seat 4: Pippa83 (big blind) folded on the Flop
Seat 5: poker_soul11 collected ($4.66)
Seat 6: nastja336 folded before Flop (didn't bet)



PokerStars Hand #254415551380:  Hold'em No Limit ($0.50/$1.00 USD) - 2025/01/17 16:17:50 WET [2025/01/17 11:17:50 ET]
Table 'Ragazza III' 6-max Seat #3 is the button
Seat 2: Joker007r ($139.69 in chips) is sitting out
Seat 1: Slami4 ($100 in chips) 
Seat 3: 06Hookd ($101.04 in chips) 
Seat 4: Pippa83 ($100 in chips) 
Seat 5: poker_soul11 ($102.96 in chips) 
Seat 6: nastja336 ($110.85 in chips) 
Pippa83: posts small blind $0.50
poker_soul11: posts big blind $1
Joker007r: sits out 
*** HOLE CARDS ***
nastja336: folds 
Slami4: raises $1.50 to $2.50
06Hookd: folds 
Pippa83: folds 
poker_soul11: folds 
Uncalled bet ($1.50) returned to Slami4
Slami4 collected $2.50 from pot
Slami4: doesn't show hand 
*** SUMMARY ***
Total pot $2.50 | Rake $0 
Seat 2: Joker007r
Seat 1: Slami4 collected ($2.50)
Seat 3: 06Hookd (button) folded before Flop (didn't bet)
Seat 4: Pippa83 (small blind) folded before Flop
Seat 5: poker_soul11 (big blind) folded before Flop
Seat 6: nastja336 folded before Flop (didn't bet)



PokerStars Hand #254415554003:  Hold'em No Limit ($0.50/$1.00 USD) - 2025/01/17 16:18:01 WET [2025/01/17 11:18:01 ET]
Table 'Ragazza III' 6-max Seat #4 is the button
Seat 1: Slami4 ($101.50 in chips) is sitting out
Seat 6: nastja336 ($110.85 in chips) is sitting out
Seat 2: Joker007r ($139.69 in chips) 
Seat 3: 06Hookd ($101.04 in chips) 
Seat 4: Pippa83 ($100 in chips) 
Seat 5: poker_soul11 ($101.96 in chips) 
poker_soul11: posts small blind $0.50
nastja336: is sitting out 
Slami4: is sitting out 
Joker007r: posts big blind $1
*** HOLE CARDS ***
nastja336 leaves the table
06Hookd: raises $1.30 to $2.30
Pippa83: folds 
Slami4 leaves the table
poker_soul11: folds 
Joker007r: folds 
Uncalled bet ($1.30) returned to 06Hookd
06Hookd collected $2.50 from pot
06Hookd: doesn't show hand 
*** SUMMARY ***
Total pot $2.50 | Rake $0 
Seat 1: Slami4
Seat 6: nastja336
Seat 2: Joker007r (big blind) folded before Flop
Seat 3: 06Hookd collected ($2.50)
Seat 4: Pippa83 (button) folded before Flop (didn't bet)
Seat 5: poker_soul11 (small blind) folded before Flop



PokerStars Hand #254415556860:  Hold'em No Limit ($0.50/$1.00 USD) - 2025/01/17 16:18:14 WET [2025/01/17 11:18:14 ET]
Table 'Ragazza III' 6-max Seat #5 is the button
Seat 2: Joker007r ($138.69 in chips) 
Seat 3: 06Hookd ($102.54 in chips) 
Seat 4: Pippa83 ($100 in chips) 
Seat 5: poker_soul11 ($101.46 in chips) 
Joker007r: posts small blind $0.50
06Hookd: posts big blind $1
*** HOLE CARDS ***
Pippa83: folds 
poker_soul11: folds 
Joker007r: folds 
Uncalled bet ($0.50) returned to 06Hookd
06Hookd collected $1 from pot
06Hookd: doesn't show hand 
*** SUMMARY ***
Total pot $1 | Rake $0 
Seat 2: Joker007r (small blind) folded before Flop
Seat 3: 06Hookd (big blind) collected ($1)
Seat 4: Pippa83 folded before Flop (didn't bet)
Seat 5: poker_soul11 (button) folded before Flop (didn't bet)



PokerStars Hand #254415559188:  Hold'em No Limit ($0.50/$1.00 USD) - 2025/01/17 16:18:24 WET [2025/01/17 11:18:24 ET]
Table 'Ragazza III' 6-max Seat #2 is the button
Seat 2: Joker007r ($138.19 in chips) 
Seat 3: 06Hookd ($103.04 in chips) 
Seat 4: Pippa83 ($100 in chips) 
Seat 5: poker_soul11 ($101.46 in chips) 
06Hookd: posts small blind $0.50
Pippa83: posts big blind $1
*** HOLE CARDS ***
tintin641 joins the table at seat #1 
70peppino joins the table at seat #6 
poker_soul11: raises $1.20 to $2.20
Joker007r: raises $4.40 to $6.60
06Hookd: folds 
Pippa83: folds 
poker_soul11: folds 
Uncalled bet ($4.40) returned to Joker007r
Joker007r collected $5.90 from pot
Joker007r: doesn't show hand 
*** SUMMARY ***
Total pot $5.90 | Rake $0 
Seat 2: Joker007r (button) collected ($5.90)
Seat 3: 06Hookd (small blind) folded before Flop
Seat 4: Pippa83 (big blind) folded before Flop
Seat 5: poker_soul11 folded before Flop



PokerStars Hand #254415565327:  Hold'em No Limit ($0.50/$1.00 USD) - 2025/01/17 16:18:51 WET [2025/01/17 11:18:51 ET]
Table 'Ragazza III' 6-max Seat #3 is the button
Seat 1: tintin641 ($100 in chips) is sitting out
Seat 6: 70peppino ($100 in chips) is sitting out
Seat 2: Joker007r ($141.89 in chips) 
Seat 3: 06Hookd ($102.54 in chips) 
Seat 4: Pippa83 ($100 in chips) 
Seat 5: poker_soul11 ($100 in chips) 
Pippa83: posts small blind $0.50
poker_soul11: posts big blind $1
70peppino: sits out 
tintin641: sits out 
*** HOLE CARDS ***
Joker007r: folds 
06Hookd: folds 
Pippa83: folds 
Uncalled bet ($0.50) returned to poker_soul11
poker_soul11 collected $1 from pot
poker_soul11: doesn't show hand 
*** SUMMARY ***
Total pot $1 | Rake $0 
Seat 1: tintin641
Seat 6: 70peppino
Seat 2: Joker007r folded before Flop (didn't bet)
Seat 3: 06Hookd (button) folded before Flop (didn't bet)
Seat 4: Pippa83 (small blind) folded before Flop
Seat 5: poker_soul11 (big blind) collected ($1)



PokerStars Hand #254415567710:  Hold'em No Limit ($0.50/$1.00 USD) - 2025/01/17 16:19:01 WET [2025/01/17 11:19:01 ET]
Table 'Ragazza III' 6-max Seat #4 is the button
Seat 1: tintin641 ($100 in chips) is sitting out
Seat 2: Joker007r ($141.89 in chips) 
Seat 3: 06Hookd ($102.54 in chips) 
Seat 4: Pippa83 ($100 in chips) 
Seat 5: poker_soul11 ($100.50 in chips) 
Seat 6: 70peppino ($100 in chips) 
poker_soul11: posts small blind $0.50
70peppino: posts big blind $1
tintin641: sits out 
*** HOLE CARDS ***
Joker007r: folds 
06Hookd: folds 
Pippa83: raises $1.50 to $2.50
poker_soul11: folds 
70peppino: folds 
Uncalled bet ($1.50) returned to Pippa83
Pippa83 collected $2.50 from pot
Pippa83: doesn't show hand 
*** SUMMARY ***
Total pot $2.50 | Rake $0 
Seat 1: tintin641
Seat 2: Joker007r folded before Flop (didn't bet)
Seat 3: 06Hookd folded before Flop (didn't bet)
Seat 4: Pippa83 (button) collected ($2.50)
Seat 5: poker_soul11 (small blind) folded before Flop
Seat 6: 70peppino (big blind) folded before Flop



PokerStars Hand #254415570960:  Hold'em No Limit ($0.50/$1.00 USD) - 2025/01/17 16:19:15 WET [2025/01/17 11:19:15 ET]
Table 'Ragazza III' 6-max Seat #5 is the button
Seat 1: tintin641 ($100 in chips) 
Seat 2: Joker007r ($141.89 in chips) 
Seat 3: 06Hookd ($102.54 in chips) 
Seat 4: Pippa83 ($101.50 in chips) 
Seat 5: poker_soul11 ($100 in chips) 
Seat 6: 70peppino ($100 in chips) 
70peppino: posts small blind $0.50
tintin641: posts big blind $1
*** HOLE CARDS ***
Joker007r: folds 
06Hookd: folds 
Pippa83: folds 
poker_soul11: folds 
70peppino: folds 
Uncalled bet ($0.50) returned to tintin641
tintin641 collected $1 from pot
tintin641: doesn't show hand 
*** SUMMARY ***
Total pot $1 | Rake $0 
Seat 1: tintin641 (big blind) collected ($1)
Seat 2: Joker007r folded before Flop (didn't bet)
Seat 3: 06Hookd folded before Flop (didn't bet)
Seat 4: Pippa83 folded before Flop (didn't bet)
Seat 5: poker_soul11 (button) folded before Flop (didn't bet)
Seat 6: 70peppino (small blind) folded before Flop



PokerStars Hand #254415574883:  Hold'em No Limit ($0.50/$1.00 USD) - 2025/01/17 16:19:33 WET [2025/01/17 11:19:33 ET]
Table 'Ragazza III' 6-max Seat #6 is the button
Seat 2: Joker007r ($141.89 in chips) is sitting out
Seat 1: tintin641 ($100.50 in chips) 
Seat 3: 06Hookd ($102.54 in chips) 
Seat 4: Pippa83 ($101.50 in chips) 
Seat 5: poker_soul11 ($100 in chips) 
Seat 6: 70peppino ($100 in chips) 
tintin641: posts small blind $0.50
Joker007r: is sitting out 
06Hookd: posts big blind $1
*** HOLE CARDS ***
Pippa83: folds 
Joker007r leaves the table
poker_soul11: raises $1.20 to $2.20
70peppino: folds 
tintin641: folds 
Pippa83 leaves the table
06Hookd: folds 
Uncalled bet ($1.20) returned to poker_soul11
poker_soul11 collected $2.50 from pot
poker_soul11: doesn't show hand 
*** SUMMARY ***
Total pot $2.50 | Rake $0 
Seat 2: Joker007r
Seat 1: tintin641 (small blind) folded before Flop
Seat 3: 06Hookd (big blind) folded before Flop
Seat 4: Pippa83 folded before Flop (didn't bet)
Seat 5: poker_soul11 collected ($2.50)
Seat 6: 70peppino (button) folded before Flop (didn't bet)



PokerStars Hand #254415578692:  Hold'em No Limit ($0.50/$1.00 USD) - 2025/01/17 16:19:49 WET [2025/01/17 11:19:49 ET]
Table 'Ragazza III' 6-max Seat #1 is the button
Seat 1: tintin641 ($100 in chips) 
Seat 3: 06Hookd ($101.54 in chips) 
Seat 5: poker_soul11 ($101.50 in chips) 
Seat 6: 70peppino ($100 in chips) 
06Hookd: posts small blind $0.50
poker_soul11: posts big blind $1
*** HOLE CARDS ***
70peppino: folds 
tintin641: folds 
70peppino leaves the table
06Hookd: raises $2 to $3
poker_soul11: folds 
Uncalled bet ($2) returned to 06Hookd
06Hookd collected $2 from pot
06Hookd: doesn't show hand 
*** SUMMARY ***
Total pot $2 | Rake $0 
Seat 1: tintin641 (button) folded before Flop (didn't bet)
Seat 3: 06Hookd (small blind) collected ($2)
Seat 5: poker_soul11 (big blind) folded before Flop
Seat 6: 70peppino folded before Flop (didn't bet)



PokerStars Hand #254415582114:  Hold'em No Limit ($0.50/$1.00 USD) - 2025/01/17 16:20:04 WET [2025/01/17 11:20:04 ET]
Table 'Ragazza III' 6-max Seat #5 is the button
Seat 1: tintin641 ($100 in chips) is sitting out
Seat 3: 06Hookd ($102.54 in chips) 
Seat 5: poker_soul11 ($100.50 in chips) 
poker_soul11: posts small blind $0.50
tintin641: is sitting out 
06Hookd: posts big blind $1
*** HOLE CARDS ***
tintin641 leaves the table
janarr5 joins the table at seat #4 
poker_soul11: raises $1.50 to $2.50
06Hookd: folds 
Uncalled bet ($1.50) returned to poker_soul11
poker_soul11 collected $2 from pot
poker_soul11: doesn't show hand 
nastja336 joins the table at seat #2 
*** SUMMARY ***
Total pot $2 | Rake $0 
Seat 1: tintin641
Seat 3: 06Hookd (big blind) folded before Flop
Seat 5: poker_soul11 (button) (small blind) collected ($2)



PokerStars Hand #254415585224:  Hold'em No Limit ($0.50/$1.00 USD) - 2025/01/17 16:20:18 WET [2025/01/17 11:20:18 ET]
Table 'Ragazza III' 6-max Seat #3 is the button
Seat 4: janarr5 ($100 in chips) is sitting out
Seat 2: nastja336 ($110.85 in chips) 
Seat 3: 06Hookd ($101.54 in chips) 
Seat 5: poker_soul11 ($101.50 in chips) 
poker_soul11: posts small blind $0.50
nastja336: posts big blind $1
*** HOLE CARDS ***
lukazs2 joins the table at seat #1 
lukazs2 is disconnected 
06Hookd: raises $1.50 to $2.50
YeeesMan joins the table at seat #6 
poker_soul11: folds 
nastja336: folds 
Uncalled bet ($1.50) returned to 06Hookd
06Hookd collected $2.50 from pot
06Hookd: doesn't show hand 
*** SUMMARY ***
Total pot $2.50 | Rake $0 
Seat 4: janarr5
Seat 2: nastja336 (big blind) folded before Flop
Seat 3: 06Hookd (button) collected ($2.50)
Seat 5: poker_soul11 (small blind) folded before Flop



PokerStars Hand #254415588587:  Hold'em No Limit ($0.50/$1.00 USD) - 2025/01/17 16:20:32 WET [2025/01/17 11:20:32 ET]
Table 'Ragazza III' 6-max Seat #5 is the button
Seat 1: lukazs2 ($80 in chips) is sitting out
Seat 4: janarr5 ($100 in chips) is sitting out
Seat 6: YeeesMan ($100 in chips) is sitting out
Seat 2: nastja336 ($109.85 in chips) 
Seat 3: 06Hookd ($103.04 in chips) 
Seat 5: poker_soul11 ($101 in chips) 
nastja336: posts small blind $0.50
06Hookd: posts big blind $1
janarr5: sits out 
*** HOLE CARDS ***
poker_soul11: folds 
nastja336: raises $2 to $3
06Hookd: folds 
Uncalled bet ($2) returned to nastja336
nastja336 collected $2 from pot
nastja336: doesn't show hand 
*** SUMMARY ***
Total pot $2 | Rake $0 
Seat 1: lukazs2
Seat 4: janarr5
Seat 6: YeeesMan
Seat 2: nastja336 (small blind) collected ($2)
Seat 3: 06Hookd (big blind) folded before Flop
Seat 5: poker_soul11 (button) folded before Flop (didn't bet)



PokerStars Hand #254415591441:  Hold'em No Limit ($0.50/$1.00 USD) - 2025/01/17 16:20:44 WET [2025/01/17 11:20:44 ET]
Table 'Ragazza III' 6-max Seat #2 is the button
Seat 6: YeeesMan ($100 in chips) is sitting out
Seat 1: lukazs2 ($80 in chips) 
Seat 2: nastja336 ($110.85 in chips) 
Seat 3: 06Hookd ($102.04 in chips) 
Seat 4: janarr5 ($100 in chips) 
Seat 5: poker_soul11 ($101 in chips) 
06Hookd: posts small blind $0.50
janarr5: posts big blind $1
YeeesMan: sits out 
lukazs2: posts big blind $1
*** HOLE CARDS ***
poker_soul11: folds 
lukazs2: checks 
nastja336: folds 
06Hookd: calls $0.50
janarr5: checks 
*** FLOP *** [2d 3c 8h]
06Hookd: checks 
janarr5: checks 
lukazs2: bets $1.43
06Hookd: folds 
janarr5: folds 
Uncalled bet ($1.43) returned to lukazs2
lukazs2 collected $2.85 from pot
*** SUMMARY ***
Total pot $3 | Rake $0.15 
Board [2d 3c 8h]
Seat 6: YeeesMan
Seat 1: lukazs2 collected ($2.85)
Seat 2: nastja336 (button) folded before Flop (didn't bet)
Seat 3: 06Hookd (small blind) folded on the Flop
Seat 4: janarr5 (big blind) folded on the Flop
Seat 5: poker_soul11 folded before Flop (didn't bet)



PokerStars Hand #254415599749:  Hold'em No Limit ($0.50/$1.00 USD) - 2025/01/17 16:21:20 WET [2025/01/17 11:21:20 ET]
Table 'Ragazza III' 6-max Seat #3 is the button
Seat 6: YeeesMan ($100 in chips) is sitting out
Seat 1: lukazs2 ($81.85 in chips) 
Seat 2: nastja336 ($110.85 in chips) 
Seat 3: 06Hookd ($101.04 in chips) 
Seat 4: janarr5 ($100 in chips) 
Seat 5: poker_soul11 ($101 in chips) 
janarr5: posts small blind $0.50
poker_soul11: posts big blind $1
YeeesMan: sits out 
*** HOLE CARDS ***
lukazs2: folds 
nastja336: raises $1.50 to $2.50
06Hookd: folds 
janarr5: folds 
poker_soul11: raises $9.50 to $12
nastja336: calls $9.50
*** FLOP *** [3s 4d 8h]
janarr5 leaves the table
poker_soul11: bets $17.46
nastja336: folds 
Uncalled bet ($17.46) returned to poker_soul11
poker_soul11 collected $23.28 from pot
poker_soul11: doesn't show hand 
*** SUMMARY ***
Total pot $24.50 | Rake $1.22 
Board [3s 4d 8h]
Seat 6: YeeesMan
Seat 1: lukazs2 folded before Flop (didn't bet)
Seat 2: nastja336 folded on the Flop
Seat 3: 06Hookd (button) folded before Flop (didn't bet)
Seat 4: janarr5 (small blind) folded before Flop
Seat 5: poker_soul11 (big blind) collected ($23.28)



PokerStars Hand #254415610306:  Hold'em No Limit ($0.50/$1.00 USD) - 2025/01/17 16:22:06 WET [2025/01/17 11:22:06 ET]
Table 'Ragazza III' 6-max Seat #5 is the button
Seat 6: YeeesMan ($100 in chips) is sitting out
Seat 1: lukazs2 ($81.85 in chips) 
Seat 2: nastja336 ($100 in chips) 
Seat 3: 06Hookd ($101.04 in chips) 
Seat 5: poker_soul11 ($112.28 in chips) 
lukazs2: posts small blind $0.50
nastja336: posts big blind $1
*** HOLE CARDS ***
06Hookd: raises $1.30 to $2.30
poker_soul11: folds 
raketkasix joins the table at seat #4 
lukazs2: raises $5.60 to $7.90
nastja336: folds 
06Hookd: calls $5.60
*** FLOP *** [2s Qc 6d]
lukazs2: bets $7.98
06Hookd: calls $7.98
*** TURN *** [2s Qc 6d] [2d]
lukazs2: bets $15.88
06Hookd: folds 
Uncalled bet ($15.88) returned to lukazs2
lukazs2 collected $31.76 from pot
*** SUMMARY ***
Total pot $32.76 | Rake $1 
Board [2s Qc 6d 2d]
Seat 6: YeeesMan
Seat 1: lukazs2 (small blind) collected ($31.76)
Seat 2: nastja336 (big blind) folded before Flop
Seat 3: 06Hookd folded on the Turn
Seat 5: poker_soul11 (button) folded before Flop (didn't bet)



PokerStars Hand #254415622798:  Hold'em No Limit ($0.50/$1.00 USD) - 2025/01/17 16:23:01 WET [2025/01/17 11:23:01 ET]
Table 'Ragazza III' 6-max Seat #1 is the button
Seat 4: raketkasix ($100 in chips) is sitting out
Seat 6: YeeesMan ($100 in chips) is sitting out
Seat 1: lukazs2 ($97.73 in chips) 
Seat 2: nastja336 ($100 in chips) 
Seat 3: 06Hookd ($85.16 in chips) 
Seat 5: poker_soul11 ($112.28 in chips) 
nastja336: posts small blind $0.50
06Hookd: posts big blind $1
raketkasix: sits out 
YeeesMan: sits out 
*** HOLE CARDS ***
poker_soul11: raises $1.20 to $2.20
lukazs2: calls $2.20
nastja336: folds 
06Hookd: raises $10.30 to $12.50
poker_soul11: folds 
lukazs2: folds 
Uncalled bet ($10.30) returned to 06Hookd
06Hookd collected $7.10 from pot
06Hookd: doesn't show hand 
*** SUMMARY ***
Total pot $7.10 | Rake $0 
Seat 4: raketkasix
Seat 6: YeeesMan
Seat 1: lukazs2 (button) folded before Flop
Seat 2: nastja336 (small blind) folded before Flop
Seat 3: 06Hookd (big blind) collected ($7.10)
Seat 5: poker_soul11 folded before Flop



PokerStars Hand #254415630689:  Hold'em No Limit ($0.50/$1.00 USD) - 2025/01/17 16:23:35 WET [2025/01/17 11:23:35 ET]
Table 'Ragazza III' 6-max Seat #2 is the button
Seat 6: YeeesMan ($100 in chips) is sitting out
Seat 1: lukazs2 ($95.53 in chips) 
Seat 2: nastja336 ($100 in chips) 
Seat 3: 06Hookd ($90.06 in chips) 
Seat 4: raketkasix ($100 in chips) 
Seat 5: poker_soul11 ($110.08 in chips) 
06Hookd: posts small blind $0.50
raketkasix: posts big blind $1
YeeesMan: sits out 
*** HOLE CARDS ***
poker_soul11: folds 
lukazs2: raises $2 to $3
nastja336: calls $3
06Hookd: folds 
raketkasix: calls $2
*** FLOP *** [5h Th 9c]
raketkasix: checks 
lukazs2: bets $5.51
nastja336: calls $5.51
raketkasix: folds 
*** TURN *** [5h Th 9c] [Ts]
lukazs2: bets $1
nastja336: calls $1
*** RIVER *** [5h Th 9c Ts] [9d]
lukazs2: bets $21.39
nastja336: folds 
Uncalled bet ($21.39) returned to lukazs2
lukazs2 collected $21.39 from pot
*** SUMMARY ***
Total pot $22.52 | Rake $1.13 
Board [5h Th 9c Ts 9d]
Seat 6: YeeesMan
Seat 1: lukazs2 collected ($21.39)
Seat 2: nastja336 (button) folded on the River
Seat 3: 06Hookd (small blind) folded before Flop
Seat 4: raketkasix (big blind) folded on the Flop
Seat 5: poker_soul11 folded before Flop (didn't bet)



PokerStars Hand #254415642600:  Hold'em No Limit ($0.50/$1.00 USD) - 2025/01/17 16:24:28 WET [2025/01/17 11:24:28 ET]
Table 'Ragazza III' 6-max Seat #3 is the button
Seat 6: YeeesMan ($100 in chips) is sitting out
Seat 1: lukazs2 ($107.41 in chips) 
Seat 2: nastja336 ($100 in chips) 
Seat 3: 06Hookd ($89.56 in chips) 
Seat 4: raketkasix ($100 in chips) 
Seat 5: poker_soul11 ($110.08 in chips) 
raketkasix: posts small blind $0.50
poker_soul11: posts big blind $1
YeeesMan: sits out 
*** HOLE CARDS ***
lukazs2: raises $2 to $3
nastja336: folds 
06Hookd: folds 
raketkasix: folds 
poker_soul11: folds 
Uncalled bet ($2) returned to lukazs2
lukazs2 collected $2.50 from pot
*** SUMMARY ***
Total pot $2.50 | Rake $0 
Seat 6: YeeesMan
Seat 1: lukazs2 collected ($2.50)
Seat 2: nastja336 folded before Flop (didn't bet)
Seat 3: 06Hookd (button) folded before Flop (didn't bet)
Seat 4: raketkasix (small blind) folded before Flop
Seat 5: poker_soul11 (big blind) folded before Flop



PokerStars Hand #254415648142:  Hold'em No Limit ($0.50/$1.00 USD) - 2025/01/17 16:24:52 WET [2025/01/17 11:24:52 ET]
Table 'Ragazza III' 6-max Seat #4 is the button
Seat 1: lukazs2 ($108.91 in chips) 
Seat 2: nastja336 ($100 in chips) 
Seat 3: 06Hookd ($89.56 in chips) 
Seat 4: raketkasix ($100 in chips) 
Seat 5: poker_soul11 ($109.08 in chips) 
Seat 6: YeeesMan ($100 in chips) 
poker_soul11: posts small blind $0.50
YeeesMan: posts big blind $1
*** HOLE CARDS ***
lukazs2: calls $1
nastja336: raises $4 to $5
06Hookd: folds 
raketkasix: raises $8 to $13
poker_soul11: folds 
YeeesMan: folds 
lukazs2: calls $12
nastja336: folds 
*** FLOP *** [Kc Ts 9c]
lukazs2: checks 
raketkasix: bets $20
lukazs2: folds [Th]
Uncalled bet ($20) returned to raketkasix
raketkasix collected $30.88 from pot
raketkasix: doesn't show hand 
*** SUMMARY ***
Total pot $32.50 | Rake $1.62 
Board [Kc Ts 9c]
Seat 1: lukazs2 folded on the Flop
Seat 2: nastja336 folded before Flop
Seat 3: 06Hookd folded before Flop (didn't bet)
Seat 4: raketkasix (button) collected ($30.88)
Seat 5: poker_soul11 (small blind) folded before Flop
Seat 6: YeeesMan (big blind) folded before Flop



PokerStars Hand #254415665963:  Hold'em No Limit ($0.50/$1.00 USD) - 2025/01/17 16:26:10 WET [2025/01/17 11:26:10 ET]
Table 'Ragazza III' 6-max Seat #5 is the button
Seat 1: lukazs2 ($95.91 in chips) 
Seat 2: nastja336 ($100 in chips) 
Seat 3: 06Hookd ($89.56 in chips) 
Seat 4: raketkasix ($117.88 in chips) 
Seat 5: poker_soul11 ($108.58 in chips) 
Seat 6: YeeesMan ($100 in chips) 
YeeesMan: posts small blind $0.50
lukazs2: posts big blind $1
*** HOLE CARDS ***
nastja336: folds 
06Hookd: folds 
raketkasix: raises $1.50 to $2.50
poker_soul11: folds 
YeeesMan: folds 
lukazs2: calls $1.50
*** FLOP *** [Qh 2h As]
lukazs2: checks 
raketkasix: bets $1.72
lukazs2: calls $1.72
*** TURN *** [Qh 2h As] [Qc]
lukazs2: checks 
raketkasix: checks 
*** RIVER *** [Qh 2h As Qc] [Js]
lukazs2: bets $8.49
raketkasix: folds 
Uncalled bet ($8.49) returned to lukazs2
lukazs2 collected $8.49 from pot
lukazs2: shows [4h 7c] (a pair of Queens)
*** SUMMARY ***
Total pot $8.94 | Rake $0.45 
Board [Qh 2h As Qc Js]
Seat 1: lukazs2 (big blind) collected ($8.49)
Seat 2: nastja336 folded before Flop (didn't bet)
Seat 3: 06Hookd folded before Flop (didn't bet)
Seat 4: raketkasix folded on the River
Seat 5: poker_soul11 (button) folded before Flop (didn't bet)
Seat 6: YeeesMan (small blind) folded before Flop



PokerStars Hand #254415688864:  Hold'em No Limit ($0.50/$1.00 USD) - 2025/01/17 16:27:49 WET [2025/01/17 11:27:49 ET]
Table 'Ragazza III' 6-max Seat #6 is the button
Seat 1: lukazs2 ($100.18 in chips) 
Seat 2: nastja336 ($100 in chips) 
Seat 3: 06Hookd ($89.56 in chips) 
Seat 4: raketkasix ($113.66 in chips) 
Seat 5: poker_soul11 ($108.58 in chips) 
Seat 6: YeeesMan ($100 in chips) 
lukazs2: posts small blind $0.50
nastja336: posts big blind $1
*** HOLE CARDS ***
06Hookd: folds 
raketkasix: folds 
poker_soul11: folds 
YeeesMan: folds 
lukazs2: raises $3 to $4
nastja336: folds 
Uncalled bet ($3) returned to lukazs2
lukazs2 collected $2 from pot
*** SUMMARY ***
Total pot $2 | Rake $0 
Seat 1: lukazs2 (small blind) collected ($2)
Seat 2: nastja336 (big blind) folded before Flop
Seat 3: 06Hookd folded before Flop (didn't bet)
Seat 4: raketkasix folded before Flop (didn't bet)
Seat 5: poker_soul11 folded before Flop (didn't bet)
Seat 6: YeeesMan (button) folded before Flop (didn't bet)



PokerStars Hand #254415692604:  Hold'em No Limit ($0.50/$1.00 USD) - 2025/01/17 16:28:06 WET [2025/01/17 11:28:06 ET]
Table 'Ragazza III' 6-max Seat #1 is the button
Seat 1: lukazs2 ($101.18 in chips) 
Seat 2: nastja336 ($100 in chips) 
Seat 3: 06Hookd ($89.56 in chips) 
Seat 4: raketkasix ($113.66 in chips) 
Seat 5: poker_soul11 ($108.58 in chips) 
Seat 6: YeeesMan ($100 in chips) 
nastja336: posts small blind $0.50
06Hookd: posts big blind $1
*** HOLE CARDS ***
raketkasix is disconnected 
raketkasix has timed out while disconnected
raketkasix: folds 
poker_soul11: folds 
YeeesMan: raises $1.50 to $2.50
lukazs2: folds 
nastja336: folds 
06Hookd: calls $1.50
*** FLOP *** [9d Qc Qs]
06Hookd: checks 
YeeesMan: bets $1.72
06Hookd: calls $1.72
*** TURN *** [9d Qc Qs] [7c]
06Hookd: checks 
YeeesMan: bets $12.73
06Hookd: folds 
Uncalled bet ($12.73) returned to YeeesMan
YeeesMan collected $8.49 from pot
YeeesMan: doesn't show hand 
*** SUMMARY ***
Total pot $8.94 | Rake $0.45 
Board [9d Qc Qs 7c]
Seat 1: lukazs2 (button) folded before Flop (didn't bet)
Seat 2: nastja336 (small blind) folded before Flop
Seat 3: 06Hookd (big blind) folded on the Turn
Seat 4: raketkasix folded before Flop (didn't bet)
Seat 5: poker_soul11 folded before Flop (didn't bet)
Seat 6: YeeesMan collected ($8.49)



PokerStars Hand #254415707110:  Hold'em No Limit ($0.50/$1.00 USD) - 2025/01/17 16:29:09 WET [2025/01/17 11:29:09 ET]
Table 'Ragazza III' 6-max Seat #2 is the button
Seat 1: lukazs2 ($101.18 in chips) 
Seat 2: nastja336 ($100 in chips) 
Seat 3: 06Hookd ($85.34 in chips) 
Seat 4: raketkasix ($113.66 in chips) 
Seat 5: poker_soul11 ($108.58 in chips) 
Seat 6: YeeesMan ($104.27 in chips) 
06Hookd: posts small blind $0.50
raketkasix: posts big blind $1
*** HOLE CARDS ***
poker_soul11 has timed out
poker_soul11: folds 
YeeesMan: raises $1.50 to $2.50
lukazs2: calls $2.50
nastja336: folds 
06Hookd: folds 
raketkasix: folds 
*** FLOP *** [8c 6h 6c]
YeeesMan: checks 
lukazs2: checks 
*** TURN *** [8c 6h 6c] [Kd]
YeeesMan: bets $4.63
lukazs2: folds 
Uncalled bet ($4.63) returned to YeeesMan
YeeesMan collected $6.18 from pot
YeeesMan: doesn't show hand 
*** SUMMARY ***
Total pot $6.50 | Rake $0.32 
Board [8c 6h 6c Kd]
Seat 1: lukazs2 folded on the Turn
Seat 2: nastja336 (button) folded before Flop (didn't bet)
Seat 3: 06Hookd (small blind) folded before Flop
Seat 4: raketkasix (big blind) folded before Flop
Seat 5: poker_soul11 folded before Flop (didn't bet)
Seat 6: YeeesMan collected ($6.18)



PokerStars Hand #254415721211:  Hold'em No Limit ($0.50/$1.00 USD) - 2025/01/17 16:30:10 WET [2025/01/17 11:30:10 ET]
Table 'Ragazza III' 6-max Seat #3 is the button
Seat 1: lukazs2 ($98.68 in chips) 
Seat 2: nastja336 ($100 in chips) 
Seat 3: 06Hookd ($84.84 in chips) 
Seat 4: raketkasix ($112.66 in chips) 
Seat 5: poker_soul11 ($108.58 in chips) 
Seat 6: YeeesMan ($107.95 in chips) 
raketkasix: posts small blind $0.50
poker_soul11: posts big blind $1
*** HOLE CARDS ***
YeeesMan: folds 
lukazs2: calls $1
nastja336: folds 
06Hookd: folds 
raketkasix: folds 
poker_soul11: checks 
*** FLOP *** [9d 3c 4h]
poker_soul11: checks 
lukazs2: checks 
*** TURN *** [9d 3c 4h] [5c]
poker_soul11: bets $1.19
lukazs2: calls $1.19
*** RIVER *** [9d 3c 4h 5c] [Js]
poker_soul11: bets $1.16
lukazs2: folds 
Uncalled bet ($1.16) returned to poker_soul11
poker_soul11 collected $4.64 from pot
poker_soul11: doesn't show hand 
*** SUMMARY ***
Total pot $4.88 | Rake $0.24 
Board [9d 3c 4h 5c Js]
Seat 1: lukazs2 folded on the River
Seat 2: nastja336 folded before Flop (didn't bet)
Seat 3: 06Hookd (button) folded before Flop (didn't bet)
Seat 4: raketkasix (small blind) folded before Flop
Seat 5: poker_soul11 (big blind) collected ($4.64)
Seat 6: YeeesMan folded before Flop (didn't bet)



PokerStars Hand #254415735309:  Hold'em No Limit ($0.50/$1.00 USD) - 2025/01/17 16:31:11 WET [2025/01/17 11:31:11 ET]
Table 'Ragazza III' 6-max Seat #4 is the button
Seat 1: lukazs2 ($96.49 in chips) 
Seat 2: nastja336 ($100 in chips) 
Seat 3: 06Hookd ($84.84 in chips) 
Seat 4: raketkasix ($112.16 in chips) 
Seat 5: poker_soul11 ($111.03 in chips) 
Seat 6: YeeesMan ($107.95 in chips) 
poker_soul11: posts small blind $0.50
YeeesMan: posts big blind $1
*** HOLE CARDS ***
lukazs2: raises $3 to $4
nastja336: folds 
06Hookd: folds 
raketkasix: raises $8 to $12
poker_soul11: folds 
YeeesMan: folds 
lukazs2: calls $8
*** FLOP *** [Jd 4s 3d]
lukazs2: checks 
raketkasix: bets $12.11
lukazs2: folds 
Uncalled bet ($12.11) returned to raketkasix
raketkasix collected $24.22 from pot
raketkasix: doesn't show hand 
*** SUMMARY ***
Total pot $25.50 | Rake $1.28 
Board [Jd 4s 3d]
Seat 1: lukazs2 folded on the Flop
Seat 2: nastja336 folded before Flop (didn't bet)
Seat 3: 06Hookd folded before Flop (didn't bet)
Seat 4: raketkasix (button) collected ($24.22)
Seat 5: poker_soul11 (small blind) folded before Flop
Seat 6: YeeesMan (big blind) folded before Flop



PokerStars Hand #254415745540:  Hold'em No Limit ($0.50/$1.00 USD) - 2025/01/17 16:31:55 WET [2025/01/17 11:31:55 ET]
Table 'Ragazza III' 6-max Seat #5 is the button
Seat 1: lukazs2 ($84.49 in chips) 
Seat 2: nastja336 ($100 in chips) 
Seat 3: 06Hookd ($84.84 in chips) 
Seat 4: raketkasix ($124.38 in chips) 
Seat 5: poker_soul11 ($110.53 in chips) 
Seat 6: YeeesMan ($106.95 in chips) 
YeeesMan: posts small blind $0.50
lukazs2: posts big blind $1
*** HOLE CARDS ***
nastja336: folds 
06Hookd: folds 
raketkasix: folds 
poker_soul11: folds 
YeeesMan: folds 
Uncalled bet ($0.50) returned to lukazs2
lukazs2 collected $1 from pot
*** SUMMARY ***
Total pot $1 | Rake $0 
Seat 1: lukazs2 (big blind) collected ($1)
Seat 2: nastja336 folded before Flop (didn't bet)
Seat 3: 06Hookd folded before Flop (didn't bet)
Seat 4: raketkasix folded before Flop (didn't bet)
Seat 5: poker_soul11 (button) folded before Flop (didn't bet)
Seat 6: YeeesMan (small blind) folded before Flop



PokerStars Hand #254415749575:  Hold'em No Limit ($0.50/$1.00 USD) - 2025/01/17 16:32:13 WET [2025/01/17 11:32:13 ET]
Table 'Ragazza III' 6-max Seat #6 is the button
Seat 1: lukazs2 ($84.99 in chips) 
Seat 2: nastja336 ($100 in chips) 
Seat 3: 06Hookd ($84.84 in chips) 
Seat 4: raketkasix ($124.38 in chips) 
Seat 5: poker_soul11 ($110.53 in chips) 
Seat 6: YeeesMan ($106.45 in chips) 
lukazs2: posts small blind $0.50
nastja336: posts big blind $1
*** HOLE CARDS ***
06Hookd: folds 
raketkasix: folds 
poker_soul11: raises $1.20 to $2.20
YeeesMan: folds 
lukazs2: calls $1.70
nastja336: calls $1.20
*** FLOP *** [Js 2c 3d]
lukazs2 has timed out
lukazs2: checks 
nastja336: checks 
poker_soul11: checks 
*** TURN *** [Js 2c 3d] [2h]
lukazs2: bets $3.14
nastja336: calls $3.14
poker_soul11: folds 
*** RIVER *** [Js 2c 3d 2h] [As]
lukazs2: checks 
nastja336: bets $10.40
lukazs2: calls $10.40
*** SHOW DOWN ***
nastja336: shows [5s 4s] (a straight, Ace to Five)
lukazs2: mucks hand 
nastja336 collected $32 from pot
*** SUMMARY ***
Total pot $33.68 | Rake $1.68 
Board [Js 2c 3d 2h As]
Seat 1: lukazs2 (small blind) mucked
Seat 2: nastja336 (big blind) showed [5s 4s] and won ($32) with a straight, Ace to Five
Seat 3: 06Hookd folded before Flop (didn't bet)
Seat 4: raketkasix folded before Flop (didn't bet)
Seat 5: poker_soul11 folded on the Turn
Seat 6: YeeesMan (button) folded before Flop (didn't bet)



PokerStars Hand #254415768676:  Hold'em No Limit ($0.50/$1.00 USD) - 2025/01/17 16:33:35 WET [2025/01/17 11:33:35 ET]
Table 'Ragazza III' 6-max Seat #1 is the button
Seat 1: lukazs2 ($69.25 in chips) 
Seat 2: nastja336 ($116.26 in chips) 
Seat 3: 06Hookd ($84.84 in chips) 
Seat 4: raketkasix ($124.38 in chips) 
Seat 5: poker_soul11 ($108.33 in chips) 
Seat 6: YeeesMan ($106.45 in chips) 
nastja336: posts small blind $0.50
06Hookd: posts big blind $1
*** HOLE CARDS ***
raketkasix: folds 
poker_soul11: folds 
YeeesMan: folds 
lukazs2: raises $4 to $5
nastja336: folds 
06Hookd: folds 
Uncalled bet ($4) returned to lukazs2
lukazs2 collected $2.50 from pot
*** SUMMARY ***
Total pot $2.50 | Rake $0 
Seat 1: lukazs2 (button) collected ($2.50)
Seat 2: nastja336 (small blind) folded before Flop
Seat 3: 06Hookd (big blind) folded before Flop
Seat 4: raketkasix folded before Flop (didn't bet)
Seat 5: poker_soul11 folded before Flop (didn't bet)
Seat 6: YeeesMan folded before Flop (didn't bet)



PokerStars Hand #254415773684:  Hold'em No Limit ($0.50/$1.00 USD) - 2025/01/17 16:33:57 WET [2025/01/17 11:33:57 ET]
Table 'Ragazza III' 6-max Seat #2 is the button
Seat 1: lukazs2 ($70.75 in chips) 
Seat 2: nastja336 ($115.76 in chips) 
Seat 3: 06Hookd ($83.84 in chips) 
Seat 4: raketkasix ($124.38 in chips) 
Seat 5: poker_soul11 ($108.33 in chips) 
Seat 6: YeeesMan ($106.45 in chips) 
06Hookd: posts small blind $0.50
raketkasix: posts big blind $1
*** HOLE CARDS ***
poker_soul11: folds 
YeeesMan: folds 
lukazs2: raises $2 to $3
nastja336: folds 
06Hookd: folds 
raketkasix: folds 
Uncalled bet ($2) returned to lukazs2
lukazs2 collected $2.50 from pot
*** SUMMARY ***
Total pot $2.50 | Rake $0 
Seat 1: lukazs2 collected ($2.50)
Seat 2: nastja336 (button) folded before Flop (didn't bet)
Seat 3: 06Hookd (small blind) folded before Flop
Seat 4: raketkasix (big blind) folded before Flop
Seat 5: poker_soul11 folded before Flop (didn't bet)
Seat 6: YeeesMan folded before Flop (didn't bet)



PokerStars Hand #254415789597:  Hold'em No Limit ($0.50/$1.00 USD) - 2025/01/17 16:35:06 WET [2025/01/17 11:35:06 ET]
Table 'Ragazza III' 6-max Seat #4 is the button
Seat 1: lukazs2 ($70.25 in chips) 
Seat 2: nastja336 ($115.76 in chips) 
Seat 3: 06Hookd ($83.34 in chips) 
Seat 4: raketkasix ($122.88 in chips) 
Seat 5: poker_soul11 ($110.61 in chips) 
Seat 6: YeeesMan ($106.45 in chips) 
poker_soul11: posts small blind $0.50
YeeesMan: posts big blind $1
*** HOLE CARDS ***
lukazs2: raises $2.50 to $3.50
nastja336: folds 
06Hookd: raises $6.50 to $10
raketkasix: folds 
poker_soul11: folds 
YeeesMan: folds 
lukazs2: calls $6.50
*** FLOP *** [5s 8s Qc]
lukazs2: checks 
06Hookd: checks 
*** TURN *** [5s 8s Qc] [8d]
lukazs2: checks 
06Hookd: checks 
*** RIVER *** [5s 8s Qc 8d] [7h]
lukazs2: checks 
06Hookd: checks 
*** SHOW DOWN ***
lukazs2: shows [4d 3d] (a pair of Eights)
06Hookd: shows [Ah Kc] (a pair of Eights - Ace kicker)
06Hookd collected $20.42 from pot
*** SUMMARY ***
Total pot $21.50 | Rake $1.08 
Board [5s 8s Qc 8d 7h]
Seat 1: lukazs2 showed [4d 3d] and lost with a pair of Eights
Seat 2: nastja336 folded before Flop (didn't bet)
Seat 3: 06Hookd showed [Ah Kc] and won ($20.42) with a pair of Eights
Seat 4: raketkasix (button) folded before Flop (didn't bet)
Seat 5: poker_soul11 (small blind) folded before Flop
Seat 6: YeeesMan (big blind) folded before Flop



PokerStars Hand #254415801201:  Hold'em No Limit ($0.50/$1.00 USD) - 2025/01/17 16:35:56 WET [2025/01/17 11:35:56 ET]
Table 'Ragazza III' 6-max Seat #5 is the button
Seat 1: lukazs2 ($60.25 in chips) 
Seat 2: nastja336 ($115.76 in chips) 
Seat 3: 06Hookd ($93.76 in chips) 
Seat 4: raketkasix ($122.88 in chips) 
Seat 5: poker_soul11 ($110.11 in chips) 
Seat 6: YeeesMan ($105.45 in chips) 
YeeesMan: posts small blind $0.50
lukazs2: posts big blind $1
*** HOLE CARDS ***
nastja336: folds 
06Hookd: folds 
raketkasix: raises $1.50 to $2.50
poker_soul11: folds 
YeeesMan: folds 
lukazs2: calls $1.50
*** FLOP *** [3c Tc 7h]
lukazs2: checks 
raketkasix: checks 
*** TURN *** [3c Tc 7h] [2h]
lukazs2: bets $2.61
raketkasix: calls $2.61
*** RIVER *** [3c Tc 7h 2h] [As]
lukazs2: checks 
raketkasix: bets $7.64
lukazs2: folds 
Uncalled bet ($7.64) returned to raketkasix
raketkasix collected $10.18 from pot
raketkasix: doesn't show hand 
*** SUMMARY ***
Total pot $10.72 | Rake $0.54 
Board [3c Tc 7h 2h As]
Seat 1: lukazs2 (big blind) folded on the River
Seat 2: nastja336 folded before Flop (didn't bet)
Seat 3: 06Hookd folded before Flop (didn't bet)
Seat 4: raketkasix collected ($10.18)
Seat 5: poker_soul11 (button) folded before Flop (didn't bet)
Seat 6: YeeesMan (small blind) folded before Flop



PokerStars Hand #254415820298:  Hold'em No Limit ($0.50/$1.00 USD) - 2025/01/17 16:37:18 WET [2025/01/17 11:37:18 ET]
Table 'Ragazza III' 6-max Seat #6 is the button
Seat 1: lukazs2 ($55.14 in chips) 
Seat 2: nastja336 ($115.76 in chips) 
Seat 3: 06Hookd ($93.76 in chips) 
Seat 4: raketkasix ($127.95 in chips) 
Seat 5: poker_soul11 ($110.11 in chips) 
Seat 6: YeeesMan ($104.95 in chips) 
lukazs2: posts small blind $0.50
nastja336: posts big blind $1
*** HOLE CARDS ***
06Hookd: raises $1 to $2
raketkasix: folds 
poker_soul11: folds 
YeeesMan: folds 
lukazs2: calls $1.50
nastja336: folds 
*** FLOP *** [7h Ad Qc]
lukazs2: checks 
06Hookd: checks 
*** TURN *** [7h Ad Qc] [4h]
lukazs2: checks 
06Hookd: bets $2.47
lukazs2: calls $2.47
*** RIVER *** [7h Ad Qc 4h] [2h]
lukazs2: checks 
06Hookd: bets $6.23
lukazs2: folds 
Uncalled bet ($6.23) returned to 06Hookd
06Hookd collected $9.44 from pot
06Hookd: doesn't show hand 
*** SUMMARY ***
Total pot $9.94 | Rake $0.50 
Board [7h Ad Qc 4h 2h]
Seat 1: lukazs2 (small blind) folded on the River
Seat 2: nastja336 (big blind) folded before Flop
Seat 3: 06Hookd collected ($9.44)
Seat 4: raketkasix folded before Flop (didn't bet)
Seat 5: poker_soul11 folded before Flop (didn't bet)
Seat 6: YeeesMan (button) folded before Flop (didn't bet)



PokerStars Hand #254415838436:  Hold'em No Limit ($0.50/$1.00 USD) - 2025/01/17 16:38:36 WET [2025/01/17 11:38:36 ET]
Table 'Ragazza III' 6-max Seat #1 is the button
Seat 1: lukazs2 ($50.67 in chips) 
Seat 2: nastja336 ($114.76 in chips) 
Seat 3: 06Hookd ($98.73 in chips) 
Seat 4: raketkasix ($127.95 in chips) 
Seat 5: poker_soul11 ($110.11 in chips) 
Seat 6: YeeesMan ($104.95 in chips) 
nastja336: posts small blind $0.50
06Hookd: posts big blind $1
*** HOLE CARDS ***
raketkasix: folds 
poker_soul11: folds 
YeeesMan: folds 
lukazs2: folds 
nastja336: raises $2 to $3
06Hookd: folds 
Uncalled bet ($2) returned to nastja336
nastja336 collected $2 from pot
nastja336: doesn't show hand 
*** SUMMARY ***
Total pot $2 | Rake $0 
Seat 1: lukazs2 (button) folded before Flop (didn't bet)
Seat 2: nastja336 (small blind) collected ($2)
Seat 3: 06Hookd (big blind) folded before Flop
Seat 4: raketkasix folded before Flop (didn't bet)
Seat 5: poker_soul11 folded before Flop (didn't bet)
Seat 6: YeeesMan folded before Flop (didn't bet)



PokerStars Hand #254415844690:  Hold'em No Limit ($0.50/$1.00 USD) - 2025/01/17 16:39:03 WET [2025/01/17 11:39:03 ET]
Table 'Ragazza III' 6-max Seat #2 is the button
Seat 1: lukazs2 ($50.67 in chips) 
Seat 2: nastja336 ($115.76 in chips) 
Seat 3: 06Hookd ($97.73 in chips) 
Seat 4: raketkasix ($127.95 in chips) 
Seat 5: poker_soul11 ($110.11 in chips) 
Seat 6: YeeesMan ($104.95 in chips) 
06Hookd: posts small blind $0.50
raketkasix: posts big blind $1
*** HOLE CARDS ***
poker_soul11: folds 
YeeesMan: raises $1.50 to $2.50
lukazs2: raises $1.50 to $4
nastja336: calls $4
06Hookd: folds 
raketkasix: folds 
YeeesMan: calls $1.50
*** FLOP *** [5d Td 3s]
YeeesMan: checks 
lukazs2: bets $12.82
nastja336: raises $98.94 to $111.76 and is all-in
YeeesMan: folds 
lukazs2: calls $33.85 and is all-in
Uncalled bet ($65.09) returned to nastja336
*** TURN *** [5d Td 3s] [6c]
*** RIVER *** [5d Td 3s 6c] [4d]
*** SHOW DOWN ***
lukazs2: shows [Ts Kd] (a pair of Tens)
nastja336: shows [Jd Qd] (a flush, Queen high)
nastja336 collected $104.34 from pot
*** SUMMARY ***
Total pot $106.84 | Rake $2.50 
Board [5d Td 3s 6c 4d]
Seat 1: lukazs2 showed [Ts Kd] and lost with a pair of Tens
Seat 2: nastja336 (button) showed [Jd Qd] and won ($104.34) with a flush, Queen high
Seat 3: 06Hookd (small blind) folded before Flop
Seat 4: raketkasix (big blind) folded before Flop
Seat 5: poker_soul11 folded before Flop (didn't bet)
Seat 6: YeeesMan folded on the Flop



PokerStars Hand #254415862538:  Hold'em No Limit ($0.50/$1.00 USD) - 2025/01/17 16:40:20 WET [2025/01/17 11:40:20 ET]
Table 'Ragazza III' 6-max Seat #3 is the button
Seat 1: lukazs2 ($0 in chips) is sitting out
Seat 2: nastja336 ($169.43 in chips) 
Seat 3: 06Hookd ($97.23 in chips) 
Seat 4: raketkasix ($126.95 in chips) 
Seat 5: poker_soul11 ($110.11 in chips) 
Seat 6: YeeesMan ($100.95 in chips) 
raketkasix: posts small blind $0.50
poker_soul11: posts big blind $1
*** HOLE CARDS ***
YeeesMan: raises $1.50 to $2.50
nastja336: folds 
06Hookd: folds 
raketkasix: folds 
poker_soul11: calls $1.50
*** FLOP *** [Ks 7s Ts]
poker_soul11: checks 
YeeesMan: checks 
*** TURN *** [Ks 7s Ts] [8h]
poker_soul11: bets $2.61
YeeesMan: calls $2.61
*** RIVER *** [Ks 7s Ts 8h] [2d]
poker_soul11: bets $5.09
YeeesMan: calls $5.09
*** SHOW DOWN ***
poker_soul11: shows [5s 3s] (a flush, King high)
YeeesMan: mucks hand 
poker_soul11 collected $19.86 from pot
*** SUMMARY ***
Total pot $20.90 | Rake $1.04 
Board [Ks 7s Ts 8h 2d]
Seat 1: lukazs2
Seat 2: nastja336 folded before Flop (didn't bet)
Seat 3: 06Hookd (button) folded before Flop (didn't bet)
Seat 4: raketkasix (small blind) folded before Flop
Seat 5: poker_soul11 (big blind) showed [5s 3s] and won ($19.86) with a flush, King high
Seat 6: YeeesMan mucked



PokerStars Hand #254415879136:  Hold'em No Limit ($0.50/$1.00 USD) - 2025/01/17 16:41:31 WET [2025/01/17 11:41:31 ET]
Table 'Ragazza III' 6-max Seat #4 is the button
Seat 1: lukazs2 ($100 in chips) 
Seat 2: nastja336 ($169.43 in chips) 
Seat 3: 06Hookd ($97.23 in chips) 
Seat 4: raketkasix ($126.45 in chips) 
Seat 5: poker_soul11 ($119.77 in chips) 
Seat 6: YeeesMan ($100 in chips) 
poker_soul11: posts small blind $0.50
YeeesMan: posts big blind $1
*** HOLE CARDS ***
lukazs2: raises $2 to $3
nastja336: folds 
06Hookd: raises $6 to $9
raketkasix: folds 
poker_soul11: folds 
YeeesMan: folds 
lukazs2: calls $6
*** FLOP *** [Ts Qd 9s]
lukazs2: bets $91 and is all-in
06Hookd: folds 
Uncalled bet ($91) returned to lukazs2
lukazs2 collected $18.52 from pot
*** SUMMARY ***
Total pot $19.50 | Rake $0.98 
Board [Ts Qd 9s]
Seat 1: lukazs2 collected ($18.52)
Seat 2: nastja336 folded before Flop (didn't bet)
Seat 3: 06Hookd folded on the Flop
Seat 4: raketkasix (button) folded before Flop (didn't bet)
Seat 5: poker_soul11 (small blind) folded before Flop
Seat 6: YeeesMan (big blind) folded before Flop



PokerStars Hand #254415885623:  Hold'em No Limit ($0.50/$1.00 USD) - 2025/01/17 16:42:00 WET [2025/01/17 11:42:00 ET]
Table 'Ragazza III' 6-max Seat #5 is the button
Seat 1: lukazs2 ($109.52 in chips) 
Seat 2: nastja336 ($169.43 in chips) 
Seat 3: 06Hookd ($88.23 in chips) 
Seat 4: raketkasix ($126.45 in chips) 
Seat 5: poker_soul11 ($119.27 in chips) 
Seat 6: YeeesMan ($100 in chips) 
YeeesMan: posts small blind $0.50
lukazs2: posts big blind $1
*** HOLE CARDS ***
nastja336: folds 
06Hookd: folds 
raketkasix: raises $1.50 to $2.50
poker_soul11: raises $5 to $7.50
YeeesMan: folds 
lukazs2: folds 
raketkasix: folds 
Uncalled bet ($5) returned to poker_soul11
poker_soul11 collected $6.50 from pot
poker_soul11: doesn't show hand 
*** SUMMARY ***
Total pot $6.50 | Rake $0 
Seat 1: lukazs2 (big blind) folded before Flop
Seat 2: nastja336 folded before Flop (didn't bet)
Seat 3: 06Hookd folded before Flop (didn't bet)
Seat 4: raketkasix folded before Flop
Seat 5: poker_soul11 (button) collected ($6.50)
Seat 6: YeeesMan (small blind) folded before Flop



PokerStars Hand #254415895915:  Hold'em No Limit ($0.50/$1.00 USD) - 2025/01/17 16:42:44 WET [2025/01/17 11:42:44 ET]
Table 'Ragazza III' 6-max Seat #6 is the button
Seat 1: lukazs2 ($108.52 in chips) 
Seat 2: nastja336 ($169.43 in chips) 
Seat 3: 06Hookd ($88.23 in chips) 
Seat 4: raketkasix ($123.95 in chips) 
Seat 5: poker_soul11 ($123.27 in chips) 
Seat 6: YeeesMan ($100 in chips) 
lukazs2: posts small blind $0.50
nastja336: posts big blind $1
*** HOLE CARDS ***
06Hookd: folds 
raketkasix: folds 
poker_soul11: folds 
YeeesMan: folds 
lukazs2: raises $3 to $4
nastja336: folds 
Uncalled bet ($3) returned to lukazs2
lukazs2 collected $2 from pot
*** SUMMARY ***
Total pot $2 | Rake $0 
Seat 1: lukazs2 (small blind) collected ($2)
Seat 2: nastja336 (big blind) folded before Flop
Seat 3: 06Hookd folded before Flop (didn't bet)
Seat 4: raketkasix folded before Flop (didn't bet)
Seat 5: poker_soul11 folded before Flop (didn't bet)
Seat 6: YeeesMan (button) folded before Flop (didn't bet)



PokerStars Hand #254415901488:  Hold'em No Limit ($0.50/$1.00 USD) - 2025/01/17 16:43:08 WET [2025/01/17 11:43:08 ET]
Table 'Ragazza III' 6-max Seat #1 is the button
Seat 1: lukazs2 ($109.52 in chips) 
Seat 2: nastja336 ($168.43 in chips) 
Seat 3: 06Hookd ($88.23 in chips) 
Seat 4: raketkasix ($123.95 in chips) 
Seat 5: poker_soul11 ($123.27 in chips) 
Seat 6: YeeesMan ($100 in chips) 
nastja336: posts small blind $0.50
06Hookd: posts big blind $1
*** HOLE CARDS ***
raketkasix: folds 
poker_soul11: folds 
YeeesMan: folds 
lukazs2: raises $4.50 to $5.50
nastja336: folds 
06Hookd: folds 
Uncalled bet ($4.50) returned to lukazs2
lukazs2 collected $2.50 from pot
*** SUMMARY ***
Total pot $2.50 | Rake $0 
Seat 1: lukazs2 (button) collected ($2.50)
Seat 2: nastja336 (small blind) folded before Flop
Seat 3: 06Hookd (big blind) folded before Flop
Seat 4: raketkasix folded before Flop (didn't bet)
Seat 5: poker_soul11 folded before Flop (didn't bet)
Seat 6: YeeesMan folded before Flop (didn't bet)



PokerStars Hand #254415906989:  Hold'em No Limit ($0.50/$1.00 USD) - 2025/01/17 16:43:31 WET [2025/01/17 11:43:31 ET]
Table 'Ragazza III' 6-max Seat #2 is the button
Seat 1: lukazs2 ($111.02 in chips) 
Seat 2: nastja336 ($167.93 in chips) 
Seat 3: 06Hookd ($87.23 in chips) 
Seat 4: raketkasix ($123.95 in chips) 
Seat 5: poker_soul11 ($123.27 in chips) 
Seat 6: YeeesMan ($100 in chips) 
06Hookd: posts small blind $0.50
raketkasix: posts big blind $1
*** HOLE CARDS ***
poker_soul11: folds 
YeeesMan: folds 
lukazs2: calls $1
nastja336: folds 
06Hookd: raises $4 to $5
raketkasix: folds 
lukazs2 is connected 
lukazs2: calls $4
*** FLOP *** [5h 5d 5c]
06Hookd: bets $6.90
lukazs2: folds 
Uncalled bet ($6.90) returned to 06Hookd
06Hookd collected $10.45 from pot
06Hookd: doesn't show hand 
*** SUMMARY ***
Total pot $11 | Rake $0.55 
Board [5h 5d 5c]
Seat 1: lukazs2 folded on the Flop
Seat 2: nastja336 (button) folded before Flop (didn't bet)
Seat 3: 06Hookd (small blind) collected ($10.45)
Seat 4: raketkasix (big blind) folded before Flop
Seat 5: poker_soul11 folded before Flop (didn't bet)
Seat 6: YeeesMan folded before Flop (didn't bet)



PokerStars Hand #254415915262:  Hold'em No Limit ($0.50/$1.00 USD) - 2025/01/17 16:44:07 WET [2025/01/17 11:44:07 ET]
Table 'Ragazza III' 6-max Seat #3 is the button
Seat 1: lukazs2 ($106.02 in chips) 
Seat 2: nastja336 ($167.93 in chips) 
Seat 3: 06Hookd ($92.68 in chips) 
Seat 4: raketkasix ($122.95 in chips) 
Seat 5: poker_soul11 ($123.27 in chips) 
Seat 6: YeeesMan ($100 in chips) 
raketkasix: posts small blind $0.50
poker_soul11: posts big blind $1
*** HOLE CARDS ***
YeeesMan: folds 
lukazs2: raises $2.50 to $3.50
nastja336: folds 
06Hookd: folds 
raketkasix: raises $8.50 to $12
poker_soul11: folds 
lukazs2: calls $8.50
*** FLOP *** [7h 9s 8d]
raketkasix: checks 
lukazs2: bets $11.88
raketkasix: folds 
Uncalled bet ($11.88) returned to lukazs2
lukazs2 collected $23.75 from pot
*** SUMMARY ***
Total pot $25 | Rake $1.25 
Board [7h 9s 8d]
Seat 1: lukazs2 collected ($23.75)
Seat 2: nastja336 folded before Flop (didn't bet)
Seat 3: 06Hookd (button) folded before Flop (didn't bet)
Seat 4: raketkasix (small blind) folded on the Flop
Seat 5: poker_soul11 (big blind) folded before Flop
Seat 6: YeeesMan folded before Flop (didn't bet)



PokerStars Hand #254415928250:  Hold'em No Limit ($0.50/$1.00 USD) - 2025/01/17 16:45:03 WET [2025/01/17 11:45:03 ET]
Table 'Ragazza III' 6-max Seat #4 is the button
Seat 1: lukazs2 ($117.77 in chips) 
Seat 2: nastja336 ($167.93 in chips) 
Seat 3: 06Hookd ($92.68 in chips) 
Seat 4: raketkasix ($110.95 in chips) 
Seat 5: poker_soul11 ($122.27 in chips) 
Seat 6: YeeesMan ($100 in chips) 
poker_soul11: posts small blind $0.50
YeeesMan: posts big blind $1
*** HOLE CARDS ***
lukazs2: raises $3 to $4
nastja336: folds 
06Hookd: folds 
raketkasix: folds 
poker_soul11: folds 
YeeesMan: folds 
Uncalled bet ($3) returned to lukazs2
lukazs2 collected $2.50 from pot
*** SUMMARY ***
Total pot $2.50 | Rake $0 
Seat 1: lukazs2 collected ($2.50)
Seat 2: nastja336 folded before Flop (didn't bet)
Seat 3: 06Hookd folded before Flop (didn't bet)
Seat 4: raketkasix (button) folded before Flop (didn't bet)
Seat 5: poker_soul11 (small blind) folded before Flop
Seat 6: YeeesMan (big blind) folded before Flop



PokerStars Hand #254415931694:  Hold'em No Limit ($0.50/$1.00 USD) - 2025/01/17 16:45:18 WET [2025/01/17 11:45:18 ET]
Table 'Ragazza III' 6-max Seat #5 is the button
Seat 1: lukazs2 ($119.27 in chips) 
Seat 2: nastja336 ($167.93 in chips) 
Seat 3: 06Hookd ($92.68 in chips) 
Seat 4: raketkasix ($110.95 in chips) 
Seat 5: poker_soul11 ($121.77 in chips) 
Seat 6: YeeesMan ($100 in chips) 
YeeesMan: posts small blind $0.50
lukazs2: posts big blind $1
*** HOLE CARDS ***
nastja336: raises $1.50 to $2.50
06Hookd: folds 
raketkasix: folds 
poker_soul11: folds 
YeeesMan: folds 
lukazs2: calls $1.50
*** FLOP *** [Ad 8s Ah]
lukazs2: checks 
nastja336: bets $1.72
lukazs2: folds 
Uncalled bet ($1.72) returned to nastja336
nastja336 collected $5.22 from pot
nastja336: doesn't show hand 
*** SUMMARY ***
Total pot $5.50 | Rake $0.28 
Board [Ad 8s Ah]
Seat 1: lukazs2 (big blind) folded on the Flop
Seat 2: nastja336 collected ($5.22)
Seat 3: 06Hookd folded before Flop (didn't bet)
Seat 4: raketkasix folded before Flop (didn't bet)
Seat 5: poker_soul11 (button) folded before Flop (didn't bet)
Seat 6: YeeesMan (small blind) folded before Flop



PokerStars Hand #254415937160:  Hold'em No Limit ($0.50/$1.00 USD) - 2025/01/17 16:45:41 WET [2025/01/17 11:45:41 ET]
Table 'Ragazza III' 6-max Seat #6 is the button
Seat 1: lukazs2 ($116.77 in chips) 
Seat 2: nastja336 ($170.65 in chips) 
Seat 3: 06Hookd ($92.68 in chips) 
Seat 4: raketkasix ($110.95 in chips) 
Seat 5: poker_soul11 ($121.77 in chips) 
Seat 6: YeeesMan ($100 in chips) 
lukazs2: posts small blind $0.50
nastja336: posts big blind $1
*** HOLE CARDS ***
06Hookd: raises $1 to $2
raketkasix: folds 
poker_soul11: folds 
YeeesMan: folds 
lukazs2: raises $5 to $7
nastja336: folds 
06Hookd: calls $5
*** FLOP *** [8h 8s 5s]
lukazs2: bets $7.13
06Hookd: folds 
Uncalled bet ($7.13) returned to lukazs2
lukazs2 collected $14.25 from pot
*** SUMMARY ***
Total pot $15 | Rake $0.75 
Board [8h 8s 5s]
Seat 1: lukazs2 (small blind) collected ($14.25)
Seat 2: nastja336 (big blind) folded before Flop
Seat 3: 06Hookd folded on the Flop
Seat 4: raketkasix folded before Flop (didn't bet)
Seat 5: poker_soul11 folded before Flop (didn't bet)
Seat 6: YeeesMan (button) folded before Flop (didn't bet)



PokerStars Hand #254415946497:  Hold'em No Limit ($0.50/$1.00 USD) - 2025/01/17 16:46:22 WET [2025/01/17 11:46:22 ET]
Table 'Ragazza III' 6-max Seat #1 is the button
Seat 1: lukazs2 ($124.02 in chips) 
Seat 2: nastja336 ($169.65 in chips) 
Seat 3: 06Hookd ($85.68 in chips) 
Seat 4: raketkasix ($110.95 in chips) 
Seat 5: poker_soul11 ($121.77 in chips) 
Seat 6: YeeesMan ($100 in chips) 
nastja336: posts small blind $0.50
06Hookd: posts big blind $1
*** HOLE CARDS ***
raketkasix: raises $1.50 to $2.50
poker_soul11: folds 
YeeesMan: folds 
lukazs2: raises $1.50 to $4
nastja336: folds 
06Hookd: folds 
raketkasix: calls $1.50
*** FLOP *** [6d 2c 8s]
raketkasix: checks 
lukazs2: bets $1
raketkasix: calls $1
*** TURN *** [6d 2c 8s] [8c]
raketkasix: checks 
lukazs2: bets $1
raketkasix: calls $1
*** RIVER *** [6d 2c 8s 8c] [9h]
raketkasix: checks 
lukazs2 has timed out
lukazs2: checks 
*** SHOW DOWN ***
raketkasix: shows [9d Kd] (two pair, Nines and Eights)
lukazs2: mucks hand 
raketkasix collected $12.82 from pot
*** SUMMARY ***
Total pot $13.50 | Rake $0.68 
Board [6d 2c 8s 8c 9h]
Seat 1: lukazs2 (button) mucked
Seat 2: nastja336 (small blind) folded before Flop
Seat 3: 06Hookd (big blind) folded before Flop
Seat 4: raketkasix showed [9d Kd] and won ($12.82) with two pair, Nines and Eights
Seat 5: poker_soul11 folded before Flop (didn't bet)
Seat 6: YeeesMan folded before Flop (didn't bet)



PokerStars Hand #254415972775:  Hold'em No Limit ($0.50/$1.00 USD) - 2025/01/17 16:48:15 WET [2025/01/17 11:48:15 ET]
Table 'Ragazza III' 6-max Seat #2 is the button
Seat 1: lukazs2 ($118.02 in chips) 
Seat 2: nastja336 ($169.15 in chips) 
Seat 3: 06Hookd ($84.68 in chips) 
Seat 4: raketkasix ($117.77 in chips) 
Seat 5: poker_soul11 ($121.77 in chips) 
Seat 6: YeeesMan ($100 in chips) 
06Hookd: posts small blind $0.50
raketkasix: posts big blind $1
*** HOLE CARDS ***
poker_soul11: folds 
YeeesMan: folds 
lukazs2: raises $2.50 to $3.50
nastja336: folds 
06Hookd: folds 
raketkasix: folds 
Uncalled bet ($2.50) returned to lukazs2
lukazs2 collected $2.50 from pot
*** SUMMARY ***
Total pot $2.50 | Rake $0 
Seat 1: lukazs2 collected ($2.50)
Seat 2: nastja336 (button) folded before Flop (didn't bet)
Seat 3: 06Hookd (small blind) folded before Flop
Seat 4: raketkasix (big blind) folded before Flop
Seat 5: poker_soul11 folded before Flop (didn't bet)
Seat 6: YeeesMan folded before Flop (didn't bet)



PokerStars Hand #254415980284:  Hold'em No Limit ($0.50/$1.00 USD) - 2025/01/17 16:48:48 WET [2025/01/17 11:48:48 ET]
Table 'Ragazza III' 6-max Seat #3 is the button
Seat 1: lukazs2 ($119.52 in chips) 
Seat 2: nastja336 ($169.15 in chips) 
Seat 3: 06Hookd ($84.18 in chips) 
Seat 4: raketkasix ($116.77 in chips) 
Seat 5: poker_soul11 ($121.77 in chips) 
Seat 6: YeeesMan ($100 in chips) 
raketkasix: posts small blind $0.50
poker_soul11: posts big blind $1
*** HOLE CARDS ***
YeeesMan: folds 
lukazs2: raises $7 to $8
nastja336: folds 
06Hookd: folds 
raketkasix: folds 
poker_soul11: folds 
Uncalled bet ($7) returned to lukazs2
lukazs2 collected $2.50 from pot
*** SUMMARY ***
Total pot $2.50 | Rake $0 
Seat 1: lukazs2 collected ($2.50)
Seat 2: nastja336 folded before Flop (didn't bet)
Seat 3: 06Hookd (button) folded before Flop (didn't bet)
Seat 4: raketkasix (small blind) folded before Flop
Seat 5: poker_soul11 (big blind) folded before Flop
Seat 6: YeeesMan folded before Flop (didn't bet)



PokerStars Hand #254415983957:  Hold'em No Limit ($0.50/$1.00 USD) - 2025/01/17 16:49:03 WET [2025/01/17 11:49:03 ET]
Table 'Ragazza III' 6-max Seat #4 is the button
Seat 1: lukazs2 ($121.02 in chips) 
Seat 2: nastja336 ($169.15 in chips) 
Seat 3: 06Hookd ($84.18 in chips) 
Seat 4: raketkasix ($116.27 in chips) 
Seat 5: poker_soul11 ($120.77 in chips) 
Seat 6: YeeesMan ($100 in chips) 
poker_soul11: posts small blind $0.50
YeeesMan: posts big blind $1
*** HOLE CARDS ***
lukazs2: raises $7.50 to $8.50
nastja336: folds 
06Hookd: folds 
raketkasix: folds 
poker_soul11: folds 
YeeesMan: folds 
Uncalled bet ($7.50) returned to lukazs2
lukazs2 collected $2.50 from pot
*** SUMMARY ***
Total pot $2.50 | Rake $0 
Seat 1: lukazs2 collected ($2.50)
Seat 2: nastja336 folded before Flop (didn't bet)
Seat 3: 06Hookd folded before Flop (didn't bet)
Seat 4: raketkasix (button) folded before Flop (didn't bet)
Seat 5: poker_soul11 (small blind) folded before Flop
Seat 6: YeeesMan (big blind) folded before Flop



PokerStars Hand #254415992489:  Hold'em No Limit ($0.50/$1.00 USD) - 2025/01/17 16:49:40 WET [2025/01/17 11:49:40 ET]
Table 'Ragazza III' 6-max Seat #5 is the button
Seat 1: lukazs2 ($122.52 in chips) 
Seat 2: nastja336 ($169.15 in chips) 
Seat 3: 06Hookd ($100 in chips) 
Seat 4: raketkasix ($116.27 in chips) 
Seat 5: poker_soul11 ($120.27 in chips) 
Seat 6: YeeesMan ($100 in chips) 
YeeesMan: posts small blind $0.50
lukazs2: posts big blind $1
*** HOLE CARDS ***
nastja336: folds 
06Hookd: folds 
raketkasix: folds 
poker_soul11: folds 
YeeesMan: folds 
Uncalled bet ($0.50) returned to lukazs2
lukazs2 collected $1 from pot
*** SUMMARY ***
Total pot $1 | Rake $0 
Seat 1: lukazs2 (big blind) collected ($1)
Seat 2: nastja336 folded before Flop (didn't bet)
Seat 3: 06Hookd folded before Flop (didn't bet)
Seat 4: raketkasix folded before Flop (didn't bet)
Seat 5: poker_soul11 (button) folded before Flop (didn't bet)
Seat 6: YeeesMan (small blind) folded before Flop



PokerStars Hand #254415994709:  Hold'em No Limit ($0.50/$1.00 USD) - 2025/01/17 16:49:50 WET [2025/01/17 11:49:50 ET]
Table 'Ragazza III' 6-max Seat #6 is the button
Seat 1: lukazs2 ($123.02 in chips) 
Seat 2: nastja336 ($169.15 in chips) 
Seat 3: 06Hookd ($100 in chips) 
Seat 4: raketkasix ($116.27 in chips) 
Seat 5: poker_soul11 ($120.27 in chips) 
Seat 6: YeeesMan ($100 in chips) 
lukazs2: posts small blind $0.50
nastja336: posts big blind $1
*** HOLE CARDS ***
06Hookd: raises $1 to $2
raketkasix: folds 
poker_soul11: folds 
YeeesMan: folds 
lukazs2: calls $1.50
nastja336: calls $1
*** FLOP *** [8c 4h 4c]
lukazs2 has timed out
lukazs2: checks 
nastja336: checks 
06Hookd: bets $2.96
lukazs2: calls $2.96
nastja336: folds 
*** TURN *** [8c 4h 4c] [5c]
lukazs2: bets $11.32
06Hookd: folds 
Uncalled bet ($11.32) returned to lukazs2
lukazs2 collected $11.32 from pot
*** SUMMARY ***
Total pot $11.92 | Rake $0.60 
Board [8c 4h 4c 5c]
Seat 1: lukazs2 (small blind) collected ($11.32)
Seat 2: nastja336 (big blind) folded on the Flop
Seat 3: 06Hookd folded on the Turn
Seat 4: raketkasix folded before Flop (didn't bet)
Seat 5: poker_soul11 folded before Flop (didn't bet)
Seat 6: YeeesMan (button) folded before Flop (didn't bet)



PokerStars Hand #254416007029:  Hold'em No Limit ($0.50/$1.00 USD) - 2025/01/17 16:50:44 WET [2025/01/17 11:50:44 ET]
Table 'Ragazza III' 6-max Seat #1 is the button
Seat 1: lukazs2 ($129.38 in chips) 
Seat 2: nastja336 ($167.15 in chips) 
Seat 3: 06Hookd ($95.04 in chips) 
Seat 4: raketkasix ($116.27 in chips) 
Seat 5: poker_soul11 ($120.27 in chips) 
Seat 6: YeeesMan ($100 in chips) 
nastja336: posts small blind $0.50
06Hookd: posts big blind $1
*** HOLE CARDS ***
raketkasix: folds 
poker_soul11: folds 
YeeesMan: raises $1.50 to $2.50
lukazs2: calls $2.50
nastja336: calls $2
06Hookd: folds 
*** FLOP *** [4d 7d 3s]
nastja336: bets $2.67
YeeesMan: folds 
lukazs2: calls $2.67
*** TURN *** [4d 7d 3s] [6c]
nastja336: checks 
lukazs2: checks 
*** RIVER *** [4d 7d 3s 6c] [8h]
nastja336: bets $4.34
lukazs2: folds 
Uncalled bet ($4.34) returned to nastja336
nastja336 collected $13.15 from pot
nastja336: doesn't show hand 
*** SUMMARY ***
Total pot $13.84 | Rake $0.69 
Board [4d 7d 3s 6c 8h]
Seat 1: lukazs2 (button) folded on the River
Seat 2: nastja336 (small blind) collected ($13.15)
Seat 3: 06Hookd (big blind) folded before Flop
Seat 4: raketkasix folded before Flop (didn't bet)
Seat 5: poker_soul11 folded before Flop (didn't bet)
Seat 6: YeeesMan folded on the Flop



PokerStars Hand #254416017814:  Hold'em No Limit ($0.50/$1.00 USD) - 2025/01/17 16:51:30 WET [2025/01/17 11:51:30 ET]
Table 'Ragazza III' 6-max Seat #2 is the button
Seat 1: lukazs2 ($124.21 in chips) 
Seat 2: nastja336 ($175.13 in chips) 
Seat 3: 06Hookd ($94.04 in chips) 
Seat 4: raketkasix ($116.27 in chips) 
Seat 5: poker_soul11 ($120.27 in chips) 
Seat 6: YeeesMan ($100 in chips) 
06Hookd: posts small blind $0.50
raketkasix: posts big blind $1
*** HOLE CARDS ***
poker_soul11: folds 
YeeesMan: raises $1.50 to $2.50
lukazs2: raises $5.50 to $8
nastja336: folds 
06Hookd: folds 
raketkasix: folds 
YeeesMan: calls $5.50
*** FLOP *** [3c Qh 2d]
YeeesMan: checks 
lukazs2: bets $9.31
YeeesMan: folds 
Uncalled bet ($9.31) returned to lukazs2
lukazs2 collected $16.62 from pot
*** SUMMARY ***
Total pot $17.50 | Rake $0.88 
Board [3c Qh 2d]
Seat 1: lukazs2 collected ($16.62)
Seat 2: nastja336 (button) folded before Flop (didn't bet)
Seat 3: 06Hookd (small blind) folded before Flop
Seat 4: raketkasix (big blind) folded before Flop
Seat 5: poker_soul11 folded before Flop (didn't bet)
Seat 6: YeeesMan folded on the Flop



PokerStars Hand #254416028074:  Hold'em No Limit ($0.50/$1.00 USD) - 2025/01/17 16:52:15 WET [2025/01/17 11:52:15 ET]
Table 'Ragazza III' 6-max Seat #3 is the button
Seat 1: lukazs2 ($132.83 in chips) 
Seat 2: nastja336 ($175.13 in chips) 
Seat 3: 06Hookd ($93.54 in chips) 
Seat 4: raketkasix ($115.27 in chips) 
Seat 5: poker_soul11 ($120.27 in chips) 
Seat 6: YeeesMan ($100 in chips) 
raketkasix: posts small blind $0.50
poker_soul11: posts big blind $1
*** HOLE CARDS ***
YeeesMan: raises $1.50 to $2.50
lukazs2: calls $2.50
nastja336: raises $10 to $12.50
06Hookd: folds 
raketkasix: folds 
poker_soul11: folds 
YeeesMan: folds 
lukazs2: folds 
Uncalled bet ($10) returned to nastja336
nastja336 collected $9 from pot
nastja336: doesn't show hand 
*** SUMMARY ***
Total pot $9 | Rake $0 
Seat 1: lukazs2 folded before Flop
Seat 2: nastja336 collected ($9)
Seat 3: 06Hookd (button) folded before Flop (didn't bet)
Seat 4: raketkasix (small blind) folded before Flop
Seat 5: poker_soul11 (big blind) folded before Flop
Seat 6: YeeesMan folded before Flop



PokerStars Hand #254416037878:  Hold'em No Limit ($0.50/$1.00 USD) - 2025/01/17 16:52:57 WET [2025/01/17 11:52:57 ET]
Table 'Ragazza III' 6-max Seat #4 is the button
Seat 1: lukazs2 ($130.33 in chips) 
Seat 2: nastja336 ($181.63 in chips) 
Seat 3: 06Hookd ($93.54 in chips) 
Seat 4: raketkasix ($114.77 in chips) 
Seat 5: poker_soul11 ($119.27 in chips) 
Seat 6: YeeesMan ($100 in chips) 
poker_soul11: posts small blind $0.50
YeeesMan: posts big blind $1
*** HOLE CARDS ***
lukazs2: calls $1
nastja336: raises $3 to $4
06Hookd: folds 
raketkasix: folds 
poker_soul11: folds 
YeeesMan: calls $3
lukazs2: calls $3
*** FLOP *** [8d Kd 2s]
YeeesMan: checks 
lukazs2: checks 
nastja336: bets $5.94
YeeesMan: calls $5.94
lukazs2: folds 
*** TURN *** [8d Kd 2s] [5d]
YeeesMan: checks 
nastja336: bets $17.40
YeeesMan: folds 
Uncalled bet ($17.40) returned to nastja336
nastja336 collected $23.16 from pot
nastja336: doesn't show hand 
*** SUMMARY ***
Total pot $24.38 | Rake $1.22 
Board [8d Kd 2s 5d]
Seat 1: lukazs2 folded on the Flop
Seat 2: nastja336 collected ($23.16)
Seat 3: 06Hookd folded before Flop (didn't bet)
Seat 4: raketkasix (button) folded before Flop (didn't bet)
Seat 5: poker_soul11 (small blind) folded before Flop
Seat 6: YeeesMan (big blind) folded on the Turn



PokerStars Hand #254416064969:  Hold'em No Limit ($0.50/$1.00 USD) - 2025/01/17 16:54:53 WET [2025/01/17 11:54:53 ET]
Table 'Ragazza III' 6-max Seat #5 is the button
Seat 1: lukazs2 ($126.33 in chips) 
Seat 2: nastja336 ($194.85 in chips) 
Seat 3: 06Hookd ($93.54 in chips) 
Seat 4: raketkasix ($114.77 in chips) 
Seat 5: poker_soul11 ($118.77 in chips) 
Seat 6: YeeesMan ($100 in chips) 
YeeesMan: posts small blind $0.50
lukazs2: posts big blind $1
*** HOLE CARDS ***
nastja336: folds 
06Hookd: folds 
raketkasix: folds 
poker_soul11: raises $1.20 to $2.20
YeeesMan: raises $8.80 to $11
lukazs2: calls $10
poker_soul11: folds 
*** FLOP *** [6s 3s 4d]
YeeesMan: checks 
lukazs2: bets $22.99
YeeesMan: folds 
Uncalled bet ($22.99) returned to lukazs2
lukazs2 collected $22.99 from pot
lukazs2: doesn't show hand 
*** SUMMARY ***
Total pot $24.20 | Rake $1.21 
Board [6s 3s 4d]
Seat 1: lukazs2 (big blind) collected ($22.99)
Seat 2: nastja336 folded before Flop (didn't bet)
Seat 3: 06Hookd folded before Flop (didn't bet)
Seat 4: raketkasix folded before Flop (didn't bet)
Seat 5: poker_soul11 (button) folded before Flop
Seat 6: YeeesMan (small blind) folded on the Flop



PokerStars Hand #254416075384:  Hold'em No Limit ($0.50/$1.00 USD) - 2025/01/17 16:55:45 WET [2025/01/17 11:55:45 ET]
Table 'Ragazza III' 6-max Seat #6 is the button
Seat 1: lukazs2 ($138.32 in chips) 
Seat 2: nastja336 ($194.85 in chips) 
Seat 3: 06Hookd ($93.54 in chips) 
Seat 4: raketkasix ($114.77 in chips) 
Seat 5: poker_soul11 ($116.57 in chips) 
Seat 6: YeeesMan ($100 in chips) 
lukazs2: posts small blind $0.50
nastja336: posts big blind $1
*** HOLE CARDS ***
06Hookd: folds 
raketkasix: folds 
poker_soul11: folds 
YeeesMan: folds 
lukazs2: calls $0.50
nastja336: raises $3 to $4
lukazs2: calls $3
*** FLOP *** [3d 6d Jh]
lukazs2: checks 
nastja336: checks 
*** TURN *** [3d 6d Jh] [9c]
lukazs2: checks 
nastja336: checks 
*** RIVER *** [3d 6d Jh 9c] [8d]
lukazs2: bets $1
nastja336: folds 
Uncalled bet ($1) returned to lukazs2
lukazs2 collected $7.60 from pot
*** SUMMARY ***
Total pot $8 | Rake $0.40 
Board [3d 6d Jh 9c 8d]
Seat 1: lukazs2 (small blind) collected ($7.60)
Seat 2: nastja336 (big blind) folded on the River
Seat 3: 06Hookd folded before Flop (didn't bet)
Seat 4: raketkasix folded before Flop (didn't bet)
Seat 5: poker_soul11 folded before Flop (didn't bet)
Seat 6: YeeesMan (button) folded before Flop (didn't bet)



PokerStars Hand #254416085701:  Hold'em No Limit ($0.50/$1.00 USD) - 2025/01/17 16:56:41 WET [2025/01/17 11:56:41 ET]
Table 'Ragazza III' 6-max Seat #1 is the button
Seat 1: lukazs2 ($141.92 in chips) 
Seat 2: nastja336 ($190.85 in chips) 
Seat 3: 06Hookd ($93.54 in chips) 
Seat 4: raketkasix ($114.77 in chips) 
Seat 5: poker_soul11 ($116.57 in chips) 
Seat 6: YeeesMan ($100 in chips) 
nastja336: posts small blind $0.50
06Hookd: posts big blind $1
*** HOLE CARDS ***
raketkasix: folds 
poker_soul11: folds 
YeeesMan: folds 
lukazs2: raises $2 to $3
nastja336: folds 
06Hookd: calls $2
*** FLOP *** [7s 5h Jd]
06Hookd: checks 
lukazs2: checks 
*** TURN *** [7s 5h Jd] [Th]
06Hookd: checks 
lukazs2: checks 
*** RIVER *** [7s 5h Jd Th] [8d]
06Hookd: checks 
lukazs2: checks 
*** SHOW DOWN ***
06Hookd: shows [5c Qc] (a pair of Fives)
lukazs2: mucks hand 
06Hookd collected $6.18 from pot
*** SUMMARY ***
Total pot $6.50 | Rake $0.32 
Board [7s 5h Jd Th 8d]
Seat 1: lukazs2 (button) mucked
Seat 2: nastja336 (small blind) folded before Flop
Seat 3: 06Hookd (big blind) showed [5c Qc] and won ($6.18) with a pair of Fives
Seat 4: raketkasix folded before Flop (didn't bet)
Seat 5: poker_soul11 folded before Flop (didn't bet)
Seat 6: YeeesMan folded before Flop (didn't bet)



PokerStars Hand #254416097268:  Hold'em No Limit ($0.50/$1.00 USD) - 2025/01/17 16:57:44 WET [2025/01/17 11:57:44 ET]
Table 'Ragazza III' 6-max Seat #2 is the button
Seat 1: lukazs2 ($138.92 in chips) 
Seat 2: nastja336 ($190.35 in chips) 
Seat 3: 06Hookd ($96.72 in chips) 
Seat 4: raketkasix ($114.77 in chips) 
Seat 5: poker_soul11 ($116.57 in chips) 
Seat 6: YeeesMan ($100 in chips) 
06Hookd: posts small blind $0.50
raketkasix: posts big blind $1
*** HOLE CARDS ***
poker_soul11: folds 
YeeesMan: folds 
lukazs2: raises $2 to $3
nastja336: folds 
06Hookd: folds 
raketkasix: folds 
Uncalled bet ($2) returned to lukazs2
lukazs2 collected $2.50 from pot
*** SUMMARY ***
Total pot $2.50 | Rake $0 
Seat 1: lukazs2 collected ($2.50)
Seat 2: nastja336 (button) folded before Flop (didn't bet)
Seat 3: 06Hookd (small blind) folded before Flop
Seat 4: raketkasix (big blind) folded before Flop
Seat 5: poker_soul11 folded before Flop (didn't bet)
Seat 6: YeeesMan folded before Flop (didn't bet)



PokerStars Hand #254416101536:  Hold'em No Limit ($0.50/$1.00 USD) - 2025/01/17 16:58:07 WET [2025/01/17 11:58:07 ET]
Table 'Ragazza III' 6-max Seat #3 is the button
Seat 1: lukazs2 ($140.42 in chips) 
Seat 2: nastja336 ($190.35 in chips) 
Seat 3: 06Hookd ($96.22 in chips) 
Seat 4: raketkasix ($113.77 in chips) 
Seat 5: poker_soul11 ($116.57 in chips) 
Seat 6: YeeesMan ($100 in chips) 
raketkasix: posts small blind $0.50
poker_soul11: posts big blind $1
*** HOLE CARDS ***
YeeesMan: folds 
lukazs2: calls $1
nastja336: raises $3 to $4
06Hookd: folds 
raketkasix: folds 
poker_soul11: folds 
lukazs2: calls $3
*** FLOP *** [8c 9s 5d]
lukazs2: checks 
nastja336: bets $2.98
lukazs2: calls $2.98
*** TURN *** [8c 9s 5d] [3s]
lukazs2: checks 
nastja336: checks 
*** RIVER *** [8c 9s 5d 3s] [3d]
lukazs2: checks 
nastja336: checks 
*** SHOW DOWN ***
lukazs2: shows [2c Js] (a pair of Threes)
nastja336: shows [Ad 6d] (a pair of Threes - Ace kicker)
nastja336 collected $14.69 from pot
*** SUMMARY ***
Total pot $15.46 | Rake $0.77 
Board [8c 9s 5d 3s 3d]
Seat 1: lukazs2 showed [2c Js] and lost with a pair of Threes
Seat 2: nastja336 showed [Ad 6d] and won ($14.69) with a pair of Threes
Seat 3: 06Hookd (button) folded before Flop (didn't bet)
Seat 4: raketkasix (small blind) folded before Flop
Seat 5: poker_soul11 (big blind) folded before Flop
Seat 6: YeeesMan folded before Flop (didn't bet)



PokerStars Hand #254416111695:  Hold'em No Limit ($0.50/$1.00 USD) - 2025/01/17 16:59:03 WET [2025/01/17 11:59:03 ET]
Table 'Ragazza III' 6-max Seat #4 is the button
Seat 6: YeeesMan ($100 in chips) is sitting out
Seat 1: lukazs2 ($133.44 in chips) 
Seat 2: nastja336 ($198.06 in chips) 
Seat 3: 06Hookd ($96.22 in chips) 
Seat 4: raketkasix ($113.27 in chips) 
Seat 5: poker_soul11 ($115.57 in chips) 
poker_soul11: posts small blind $0.50
YeeesMan: is sitting out 
lukazs2: posts big blind $1
*** HOLE CARDS ***
nastja336: folds 
06Hookd: folds 
raketkasix: raises $1.50 to $2.50
poker_soul11: folds 
lukazs2: raises $5.50 to $8
YeeesMan leaves the table
raketkasix: folds 
Uncalled bet ($5.50) returned to lukazs2
lukazs2 collected $5.50 from pot
*** SUMMARY ***
Total pot $5.50 | Rake $0 
Seat 6: YeeesMan
Seat 1: lukazs2 (big blind) collected ($5.50)
Seat 2: nastja336 folded before Flop (didn't bet)
Seat 3: 06Hookd folded before Flop (didn't bet)
Seat 4: raketkasix (button) folded before Flop
Seat 5: poker_soul11 (small blind) folded before Flop



PokerStars Hand #254416117186:  Hold'em No Limit ($0.50/$1.00 USD) - 2025/01/17 16:59:32 WET [2025/01/17 11:59:32 ET]
Table 'Ragazza III' 6-max Seat #5 is the button
Seat 1: lukazs2 ($136.44 in chips) 
Seat 2: nastja336 ($198.06 in chips) 
Seat 3: 06Hookd ($96.22 in chips) 
Seat 4: raketkasix ($110.77 in chips) 
Seat 5: poker_soul11 ($115.07 in chips) 
lukazs2: posts small blind $0.50
nastja336: posts big blind $1
*** HOLE CARDS ***
z00mba joins the table at seat #6 
06Hookd: raises $1 to $2
raketkasix: folds 
poker_soul11: calls $2
lukazs2: calls $1.50
nastja336: calls $1
*** FLOP *** [6c 7c 8h]
lukazs2: checks 
nastja336: checks 
06Hookd: bets $2.51
poker_soul11: folds 
lukazs2: folds 
nastja336: calls $2.51
*** TURN *** [6c 7c 8h] [Td]
nastja336: checks 
06Hookd: bets $6.43
nastja336: calls $6.43
*** RIVER *** [6c 7c 8h Td] [3d]
nastja336: checks 
06Hookd: bets $12.79
nastja336: calls $12.79
*** SHOW DOWN ***
06Hookd: shows [9c Tc] (a straight, Six to Ten)
nastja336: shows [8c 9h] (a straight, Six to Ten)
nastja336 collected $24.48 from pot
06Hookd collected $24.48 from pot
*** SUMMARY ***
Total pot $51.46 | Rake $2.50 
Board [6c 7c 8h Td 3d]
Seat 1: lukazs2 (small blind) folded on the Flop
Seat 2: nastja336 (big blind) showed [8c 9h] and won ($24.48) with a straight, Six to Ten
Seat 3: 06Hookd showed [9c Tc] and won ($24.48) with a straight, Six to Ten
Seat 4: raketkasix folded before Flop (didn't bet)
Seat 5: poker_soul11 (button) folded on the Flop



PokerStars Hand #254416133102:  Hold'em No Limit ($0.50/$1.00 USD) - 2025/01/17 17:00:54 WET [2025/01/17 12:00:54 ET]
Table 'Ragazza III' 6-max Seat #1 is the button
Seat 6: z00mba ($100 in chips) is sitting out
Seat 1: lukazs2 ($134.44 in chips) 
Seat 2: nastja336 ($198.81 in chips) 
Seat 3: 06Hookd ($96.97 in chips) 
Seat 4: raketkasix ($110.77 in chips) 
Seat 5: poker_soul11 ($113.07 in chips) 
nastja336: posts small blind $0.50
06Hookd: posts big blind $1
z00mba: sits out 
*** HOLE CARDS ***
raketkasix: folds 
poker_soul11: folds 
lukazs2: raises $6 to $7
nastja336: calls $6.50
06Hookd: folds 
*** FLOP *** [4s 4d 8d]
nastja336: checks 
lukazs2: bets $5.13
nastja336: calls $5.13
*** TURN *** [4s 4d 8d] [Ks]
nastja336: checks 
lukazs2: checks 
*** RIVER *** [4s 4d 8d Ks] [4h]
nastja336: checks 
lukazs2: bets $24
nastja336: calls $24
*** SHOW DOWN ***
lukazs2: shows [Js Ad] (three of a kind, Fours)
nastja336: shows [Ts Th] (a full house, Fours full of Tens)
nastja336 collected $70.76 from pot
*** SUMMARY ***
Total pot $73.26 | Rake $2.50 
Board [4s 4d 8d Ks 4h]
Seat 6: z00mba
Seat 1: lukazs2 (button) showed [Js Ad] and lost with three of a kind, Fours
Seat 2: nastja336 (small blind) showed [Ts Th] and won ($70.76) with a full house, Fours full of Tens
Seat 3: 06Hookd (big blind) folded before Flop
Seat 4: raketkasix folded before Flop (didn't bet)
Seat 5: poker_soul11 folded before Flop (didn't bet)



PokerStars Hand #254416146377:  Hold'em No Limit ($0.50/$1.00 USD) - 2025/01/17 17:01:55 WET [2025/01/17 12:01:55 ET]
Table 'Ragazza III' 6-max Seat #2 is the button
Seat 6: z00mba ($100 in chips) is sitting out
Seat 1: lukazs2 ($98.31 in chips) 
Seat 2: nastja336 ($233.44 in chips) 
Seat 3: 06Hookd ($95.97 in chips) 
Seat 4: raketkasix ($110.77 in chips) 
Seat 5: poker_soul11 ($113.07 in chips) 
06Hookd: posts small blind $0.50
raketkasix: posts big blind $1
z00mba: sits out 
*** HOLE CARDS ***
poker_soul11: folds 
lukazs2: calls $1
nastja336: folds 
06Hookd: folds 
raketkasix: checks 
*** FLOP *** [Qh 4d 4c]
raketkasix: checks 
lukazs2: checks 
*** TURN *** [Qh 4d 4c] [4h]
raketkasix: checks 
lukazs2: checks 
*** RIVER *** [Qh 4d 4c 4h] [5s]
raketkasix: checks 
lukazs2: checks 
*** SHOW DOWN ***
raketkasix: shows [4s 9h] (four of a kind, Fours)
lukazs2: mucks hand 
raketkasix collected $2.38 from pot
*** SUMMARY ***
Total pot $2.50 | Rake $0.12 
Board [Qh 4d 4c 4h 5s]
Seat 6: z00mba
Seat 1: lukazs2 mucked
Seat 2: nastja336 (button) folded before Flop (didn't bet)
Seat 3: 06Hookd (small blind) folded before Flop
Seat 4: raketkasix (big blind) showed [4s 9h] and won ($2.38) with four of a kind, Fours
Seat 5: poker_soul11 folded before Flop (didn't bet)



PokerStars Hand #254416160729:  Hold'em No Limit ($0.50/$1.00 USD) - 2025/01/17 17:02:55 WET [2025/01/17 12:02:55 ET]
Table 'Ragazza III' 6-max Seat #3 is the button
Seat 6: z00mba ($100 in chips) is sitting out
Seat 1: lukazs2 ($97.31 in chips) 
Seat 2: nastja336 ($233.44 in chips) 
Seat 3: 06Hookd ($95.47 in chips) 
Seat 4: raketkasix ($112.15 in chips) 
Seat 5: poker_soul11 ($113.07 in chips) 
raketkasix: posts small blind $0.50
poker_soul11: posts big blind $1
z00mba: sits out 
*** HOLE CARDS ***
lukazs2: raises $4.50 to $5.50
nastja336: folds 
06Hookd: folds 
raketkasix: folds 
poker_soul11: folds 
Uncalled bet ($4.50) returned to lukazs2
lukazs2 collected $2.50 from pot
*** SUMMARY ***
Total pot $2.50 | Rake $0 
Seat 6: z00mba
Seat 1: lukazs2 collected ($2.50)
Seat 2: nastja336 folded before Flop (didn't bet)
Seat 3: 06Hookd (button) folded before Flop (didn't bet)
Seat 4: raketkasix (small blind) folded before Flop
Seat 5: poker_soul11 (big blind) folded before Flop



PokerStars Hand #254416164890:  Hold'em No Limit ($0.50/$1.00 USD) - 2025/01/17 17:03:13 WET [2025/01/17 12:03:13 ET]
Table 'Ragazza III' 6-max Seat #4 is the button
Seat 1: lukazs2 ($98.81 in chips) 
Seat 2: nastja336 ($233.44 in chips) 
Seat 3: 06Hookd ($95.47 in chips) 
Seat 4: raketkasix ($111.65 in chips) 
Seat 5: poker_soul11 ($112.07 in chips) 
Seat 6: z00mba ($100 in chips) 
poker_soul11: posts small blind $0.50
z00mba: posts big blind $1
*** HOLE CARDS ***
lukazs2: raises $5.50 to $6.50
nastja336: folds 
06Hookd: folds 
raketkasix: folds 
poker_soul11: folds 
z00mba: folds 
Uncalled bet ($5.50) returned to lukazs2
lukazs2 collected $2.50 from pot
*** SUMMARY ***
Total pot $2.50 | Rake $0 
Seat 1: lukazs2 collected ($2.50)
Seat 2: nastja336 folded before Flop (didn't bet)
Seat 3: 06Hookd folded before Flop (didn't bet)
Seat 4: raketkasix (button) folded before Flop (didn't bet)
Seat 5: poker_soul11 (small blind) folded before Flop
Seat 6: z00mba (big blind) folded before Flop



PokerStars Hand #254416169732:  Hold'em No Limit ($0.50/$1.00 USD) - 2025/01/17 17:03:33 WET [2025/01/17 12:03:33 ET]
Table 'Ragazza III' 6-max Seat #5 is the button
Seat 1: lukazs2 ($100.31 in chips) 
Seat 2: nastja336 ($233.44 in chips) 
Seat 3: 06Hookd ($95.47 in chips) 
Seat 4: raketkasix ($111.65 in chips) 
Seat 5: poker_soul11 ($111.57 in chips) 
Seat 6: z00mba ($100 in chips) 
z00mba: posts small blind $0.50
lukazs2: posts big blind $1
*** HOLE CARDS ***
nastja336: folds 
06Hookd: folds 
raketkasix: raises $1.50 to $2.50
poker_soul11: raises $5 to $7.50
z00mba: folds 
lukazs2: raises $18 to $25.50
raketkasix: folds 
poker_soul11: folds 
Uncalled bet ($18) returned to lukazs2
lukazs2 collected $18 from pot
*** SUMMARY ***
Total pot $18 | Rake $0 
Seat 1: lukazs2 (big blind) collected ($18)
Seat 2: nastja336 folded before Flop (didn't bet)
Seat 3: 06Hookd folded before Flop (didn't bet)
Seat 4: raketkasix folded before Flop
Seat 5: poker_soul11 (button) folded before Flop
Seat 6: z00mba (small blind) folded before Flop



PokerStars Hand #254416178889:  Hold'em No Limit ($0.50/$1.00 USD) - 2025/01/17 17:04:11 WET [2025/01/17 12:04:11 ET]
Table 'Ragazza III' 6-max Seat #6 is the button
Seat 1: lukazs2 ($110.81 in chips) 
Seat 2: nastja336 ($233.44 in chips) 
Seat 3: 06Hookd ($95.47 in chips) 
Seat 4: raketkasix ($109.15 in chips) 
Seat 5: poker_soul11 ($104.07 in chips) 
Seat 6: z00mba ($100 in chips) 
lukazs2: posts small blind $0.50
nastja336: posts big blind $1
*** HOLE CARDS ***
06Hookd: folds 
raketkasix: folds 
poker_soul11: raises $1.20 to $2.20
z00mba: folds 
lukazs2: raises $8.40 to $10.60
nastja336: folds 
poker_soul11: raises $14.40 to $25
lukazs2: raises $85.81 to $110.81 and is all-in
poker_soul11: calls $79.07 and is all-in
Uncalled bet ($6.74) returned to lukazs2
*** FLOP *** [3c 6h Jh]
*** TURN *** [3c 6h Jh] [6s]
*** RIVER *** [3c 6h Jh 6s] [2h]
*** SHOW DOWN ***
lukazs2: shows [8c 8d] (two pair, Eights and Sixes)
poker_soul11: shows [Ac Ad] (two pair, Aces and Sixes)
poker_soul11 collected $206.64 from pot
*** SUMMARY ***
Total pot $209.14 | Rake $2.50 
Board [3c 6h Jh 6s 2h]
Seat 1: lukazs2 (small blind) showed [8c 8d] and lost with two pair, Eights and Sixes
Seat 2: nastja336 (big blind) folded before Flop
Seat 3: 06Hookd folded before Flop (didn't bet)
Seat 4: raketkasix folded before Flop (didn't bet)
Seat 5: poker_soul11 showed [Ac Ad] and won ($206.64) with two pair, Aces and Sixes
Seat 6: z00mba (button) folded before Flop (didn't bet)



PokerStars Hand #254416189878:  Hold'em No Limit ($0.50/$1.00 USD) - 2025/01/17 17:04:57 WET [2025/01/17 12:04:57 ET]
Table 'Ragazza III' 6-max Seat #2 is the button
Seat 2: nastja336 ($232.44 in chips) 
Seat 3: 06Hookd ($95.47 in chips) 
Seat 4: raketkasix ($109.15 in chips) 
Seat 5: poker_soul11 ($206.64 in chips) 
Seat 6: z00mba ($100 in chips) 
06Hookd: posts small blind $0.50
raketkasix: posts big blind $1
*** HOLE CARDS ***
poker_soul11: folds 
z00mba: raises $1.50 to $2.50
nastja336: folds 
06Hookd: folds 
raketkasix: folds 
Uncalled bet ($1.50) returned to z00mba
z00mba collected $2.50 from pot
z00mba: doesn't show hand 
tukeiron joins the table at seat #1 
*** SUMMARY ***
Total pot $2.50 | Rake $0 
Seat 2: nastja336 (button) folded before Flop (didn't bet)
Seat 3: 06Hookd (small blind) folded before Flop
Seat 4: raketkasix (big blind) folded before Flop
Seat 5: poker_soul11 folded before Flop (didn't bet)
Seat 6: z00mba collected ($2.50)



PokerStars Hand #254416193328:  Hold'em No Limit ($0.50/$1.00 USD) - 2025/01/17 17:05:11 WET [2025/01/17 12:05:11 ET]
Table 'Ragazza III' 6-max Seat #3 is the button
Seat 1: tukeiron ($100 in chips) is sitting out
Seat 2: nastja336 ($232.44 in chips) is sitting out
Seat 3: 06Hookd ($94.97 in chips) 
Seat 4: raketkasix ($108.15 in chips) 
Seat 5: poker_soul11 ($206.64 in chips) 
Seat 6: z00mba ($101.50 in chips) 
raketkasix: posts small blind $0.50
poker_soul11: posts big blind $1
tukeiron: sits out 
*** HOLE CARDS ***
z00mba: folds 
06Hookd: folds 
raketkasix: folds 
Uncalled bet ($0.50) returned to poker_soul11
poker_soul11 collected $1 from pot
poker_soul11: doesn't show hand 
*** SUMMARY ***
Total pot $1 | Rake $0 
Seat 1: tukeiron
Seat 2: nastja336
Seat 3: 06Hookd (button) folded before Flop (didn't bet)
Seat 4: raketkasix (small blind) folded before Flop
Seat 5: poker_soul11 (big blind) collected ($1)
Seat 6: z00mba folded before Flop (didn't bet)



PokerStars Hand #254416196354:  Hold'em No Limit ($0.50/$1.00 USD) - 2025/01/17 17:05:23 WET [2025/01/17 12:05:23 ET]
Table 'Ragazza III' 6-max Seat #4 is the button
Seat 1: tukeiron ($100 in chips) is sitting out
Seat 2: nastja336 ($232.44 in chips) is sitting out
Seat 3: 06Hookd ($94.97 in chips) 
Seat 4: raketkasix ($107.65 in chips) 
Seat 5: poker_soul11 ($207.14 in chips) 
Seat 6: z00mba ($101.50 in chips) 
poker_soul11: posts small blind $0.50
z00mba: posts big blind $1
tukeiron: sits out 
*** HOLE CARDS ***
06Hookd: folds 
raketkasix: raises $1.50 to $2.50
poker_soul11: folds 
z00mba: folds 
Uncalled bet ($1.50) returned to raketkasix
nastja336 leaves the table
raketkasix collected $2.50 from pot
raketkasix: doesn't show hand 
*** SUMMARY ***
Total pot $2.50 | Rake $0 
Seat 1: tukeiron
Seat 2: nastja336
Seat 3: 06Hookd folded before Flop (didn't bet)
Seat 4: raketkasix (button) collected ($2.50)
Seat 5: poker_soul11 (small blind) folded before Flop
Seat 6: z00mba (big blind) folded before Flop



PokerStars Hand #254416199679:  Hold'em No Limit ($0.50/$1.00 USD) - 2025/01/17 17:05:37 WET [2025/01/17 12:05:37 ET]
Table 'Ragazza III' 6-max Seat #5 is the button
Seat 1: tukeiron ($100 in chips) 
Seat 3: 06Hookd ($94.97 in chips) 
Seat 4: raketkasix ($109.15 in chips) 
Seat 5: poker_soul11 ($206.64 in chips) 
Seat 6: z00mba ($100.50 in chips) 
z00mba: posts small blind $0.50
tukeiron: posts big blind $1
*** HOLE CARDS ***
06Hookd: raises $1 to $2
raketkasix: folds 
poker_soul11: folds 
z00mba: folds 
tukeiron: folds 
Uncalled bet ($1) returned to 06Hookd
06Hookd collected $2.50 from pot
06Hookd: doesn't show hand 
*** SUMMARY ***
Total pot $2.50 | Rake $0 
Seat 1: tukeiron (big blind) folded before Flop
Seat 3: 06Hookd collected ($2.50)
Seat 4: raketkasix folded before Flop (didn't bet)
Seat 5: poker_soul11 (button) folded before Flop (didn't bet)
Seat 6: z00mba (small blind) folded before Flop



PokerStars Hand #254416204672:  Hold'em No Limit ($0.50/$1.00 USD) - 2025/01/17 17:05:58 WET [2025/01/17 12:05:58 ET]
Table 'Ragazza III' 6-max Seat #6 is the button
Seat 1: tukeiron ($100 in chips) 
Seat 3: 06Hookd ($96.47 in chips) 
Seat 4: raketkasix ($109.15 in chips) 
Seat 5: poker_soul11 ($206.64 in chips) 
Seat 6: z00mba ($100 in chips) 
tukeiron: posts small blind $0.50
06Hookd: posts big blind $1
*** HOLE CARDS ***
raketkasix: folds 
poker_soul11: raises $1.20 to $2.20
z00mba: folds 
tukeiron: folds 
06Hookd: folds 
Uncalled bet ($1.20) returned to poker_soul11
poker_soul11 collected $2.50 from pot
poker_soul11: doesn't show hand 
*** SUMMARY ***
Total pot $2.50 | Rake $0 
Seat 1: tukeiron (small blind) folded before Flop
Seat 3: 06Hookd (big blind) folded before Flop
Seat 4: raketkasix folded before Flop (didn't bet)
Seat 5: poker_soul11 collected ($2.50)
Seat 6: z00mba (button) folded before Flop (didn't bet)



PokerStars Hand #254416210834:  Hold'em No Limit ($0.50/$1.00 USD) - 2025/01/17 17:06:23 WET [2025/01/17 12:06:23 ET]
Table 'Ragazza III' 6-max Seat #1 is the button
Seat 4: raketkasix ($109.15 in chips) is sitting out
Seat 5: poker_soul11 ($208.14 in chips) is sitting out
Seat 1: tukeiron ($100 in chips) 
Seat 3: 06Hookd ($95.47 in chips) 
Seat 6: z00mba ($100 in chips) 
06Hookd: posts small blind $0.50
raketkasix: is sitting out 
poker_soul11: is sitting out 
z00mba: posts big blind $1
*** HOLE CARDS ***
tukeiron: folds 
raketkasix leaves the table
06Hookd: raises $2 to $3
z00mba: folds 
Uncalled bet ($2) returned to 06Hookd
06Hookd collected $2 from pot
06Hookd: doesn't show hand 
*** SUMMARY ***
Total pot $2 | Rake $0 
Seat 4: raketkasix
Seat 5: poker_soul11
Seat 1: tukeiron (button) folded before Flop (didn't bet)
Seat 3: 06Hookd (small blind) collected ($2)
Seat 6: z00mba (big blind) folded before Flop



PokerStars Hand #254416213736:  Hold'em No Limit ($0.50/$1.00 USD) - 2025/01/17 17:06:35 WET [2025/01/17 12:06:35 ET]
Table 'Ragazza III' 6-max Seat #3 is the button
Seat 5: poker_soul11 ($208.14 in chips) is sitting out
Seat 1: tukeiron ($100 in chips) 
Seat 3: 06Hookd ($96.47 in chips) 
Seat 6: z00mba ($100 in chips) 
z00mba: posts small blind $0.50
tukeiron: posts big blind $1
*** HOLE CARDS ***
06Hookd: raises $1.50 to $2.50
poker_soul11 leaves the table
z00mba: raises $9 to $11.50
tukeiron: folds 
06Hookd: folds 
Uncalled bet ($9) returned to z00mba
XattexStomil joins the table at seat #5 
z00mba collected $6 from pot
z00mba: doesn't show hand 
*** SUMMARY ***
Total pot $6 | Rake $0 
Seat 5: poker_soul11
Seat 1: tukeiron (big blind) folded before Flop
Seat 3: 06Hookd (button) folded before Flop
Seat 6: z00mba (small blind) collected ($6)



PokerStars Hand #254416218015:  Hold'em No Limit ($0.50/$1.00 USD) - 2025/01/17 17:06:53 WET [2025/01/17 12:06:53 ET]
Table 'Ragazza III' 6-max Seat #6 is the button
Seat 5: XattexStomil ($100 in chips) is sitting out
Seat 1: tukeiron ($100 in chips) 
Seat 3: 06Hookd ($93.97 in chips) 
Seat 6: z00mba ($103.50 in chips) 
tukeiron: posts small blind $0.50
06Hookd: posts big blind $1
XattexStomil: sits out 
*** HOLE CARDS ***
z00mba: folds 
tukeiron: raises $2 to $3
06Hookd: folds 
Uncalled bet ($2) returned to tukeiron
tukeiron collected $2 from pot
*** SUMMARY ***
Total pot $2 | Rake $0 
Seat 5: XattexStomil
Seat 1: tukeiron (small blind) collected ($2)
Seat 3: 06Hookd (big blind) folded before Flop
Seat 6: z00mba (button) folded before Flop (didn't bet)



PokerStars Hand #254416222258:  Hold'em No Limit ($0.50/$1.00 USD) - 2025/01/17 17:07:11 WET [2025/01/17 12:07:11 ET]
Table 'Ragazza III' 6-max Seat #1 is the button
Seat 1: tukeiron ($101 in chips) 
Seat 3: 06Hookd ($92.97 in chips) 
Seat 5: XattexStomil ($100 in chips) 
Seat 6: z00mba ($103.50 in chips) 
06Hookd: posts small blind $0.50
XattexStomil: posts big blind $1
*** HOLE CARDS ***
z00mba: raises $1.50 to $2.50
tukeiron: folds 
06Hookd: raises $8.50 to $11
XattexStomil: folds 
z00mba: folds 
Uncalled bet ($8.50) returned to 06Hookd
06Hookd collected $6 from pot
06Hookd: doesn't show hand 
*** SUMMARY ***
Total pot $6 | Rake $0 
Seat 1: tukeiron (button) folded before Flop (didn't bet)
Seat 3: 06Hookd (small blind) collected ($6)
Seat 5: XattexStomil (big blind) folded before Flop
Seat 6: z00mba folded before Flop



PokerStars Hand #254416229749:  Hold'em No Limit ($0.50/$1.00 USD) - 2025/01/17 17:07:42 WET [2025/01/17 12:07:42 ET]
Table 'Ragazza III' 6-max Seat #3 is the button
Seat 6: z00mba ($101 in chips) is sitting out
Seat 1: tukeiron ($101 in chips) 
Seat 3: 06Hookd ($96.47 in chips) 
Seat 5: XattexStomil ($100 in chips) 
XattexStomil: posts small blind $0.50
z00mba: is sitting out 
tukeiron: posts big blind $1
*** HOLE CARDS ***
06Hookd: folds 
XattexStomil: raises $2 to $3
tukeiron: calls $2
*** FLOP *** [8s Ts Js]
z00mba leaves the table
XattexStomil: bets $2.78
tukeiron: calls $2.78
*** TURN *** [8s Ts Js] [6s]
XattexStomil: checks 
tukeiron: checks 
*** RIVER *** [8s Ts Js 6s] [4h]
XattexStomil: checks 
tukeiron: bets $16.47
XattexStomil: folds 
Uncalled bet ($16.47) returned to tukeiron
tukeiron collected $10.98 from pot
tukeiron: doesn't show hand 
*** SUMMARY ***
Total pot $11.56 | Rake $0.58 
Board [8s Ts Js 6s 4h]
Seat 6: z00mba
Seat 1: tukeiron (big blind) collected ($10.98)
Seat 3: 06Hookd (button) folded before Flop (didn't bet)
Seat 5: XattexStomil (small blind) folded on the River



