PokerStars Hand #254410226891:  Hold'em No Limit ($0.50/$1.00 USD) - 2025/01/17 4:12:59 WET [2025/01/16 23:12:59 ET]
Table 'Antiope III' 6-max Seat #4 is the button
Seat 1: MaRKiToScoK ($100 in chips) 
Seat 2: rostickkin ($100 in chips) 
Seat 3: selas247 ($37.30 in chips) 
Seat 4: steelNike ($10 in chips) 
Seat 5: Rysiff ($100 in chips) 
Seat 6: Manifestorr ($100 in chips) 
Rysiff: posts small blind $0.50
Manifestorr: posts big blind $1
*** HOLE CARDS ***
MaRKiToScoK: folds 
rostickkin: folds 
selas247: raises $2.50 to $3.50
steelNike: raises $6.50 to $10 and is all-in
Rysiff: folds 
Manifestorr: folds 
selas247: calls $6.50
*** FLOP *** [8c Ah 7d]
*** TURN *** [8c Ah 7d] [8s]
*** RIVER *** [8c Ah 7d 8s] [Kd]
*** SHOW DOWN ***
selas247: shows [8h 9h] (three of a kind, Eights)
steelNike: shows [Kh Ac] (two pair, Aces and Kings)
selas247 collected $20.42 from pot
*** SUMMARY ***
Total pot $21.50 | Rake $1.08 
Board [8c Ah 7d 8s Kd]
Seat 1: MaRKiToScoK folded before Flop (didn't bet)
Seat 2: rostickkin folded before Flop (didn't bet)
Seat 3: selas247 showed [8h 9h] and won ($20.42) with three of a kind, Eights
Seat 4: steelNike (button) showed [Kh Ac] and lost with two pair, Aces and Kings
Seat 5: Rysiff (small blind) folded before Flop
Seat 6: Manifestorr (big blind) folded before Flop



PokerStars Hand #254410279175:  Hold'em No Limit ($0.50/$1.00 USD) - 2025/01/17 4:21:08 WET [2025/01/16 23:21:08 ET]
Table 'Antiope III' 6-max Seat #5 is the button
Seat 1: MaRKiToScoK ($101.72 in chips) is sitting out
Seat 3: selas247 ($0 in chips) is sitting out
Seat 2: rostickkin ($145.11 in chips) 
Seat 4: steelNike ($62 in chips) 
Seat 5: Rysiff ($121.73 in chips) 
Seat 6: Manifestorr ($102.50 in chips) 
Manifestorr: posts small blind $0.50
MaRKiToScoK: is sitting out 
rostickkin: posts big blind $1
*** HOLE CARDS ***
MaRKiToScoK leaves the table
Xenicide joins the table at seat #1 
steelNike: folds 
Rysiff: folds 
Manifestorr: raises $2 to $3
rostickkin: folds 
Uncalled bet ($2) returned to Manifestorr
rostickkin leaves the table
Manifestorr collected $2 from pot
*** SUMMARY ***
Total pot $2 | Rake $0 
Seat 1: MaRKiToScoK
Seat 3: selas247
Seat 2: rostickkin (big blind) folded before Flop
Seat 4: steelNike folded before Flop (didn't bet)
Seat 5: Rysiff (button) folded before Flop (didn't bet)
Seat 6: Manifestorr (small blind) collected ($2)



PokerStars Hand #254410282426:  Hold'em No Limit ($0.50/$1.00 USD) - 2025/01/17 4:21:38 WET [2025/01/16 23:21:38 ET]
Table 'Antiope III' 6-max Seat #6 is the button
Seat 1: Xenicide ($100 in chips) is sitting out
Seat 3: selas247 ($0 in chips) is sitting out
Seat 4: steelNike ($62 in chips) 
Seat 5: Rysiff ($121.73 in chips) 
Seat 6: Manifestorr ($103.50 in chips) 
steelNike: posts small blind $0.50
Rysiff: posts big blind $1
*** HOLE CARDS ***
Manifestorr: raises $1.20 to $2.20
steelNike: raises $5.80 to $8
Rysiff: folds 
Manifestorr: folds 
Uncalled bet ($5.80) returned to steelNike
steelNike collected $5.40 from pot
*** SUMMARY ***
Total pot $5.40 | Rake $0 
Seat 1: Xenicide
Seat 3: selas247
Seat 4: steelNike (small blind) collected ($5.40)
Seat 5: Rysiff (big blind) folded before Flop
Seat 6: Manifestorr (button) folded before Flop



PokerStars Hand #254410285354:  Hold'em No Limit ($0.50/$1.00 USD) - 2025/01/17 4:22:05 WET [2025/01/16 23:22:05 ET]
Table 'Antiope III' 6-max Seat #4 is the button
Seat 3: selas247 ($0 in chips) is sitting out
Seat 6: Manifestorr ($101.30 in chips) is sitting out
Seat 1: Xenicide ($100 in chips) 
Seat 4: steelNike ($65.20 in chips) 
Seat 5: Rysiff ($120.73 in chips) 
Rysiff: posts small blind $0.50
Manifestorr: is sitting out 
Xenicide: posts big blind $1
*** HOLE CARDS ***
Manifestorr leaves the table
steelNike: raises $1.30 to $2.30
Rysiff: folds 
Xenicide: folds 
Uncalled bet ($1.30) returned to steelNike
steelNike collected $2.50 from pot
*** SUMMARY ***
Total pot $2.50 | Rake $0 
Seat 3: selas247
Seat 6: Manifestorr
Seat 1: Xenicide (big blind) folded before Flop
Seat 4: steelNike (button) collected ($2.50)
Seat 5: Rysiff (small blind) folded before Flop



PokerStars Hand #254410287892:  Hold'em No Limit ($0.50/$1.00 USD) - 2025/01/17 4:22:28 WET [2025/01/16 23:22:28 ET]
Table 'Antiope III' 6-max Seat #1 is the button
Seat 3: selas247 ($0 in chips) is sitting out
Seat 4: steelNike ($66.70 in chips) is sitting out
Seat 1: Xenicide ($100 in chips) 
Seat 5: Rysiff ($120.23 in chips) 
Xenicide: posts small blind $0.50
steelNike: is sitting out 
Rysiff: posts big blind $1
*** HOLE CARDS ***
Xenicide: raises $1.25 to $2.25
Rysiff: folds 
Uncalled bet ($1.25) returned to Xenicide
Xenicide collected $2 from pot
*** SUMMARY ***
Total pot $2 | Rake $0 
Seat 3: selas247
Seat 4: steelNike
Seat 1: Xenicide (button) (small blind) collected ($2)
Seat 5: Rysiff (big blind) folded before Flop



PokerStars Hand #254410288909:  Hold'em No Limit ($0.50/$1.00 USD) - 2025/01/17 4:22:37 WET [2025/01/16 23:22:37 ET]
Table 'Antiope III' 6-max Seat #5 is the button
Seat 3: selas247 ($0 in chips) is sitting out
Seat 4: steelNike ($66.70 in chips) is sitting out
Seat 1: Xenicide ($101 in chips) 
Seat 5: Rysiff ($119.23 in chips) 
Rysiff: posts small blind $0.50
Xenicide: posts big blind $1
*** HOLE CARDS ***
steelNike leaves the table
Rysiff: raises $1.50 to $2.50
Xenicide: folds 
Uncalled bet ($1.50) returned to Rysiff
Rysiff collected $2 from pot
Rysiff: doesn't show hand 
*** SUMMARY ***
Total pot $2 | Rake $0 
Seat 3: selas247
Seat 4: steelNike
Seat 1: Xenicide (big blind) folded before Flop
Seat 5: Rysiff (button) (small blind) collected ($2)



