PokerStars Hand #254415560579:  Hold'em No Limit ($0.50/$1.00 USD) - 2025/01/17 16:18:30 WET [2025/01/17 11:18:30 ET]
Table 'Chantal III' 6-max Seat #6 is the button
Seat 2: M1k_DP ($100 in chips) 
Seat 3: Zvst ($100 in chips) 
Seat 4: ptolejmus ($10 in chips) 
Seat 5: AlexPinsk1 ($100 in chips) 
Seat 6: nastja336 ($100 in chips) 
M1k_DP: posts small blind $0.50
Zvst: posts big blind $1
*** HOLE CARDS ***
ptolejmus: folds 
AlexPinsk1: folds 
nastja336: folds 
M1k_DP: raises $2 to $3
Zvst: raises $7 to $10
M1k_DP: calls $7
*** FLOP *** [9c 2s 2h]
M1k_DP: checks 
Zvst: bets $12.67
M1k_DP: folds 
Uncalled bet ($12.67) returned to Zvst
Zvst collected $19 from pot
Zvst: doesn't show hand 
*** SUMMARY ***
Total pot $20 | Rake $1 
Board [9c 2s 2h]
Seat 2: M1k_DP (small blind) folded on the Flop
Seat 3: Zvst (big blind) collected ($19)
Seat 4: ptolejmus folded before Flop (didn't bet)
Seat 5: AlexPinsk1 folded before Flop (didn't bet)
Seat 6: nastja336 (button) folded before Flop (didn't bet)



PokerStars Hand #254415573212:  Hold'em No Limit ($0.50/$1.00 USD) - 2025/01/17 16:19:25 WET [2025/01/17 11:19:25 ET]
Table 'Chantal III' 6-max Seat #2 is the button
Seat 2: M1k_DP ($100 in chips) 
Seat 3: Zvst ($109 in chips) 
Seat 4: ptolejmus ($10 in chips) 
Seat 5: AlexPinsk1 ($100 in chips) 
Seat 6: nastja336 ($100 in chips) 
Zvst: posts small blind $0.50
ptolejmus: posts big blind $1
*** HOLE CARDS ***
AlexPinsk1: raises $1.50 to $2.50
nastja336: folds 
M1k_DP: folds 
Zvst: folds 
ptolejmus: folds 
Uncalled bet ($1.50) returned to AlexPinsk1
AlexPinsk1 collected $2.50 from pot
AlexPinsk1: doesn't show hand 
*** SUMMARY ***
Total pot $2.50 | Rake $0 
Seat 2: M1k_DP (button) folded before Flop (didn't bet)
Seat 3: Zvst (small blind) folded before Flop
Seat 4: ptolejmus (big blind) folded before Flop
Seat 5: AlexPinsk1 collected ($2.50)
Seat 6: nastja336 folded before Flop (didn't bet)



PokerStars Hand #254415576223:  Hold'em No Limit ($0.50/$1.00 USD) - 2025/01/17 16:19:38 WET [2025/01/17 11:19:38 ET]
Table 'Chantal III' 6-max Seat #3 is the button
Seat 2: M1k_DP ($100 in chips) 
Seat 3: Zvst ($108.50 in chips) 
Seat 4: ptolejmus ($10 in chips) 
Seat 5: AlexPinsk1 ($101.50 in chips) 
Seat 6: nastja336 ($100 in chips) 
ptolejmus: posts small blind $0.50
AlexPinsk1: posts big blind $1
*** HOLE CARDS ***
nastja336: folds 
M1k_DP: raises $1.50 to $2.50
Zvst: folds 
ptolejmus: folds 
AlexPinsk1: raises $9.50 to $12
M1k_DP: folds 
Uncalled bet ($9.50) returned to AlexPinsk1
70peppino joins the table at seat #1 
AlexPinsk1 collected $5.50 from pot
AlexPinsk1: doesn't show hand 
*** SUMMARY ***
Total pot $5.50 | Rake $0 
Seat 2: M1k_DP folded before Flop
Seat 3: Zvst (button) folded before Flop (didn't bet)
Seat 4: ptolejmus (small blind) folded before Flop
Seat 5: AlexPinsk1 (big blind) collected ($5.50)
Seat 6: nastja336 folded before Flop (didn't bet)



PokerStars Hand #254415583698:  Hold'em No Limit ($0.50/$1.00 USD) - 2025/01/17 16:20:11 WET [2025/01/17 11:20:11 ET]
Table 'Chantal III' 6-max Seat #4 is the button
Seat 6: nastja336 ($100 in chips) is sitting out
Seat 1: 70peppino ($100 in chips) 
Seat 2: M1k_DP ($100 in chips) 
Seat 3: Zvst ($108.50 in chips) 
Seat 4: ptolejmus ($10 in chips) 
Seat 5: AlexPinsk1 ($104.50 in chips) 
AlexPinsk1: posts small blind $0.50
nastja336: is sitting out 
70peppino: posts big blind $1
*** HOLE CARDS ***
nastja336 leaves the table
M1k_DP: folds 
Zvst: folds 
ptolejmus: folds 
AlexPinsk1: raises $2 to $3
70peppino: folds 
Uncalled bet ($2) returned to AlexPinsk1
AlexPinsk1 collected $2 from pot
AlexPinsk1: doesn't show hand 
*** SUMMARY ***
Total pot $2 | Rake $0 
Seat 6: nastja336
Seat 1: 70peppino (big blind) folded before Flop
Seat 2: M1k_DP folded before Flop (didn't bet)
Seat 3: Zvst folded before Flop (didn't bet)
Seat 4: ptolejmus (button) folded before Flop (didn't bet)
Seat 5: AlexPinsk1 (small blind) collected ($2)



PokerStars Hand #254415587941:  Hold'em No Limit ($0.50/$1.00 USD) - 2025/01/17 16:20:30 WET [2025/01/17 11:20:30 ET]
Table 'Chantal III' 6-max Seat #5 is the button
Seat 1: 70peppino ($100 in chips) 
Seat 2: M1k_DP ($100 in chips) 
Seat 3: Zvst ($108.50 in chips) 
Seat 4: ptolejmus ($10 in chips) 
Seat 5: AlexPinsk1 ($105.50 in chips) 
70peppino: posts small blind $0.50
M1k_DP: posts big blind $1
*** HOLE CARDS ***
Zvst: folds 
Zvst leaves the table
ptolejmus: raises $1 to $2
AlexPinsk1: folds 
70peppino: folds 
M1k_DP: folds 
Uncalled bet ($1) returned to ptolejmus
ptolejmus collected $2.50 from pot
*** SUMMARY ***
Total pot $2.50 | Rake $0 
Seat 1: 70peppino (small blind) folded before Flop
Seat 2: M1k_DP (big blind) folded before Flop
Seat 3: Zvst folded before Flop (didn't bet)
Seat 4: ptolejmus collected ($2.50)
Seat 5: AlexPinsk1 (button) folded before Flop (didn't bet)



PokerStars Hand #254415592468:  Hold'em No Limit ($0.50/$1.00 USD) - 2025/01/17 16:20:49 WET [2025/01/17 11:20:49 ET]
Table 'Chantal III' 6-max Seat #1 is the button
Seat 4: ptolejmus ($11.50 in chips) is sitting out
Seat 1: 70peppino ($100 in chips) 
Seat 2: M1k_DP ($100 in chips) 
Seat 5: AlexPinsk1 ($105.50 in chips) 
M1k_DP: posts small blind $0.50
ptolejmus: is sitting out 
AlexPinsk1: posts big blind $1
*** HOLE CARDS ***
70peppino: raises $1.50 to $2.50
ptolejmus leaves the table
M1k_DP: raises $7.50 to $10
AlexPinsk1: folds 
70peppino: folds 
Uncalled bet ($7.50) returned to M1k_DP
M1k_DP collected $6 from pot
M1k_DP: doesn't show hand 
*** SUMMARY ***
Total pot $6 | Rake $0 
Seat 4: ptolejmus
Seat 1: 70peppino (button) folded before Flop
Seat 2: M1k_DP (small blind) collected ($6)
Seat 5: AlexPinsk1 (big blind) folded before Flop



