PokerStars Hand #254406732610:  Hold'em No Limit ($0.50/$1.00 USD) - 2025/01/16 23:19:24 WET [2025/01/16 18:19:24 ET]
Table 'Ukko II' 6-max Seat #2 is the button
Seat 1: geeksy2 ($25.75 in chips) 
Seat 2: ptolejmus ($24.50 in chips) 
Seat 3: MakoEv ($100.50 in chips) 
Seat 5: IREQO ($100 in chips) 
Seat 6: ReVeu710 ($100 in chips) 
MakoEv: posts small blind $0.50
IREQO: posts big blind $1
*** HOLE CARDS ***
XneferX joins the table at seat #4 
ReVeu710: folds 
geeksy2: raises $1 to $2
ptolejmus: folds 
MakoEv: folds 
IREQO: raises $24 to $26
geeksy2: calls $23.75 and is all-in
Uncalled bet ($0.25) returned to IREQO
IREQO has timed out
*** FLOP *** [Th Jh 9d]
*** TURN *** [Th Jh 9d] [7h]
*** RIVER *** [Th Jh 9d 7h] [Jd]
*** SHOW DOWN ***
IREQO: shows [As Kc] (a pair of Jacks)
geeksy2: shows [Td Tc] (a full house, Tens full of Jacks)
geeksy2 collected $49.50 from pot
*** SUMMARY ***
Total pot $52 | Rake $2.50 
Board [Th Jh 9d 7h Jd]
Seat 1: geeksy2 showed [Td Tc] and won ($49.50) with a full house, Tens full of Jacks
Seat 2: ptolejmus (button) folded before Flop (didn't bet)
Seat 3: MakoEv (small blind) folded before Flop
Seat 5: IREQO (big blind) showed [As Kc] and lost with a pair of Jacks
Seat 6: ReVeu710 folded before Flop (didn't bet)



PokerStars Hand #254406747216:  Hold'em No Limit ($0.50/$1.00 USD) - 2025/01/16 23:20:21 WET [2025/01/16 18:20:21 ET]
Table 'Ukko II' 6-max Seat #3 is the button
Seat 4: XneferX ($100 in chips) is sitting out
Seat 1: geeksy2 ($49.50 in chips) 
Seat 2: ptolejmus ($24.50 in chips) 
Seat 3: MakoEv ($100 in chips) 
Seat 5: IREQO ($100 in chips) 
Seat 6: ReVeu710 ($100 in chips) 
IREQO: posts small blind $0.50
ReVeu710: posts big blind $1
*** HOLE CARDS ***
geeksy2 has timed out
geeksy2: folds 
ptolejmus: folds 
MakoEv: folds 
IREQO: folds 
Uncalled bet ($0.50) returned to ReVeu710
ReVeu710 collected $1 from pot
ReVeu710: doesn't show hand 
*** SUMMARY ***
Total pot $1 | Rake $0 
Seat 4: XneferX
Seat 1: geeksy2 folded before Flop (didn't bet)
Seat 2: ptolejmus folded before Flop (didn't bet)
Seat 3: MakoEv (button) folded before Flop (didn't bet)
Seat 5: IREQO (small blind) folded before Flop
Seat 6: ReVeu710 (big blind) collected ($1)



PokerStars Hand #254406754667:  Hold'em No Limit ($0.50/$1.00 USD) - 2025/01/16 23:20:49 WET [2025/01/16 18:20:49 ET]
Table 'Ukko II' 6-max Seat #5 is the button
Seat 4: XneferX ($100 in chips) is sitting out
Seat 1: geeksy2 ($49.50 in chips) 
Seat 2: ptolejmus ($24.50 in chips) 
Seat 3: MakoEv ($100 in chips) 
Seat 5: IREQO ($100 in chips) 
Seat 6: ReVeu710 ($100.50 in chips) 
ReVeu710: posts small blind $0.50
geeksy2: posts big blind $1
XneferX: sits out 
*** HOLE CARDS ***
ptolejmus: raises $1 to $2
MakoEv: folds 
IREQO: folds 
ReVeu710: folds 
geeksy2: calls $1
*** FLOP *** [4s Jh 5h]
geeksy2: checks 
ptolejmus: checks 
*** TURN *** [4s Jh 5h] [5d]
geeksy2: bets $2
ptolejmus: folds 
Uncalled bet ($2) returned to geeksy2
geeksy2 collected $4.28 from pot
geeksy2: doesn't show hand 
*** SUMMARY ***
Total pot $4.50 | Rake $0.22 
Board [4s Jh 5h 5d]
Seat 4: XneferX
Seat 1: geeksy2 (big blind) collected ($4.28)
Seat 2: ptolejmus folded on the Turn
Seat 3: MakoEv folded before Flop (didn't bet)
Seat 5: IREQO (button) folded before Flop (didn't bet)
Seat 6: ReVeu710 (small blind) folded before Flop



PokerStars Hand #254406767438:  Hold'em No Limit ($0.50/$1.00 USD) - 2025/01/16 23:21:37 WET [2025/01/16 18:21:37 ET]
Table 'Ukko II' 6-max Seat #6 is the button
Seat 4: XneferX ($100 in chips) is sitting out
Seat 1: geeksy2 ($51.78 in chips) 
Seat 2: ptolejmus ($22.50 in chips) 
Seat 3: MakoEv ($100 in chips) 
Seat 5: IREQO ($100 in chips) 
Seat 6: ReVeu710 ($100 in chips) 
geeksy2: posts small blind $0.50
ptolejmus: posts big blind $1
XneferX: sits out 
*** HOLE CARDS ***
MakoEv: folds 
XneferX leaves the table
IREQO: raises $1.50 to $2.50
ReVeu710: folds 
Unipoker11 joins the table at seat #4 
geeksy2: calls $2
ptolejmus: calls $1.50
*** FLOP *** [4h Js 5d]
geeksy2: bets $3
ptolejmus: folds 
IREQO: folds 
Uncalled bet ($3) returned to geeksy2
geeksy2 collected $7.12 from pot
geeksy2: doesn't show hand 
*** SUMMARY ***
Total pot $7.50 | Rake $0.38 
Board [4h Js 5d]
Seat 4: XneferX
Seat 1: geeksy2 (small blind) collected ($7.12)
Seat 2: ptolejmus (big blind) folded on the Flop
Seat 3: MakoEv folded before Flop (didn't bet)
Seat 5: IREQO folded on the Flop
Seat 6: ReVeu710 (button) folded before Flop (didn't bet)



PokerStars Hand #254406777444:  Hold'em No Limit ($0.50/$1.00 USD) - 2025/01/16 23:22:15 WET [2025/01/16 18:22:15 ET]
Table 'Ukko II' 6-max Seat #1 is the button
Seat 4: Unipoker11 ($100 in chips) is sitting out
Seat 1: geeksy2 ($56.40 in chips) 
Seat 2: ptolejmus ($20 in chips) 
Seat 3: MakoEv ($100 in chips) 
Seat 5: IREQO ($100 in chips) 
Seat 6: ReVeu710 ($100 in chips) 
ptolejmus: posts small blind $0.50
MakoEv: posts big blind $1
Unipoker11: sits out 
*** HOLE CARDS ***
IREQO: folds 
ReVeu710: raises $1.30 to $2.30
geeksy2: folds 
ptolejmus: raises $17.70 to $20 and is all-in
MakoEv: folds 
ReVeu710: folds 
Uncalled bet ($17.70) returned to ptolejmus
ptolejmus collected $5.60 from pot
*** SUMMARY ***
Total pot $5.60 | Rake $0 
Seat 4: Unipoker11
Seat 1: geeksy2 (button) folded before Flop (didn't bet)
Seat 2: ptolejmus (small blind) collected ($5.60)
Seat 3: MakoEv (big blind) folded before Flop
Seat 5: IREQO folded before Flop (didn't bet)
Seat 6: ReVeu710 folded before Flop



PokerStars Hand #254406782720:  Hold'em No Limit ($0.50/$1.00 USD) - 2025/01/16 23:22:35 WET [2025/01/16 18:22:35 ET]
Table 'Ukko II' 6-max Seat #2 is the button
Seat 1: geeksy2 ($56.40 in chips) 
Seat 2: ptolejmus ($23.30 in chips) 
Seat 3: MakoEv ($100 in chips) 
Seat 4: Unipoker11 ($100 in chips) 
Seat 5: IREQO ($100 in chips) 
Seat 6: ReVeu710 ($100 in chips) 
MakoEv: posts small blind $0.50
Unipoker11: posts big blind $1
*** HOLE CARDS ***
IREQO: folds 
ReVeu710: raises $1 to $2
geeksy2: folds 
ptolejmus: folds 
MakoEv: folds 
Unipoker11: folds 
Uncalled bet ($1) returned to ReVeu710
ReVeu710 collected $2.50 from pot
ReVeu710: doesn't show hand 
*** SUMMARY ***
Total pot $2.50 | Rake $0 
Seat 1: geeksy2 folded before Flop (didn't bet)
Seat 2: ptolejmus (button) folded before Flop (didn't bet)
Seat 3: MakoEv (small blind) folded before Flop
Seat 4: Unipoker11 (big blind) folded before Flop
Seat 5: IREQO folded before Flop (didn't bet)
Seat 6: ReVeu710 collected ($2.50)



PokerStars Hand #254406787083:  Hold'em No Limit ($0.50/$1.00 USD) - 2025/01/16 23:22:51 WET [2025/01/16 18:22:51 ET]
Table 'Ukko II' 6-max Seat #3 is the button
Seat 1: geeksy2 ($56.40 in chips) 
Seat 2: ptolejmus ($23.30 in chips) 
Seat 3: MakoEv ($100 in chips) 
Seat 4: Unipoker11 ($100 in chips) 
Seat 5: IREQO ($100 in chips) 
Seat 6: ReVeu710 ($101.50 in chips) 
Unipoker11: posts small blind $0.50
IREQO: posts big blind $1
*** HOLE CARDS ***
ReVeu710: folds 
geeksy2: raises $1 to $2
ptolejmus: folds 
MakoEv: raises $5 to $7
Unipoker11: folds 
IREQO: folds 
geeksy2: calls $5
*** FLOP *** [Th 2d 4d]
geeksy2: checks 
MakoEv: bets $4
geeksy2: raises $4 to $8
MakoEv: raises $6 to $14
geeksy2: raises $35.40 to $49.40 and is all-in
MakoEv: calls $35.40
*** TURN *** [Th 2d 4d] [Tc]
*** RIVER *** [Th 2d 4d Tc] [6h]
*** SHOW DOWN ***
geeksy2: shows [As Ts] (three of a kind, Tens)
MakoEv: shows [Jd Td] (three of a kind, Tens - lower kicker)
geeksy2 collected $111.80 from pot
*** SUMMARY ***
Total pot $114.30 | Rake $2.50 
Board [Th 2d 4d Tc 6h]
Seat 1: geeksy2 showed [As Ts] and won ($111.80) with three of a kind, Tens
Seat 2: ptolejmus folded before Flop (didn't bet)
Seat 3: MakoEv (button) showed [Jd Td] and lost with three of a kind, Tens
Seat 4: Unipoker11 (small blind) folded before Flop
Seat 5: IREQO (big blind) folded before Flop
Seat 6: ReVeu710 folded before Flop (didn't bet)



PokerStars Hand #254406805486:  Hold'em No Limit ($0.50/$1.00 USD) - 2025/01/16 23:24:01 WET [2025/01/16 18:24:01 ET]
Table 'Ukko II' 6-max Seat #4 is the button
Seat 1: geeksy2 ($111.80 in chips) 
Seat 2: ptolejmus ($23.30 in chips) 
Seat 3: MakoEv ($100 in chips) 
Seat 4: Unipoker11 ($100 in chips) 
Seat 5: IREQO ($100 in chips) 
Seat 6: ReVeu710 ($101.50 in chips) 
IREQO: posts small blind $0.50
ReVeu710: posts big blind $1
*** HOLE CARDS ***
geeksy2 has timed out
geeksy2: folds 
ptolejmus: folds 
MakoEv: folds 
Unipoker11: folds 
IREQO: folds 
Uncalled bet ($0.50) returned to ReVeu710
ReVeu710 collected $1 from pot
ReVeu710: doesn't show hand 
*** SUMMARY ***
Total pot $1 | Rake $0 
Seat 1: geeksy2 folded before Flop (didn't bet)
Seat 2: ptolejmus folded before Flop (didn't bet)
Seat 3: MakoEv folded before Flop (didn't bet)
Seat 4: Unipoker11 (button) folded before Flop (didn't bet)
Seat 5: IREQO (small blind) folded before Flop
Seat 6: ReVeu710 (big blind) collected ($1)



PokerStars Hand #254406815779:  Hold'em No Limit ($0.50/$1.00 USD) - 2025/01/16 23:24:41 WET [2025/01/16 18:24:41 ET]
Table 'Ukko II' 6-max Seat #5 is the button
Seat 1: geeksy2 ($111.80 in chips) 
Seat 2: ptolejmus ($23.30 in chips) 
Seat 3: MakoEv ($100 in chips) 
Seat 4: Unipoker11 ($100 in chips) 
Seat 5: IREQO ($100 in chips) 
Seat 6: ReVeu710 ($102 in chips) 
ReVeu710: posts small blind $0.50
geeksy2: posts big blind $1
*** HOLE CARDS ***
ptolejmus: raises $1 to $2
MakoEv: folds 
Unipoker11: folds 
IREQO: folds 
ReVeu710: folds 
geeksy2: calls $1
*** FLOP *** [Td 6d 7d]
geeksy2: checks 
ptolejmus: bets $1.16
geeksy2: calls $1.16
*** TURN *** [Td 6d 7d] [Qs]
geeksy2: bets $2
ptolejmus: calls $2
*** RIVER *** [Td 6d 7d Qs] [4d]
geeksy2: checks 
ptolejmus: checks 
*** SHOW DOWN ***
geeksy2: shows [2h 8s] (high card Queen)
ptolejmus: shows [Qh Ah] (a pair of Queens)
ptolejmus collected $10.28 from pot
*** SUMMARY ***
Total pot $10.82 | Rake $0.54 
Board [Td 6d 7d Qs 4d]
Seat 1: geeksy2 (big blind) showed [2h 8s] and lost with high card Queen
Seat 2: ptolejmus showed [Qh Ah] and won ($10.28) with a pair of Queens
Seat 3: MakoEv folded before Flop (didn't bet)
Seat 4: Unipoker11 folded before Flop (didn't bet)
Seat 5: IREQO (button) folded before Flop (didn't bet)
Seat 6: ReVeu710 (small blind) folded before Flop



PokerStars Hand #254406832035:  Hold'em No Limit ($0.50/$1.00 USD) - 2025/01/16 23:25:42 WET [2025/01/16 18:25:42 ET]
Table 'Ukko II' 6-max Seat #6 is the button
Seat 1: geeksy2 ($106.64 in chips) 
Seat 2: ptolejmus ($28.42 in chips) 
Seat 3: MakoEv ($100 in chips) 
Seat 4: Unipoker11 ($100 in chips) 
Seat 5: IREQO ($100 in chips) 
Seat 6: ReVeu710 ($101.50 in chips) 
geeksy2: posts small blind $0.50
ptolejmus: posts big blind $1
*** HOLE CARDS ***
MakoEv: folds 
Unipoker11: folds 
IREQO: folds 
ReVeu710: folds 
geeksy2: calls $0.50
ptolejmus: raises $4.50 to $5.50
geeksy2: folds 
Uncalled bet ($4.50) returned to ptolejmus
ptolejmus collected $2 from pot
*** SUMMARY ***
Total pot $2 | Rake $0 
Seat 1: geeksy2 (small blind) folded before Flop
Seat 2: ptolejmus (big blind) collected ($2)
Seat 3: MakoEv folded before Flop (didn't bet)
Seat 4: Unipoker11 folded before Flop (didn't bet)
Seat 5: IREQO folded before Flop (didn't bet)
Seat 6: ReVeu710 (button) folded before Flop (didn't bet)



PokerStars Hand #254407426364:  Hold'em No Limit ($0.50/$1.00 USD) - 2025/01/16 0:07:48 WET [2025/01/16 19:07:48 ET]
Table 'Ukko II' 6-max Seat #6 is the button
Seat 1: XneferX ($104.24 in chips) 
Seat 4: Manifestorr ($100 in chips) 
Seat 6: nikalas22 ($100 in chips) 
XneferX: posts small blind $0.50
Manifestorr: posts big blind $1
*** HOLE CARDS ***
nikalas22: folds 
XneferX: folds 
Uncalled bet ($0.50) returned to Manifestorr
Manifestorr collected $1 from pot
*** SUMMARY ***
Total pot $1 | Rake $0 
Seat 1: XneferX (small blind) folded before Flop
Seat 4: Manifestorr (big blind) collected ($1)
Seat 6: nikalas22 (button) folded before Flop (didn't bet)



PokerStars Hand #254406839573:  Hold'em No Limit ($0.50/$1.00 USD) - 2025/01/16 23:26:11 WET [2025/01/16 18:26:11 ET]
Table 'Ukko II' 6-max Seat #1 is the button
Seat 1: geeksy2 ($105.64 in chips) 
Seat 2: ptolejmus ($29.42 in chips) 
Seat 3: MakoEv ($100 in chips) 
Seat 4: Unipoker11 ($100 in chips) 
Seat 5: IREQO ($100 in chips) 
Seat 6: ReVeu710 ($101.50 in chips) 
ptolejmus: posts small blind $0.50
MakoEv: posts big blind $1
*** HOLE CARDS ***
Unipoker11: folds 
IREQO: folds 
ReVeu710: raises $1.30 to $2.30
geeksy2: folds 
ptolejmus: folds 
MakoEv: folds 
Uncalled bet ($1.30) returned to ReVeu710
ReVeu710 collected $2.50 from pot
ReVeu710: doesn't show hand 
*** SUMMARY ***
Total pot $2.50 | Rake $0 
Seat 1: geeksy2 (button) folded before Flop (didn't bet)
Seat 2: ptolejmus (small blind) folded before Flop
Seat 3: MakoEv (big blind) folded before Flop
Seat 4: Unipoker11 folded before Flop (didn't bet)
Seat 5: IREQO folded before Flop (didn't bet)
Seat 6: ReVeu710 collected ($2.50)



PokerStars Hand #254406846690:  Hold'em No Limit ($0.50/$1.00 USD) - 2025/01/16 23:26:38 WET [2025/01/16 18:26:38 ET]
Table 'Ukko II' 6-max Seat #2 is the button
Seat 1: geeksy2 ($105.64 in chips) 
Seat 2: ptolejmus ($28.92 in chips) 
Seat 3: MakoEv ($100 in chips) 
Seat 4: Unipoker11 ($100 in chips) 
Seat 5: IREQO ($100 in chips) 
Seat 6: ReVeu710 ($103 in chips) 
MakoEv: posts small blind $0.50
Unipoker11: posts big blind $1
*** HOLE CARDS ***
IREQO: folds 
ReVeu710: folds 
geeksy2: raises $1.40 to $2.40
ptolejmus: folds 
MakoEv: folds 
Unipoker11: folds 
Uncalled bet ($1.40) returned to geeksy2
geeksy2 collected $2.50 from pot
geeksy2: doesn't show hand 
*** SUMMARY ***
Total pot $2.50 | Rake $0 
Seat 1: geeksy2 collected ($2.50)
Seat 2: ptolejmus (button) folded before Flop (didn't bet)
Seat 3: MakoEv (small blind) folded before Flop
Seat 4: Unipoker11 (big blind) folded before Flop
Seat 5: IREQO folded before Flop (didn't bet)
Seat 6: ReVeu710 folded before Flop (didn't bet)



PokerStars Hand #254406853216:  Hold'em No Limit ($0.50/$1.00 USD) - 2025/01/16 23:27:03 WET [2025/01/16 18:27:03 ET]
Table 'Ukko II' 6-max Seat #3 is the button
Seat 1: geeksy2 ($107.14 in chips) 
Seat 2: ptolejmus ($28.92 in chips) 
Seat 3: MakoEv ($100 in chips) 
Seat 4: Unipoker11 ($100 in chips) 
Seat 5: IREQO ($100 in chips) 
Seat 6: ReVeu710 ($103 in chips) 
Unipoker11: posts small blind $0.50
IREQO: posts big blind $1
*** HOLE CARDS ***
ReVeu710: folds 
geeksy2: raises $1 to $2
ptolejmus: folds 
MakoEv: folds 
Unipoker11: folds 
IREQO: folds 
Uncalled bet ($1) returned to geeksy2
geeksy2 collected $2.50 from pot
geeksy2: doesn't show hand 
*** SUMMARY ***
Total pot $2.50 | Rake $0 
Seat 1: geeksy2 collected ($2.50)
Seat 2: ptolejmus folded before Flop (didn't bet)
Seat 3: MakoEv (button) folded before Flop (didn't bet)
Seat 4: Unipoker11 (small blind) folded before Flop
Seat 5: IREQO (big blind) folded before Flop
Seat 6: ReVeu710 folded before Flop (didn't bet)



PokerStars Hand #254406857932:  Hold'em No Limit ($0.50/$1.00 USD) - 2025/01/16 23:27:21 WET [2025/01/16 18:27:21 ET]
Table 'Ukko II' 6-max Seat #4 is the button
Seat 1: geeksy2 ($108.64 in chips) 
Seat 2: ptolejmus ($28.92 in chips) 
Seat 3: MakoEv ($100 in chips) 
Seat 4: Unipoker11 ($100 in chips) 
Seat 5: IREQO ($100 in chips) 
Seat 6: ReVeu710 ($103 in chips) 
IREQO: posts small blind $0.50
ReVeu710: posts big blind $1
*** HOLE CARDS ***
geeksy2: raises $1 to $2
ptolejmus: folds 
MakoEv: folds 
Unipoker11: folds 
IREQO: folds 
ReVeu710: calls $1
*** FLOP *** [7h Kh Ks]
ReVeu710: checks 
geeksy2: bets $2
ReVeu710: calls $2
*** TURN *** [7h Kh Ks] [9h]
ReVeu710: checks 
geeksy2: bets $3
ReVeu710: calls $3
*** RIVER *** [7h Kh Ks 9h] [Jd]
ReVeu710: checks 
geeksy2: bets $5
ReVeu710: folds 
Uncalled bet ($5) returned to geeksy2
geeksy2 collected $13.78 from pot
geeksy2: doesn't show hand 
*** SUMMARY ***
Total pot $14.50 | Rake $0.72 
Board [7h Kh Ks 9h Jd]
Seat 1: geeksy2 collected ($13.78)
Seat 2: ptolejmus folded before Flop (didn't bet)
Seat 3: MakoEv folded before Flop (didn't bet)
Seat 4: Unipoker11 (button) folded before Flop (didn't bet)
Seat 5: IREQO (small blind) folded before Flop
Seat 6: ReVeu710 (big blind) folded on the River



PokerStars Hand #254406865195:  Hold'em No Limit ($0.50/$1.00 USD) - 2025/01/16 23:27:49 WET [2025/01/16 18:27:49 ET]
Table 'Ukko II' 6-max Seat #5 is the button
Seat 1: geeksy2 ($115.42 in chips) 
Seat 2: ptolejmus ($28.92 in chips) 
Seat 3: MakoEv ($100 in chips) 
Seat 4: Unipoker11 ($100 in chips) 
Seat 5: IREQO ($100 in chips) 
Seat 6: ReVeu710 ($100 in chips) 
ReVeu710: posts small blind $0.50
geeksy2: posts big blind $1
*** HOLE CARDS ***
ptolejmus: raises $1 to $2
MakoEv: folds 
Unipoker11: folds 
IREQO: folds 
ReVeu710: calls $1.50
geeksy2: calls $1
*** FLOP *** [4d 8d Qc]
ReVeu710: checks 
geeksy2: bets $3
ptolejmus: raises $4 to $7
ReVeu710: folds 
geeksy2: folds 
Uncalled bet ($4) returned to ptolejmus
ptolejmus collected $11.40 from pot
*** SUMMARY ***
Total pot $12 | Rake $0.60 
Board [4d 8d Qc]
Seat 1: geeksy2 (big blind) folded on the Flop
Seat 2: ptolejmus collected ($11.40)
Seat 3: MakoEv folded before Flop (didn't bet)
Seat 4: Unipoker11 folded before Flop (didn't bet)
Seat 5: IREQO (button) folded before Flop (didn't bet)
Seat 6: ReVeu710 (small blind) folded on the Flop



PokerStars Hand #254406981720:  Hold'em No Limit ($0.50/$1.00 USD) - 2025/01/16 23:35:18 WET [2025/01/16 18:35:18 ET]
Table 'Ukko II' 6-max Seat #2 is the button
Seat 1: geeksy2 ($141.14 in chips) 
Seat 2: ptolejmus ($29.44 in chips) 
Seat 3: MakoEv ($100 in chips) 
Seat 4: Unipoker11 ($100.47 in chips) 
Seat 5: IREQO ($100 in chips) 
Seat 6: ReVeu710 ($100 in chips) 
MakoEv: posts small blind $0.50
Unipoker11: posts big blind $1
*** HOLE CARDS ***
IREQO: folds 
ReVeu710: raises $1 to $2
geeksy2: calls $2
ptolejmus: folds 
MakoEv: folds 
Unipoker11: calls $1
*** FLOP *** [Jh 4s 2c]
Unipoker11: checks 
ReVeu710: checks 
geeksy2: bets $3
Unipoker11: folds 
ReVeu710: folds 
Uncalled bet ($3) returned to geeksy2
geeksy2 collected $6.18 from pot
geeksy2: doesn't show hand 
*** SUMMARY ***
Total pot $6.50 | Rake $0.32 
Board [Jh 4s 2c]
Seat 1: geeksy2 collected ($6.18)
Seat 2: ptolejmus (button) folded before Flop (didn't bet)
Seat 3: MakoEv (small blind) folded before Flop
Seat 4: Unipoker11 (big blind) folded on the Flop
Seat 5: IREQO folded before Flop (didn't bet)
Seat 6: ReVeu710 folded on the Flop



PokerStars Hand #254406989916:  Hold'em No Limit ($0.50/$1.00 USD) - 2025/01/16 23:35:50 WET [2025/01/16 18:35:50 ET]
Table 'Ukko II' 6-max Seat #3 is the button
Seat 1: geeksy2 ($145.32 in chips) 
Seat 2: ptolejmus ($29.44 in chips) 
Seat 3: MakoEv ($100 in chips) 
Seat 4: Unipoker11 ($100 in chips) 
Seat 5: IREQO ($100 in chips) 
Seat 6: ReVeu710 ($100 in chips) 
Unipoker11: posts small blind $0.50
IREQO: posts big blind $1
*** HOLE CARDS ***
ReVeu710: folds 
geeksy2: calls $1
ptolejmus: folds 
MakoEv: folds 
Unipoker11: folds 
IREQO: checks 
*** FLOP *** [3c 3d 5d]
IREQO: checks 
geeksy2: bets $2
IREQO: folds 
Uncalled bet ($2) returned to geeksy2
geeksy2 collected $2.38 from pot
geeksy2: doesn't show hand 
*** SUMMARY ***
Total pot $2.50 | Rake $0.12 
Board [3c 3d 5d]
Seat 1: geeksy2 collected ($2.38)
Seat 2: ptolejmus folded before Flop (didn't bet)
Seat 3: MakoEv (button) folded before Flop (didn't bet)
Seat 4: Unipoker11 (small blind) folded before Flop
Seat 5: IREQO (big blind) folded on the Flop
Seat 6: ReVeu710 folded before Flop (didn't bet)



PokerStars Hand #254406999356:  Hold'em No Limit ($0.50/$1.00 USD) - 2025/01/16 23:36:27 WET [2025/01/16 18:36:27 ET]
Table 'Ukko II' 6-max Seat #4 is the button
Seat 1: geeksy2 ($146.70 in chips) 
Seat 2: ptolejmus ($29.44 in chips) 
Seat 3: MakoEv ($100 in chips) 
Seat 4: Unipoker11 ($100 in chips) 
Seat 5: IREQO ($100 in chips) 
Seat 6: ReVeu710 ($100 in chips) 
IREQO: posts small blind $0.50
ReVeu710: posts big blind $1
*** HOLE CARDS ***
geeksy2: folds 
ptolejmus: folds 
MakoEv: folds 
Unipoker11: folds 
IREQO: folds 
Uncalled bet ($0.50) returned to ReVeu710
ReVeu710 collected $1 from pot
ReVeu710: doesn't show hand 
*** SUMMARY ***
Total pot $1 | Rake $0 
Seat 1: geeksy2 folded before Flop (didn't bet)
Seat 2: ptolejmus folded before Flop (didn't bet)
Seat 3: MakoEv folded before Flop (didn't bet)
Seat 4: Unipoker11 (button) folded before Flop (didn't bet)
Seat 5: IREQO (small blind) folded before Flop
Seat 6: ReVeu710 (big blind) collected ($1)



PokerStars Hand #254407004650:  Hold'em No Limit ($0.50/$1.00 USD) - 2025/01/16 23:36:48 WET [2025/01/16 18:36:48 ET]
Table 'Ukko II' 6-max Seat #5 is the button
Seat 1: geeksy2 ($146.70 in chips) 
Seat 2: ptolejmus ($29.44 in chips) 
Seat 3: MakoEv ($100 in chips) 
Seat 4: Unipoker11 ($100 in chips) 
Seat 5: IREQO ($100 in chips) 
Seat 6: ReVeu710 ($100.50 in chips) 
ReVeu710: posts small blind $0.50
geeksy2: posts big blind $1
*** HOLE CARDS ***
ptolejmus: raises $1 to $2
MakoEv: folds 
Unipoker11: folds 
IREQO: folds 
ReVeu710: folds 
geeksy2: calls $1
*** FLOP *** [3s 3d Qs]
geeksy2: bets $4
ptolejmus: folds 
Uncalled bet ($4) returned to geeksy2
geeksy2 collected $4.28 from pot
geeksy2: doesn't show hand 
*** SUMMARY ***
Total pot $4.50 | Rake $0.22 
Board [3s 3d Qs]
Seat 1: geeksy2 (big blind) collected ($4.28)
Seat 2: ptolejmus folded on the Flop
Seat 3: MakoEv folded before Flop (didn't bet)
Seat 4: Unipoker11 folded before Flop (didn't bet)
Seat 5: IREQO (button) folded before Flop (didn't bet)
Seat 6: ReVeu710 (small blind) folded before Flop



PokerStars Hand #254407011281:  Hold'em No Limit ($0.50/$1.00 USD) - 2025/01/16 23:37:14 WET [2025/01/16 18:37:14 ET]
Table 'Ukko II' 6-max Seat #6 is the button
Seat 1: geeksy2 ($148.98 in chips) 
Seat 2: ptolejmus ($27.44 in chips) 
Seat 3: MakoEv ($100 in chips) 
Seat 4: Unipoker11 ($100 in chips) 
Seat 5: IREQO ($100 in chips) 
Seat 6: ReVeu710 ($100 in chips) 
geeksy2: posts small blind $0.50
ptolejmus: posts big blind $1
*** HOLE CARDS ***
MakoEv: folds 
Unipoker11: folds 
IREQO: folds 
ReVeu710: raises $1.50 to $2.50
geeksy2: calls $2
ptolejmus: raises $24.94 to $27.44 and is all-in
ReVeu710: calls $24.94
geeksy2: folds 
*** FIRST FLOP *** [Ts 9h Jd]
*** FIRST TURN *** [Ts 9h Jd] [5s]
*** FIRST RIVER *** [Ts 9h Jd 5s] [9s]
*** SECOND FLOP *** [6c Qc 2d]
*** SECOND TURN *** [6c Qc 2d] [Qd]
*** SECOND RIVER *** [6c Qc 2d Qd] [4h]
*** FIRST SHOW DOWN ***
ptolejmus: shows [Ah Td] (two pair, Tens and Nines)
ReVeu710: shows [Kc Kd] (two pair, Kings and Nines)
ReVeu710 collected $27.44 from pot
*** SECOND SHOW DOWN ***
ptolejmus: shows [Ah Td] (a pair of Queens)
ReVeu710: shows [Kc Kd] (two pair, Kings and Queens)
ReVeu710 collected $27.44 from pot
*** SUMMARY ***
Total pot $57.38 | Rake $2.50 
Hand was run twice
FIRST Board [Ts 9h Jd 5s 9s]
SECOND Board [6c Qc 2d Qd 4h]
Seat 1: geeksy2 (small blind) folded before Flop
Seat 2: ptolejmus (big blind) showed [Ah Td] and lost with two pair, Tens and Nines, and lost with a pair of Queens
Seat 3: MakoEv folded before Flop (didn't bet)
Seat 4: Unipoker11 folded before Flop (didn't bet)
Seat 5: IREQO folded before Flop (didn't bet)
Seat 6: ReVeu710 (button) showed [Kc Kd] and won ($27.44) with two pair, Kings and Nines, and won ($27.44) with two pair, Kings and Queens



PokerStars Hand #254407022729:  Hold'em No Limit ($0.50/$1.00 USD) - 2025/01/16 23:37:59 WET [2025/01/16 18:37:59 ET]
Table 'Ukko II' 6-max Seat #1 is the button
Seat 1: geeksy2 ($146.48 in chips) 
Seat 2: ptolejmus ($10 in chips) 
Seat 3: MakoEv ($100 in chips) 
Seat 4: Unipoker11 ($100 in chips) 
Seat 5: IREQO ($100 in chips) 
Seat 6: ReVeu710 ($127.44 in chips) 
ptolejmus: posts small blind $0.50
MakoEv: posts big blind $1
*** HOLE CARDS ***
Unipoker11: folds 
IREQO: folds 
ReVeu710: folds 
geeksy2: calls $1
ptolejmus: folds 
MakoEv: checks 
*** FLOP *** [Td Jh 9d]
MakoEv: checks 
geeksy2: checks 
*** TURN *** [Td Jh 9d] [Ad]
MakoEv: bets $1.20
geeksy2: calls $1.20
*** RIVER *** [Td Jh 9d Ad] [9s]
MakoEv: checks 
geeksy2: bets $4
MakoEv: calls $4
*** SHOW DOWN ***
geeksy2: shows [As 5h] (two pair, Aces and Nines)
MakoEv: shows [6c Ah] (two pair, Aces and Nines)
MakoEv collected $6.13 from pot
geeksy2 collected $6.13 from pot
*** SUMMARY ***
Total pot $12.90 | Rake $0.64 
Board [Td Jh 9d Ad 9s]
Seat 1: geeksy2 (button) showed [As 5h] and won ($6.13) with two pair, Aces and Nines
Seat 2: ptolejmus (small blind) folded before Flop
Seat 3: MakoEv (big blind) showed [6c Ah] and won ($6.13) with two pair, Aces and Nines
Seat 4: Unipoker11 folded before Flop (didn't bet)
Seat 5: IREQO folded before Flop (didn't bet)
Seat 6: ReVeu710 folded before Flop (didn't bet)



PokerStars Hand #254407036306:  Hold'em No Limit ($0.50/$1.00 USD) - 2025/01/16 23:38:53 WET [2025/01/16 18:38:53 ET]
Table 'Ukko II' 6-max Seat #2 is the button
Seat 1: geeksy2 ($146.41 in chips) 
Seat 2: ptolejmus ($10 in chips) 
Seat 3: MakoEv ($100 in chips) 
Seat 4: Unipoker11 ($100 in chips) 
Seat 5: IREQO ($100 in chips) 
Seat 6: ReVeu710 ($127.44 in chips) 
MakoEv: posts small blind $0.50
Unipoker11: posts big blind $1
*** HOLE CARDS ***
IREQO: folds 
ReVeu710: folds 
geeksy2: calls $1
ptolejmus: folds 
MakoEv: calls $0.50
Unipoker11: checks 
*** FLOP *** [Td 9h Qd]
MakoEv: checks 
Unipoker11: checks 
geeksy2: bets $3
MakoEv: folds 
Unipoker11: calls $3
*** TURN *** [Td 9h Qd] [Jd]
Unipoker11: checks 
geeksy2: checks 
*** RIVER *** [Td 9h Qd Jd] [As]
Unipoker11: bets $2.82
geeksy2: calls $2.82
*** SHOW DOWN ***
Unipoker11: shows [Tc Ah] (two pair, Aces and Tens)
geeksy2: mucks hand 
Unipoker11 collected $13.91 from pot
*** SUMMARY ***
Total pot $14.64 | Rake $0.73 
Board [Td 9h Qd Jd As]
Seat 1: geeksy2 mucked
Seat 2: ptolejmus (button) folded before Flop (didn't bet)
Seat 3: MakoEv (small blind) folded on the Flop
Seat 4: Unipoker11 (big blind) showed [Tc Ah] and won ($13.91) with two pair, Aces and Tens
Seat 5: IREQO folded before Flop (didn't bet)
Seat 6: ReVeu710 folded before Flop (didn't bet)



PokerStars Hand #254407053822:  Hold'em No Limit ($0.50/$1.00 USD) - 2025/01/16 23:40:03 WET [2025/01/16 18:40:03 ET]
Table 'Ukko II' 6-max Seat #3 is the button
Seat 1: geeksy2 ($139.59 in chips) 
Seat 2: ptolejmus ($10 in chips) 
Seat 3: MakoEv ($100 in chips) 
Seat 4: Unipoker11 ($107.09 in chips) 
Seat 5: IREQO ($100 in chips) 
Seat 6: ReVeu710 ($127.44 in chips) 
Unipoker11: posts small blind $0.50
IREQO: posts big blind $1
*** HOLE CARDS ***
ReVeu710: folds 
geeksy2: calls $1
ptolejmus: folds 
MakoEv: folds 
Unipoker11: raises $4 to $5
IREQO: folds 
geeksy2: folds 
Uncalled bet ($4) returned to Unipoker11
Unipoker11 collected $3 from pot
Unipoker11: doesn't show hand 
*** SUMMARY ***
Total pot $3 | Rake $0 
Seat 1: geeksy2 folded before Flop
Seat 2: ptolejmus folded before Flop (didn't bet)
Seat 3: MakoEv (button) folded before Flop (didn't bet)
Seat 4: Unipoker11 (small blind) collected ($3)
Seat 5: IREQO (big blind) folded before Flop
Seat 6: ReVeu710 folded before Flop (didn't bet)



PokerStars Hand #254407062675:  Hold'em No Limit ($0.50/$1.00 USD) - 2025/01/16 23:40:39 WET [2025/01/16 18:40:39 ET]
Table 'Ukko II' 6-max Seat #4 is the button
Seat 1: geeksy2 ($138.59 in chips) 
Seat 2: ptolejmus ($10 in chips) 
Seat 3: MakoEv ($100 in chips) 
Seat 4: Unipoker11 ($109.09 in chips) 
Seat 5: IREQO ($100 in chips) 
Seat 6: ReVeu710 ($127.44 in chips) 
IREQO: posts small blind $0.50
ReVeu710: posts big blind $1
*** HOLE CARDS ***
geeksy2: calls $1
ptolejmus: folds 
MakoEv: folds 
Unipoker11: folds 
IREQO: folds 
ReVeu710: checks 
*** FLOP *** [Js 2s As]
ReVeu710: checks 
geeksy2: bets $3
ReVeu710: folds 
Uncalled bet ($3) returned to geeksy2
geeksy2 collected $2.38 from pot
geeksy2: doesn't show hand 
*** SUMMARY ***
Total pot $2.50 | Rake $0.12 
Board [Js 2s As]
Seat 1: geeksy2 collected ($2.38)
Seat 2: ptolejmus folded before Flop (didn't bet)
Seat 3: MakoEv folded before Flop (didn't bet)
Seat 4: Unipoker11 (button) folded before Flop (didn't bet)
Seat 5: IREQO (small blind) folded before Flop
Seat 6: ReVeu710 (big blind) folded on the Flop



PokerStars Hand #254407071614:  Hold'em No Limit ($0.50/$1.00 USD) - 2025/01/16 23:41:15 WET [2025/01/16 18:41:15 ET]
Table 'Ukko II' 6-max Seat #5 is the button
Seat 1: geeksy2 ($139.97 in chips) 
Seat 2: ptolejmus ($10 in chips) 
Seat 3: MakoEv ($100 in chips) 
Seat 4: Unipoker11 ($109.09 in chips) 
Seat 5: IREQO ($100 in chips) 
Seat 6: ReVeu710 ($126.44 in chips) 
ReVeu710: posts small blind $0.50
geeksy2: posts big blind $1
*** HOLE CARDS ***
ptolejmus: folds 
MakoEv: raises $1.20 to $2.20
Unipoker11: folds 
IREQO: folds 
ReVeu710: calls $1.70
geeksy2: calls $1.20
*** FLOP *** [6c 7c 9h]
ReVeu710: checks 
geeksy2: checks 
MakoEv: bets $4.10
ReVeu710: folds 
geeksy2: folds 
Uncalled bet ($4.10) returned to MakoEv
MakoEv collected $6.27 from pot
MakoEv: doesn't show hand 
*** SUMMARY ***
Total pot $6.60 | Rake $0.33 
Board [6c 7c 9h]
Seat 1: geeksy2 (big blind) folded on the Flop
Seat 2: ptolejmus folded before Flop (didn't bet)
Seat 3: MakoEv collected ($6.27)
Seat 4: Unipoker11 folded before Flop (didn't bet)
Seat 5: IREQO (button) folded before Flop (didn't bet)
Seat 6: ReVeu710 (small blind) folded on the Flop



PokerStars Hand #254407081440:  Hold'em No Limit ($0.50/$1.00 USD) - 2025/01/16 23:41:55 WET [2025/01/16 18:41:55 ET]
Table 'Ukko II' 6-max Seat #6 is the button
Seat 1: geeksy2 ($137.77 in chips) 
Seat 2: ptolejmus ($10 in chips) 
Seat 3: MakoEv ($104.07 in chips) 
Seat 4: Unipoker11 ($109.09 in chips) 
Seat 5: IREQO ($100 in chips) 
Seat 6: ReVeu710 ($124.24 in chips) 
geeksy2: posts small blind $0.50
ptolejmus: posts big blind $1
*** HOLE CARDS ***
MakoEv: folds 
Unipoker11: raises $1 to $2
IREQO: folds 
ReVeu710: calls $2
geeksy2: calls $1.50
ptolejmus: folds 
*** FLOP *** [4h 4c Qd]
geeksy2: bets $4
Unipoker11: folds 
ReVeu710: folds 
Uncalled bet ($4) returned to geeksy2
geeksy2 collected $6.65 from pot
geeksy2: doesn't show hand 
*** SUMMARY ***
Total pot $7 | Rake $0.35 
Board [4h 4c Qd]
Seat 1: geeksy2 (small blind) collected ($6.65)
Seat 2: ptolejmus (big blind) folded before Flop
Seat 3: MakoEv folded before Flop (didn't bet)
Seat 4: Unipoker11 folded on the Flop
Seat 5: IREQO folded before Flop (didn't bet)
Seat 6: ReVeu710 (button) folded on the Flop



PokerStars Hand #254407087527:  Hold'em No Limit ($0.50/$1.00 USD) - 2025/01/16 23:42:20 WET [2025/01/16 18:42:20 ET]
Table 'Ukko II' 6-max Seat #1 is the button
Seat 1: geeksy2 ($142.42 in chips) 
Seat 2: ptolejmus ($10 in chips) 
Seat 3: MakoEv ($104.07 in chips) 
Seat 4: Unipoker11 ($107.09 in chips) 
Seat 5: IREQO ($100 in chips) 
Seat 6: ReVeu710 ($122.24 in chips) 
ptolejmus: posts small blind $0.50
MakoEv: posts big blind $1
*** HOLE CARDS ***
Unipoker11: folds 
IREQO: folds 
ReVeu710: raises $1.30 to $2.30
geeksy2: folds 
ptolejmus: raises $7.70 to $10 and is all-in
MakoEv: folds 
ReVeu710: folds 
Uncalled bet ($7.70) returned to ptolejmus
ptolejmus collected $5.60 from pot
*** SUMMARY ***
Total pot $5.60 | Rake $0 
Seat 1: geeksy2 (button) folded before Flop (didn't bet)
Seat 2: ptolejmus (small blind) collected ($5.60)
Seat 3: MakoEv (big blind) folded before Flop
Seat 4: Unipoker11 folded before Flop (didn't bet)
Seat 5: IREQO folded before Flop (didn't bet)
Seat 6: ReVeu710 folded before Flop



PokerStars Hand #254407094108:  Hold'em No Limit ($0.50/$1.00 USD) - 2025/01/16 23:42:47 WET [2025/01/16 18:42:47 ET]
Table 'Ukko II' 6-max Seat #2 is the button
Seat 1: geeksy2 ($142.42 in chips) 
Seat 2: ptolejmus ($13.30 in chips) 
Seat 3: MakoEv ($103.07 in chips) 
Seat 4: Unipoker11 ($107.09 in chips) 
Seat 5: IREQO ($100 in chips) 
Seat 6: ReVeu710 ($119.94 in chips) 
MakoEv: posts small blind $0.50
Unipoker11: posts big blind $1
*** HOLE CARDS ***
IREQO: folds 
ReVeu710: folds 
geeksy2: calls $1
ptolejmus: folds 
MakoEv: calls $0.50
Unipoker11: checks 
*** FLOP *** [Qd 3s Td]
MakoEv: checks 
Unipoker11: checks 
geeksy2: checks 
*** TURN *** [Qd 3s Td] [6h]
MakoEv: checks 
Unipoker11: checks 
geeksy2: bets $2
MakoEv: folds 
Unipoker11: folds 
Uncalled bet ($2) returned to geeksy2
geeksy2 collected $2.85 from pot
geeksy2: doesn't show hand 
*** SUMMARY ***
Total pot $3 | Rake $0.15 
Board [Qd 3s Td 6h]
Seat 1: geeksy2 collected ($2.85)
Seat 2: ptolejmus (button) folded before Flop (didn't bet)
Seat 3: MakoEv (small blind) folded on the Turn
Seat 4: Unipoker11 (big blind) folded on the Turn
Seat 5: IREQO folded before Flop (didn't bet)
Seat 6: ReVeu710 folded before Flop (didn't bet)



PokerStars Hand #254407428447:  Hold'em No Limit ($0.50/$1.00 USD) - 2025/01/16 0:07:58 WET [2025/01/16 19:07:58 ET]
Table 'Ukko II' 6-max Seat #1 is the button
Seat 1: XneferX ($103.74 in chips) 
Seat 4: Manifestorr ($100.50 in chips) 
Seat 6: nikalas22 ($100 in chips) 
Manifestorr: posts small blind $0.50
nikalas22: posts big blind $1
*** HOLE CARDS ***
XneferX: raises $1.77 to $2.77
Manifestorr: folds 
nikalas22: folds 
Uncalled bet ($1.77) returned to XneferX
XneferX collected $2.50 from pot
XneferX: doesn't show hand 
*** SUMMARY ***
Total pot $2.50 | Rake $0 
Seat 1: XneferX (button) collected ($2.50)
Seat 4: Manifestorr (small blind) folded before Flop
Seat 6: nikalas22 (big blind) folded before Flop



PokerStars Hand #254407431219:  Hold'em No Limit ($0.50/$1.00 USD) - 2025/01/16 0:08:10 WET [2025/01/16 19:08:10 ET]
Table 'Ukko II' 6-max Seat #4 is the button
Seat 1: XneferX ($105.24 in chips) 
Seat 4: Manifestorr ($100 in chips) 
Seat 6: nikalas22 ($100 in chips) 
nikalas22: posts small blind $0.50
XneferX: posts big blind $1
*** HOLE CARDS ***
Manifestorr: raises $1.20 to $2.20
nikalas22: folds 
XneferX: calls $1.20
*** FLOP *** [4s 7h As]
XneferX: checks 
Manifestorr: checks 
*** TURN *** [4s 7h As] [2c]
XneferX: checks 
Manifestorr: checks 
*** RIVER *** [4s 7h As 2c] [Td]
XneferX: checks 
Manifestorr: bets $1.54
XneferX: folds 
Uncalled bet ($1.54) returned to Manifestorr
Manifestorr collected $4.66 from pot
*** SUMMARY ***
Total pot $4.90 | Rake $0.24 
Board [4s 7h As 2c Td]
Seat 1: XneferX (big blind) folded on the River
Seat 4: Manifestorr (button) collected ($4.66)
Seat 6: nikalas22 (small blind) folded before Flop



PokerStars Hand #254407451238:  Hold'em No Limit ($0.50/$1.00 USD) - 2025/01/16 0:09:41 WET [2025/01/16 19:09:41 ET]
Table 'Ukko II' 6-max Seat #1 is the button
Seat 4: Manifestorr ($102.46 in chips) is sitting out
Seat 1: XneferX ($103.04 in chips) 
Seat 6: nikalas22 ($100 in chips) 
XneferX: posts small blind $0.50
Manifestorr: is sitting out 
nikalas22: posts big blind $1
*** HOLE CARDS ***
Manifestorr leaves the table
XneferX: raises $2 to $3
nikalas22: folds 
Uncalled bet ($2) returned to XneferX
XneferX collected $2 from pot
XneferX: doesn't show hand 
*** SUMMARY ***
Total pot $2 | Rake $0 
Seat 4: Manifestorr
Seat 1: XneferX (button) (small blind) collected ($2)
Seat 6: nikalas22 (big blind) folded before Flop



PokerStars Hand #254407453311:  Hold'em No Limit ($0.50/$1.00 USD) - 2025/01/16 0:09:50 WET [2025/01/16 19:09:50 ET]
Table 'Ukko II' 6-max Seat #6 is the button
Seat 1: XneferX ($104.04 in chips) 
Seat 6: nikalas22 ($100 in chips) 
nikalas22: posts small blind $0.50
XneferX: posts big blind $1
*** HOLE CARDS ***
nikalas22: folds 
Uncalled bet ($0.50) returned to XneferX
XneferX collected $1 from pot
XneferX: doesn't show hand 
*** SUMMARY ***
Total pot $1 | Rake $0 
Seat 1: XneferX (big blind) collected ($1)
Seat 6: nikalas22 (button) (small blind) folded before Flop



