PokerStars Hand #254407220332:  Hold'em No Limit ($0.50/$1.00 USD) - 2025/01/16 23:51:25 WET [2025/01/16 18:51:25 ET]
Table 'Sumiana II' 6-max Seat #6 is the button
Seat 1: Supermegopro ($100 in chips) 
Seat 2: 4ihKZ ($101.50 in chips) 
Seat 5: CarryCarrot ($100 in chips) 
Seat 6: derek5858 ($100 in chips) 
Supermegopro: posts small blind $0.50
4ihKZ: posts big blind $1
*** HOLE CARDS ***
CarryCarrot: folds 
derek5858: raises $1.50 to $2.50
Supermegopro: folds 
4ihKZ: folds 
Uncalled bet ($1.50) returned to derek5858
derek5858 collected $2.50 from pot
*** SUMMARY ***
Total pot $2.50 | Rake $0 
Seat 1: Supermegopro (small blind) folded before Flop
Seat 2: 4ihKZ (big blind) folded before Flop
Seat 5: CarryCarrot folded before Flop (didn't bet)
Seat 6: derek5858 (button) collected ($2.50)



PokerStars Hand #254407225409:  Hold'em No Limit ($0.50/$1.00 USD) - 2025/01/16 23:51:46 WET [2025/01/16 18:51:46 ET]
Table 'Sumiana II' 6-max Seat #1 is the button
Seat 1: Supermegopro ($100 in chips) 
Seat 2: 4ihKZ ($100.50 in chips) 
Seat 5: CarryCarrot ($100 in chips) 
Seat 6: derek5858 ($101.50 in chips) 
4ihKZ: posts small blind $0.50
CarryCarrot: posts big blind $1
*** HOLE CARDS ***
derek5858: raises $1 to $2
Supermegopro: folds 
4ihKZ: folds 
CarryCarrot: calls $1
*** FLOP *** [2c 7d 3s]
CarryCarrot: checks 
borulja joins the table at seat #4 
Mr_Dick666 joins the table at seat #3 
derek5858: checks 
*** TURN *** [2c 7d 3s] [7c]
CarryCarrot: checks 
derek5858: checks 
*** RIVER *** [2c 7d 3s 7c] [Td]
CarryCarrot: checks 
derek5858: checks 
*** SHOW DOWN ***
CarryCarrot: shows [5c Ah] (a pair of Sevens)
derek5858: mucks hand 
CarryCarrot collected $4.28 from pot
*** SUMMARY ***
Total pot $4.50 | Rake $0.22 
Board [2c 7d 3s 7c Td]
Seat 1: Supermegopro (button) folded before Flop (didn't bet)
Seat 2: 4ihKZ (small blind) folded before Flop
Seat 5: CarryCarrot (big blind) showed [5c Ah] and won ($4.28) with a pair of Sevens
Seat 6: derek5858 mucked



PokerStars Hand #254407243289:  Hold'em No Limit ($0.50/$1.00 USD) - 2025/01/16 23:53:01 WET [2025/01/16 18:53:01 ET]
Table 'Sumiana II' 6-max Seat #2 is the button
Seat 3: Mr_Dick666 ($100 in chips) is sitting out
Seat 4: borulja ($100 in chips) is sitting out
Seat 1: Supermegopro ($100 in chips) 
Seat 2: 4ihKZ ($100 in chips) 
Seat 5: CarryCarrot ($102.28 in chips) 
Seat 6: derek5858 ($100 in chips) 
CarryCarrot: posts small blind $0.50
derek5858: posts big blind $1
*** HOLE CARDS ***
Supermegopro: folds 
4ihKZ: raises $1.50 to $2.50
CarryCarrot: folds 
derek5858: folds 
Uncalled bet ($1.50) returned to 4ihKZ
4ihKZ collected $2.50 from pot
4ihKZ: doesn't show hand 
*** SUMMARY ***
Total pot $2.50 | Rake $0 
Seat 3: Mr_Dick666
Seat 4: borulja
Seat 1: Supermegopro folded before Flop (didn't bet)
Seat 2: 4ihKZ (button) collected ($2.50)
Seat 5: CarryCarrot (small blind) folded before Flop
Seat 6: derek5858 (big blind) folded before Flop



PokerStars Hand #254407247275:  Hold'em No Limit ($0.50/$1.00 USD) - 2025/01/16 23:53:18 WET [2025/01/16 18:53:18 ET]
Table 'Sumiana II' 6-max Seat #5 is the button
Seat 3: Mr_Dick666 ($100 in chips) is sitting out
Seat 4: borulja ($100 in chips) is sitting out
Seat 1: Supermegopro ($100 in chips) 
Seat 2: 4ihKZ ($101.50 in chips) 
Seat 5: CarryCarrot ($101.78 in chips) 
Seat 6: derek5858 ($100 in chips) 
derek5858: posts small blind $0.50
Supermegopro: posts big blind $1
Mr_Dick666: sits out 
borulja: sits out 
*** HOLE CARDS ***
4ihKZ: folds 
CarryCarrot: folds 
derek5858: folds 
Uncalled bet ($0.50) returned to Supermegopro
Supermegopro collected $1 from pot
Supermegopro: doesn't show hand 
*** SUMMARY ***
Total pot $1 | Rake $0 
Seat 3: Mr_Dick666
Seat 4: borulja
Seat 1: Supermegopro (big blind) collected ($1)
Seat 2: 4ihKZ folded before Flop (didn't bet)
Seat 5: CarryCarrot (button) folded before Flop (didn't bet)
Seat 6: derek5858 (small blind) folded before Flop



PokerStars Hand #254407249807:  Hold'em No Limit ($0.50/$1.00 USD) - 2025/01/16 23:53:30 WET [2025/01/16 18:53:30 ET]
Table 'Sumiana II' 6-max Seat #6 is the button
Seat 2: 4ihKZ ($101.50 in chips) is sitting out
Seat 4: borulja ($100 in chips) is sitting out
Seat 1: Supermegopro ($100.50 in chips) 
Seat 3: Mr_Dick666 ($100 in chips) 
Seat 5: CarryCarrot ($101.78 in chips) 
Seat 6: derek5858 ($100 in chips) 
Supermegopro: posts small blind $0.50
4ihKZ: is sitting out 
Mr_Dick666: posts big blind $1
borulja: sits out 
*** HOLE CARDS ***
CarryCarrot: raises $1.30 to $2.30
derek5858: folds 
Supermegopro: folds 
Mr_Dick666: folds 
Uncalled bet ($1.30) returned to CarryCarrot
CarryCarrot collected $2.50 from pot
*** SUMMARY ***
Total pot $2.50 | Rake $0 
Seat 2: 4ihKZ
Seat 4: borulja
Seat 1: Supermegopro (small blind) folded before Flop
Seat 3: Mr_Dick666 (big blind) folded before Flop
Seat 5: CarryCarrot collected ($2.50)
Seat 6: derek5858 (button) folded before Flop (didn't bet)



PokerStars Hand #254407253208:  Hold'em No Limit ($0.50/$1.00 USD) - 2025/01/16 23:53:44 WET [2025/01/16 18:53:44 ET]
Table 'Sumiana II' 6-max Seat #1 is the button
Seat 2: 4ihKZ ($101.50 in chips) is sitting out
Seat 1: Supermegopro ($100 in chips) 
Seat 3: Mr_Dick666 ($100 in chips) 
Seat 4: borulja ($100 in chips) 
Seat 5: CarryCarrot ($103.28 in chips) 
Seat 6: derek5858 ($100 in chips) 
Mr_Dick666: posts small blind $0.50
borulja: posts big blind $1
*** HOLE CARDS ***
4ihKZ leaves the table
CarryCarrot: raises $1 to $2
derek5858: folds 
Supermegopro: raises $5 to $7
Mr_Dick666: folds 
borulja: folds 
CarryCarrot: folds 
Uncalled bet ($5) returned to Supermegopro
Supermegopro collected $5.50 from pot
Supermegopro: doesn't show hand 
*** SUMMARY ***
Total pot $5.50 | Rake $0 
Seat 2: 4ihKZ
Seat 1: Supermegopro (button) collected ($5.50)
Seat 3: Mr_Dick666 (small blind) folded before Flop
Seat 4: borulja (big blind) folded before Flop
Seat 5: CarryCarrot folded before Flop
Seat 6: derek5858 folded before Flop (didn't bet)



PokerStars Hand #254407260390:  Hold'em No Limit ($0.50/$1.00 USD) - 2025/01/16 23:54:15 WET [2025/01/16 18:54:15 ET]
Table 'Sumiana II' 6-max Seat #3 is the button
Seat 1: Supermegopro ($103.50 in chips) 
Seat 3: Mr_Dick666 ($100 in chips) 
Seat 4: borulja ($99 in chips) 
Seat 5: CarryCarrot ($101.28 in chips) 
Seat 6: derek5858 ($100 in chips) 
borulja: posts small blind $0.50
CarryCarrot: posts big blind $1
*** HOLE CARDS ***
derek5858: raises $1 to $2
Supermegopro: folds 
Mr_Dick666: folds 
borulja: folds 
CarryCarrot: folds 
Uncalled bet ($1) returned to derek5858
derek5858 collected $2.50 from pot
*** SUMMARY ***
Total pot $2.50 | Rake $0 
Seat 1: Supermegopro folded before Flop (didn't bet)
Seat 3: Mr_Dick666 (button) folded before Flop (didn't bet)
Seat 4: borulja (small blind) folded before Flop
Seat 5: CarryCarrot (big blind) folded before Flop
Seat 6: derek5858 collected ($2.50)



PokerStars Hand #254407264237:  Hold'em No Limit ($0.50/$1.00 USD) - 2025/01/16 23:54:32 WET [2025/01/16 18:54:32 ET]
Table 'Sumiana II' 6-max Seat #4 is the button
Seat 1: Supermegopro ($103.50 in chips) 
Seat 3: Mr_Dick666 ($100 in chips) 
Seat 4: borulja ($98.50 in chips) 
Seat 5: CarryCarrot ($100.28 in chips) 
Seat 6: derek5858 ($101.50 in chips) 
CarryCarrot: posts small blind $0.50
derek5858: posts big blind $1
*** HOLE CARDS ***
nicofellow joins the table at seat #2 
Supermegopro: folds 
Mr_Dick666: folds 
borulja: folds 
CarryCarrot: raises $2 to $3
derek5858: folds 
Uncalled bet ($2) returned to CarryCarrot
CarryCarrot collected $2 from pot
*** SUMMARY ***
Total pot $2 | Rake $0 
Seat 1: Supermegopro folded before Flop (didn't bet)
Seat 3: Mr_Dick666 folded before Flop (didn't bet)
Seat 4: borulja (button) folded before Flop (didn't bet)
Seat 5: CarryCarrot (small blind) collected ($2)
Seat 6: derek5858 (big blind) folded before Flop



PokerStars Hand #254407269953:  Hold'em No Limit ($0.50/$1.00 USD) - 2025/01/16 23:54:57 WET [2025/01/16 18:54:57 ET]
Table 'Sumiana II' 6-max Seat #5 is the button
Seat 2: nicofellow ($100 in chips) is sitting out
Seat 1: Supermegopro ($103.50 in chips) 
Seat 3: Mr_Dick666 ($100 in chips) 
Seat 4: borulja ($98.50 in chips) 
Seat 5: CarryCarrot ($101.28 in chips) 
Seat 6: derek5858 ($100.50 in chips) 
derek5858: posts small blind $0.50
Supermegopro: posts big blind $1
nicofellow: sits out 
*** HOLE CARDS ***
Mr_Dick666: folds 
borulja: raises $2 to $3
CarryCarrot: folds 
derek5858: folds 
Supermegopro: folds 
Uncalled bet ($2) returned to borulja
borulja collected $2.50 from pot
borulja: doesn't show hand 
*** SUMMARY ***
Total pot $2.50 | Rake $0 
Seat 2: nicofellow
Seat 1: Supermegopro (big blind) folded before Flop
Seat 3: Mr_Dick666 folded before Flop (didn't bet)
Seat 4: borulja collected ($2.50)
Seat 5: CarryCarrot (button) folded before Flop (didn't bet)
Seat 6: derek5858 (small blind) folded before Flop



PokerStars Hand #254407273466:  Hold'em No Limit ($0.50/$1.00 USD) - 2025/01/16 23:55:13 WET [2025/01/16 18:55:13 ET]
Table 'Sumiana II' 6-max Seat #6 is the button
Seat 1: Supermegopro ($102.50 in chips) 
Seat 2: nicofellow ($100 in chips) 
Seat 3: Mr_Dick666 ($100 in chips) 
Seat 4: borulja ($100 in chips) 
Seat 5: CarryCarrot ($101.28 in chips) 
Seat 6: derek5858 ($100 in chips) 
Supermegopro: posts small blind $0.50
nicofellow: posts big blind $1
*** HOLE CARDS ***
Mr_Dick666: folds 
borulja: raises $2 to $3
CarryCarrot: folds 
derek5858: folds 
Supermegopro: folds 
nicofellow: folds 
Uncalled bet ($2) returned to borulja
borulja collected $2.50 from pot
borulja: doesn't show hand 
*** SUMMARY ***
Total pot $2.50 | Rake $0 
Seat 1: Supermegopro (small blind) folded before Flop
Seat 2: nicofellow (big blind) folded before Flop
Seat 3: Mr_Dick666 folded before Flop (didn't bet)
Seat 4: borulja collected ($2.50)
Seat 5: CarryCarrot folded before Flop (didn't bet)
Seat 6: derek5858 (button) folded before Flop (didn't bet)



PokerStars Hand #254407277361:  Hold'em No Limit ($0.50/$1.00 USD) - 2025/01/16 23:55:35 WET [2025/01/16 18:55:35 ET]
Table 'Sumiana II' 6-max Seat #1 is the button
Seat 1: Supermegopro ($102 in chips) 
Seat 2: nicofellow ($100 in chips) 
Seat 3: Mr_Dick666 ($100 in chips) 
Seat 4: borulja ($101.50 in chips) 
Seat 5: CarryCarrot ($101.28 in chips) 
Seat 6: derek5858 ($100 in chips) 
nicofellow: posts small blind $0.50
Mr_Dick666: posts big blind $1
*** HOLE CARDS ***
borulja: raises $2 to $3
CarryCarrot: folds 
derek5858: folds 
Supermegopro: raises $6 to $9
nicofellow: folds 
Mr_Dick666: folds 
borulja: raises $92.50 to $101.50 and is all-in
Supermegopro: calls $92.50
*** FLOP *** [3s Jc Qd]
*** TURN *** [3s Jc Qd] [Qh]
*** RIVER *** [3s Jc Qd Qh] [9c]
*** SHOW DOWN ***
borulja: shows [Ac Kc] (a pair of Queens)
Supermegopro: shows [As Ad] (two pair, Aces and Queens)
Supermegopro collected $202 from pot
*** SUMMARY ***
Total pot $204.50 | Rake $2.50 
Board [3s Jc Qd Qh 9c]
Seat 1: Supermegopro (button) showed [As Ad] and won ($202) with two pair, Aces and Queens
Seat 2: nicofellow (small blind) folded before Flop
Seat 3: Mr_Dick666 (big blind) folded before Flop
Seat 4: borulja showed [Ac Kc] and lost with a pair of Queens
Seat 5: CarryCarrot folded before Flop (didn't bet)
Seat 6: derek5858 folded before Flop (didn't bet)



PokerStars Hand #254407283591:  Hold'em No Limit ($0.50/$1.00 USD) - 2025/01/16 23:56:10 WET [2025/01/16 18:56:10 ET]
Table 'Sumiana II' 6-max Seat #2 is the button
Seat 4: borulja ($0 in chips) is sitting out
Seat 1: Supermegopro ($202.50 in chips) 
Seat 2: nicofellow ($100 in chips) 
Seat 3: Mr_Dick666 ($100 in chips) 
Seat 5: CarryCarrot ($101.28 in chips) 
Seat 6: derek5858 ($100 in chips) 
Mr_Dick666: posts small blind $0.50
CarryCarrot: posts big blind $1
*** HOLE CARDS ***
derek5858: folds 
Supermegopro: raises $1.50 to $2.50
borulja leaves the table
nicofellow: folds 
Mr_Dick666: folds 
CarryCarrot: folds 
Uncalled bet ($1.50) returned to Supermegopro
Supermegopro collected $2.50 from pot
Supermegopro: doesn't show hand 
*** SUMMARY ***
Total pot $2.50 | Rake $0 
Seat 4: borulja
Seat 1: Supermegopro collected ($2.50)
Seat 2: nicofellow (button) folded before Flop (didn't bet)
Seat 3: Mr_Dick666 (small blind) folded before Flop
Seat 5: CarryCarrot (big blind) folded before Flop
Seat 6: derek5858 folded before Flop (didn't bet)



PokerStars Hand #254407287391:  Hold'em No Limit ($0.50/$1.00 USD) - 2025/01/16 23:56:30 WET [2025/01/16 18:56:30 ET]
Table 'Sumiana II' 6-max Seat #3 is the button
Seat 1: Supermegopro ($204 in chips) 
Seat 2: nicofellow ($100 in chips) 
Seat 3: Mr_Dick666 ($100 in chips) 
Seat 5: CarryCarrot ($100.28 in chips) 
Seat 6: derek5858 ($100 in chips) 
CarryCarrot: posts small blind $0.50
derek5858: posts big blind $1
*** HOLE CARDS ***
Supermegopro: folds 
nicofellow: folds 
Mr_Dick666: folds 
CarryCarrot: raises $2 to $3
derek5858: folds 
Uncalled bet ($2) returned to CarryCarrot
nicofellow leaves the table
CarryCarrot collected $2 from pot
*** SUMMARY ***
Total pot $2 | Rake $0 
Seat 1: Supermegopro folded before Flop (didn't bet)
Seat 2: nicofellow folded before Flop (didn't bet)
Seat 3: Mr_Dick666 (button) folded before Flop (didn't bet)
Seat 5: CarryCarrot (small blind) collected ($2)
Seat 6: derek5858 (big blind) folded before Flop



PokerStars Hand #254407290315:  Hold'em No Limit ($0.50/$1.00 USD) - 2025/01/16 23:56:47 WET [2025/01/16 18:56:47 ET]
Table 'Sumiana II' 6-max Seat #5 is the button
Seat 1: Supermegopro ($204 in chips) 
Seat 3: Mr_Dick666 ($100 in chips) 
Seat 5: CarryCarrot ($101.28 in chips) 
Seat 6: derek5858 ($100 in chips) 
derek5858: posts small blind $0.50
Supermegopro: posts big blind $1
*** HOLE CARDS ***
Mr_Dick666: folds 
CarryCarrot: folds 
derek5858: folds 
Uncalled bet ($0.50) returned to Supermegopro
Supermegopro collected $1 from pot
Supermegopro: doesn't show hand 
*** SUMMARY ***
Total pot $1 | Rake $0 
Seat 1: Supermegopro (big blind) collected ($1)
Seat 3: Mr_Dick666 folded before Flop (didn't bet)
Seat 5: CarryCarrot (button) folded before Flop (didn't bet)
Seat 6: derek5858 (small blind) folded before Flop



PokerStars Hand #254407292377:  Hold'em No Limit ($0.50/$1.00 USD) - 2025/01/16 23:56:59 WET [2025/01/16 18:56:59 ET]
Table 'Sumiana II' 6-max Seat #6 is the button
Seat 3: Mr_Dick666 ($100 in chips) is sitting out
Seat 1: Supermegopro ($204.50 in chips) 
Seat 5: CarryCarrot ($101.28 in chips) 
Seat 6: derek5858 ($100 in chips) 
Supermegopro: posts small blind $0.50
Mr_Dick666: is sitting out 
CarryCarrot: posts big blind $1
*** HOLE CARDS ***
derek5858: folds 
Supermegopro: folds 
Uncalled bet ($0.50) returned to CarryCarrot
derek5858 leaves the table
Mr_Dick666 leaves the table
CarryCarrot collected $1 from pot
*** SUMMARY ***
Total pot $1 | Rake $0 
Seat 3: Mr_Dick666
Seat 1: Supermegopro (small blind) folded before Flop
Seat 5: CarryCarrot (big blind) collected ($1)
Seat 6: derek5858 (button) folded before Flop (didn't bet)



PokerStars Hand #254407293566:  Hold'em No Limit ($0.50/$1.00 USD) - 2025/01/16 23:57:05 WET [2025/01/16 18:57:05 ET]
Table 'Sumiana II' 6-max Seat #5 is the button
Seat 1: Supermegopro ($204 in chips) 
Seat 5: CarryCarrot ($101.78 in chips) 
CarryCarrot: posts small blind $0.50
Supermegopro: posts big blind $1
*** HOLE CARDS ***
CarryCarrot: folds 
Uncalled bet ($0.50) returned to Supermegopro
Supermegopro collected $1 from pot
Supermegopro: doesn't show hand 
*** SUMMARY ***
Total pot $1 | Rake $0 
Seat 1: Supermegopro (big blind) collected ($1)
Seat 5: CarryCarrot (button) (small blind) folded before Flop



PokerStars Hand #254407310654:  Hold'em No Limit ($0.50/$1.00 USD) - 2025/01/16 23:58:43 WET [2025/01/16 18:58:43 ET]
Table 'Sumiana II' 6-max Seat #1 is the button
Seat 1: Supermegopro ($204.50 in chips) 
Seat 4: kuca86 ($100 in chips) 
Supermegopro: posts small blind $0.50
kuca86: posts big blind $1
*** HOLE CARDS ***
Supermegopro: raises $2 to $3
kuca86: raises $8 to $11
Supermegopro: raises $193.50 to $204.50 and is all-in
kuca86: folds 
Uncalled bet ($193.50) returned to Supermegopro
Supermegopro collected $22 from pot
Supermegopro: doesn't show hand 
*** SUMMARY ***
Total pot $22 | Rake $0 
Seat 1: Supermegopro (button) (small blind) collected ($22)
Seat 4: kuca86 (big blind) folded before Flop



PokerStars Hand #254407314772:  Hold'em No Limit ($0.50/$1.00 USD) - 2025/01/16 23:59:07 WET [2025/01/16 18:59:07 ET]
Table 'Sumiana II' 6-max Seat #4 is the button
Seat 1: Supermegopro ($215.50 in chips) 
Seat 4: kuca86 ($100 in chips) 
kuca86: posts small blind $0.50
Supermegopro: posts big blind $1
*** HOLE CARDS ***
kuca86: raises $1.50 to $2.50
Supermegopro: calls $1.50
*** FLOP *** [9d 2s 6h]
Supermegopro: checks 
kuca86: bets $3.33
Supermegopro: folds 
Uncalled bet ($3.33) returned to kuca86
kuca86 collected $4.75 from pot
kuca86: doesn't show hand 
*** SUMMARY ***
Total pot $5 | Rake $0.25 
Board [9d 2s 6h]
Seat 1: Supermegopro (big blind) folded on the Flop
Seat 4: kuca86 (button) (small blind) collected ($4.75)



PokerStars Hand #254407354226:  Hold'em No Limit ($0.50/$1.00 USD) - 2025/01/16 0:02:25 WET [2025/01/16 19:02:25 ET]
Table 'Sumiana II' 6-max Seat #6 is the button
Seat 1: Supermegopro ($213 in chips) is sitting out
Seat 4: kuca86 ($102.25 in chips) 
Seat 6: nikalas22 ($100 in chips) 
nikalas22: posts small blind $0.50
kuca86: posts big blind $1
*** HOLE CARDS ***
nikalas22: raises $1.50 to $2.50
kuca86: calls $1.50
*** FLOP *** [7c 7d 3c]
kuca86: checks 
nikalas22: bets $1.43
kuca86: calls $1.43
*** TURN *** [7c 7d 3c] [4s]
kuca86: checks 
nikalas22: checks 
*** RIVER *** [7c 7d 3c 4s] [2d]
kuca86: checks 
nikalas22: bets $5.60
kuca86: calls $5.60
*** SHOW DOWN ***
nikalas22: shows [5c 4h] (two pair, Sevens and Fours)
kuca86: mucks hand 
nikalas22 collected $18.11 from pot
*** SUMMARY ***
Total pot $19.06 | Rake $0.95 
Board [7c 7d 3c 4s 2d]
Seat 1: Supermegopro
Seat 4: kuca86 (big blind) mucked
Seat 6: nikalas22 (button) (small blind) showed [5c 4h] and won ($18.11) with two pair, Sevens and Fours



PokerStars Hand #254407369390:  Hold'em No Limit ($0.50/$1.00 USD) - 2025/01/16 0:03:33 WET [2025/01/16 19:03:33 ET]
Table 'Sumiana II' 6-max Seat #4 is the button
Seat 1: Supermegopro ($213 in chips) 
Seat 4: kuca86 ($100 in chips) 
Seat 6: nikalas22 ($108.58 in chips) 
nikalas22: posts small blind $0.50
Supermegopro: posts big blind $1
*** HOLE CARDS ***
kuca86: folds 
nikalas22: folds 
Uncalled bet ($0.50) returned to Supermegopro
Supermegopro collected $1 from pot
Supermegopro: doesn't show hand 
*** SUMMARY ***
Total pot $1 | Rake $0 
Seat 1: Supermegopro (big blind) collected ($1)
Seat 4: kuca86 (button) folded before Flop (didn't bet)
Seat 6: nikalas22 (small blind) folded before Flop



PokerStars Hand #254407371954:  Hold'em No Limit ($0.50/$1.00 USD) - 2025/01/16 0:03:45 WET [2025/01/16 19:03:45 ET]
Table 'Sumiana II' 6-max Seat #6 is the button
Seat 1: Supermegopro ($213.50 in chips) 
Seat 4: kuca86 ($100 in chips) 
Seat 6: nikalas22 ($108.08 in chips) 
Supermegopro: posts small blind $0.50
kuca86: posts big blind $1
*** HOLE CARDS ***
nikalas22: folds 
Supermegopro: folds 
Uncalled bet ($0.50) returned to kuca86
kuca86 collected $1 from pot
kuca86: doesn't show hand 
*** SUMMARY ***
Total pot $1 | Rake $0 
Seat 1: Supermegopro (small blind) folded before Flop
Seat 4: kuca86 (big blind) collected ($1)
Seat 6: nikalas22 (button) folded before Flop (didn't bet)



PokerStars Hand #254407373772:  Hold'em No Limit ($0.50/$1.00 USD) - 2025/01/16 0:03:53 WET [2025/01/16 19:03:53 ET]
Table 'Sumiana II' 6-max Seat #1 is the button
Seat 1: Supermegopro ($213 in chips) 
Seat 4: kuca86 ($100.50 in chips) 
Seat 6: nikalas22 ($108.08 in chips) 
kuca86: posts small blind $0.50
nikalas22: posts big blind $1
*** HOLE CARDS ***
Supermegopro: folds 
kuca86: raises $2 to $3
nikalas22: calls $2
*** FLOP *** [Jc Kh Tc]
kuca86: bets $1.43
nikalas22: calls $1.43
*** TURN *** [Jc Kh Tc] [5c]
kuca86: checks 
nikalas22: checks 
*** RIVER *** [Jc Kh Tc 5c] [4d]
kuca86: checks 
nikalas22: checks 
*** SHOW DOWN ***
kuca86: shows [3s As] (high card Ace)
nikalas22: shows [8c Js] (a pair of Jacks)
nikalas22 collected $8.42 from pot
*** SUMMARY ***
Total pot $8.86 | Rake $0.44 
Board [Jc Kh Tc 5c 4d]
Seat 1: Supermegopro (button) folded before Flop (didn't bet)
Seat 4: kuca86 (small blind) showed [3s As] and lost with high card Ace
Seat 6: nikalas22 (big blind) showed [8c Js] and won ($8.42) with a pair of Jacks



PokerStars Hand #254407384322:  Hold'em No Limit ($0.50/$1.00 USD) - 2025/01/16 0:04:40 WET [2025/01/16 19:04:40 ET]
Table 'Sumiana II' 6-max Seat #4 is the button
Seat 1: Supermegopro ($213 in chips) 
Seat 4: kuca86 ($100 in chips) 
Seat 6: nikalas22 ($112.07 in chips) 
nikalas22: posts small blind $0.50
Supermegopro: posts big blind $1
*** HOLE CARDS ***
kuca86: folds 
nikalas22: raises $2 to $3
Supermegopro: folds 
Uncalled bet ($2) returned to nikalas22
nikalas22 collected $2 from pot
nikalas22: doesn't show hand 
*** SUMMARY ***
Total pot $2 | Rake $0 
Seat 1: Supermegopro (big blind) folded before Flop
Seat 4: kuca86 (button) folded before Flop (didn't bet)
Seat 6: nikalas22 (small blind) collected ($2)



PokerStars Hand #254407386757:  Hold'em No Limit ($0.50/$1.00 USD) - 2025/01/16 0:04:51 WET [2025/01/16 19:04:51 ET]
Table 'Sumiana II' 6-max Seat #6 is the button
Seat 1: Supermegopro ($212 in chips) 
Seat 4: kuca86 ($100 in chips) 
Seat 6: nikalas22 ($113.07 in chips) 
Supermegopro: posts small blind $0.50
kuca86: posts big blind $1
*** HOLE CARDS ***
nikalas22: raises $1.50 to $2.50
Supermegopro: folds 
lukazs2 joins the table at seat #2 
lukazs2 is disconnected 
Espada Fish joins the table at seat #3 
kuca86: raises $7.50 to $10
SorinS28 joins the table at seat #5 
nikalas22: folds 
Uncalled bet ($7.50) returned to kuca86
kuca86 collected $5.50 from pot
kuca86: doesn't show hand 
*** SUMMARY ***
Total pot $5.50 | Rake $0 
Seat 1: Supermegopro (small blind) folded before Flop
Seat 4: kuca86 (big blind) collected ($5.50)
Seat 6: nikalas22 (button) folded before Flop



PokerStars Hand #254407393198:  Hold'em No Limit ($0.50/$1.00 USD) - 2025/01/16 0:05:19 WET [2025/01/16 19:05:19 ET]
Table 'Sumiana II' 6-max Seat #1 is the button
Seat 2: lukazs2 ($80 in chips) is sitting out
Seat 3: Espada Fish ($100 in chips) is sitting out
Seat 1: Supermegopro ($211.50 in chips) 
Seat 4: kuca86 ($103 in chips) 
Seat 5: SorinS28 ($100 in chips) 
Seat 6: nikalas22 ($110.57 in chips) 
kuca86: posts small blind $0.50
SorinS28: posts big blind $1
*** HOLE CARDS ***
nikalas22: folds 
Supermegopro: folds 
kuca86: folds 
Uncalled bet ($0.50) returned to SorinS28
SorinS28 collected $1 from pot
SorinS28: doesn't show hand 
*** SUMMARY ***
Total pot $1 | Rake $0 
Seat 2: lukazs2
Seat 3: Espada Fish
Seat 1: Supermegopro (button) folded before Flop (didn't bet)
Seat 4: kuca86 (small blind) folded before Flop
Seat 5: SorinS28 (big blind) collected ($1)
Seat 6: nikalas22 folded before Flop (didn't bet)



PokerStars Hand #254407395493:  Hold'em No Limit ($0.50/$1.00 USD) - 2025/01/16 0:05:29 WET [2025/01/16 19:05:29 ET]
Table 'Sumiana II' 6-max Seat #4 is the button
Seat 3: Espada Fish ($100 in chips) is sitting out
Seat 1: Supermegopro ($211.50 in chips) 
Seat 2: lukazs2 ($80 in chips) 
Seat 4: kuca86 ($102.50 in chips) 
Seat 5: SorinS28 ($100.50 in chips) 
Seat 6: nikalas22 ($110.57 in chips) 
SorinS28: posts small blind $0.50
nikalas22: posts big blind $1
lukazs2: posts big blind $1
Espada Fish: sits out 
*** HOLE CARDS ***
Supermegopro: folds 
lukazs2: raises $3 to $4
kuca86: raises $7 to $11
SorinS28: folds 
nikalas22: folds 
lukazs2: calls $7
*** FLOP *** [8d 5d 5s]
lukazs2: checks 
kuca86: bets $8.26
lukazs2: calls $8.26
*** TURN *** [8d 5d 5s] [7d]
lukazs2: bets $38.02
kuca86: raises $38.02 to $76.04
lukazs2: calls $22.72 and is all-in
Uncalled bet ($15.30) returned to kuca86
*** RIVER *** [8d 5d 5s 7d] [3d]
*** SHOW DOWN ***
lukazs2: shows [Qd Kh] (a flush, Queen high)
kuca86: shows [Ah Qh] (a pair of Fives)
lukazs2 collected $159 from pot
*** SUMMARY ***
Total pot $161.50 | Rake $2.50 
Board [8d 5d 5s 7d 3d]
Seat 3: Espada Fish
Seat 1: Supermegopro folded before Flop (didn't bet)
Seat 2: lukazs2 showed [Qd Kh] and won ($159) with a flush, Queen high
Seat 4: kuca86 (button) showed [Ah Qh] and lost with a pair of Fives
Seat 5: SorinS28 (small blind) folded before Flop
Seat 6: nikalas22 (big blind) folded before Flop



PokerStars Hand #254407411376:  Hold'em No Limit ($0.50/$1.00 USD) - 2025/01/16 0:06:40 WET [2025/01/16 19:06:40 ET]
Table 'Sumiana II' 6-max Seat #5 is the button
Seat 3: Espada Fish ($100 in chips) is sitting out
Seat 1: Supermegopro ($211.50 in chips) 
Seat 2: lukazs2 ($159 in chips) 
Seat 4: kuca86 ($100 in chips) 
Seat 5: SorinS28 ($100 in chips) 
Seat 6: nikalas22 ($109.57 in chips) 
nikalas22: posts small blind $0.50
Supermegopro: posts big blind $1
Espada Fish: sits out 
*** HOLE CARDS ***
lukazs2: folds 
kuca86: raises $1.50 to $2.50
SorinS28: calls $2.50
nikalas22: folds 
Supermegopro: folds 
*** FLOP *** [4s 2c 4c]
kuca86: checks 
SorinS28: checks 
*** TURN *** [4s 2c 4c] [Td]
kuca86: bets $9.27
SorinS28: folds 
Uncalled bet ($9.27) returned to kuca86
kuca86 collected $6.18 from pot
kuca86: doesn't show hand 
*** SUMMARY ***
Total pot $6.50 | Rake $0.32 
Board [4s 2c 4c Td]
Seat 3: Espada Fish
Seat 1: Supermegopro (big blind) folded before Flop
Seat 2: lukazs2 folded before Flop (didn't bet)
Seat 4: kuca86 collected ($6.18)
Seat 5: SorinS28 (button) folded on the Turn
Seat 6: nikalas22 (small blind) folded before Flop



PokerStars Hand #254407432225:  Hold'em No Limit ($0.50/$1.00 USD) - 2025/01/16 0:08:15 WET [2025/01/16 19:08:15 ET]
Table 'Sumiana II' 6-max Seat #6 is the button
Seat 3: Espada Fish ($100 in chips) is sitting out
Seat 1: Supermegopro ($210.50 in chips) 
Seat 2: lukazs2 ($159 in chips) 
Seat 4: kuca86 ($103.68 in chips) 
Seat 5: SorinS28 ($100 in chips) 
Seat 6: nikalas22 ($109.07 in chips) 
Supermegopro: posts small blind $0.50
lukazs2: posts big blind $1
Espada Fish: sits out 
*** HOLE CARDS ***
kuca86: folds 
SorinS28: folds 
nikalas22: folds 
Supermegopro: raises $1.50 to $2.50
lukazs2: calls $1.50
*** FLOP *** [As 2d Js]
Supermegopro: checks 
lukazs2: bets $2
Supermegopro: folds 
Uncalled bet ($2) returned to lukazs2
lukazs2 collected $4.75 from pot
*** SUMMARY ***
Total pot $5 | Rake $0.25 
Board [As 2d Js]
Seat 3: Espada Fish
Seat 1: Supermegopro (small blind) folded on the Flop
Seat 2: lukazs2 (big blind) collected ($4.75)
Seat 4: kuca86 folded before Flop (didn't bet)
Seat 5: SorinS28 folded before Flop (didn't bet)
Seat 6: nikalas22 (button) folded before Flop (didn't bet)



PokerStars Hand #254407437756:  Hold'em No Limit ($0.50/$1.00 USD) - 2025/01/16 0:08:40 WET [2025/01/16 19:08:40 ET]
Table 'Sumiana II' 6-max Seat #1 is the button
Seat 1: Supermegopro ($208 in chips) 
Seat 2: lukazs2 ($161.25 in chips) 
Seat 3: Espada Fish ($100 in chips) 
Seat 4: kuca86 ($103.68 in chips) 
Seat 5: SorinS28 ($100 in chips) 
Seat 6: nikalas22 ($109.07 in chips) 
lukazs2: posts small blind $0.50
Espada Fish: posts big blind $1
*** HOLE CARDS ***
kuca86: folds 
SorinS28: folds 
nikalas22: folds 
Supermegopro: raises $2 to $3
lukazs2: calls $2.50
Espada Fish: folds 
*** FLOP *** [6s 5s 9d]
lukazs2: checks 
Supermegopro: bets $3.43
lukazs2: folds 
Uncalled bet ($3.43) returned to Supermegopro
Supermegopro collected $6.65 from pot
Supermegopro: doesn't show hand 
*** SUMMARY ***
Total pot $7 | Rake $0.35 
Board [6s 5s 9d]
Seat 1: Supermegopro (button) collected ($6.65)
Seat 2: lukazs2 (small blind) folded on the Flop
Seat 3: Espada Fish (big blind) folded before Flop
Seat 4: kuca86 folded before Flop (didn't bet)
Seat 5: SorinS28 folded before Flop (didn't bet)
Seat 6: nikalas22 folded before Flop (didn't bet)



PokerStars Hand #254407445445:  Hold'em No Limit ($0.50/$1.00 USD) - 2025/01/16 0:09:15 WET [2025/01/16 19:09:15 ET]
Table 'Sumiana II' 6-max Seat #2 is the button
Seat 1: Supermegopro ($211.65 in chips) 
Seat 2: lukazs2 ($158.25 in chips) 
Seat 3: Espada Fish ($100 in chips) 
Seat 4: kuca86 ($103.68 in chips) 
Seat 5: SorinS28 ($100 in chips) 
Seat 6: nikalas22 ($109.07 in chips) 
Espada Fish: posts small blind $0.50
kuca86: posts big blind $1
*** HOLE CARDS ***
SorinS28: raises $1.02 to $2.02
nikalas22: folds 
Supermegopro: folds 
lukazs2: calls $2.02
Espada Fish: folds 
kuca86: calls $1.02
*** FLOP *** [5s 8d Ah]
kuca86: checks 
SorinS28: bets $1.74
lukazs2: folds 
kuca86: folds 
Uncalled bet ($1.74) returned to SorinS28
SorinS28 collected $6.23 from pot
SorinS28: doesn't show hand 
*** SUMMARY ***
Total pot $6.56 | Rake $0.33 
Board [5s 8d Ah]
Seat 1: Supermegopro folded before Flop (didn't bet)
Seat 2: lukazs2 (button) folded on the Flop
Seat 3: Espada Fish (small blind) folded before Flop
Seat 4: kuca86 (big blind) folded on the Flop
Seat 5: SorinS28 collected ($6.23)
Seat 6: nikalas22 folded before Flop (didn't bet)



PokerStars Hand #254407454107:  Hold'em No Limit ($0.50/$1.00 USD) - 2025/01/16 0:09:54 WET [2025/01/16 19:09:54 ET]
Table 'Sumiana II' 6-max Seat #3 is the button
Seat 1: Supermegopro ($211.65 in chips) 
Seat 2: lukazs2 ($156.23 in chips) 
Seat 3: Espada Fish ($100 in chips) 
Seat 4: kuca86 ($101.66 in chips) 
Seat 5: SorinS28 ($104.21 in chips) 
Seat 6: nikalas22 ($109.07 in chips) 
kuca86: posts small blind $0.50
SorinS28: posts big blind $1
*** HOLE CARDS ***
nikalas22: folds 
Supermegopro: folds 
lukazs2: raises $5 to $6
Espada Fish: folds 
kuca86: raises $10 to $16
SorinS28: folds 
lukazs2: calls $10
*** FLOP *** [4c Js Qc]
kuca86: bets $7.84
lukazs2: folds 
Uncalled bet ($7.84) returned to kuca86
kuca86 collected $31.35 from pot
kuca86: doesn't show hand 
*** SUMMARY ***
Total pot $33 | Rake $1.65 
Board [4c Js Qc]
Seat 1: Supermegopro folded before Flop (didn't bet)
Seat 2: lukazs2 folded on the Flop
Seat 3: Espada Fish (button) folded before Flop (didn't bet)
Seat 4: kuca86 (small blind) collected ($31.35)
Seat 5: SorinS28 (big blind) folded before Flop
Seat 6: nikalas22 folded before Flop (didn't bet)



PokerStars Hand #254407463392:  Hold'em No Limit ($0.50/$1.00 USD) - 2025/01/16 0:10:36 WET [2025/01/16 19:10:36 ET]
Table 'Sumiana II' 6-max Seat #4 is the button
Seat 1: Supermegopro ($211.65 in chips) 
Seat 2: lukazs2 ($140.23 in chips) 
Seat 3: Espada Fish ($100 in chips) 
Seat 4: kuca86 ($117.01 in chips) 
Seat 5: SorinS28 ($103.21 in chips) 
Seat 6: nikalas22 ($109.07 in chips) 
SorinS28: posts small blind $0.50
nikalas22: posts big blind $1
*** HOLE CARDS ***
Supermegopro: raises $1.50 to $2.50
lukazs2: calls $2.50
Espada Fish: folds 
kuca86: folds 
SorinS28: folds 
nikalas22: calls $1.50
*** FLOP *** [Ts Td 7s]
nikalas22: checks 
Supermegopro: checks 
lukazs2: checks 
*** TURN *** [Ts Td 7s] [Qc]
nikalas22: bets $5.70
Supermegopro: folds 
lukazs2: calls $5.70
*** RIVER *** [Ts Td 7s Qc] [2h]
nikalas22: bets $27.65
lukazs2: calls $27.65
*** SHOW DOWN ***
nikalas22: shows [8c Tc] (three of a kind, Tens)
lukazs2: mucks hand 
nikalas22 collected $72.20 from pot
*** SUMMARY ***
Total pot $74.70 | Rake $2.50 
Board [Ts Td 7s Qc 2h]
Seat 1: Supermegopro folded on the Turn
Seat 2: lukazs2 mucked
Seat 3: Espada Fish folded before Flop (didn't bet)
Seat 4: kuca86 (button) folded before Flop (didn't bet)
Seat 5: SorinS28 (small blind) folded before Flop
Seat 6: nikalas22 (big blind) showed [8c Tc] and won ($72.20) with three of a kind, Tens



PokerStars Hand #254407477645:  Hold'em No Limit ($0.50/$1.00 USD) - 2025/01/16 0:11:42 WET [2025/01/16 19:11:42 ET]
Table 'Sumiana II' 6-max Seat #5 is the button
Seat 1: Supermegopro ($209.15 in chips) 
Seat 2: lukazs2 ($104.38 in chips) 
Seat 3: Espada Fish ($100 in chips) 
Seat 4: kuca86 ($117.01 in chips) 
Seat 5: SorinS28 ($102.71 in chips) 
Seat 6: nikalas22 ($145.42 in chips) 
nikalas22: posts small blind $0.50
Supermegopro: posts big blind $1
*** HOLE CARDS ***
lukazs2: raises $3 to $4
Espada Fish: folds 
kuca86: folds 
SorinS28: folds 
nikalas22: folds 
Supermegopro: folds 
Uncalled bet ($3) returned to lukazs2
lukazs2 collected $2.50 from pot
*** SUMMARY ***
Total pot $2.50 | Rake $0 
Seat 1: Supermegopro (big blind) folded before Flop
Seat 2: lukazs2 collected ($2.50)
Seat 3: Espada Fish folded before Flop (didn't bet)
Seat 4: kuca86 folded before Flop (didn't bet)
Seat 5: SorinS28 (button) folded before Flop (didn't bet)
Seat 6: nikalas22 (small blind) folded before Flop



PokerStars Hand #254407482860:  Hold'em No Limit ($0.50/$1.00 USD) - 2025/01/16 0:12:05 WET [2025/01/16 19:12:05 ET]
Table 'Sumiana II' 6-max Seat #6 is the button
Seat 1: Supermegopro ($208.15 in chips) 
Seat 2: lukazs2 ($105.88 in chips) 
Seat 3: Espada Fish ($100 in chips) 
Seat 4: kuca86 ($117.01 in chips) 
Seat 5: SorinS28 ($102.71 in chips) 
Seat 6: nikalas22 ($144.92 in chips) 
Supermegopro: posts small blind $0.50
lukazs2: posts big blind $1
*** HOLE CARDS ***
Espada Fish: folds 
kuca86: folds 
SorinS28: raises $1.30 to $2.30
nikalas22: folds 
Supermegopro: folds 
lukazs2: calls $1.30
*** FLOP *** [Th 2h 5h]
lukazs2: bets $1
SorinS28: calls $1
*** TURN *** [Th 2h 5h] [5c]
lukazs2: bets $1
SorinS28: raises $4.37 to $5.37
lukazs2: calls $4.37
*** RIVER *** [Th 2h 5h 5c] [5s]
lukazs2: checks 
SorinS28: checks 
*** SHOW DOWN ***
lukazs2: shows [Kh Jc] (three of a kind, Fives)
SorinS28: shows [9d 9s] (a full house, Fives full of Nines)
SorinS28 collected $16.95 from pot
*** SUMMARY ***
Total pot $17.84 | Rake $0.89 
Board [Th 2h 5h 5c 5s]
Seat 1: Supermegopro (small blind) folded before Flop
Seat 2: lukazs2 (big blind) showed [Kh Jc] and lost with three of a kind, Fives
Seat 3: Espada Fish folded before Flop (didn't bet)
Seat 4: kuca86 folded before Flop (didn't bet)
Seat 5: SorinS28 showed [9d 9s] and won ($16.95) with a full house, Fives full of Nines
Seat 6: nikalas22 (button) folded before Flop (didn't bet)



PokerStars Hand #254407494324:  Hold'em No Limit ($0.50/$1.00 USD) - 2025/01/16 0:12:58 WET [2025/01/16 19:12:58 ET]
Table 'Sumiana II' 6-max Seat #1 is the button
Seat 1: Supermegopro ($207.65 in chips) 
Seat 2: lukazs2 ($97.21 in chips) 
Seat 3: Espada Fish ($100 in chips) 
Seat 4: kuca86 ($117.01 in chips) 
Seat 5: SorinS28 ($110.99 in chips) 
Seat 6: nikalas22 ($144.92 in chips) 
lukazs2: posts small blind $0.50
Espada Fish: posts big blind $1
*** HOLE CARDS ***
kuca86: folds 
SorinS28: folds 
nikalas22: folds 
Supermegopro: raises $1.50 to $2.50
lukazs2: calls $2
Espada Fish: folds 
*** FLOP *** [As 9d 3s]
lukazs2: checks 
Supermegopro: bets $1.88
lukazs2: raises $9.46 to $11.34
Supermegopro: folds 
Uncalled bet ($9.46) returned to lukazs2
lukazs2 collected $9.27 from pot
*** SUMMARY ***
Total pot $9.76 | Rake $0.49 
Board [As 9d 3s]
Seat 1: Supermegopro (button) folded on the Flop
Seat 2: lukazs2 (small blind) collected ($9.27)
Seat 3: Espada Fish (big blind) folded before Flop
Seat 4: kuca86 folded before Flop (didn't bet)
Seat 5: SorinS28 folded before Flop (didn't bet)
Seat 6: nikalas22 folded before Flop (didn't bet)



PokerStars Hand #254407502037:  Hold'em No Limit ($0.50/$1.00 USD) - 2025/01/16 0:13:33 WET [2025/01/16 19:13:33 ET]
Table 'Sumiana II' 6-max Seat #2 is the button
Seat 1: Supermegopro ($203.27 in chips) 
Seat 2: lukazs2 ($102.10 in chips) 
Seat 3: Espada Fish ($100 in chips) 
Seat 4: kuca86 ($117.01 in chips) 
Seat 5: SorinS28 ($110.99 in chips) 
Seat 6: nikalas22 ($144.92 in chips) 
Espada Fish: posts small blind $0.50
kuca86: posts big blind $1
*** HOLE CARDS ***
SorinS28: raises $1.02 to $2.02
nikalas22: folds 
Supermegopro: folds 
lukazs2: calls $2.02
Espada Fish: folds 
kuca86: calls $1.02
*** FLOP *** [9s 8h Jc]
kuca86: checks 
SorinS28: checks 
lukazs2: bets $6.23
kuca86: folds 
SorinS28: folds 
Uncalled bet ($6.23) returned to lukazs2
lukazs2 collected $6.23 from pot
*** SUMMARY ***
Total pot $6.56 | Rake $0.33 
Board [9s 8h Jc]
Seat 1: Supermegopro folded before Flop (didn't bet)
Seat 2: lukazs2 (button) collected ($6.23)
Seat 3: Espada Fish (small blind) folded before Flop
Seat 4: kuca86 (big blind) folded on the Flop
Seat 5: SorinS28 folded on the Flop
Seat 6: nikalas22 folded before Flop (didn't bet)



PokerStars Hand #254407512346:  Hold'em No Limit ($0.50/$1.00 USD) - 2025/01/16 0:14:20 WET [2025/01/16 19:14:20 ET]
Table 'Sumiana II' 6-max Seat #3 is the button
Seat 1: Supermegopro ($203.27 in chips) 
Seat 2: lukazs2 ($106.31 in chips) 
Seat 3: Espada Fish ($100 in chips) 
Seat 4: kuca86 ($114.99 in chips) 
Seat 5: SorinS28 ($108.97 in chips) 
Seat 6: nikalas22 ($144.92 in chips) 
kuca86: posts small blind $0.50
SorinS28: posts big blind $1
*** HOLE CARDS ***
nikalas22: folds 
Supermegopro: folds 
lukazs2: calls $1
Espada Fish: folds 
kuca86: folds 
SorinS28: checks 
*** FLOP *** [Kd Td Qd]
SorinS28: checks 
lukazs2: bets $1
SorinS28: calls $1
*** TURN *** [Kd Td Qd] [As]
SorinS28: checks 
lukazs2: checks 
*** RIVER *** [Kd Td Qd As] [Ts]
SorinS28: checks 
lukazs2: bets $2
SorinS28: calls $2
*** SHOW DOWN ***
lukazs2: shows [2c 4h] (a pair of Tens)
SorinS28: shows [Kh 8h] (two pair, Kings and Tens)
SorinS28 collected $8.08 from pot
*** SUMMARY ***
Total pot $8.50 | Rake $0.42 
Board [Kd Td Qd As Ts]
Seat 1: Supermegopro folded before Flop (didn't bet)
Seat 2: lukazs2 showed [2c 4h] and lost with a pair of Tens
Seat 3: Espada Fish (button) folded before Flop (didn't bet)
Seat 4: kuca86 (small blind) folded before Flop
Seat 5: SorinS28 (big blind) showed [Kh 8h] and won ($8.08) with two pair, Kings and Tens
Seat 6: nikalas22 folded before Flop (didn't bet)



PokerStars Hand #254407523209:  Hold'em No Limit ($0.50/$1.00 USD) - 2025/01/16 0:15:09 WET [2025/01/16 19:15:09 ET]
Table 'Sumiana II' 6-max Seat #4 is the button
Seat 1: Supermegopro ($203.27 in chips) 
Seat 2: lukazs2 ($102.31 in chips) 
Seat 3: Espada Fish ($100 in chips) 
Seat 4: kuca86 ($114.49 in chips) 
Seat 5: SorinS28 ($113.05 in chips) 
Seat 6: nikalas22 ($144.92 in chips) 
SorinS28: posts small blind $0.50
nikalas22: posts big blind $1
*** HOLE CARDS ***
Supermegopro: folds 
lukazs2: calls $1
Espada Fish: raises $2.50 to $3.50
kuca86: folds 
SorinS28: folds 
nikalas22: calls $2.50
lukazs2: calls $2.50
*** FLOP *** [Qh Kc 4c]
nikalas22: checks 
lukazs2: checks 
Espada Fish: checks 
*** TURN *** [Qh Kc 4c] [Td]
nikalas22: checks 
lukazs2: bets $2
Espada Fish: calls $2
nikalas22: folds 
*** RIVER *** [Qh Kc 4c Td] [Jd]
lukazs2: bets $2
Espada Fish: calls $2
*** SHOW DOWN ***
lukazs2: shows [Qc 2h] (a pair of Queens)
Espada Fish: shows [Jc Qd] (two pair, Queens and Jacks)
Espada Fish collected $18.05 from pot
*** SUMMARY ***
Total pot $19 | Rake $0.95 
Board [Qh Kc 4c Td Jd]
Seat 1: Supermegopro folded before Flop (didn't bet)
Seat 2: lukazs2 showed [Qc 2h] and lost with a pair of Queens
Seat 3: Espada Fish showed [Jc Qd] and won ($18.05) with two pair, Queens and Jacks
Seat 4: kuca86 (button) folded before Flop (didn't bet)
Seat 5: SorinS28 (small blind) folded before Flop
Seat 6: nikalas22 (big blind) folded on the Turn



PokerStars Hand #254407537491:  Hold'em No Limit ($0.50/$1.00 USD) - 2025/01/16 0:16:15 WET [2025/01/16 19:16:15 ET]
Table 'Sumiana II' 6-max Seat #5 is the button
Seat 1: Supermegopro ($203.27 in chips) 
Seat 2: lukazs2 ($94.81 in chips) 
Seat 3: Espada Fish ($110.55 in chips) 
Seat 4: kuca86 ($114.49 in chips) 
Seat 5: SorinS28 ($112.55 in chips) 
Seat 6: nikalas22 ($141.42 in chips) 
nikalas22: posts small blind $0.50
Supermegopro: posts big blind $1
*** HOLE CARDS ***
lukazs2: calls $1
Espada Fish: folds 
kuca86: raises $3 to $4
SorinS28: folds 
nikalas22: folds 
Supermegopro: folds 
lukazs2: calls $3
*** FLOP *** [4d 4s 8s]
lukazs2: checks 
kuca86: bets $2.25
lukazs2: folds 
Uncalled bet ($2.25) returned to kuca86
kuca86 collected $9.02 from pot
kuca86: doesn't show hand 
*** SUMMARY ***
Total pot $9.50 | Rake $0.48 
Board [4d 4s 8s]
Seat 1: Supermegopro (big blind) folded before Flop
Seat 2: lukazs2 folded on the Flop
Seat 3: Espada Fish folded before Flop (didn't bet)
Seat 4: kuca86 collected ($9.02)
Seat 5: SorinS28 (button) folded before Flop (didn't bet)
Seat 6: nikalas22 (small blind) folded before Flop



PokerStars Hand #254407545647:  Hold'em No Limit ($0.50/$1.00 USD) - 2025/01/16 0:16:52 WET [2025/01/16 19:16:52 ET]
Table 'Sumiana II' 6-max Seat #6 is the button
Seat 1: Supermegopro ($202.27 in chips) 
Seat 2: lukazs2 ($90.81 in chips) 
Seat 3: Espada Fish ($110.55 in chips) 
Seat 4: kuca86 ($119.51 in chips) 
Seat 5: SorinS28 ($112.55 in chips) 
Seat 6: nikalas22 ($140.92 in chips) 
Supermegopro: posts small blind $0.50
lukazs2: posts big blind $1
*** HOLE CARDS ***
Espada Fish: folds 
kuca86: folds 
SorinS28: folds 
nikalas22: folds 
Supermegopro: raises $2 to $3
lukazs2: raises $2 to $5
Supermegopro: calls $2
*** FLOP *** [9h Ac 2s]
Supermegopro: checks 
lukazs2: bets $4.75
Supermegopro: folds 
Uncalled bet ($4.75) returned to lukazs2
lukazs2 collected $9.50 from pot
*** SUMMARY ***
Total pot $10 | Rake $0.50 
Board [9h Ac 2s]
Seat 1: Supermegopro (small blind) folded on the Flop
Seat 2: lukazs2 (big blind) collected ($9.50)
Seat 3: Espada Fish folded before Flop (didn't bet)
Seat 4: kuca86 folded before Flop (didn't bet)
Seat 5: SorinS28 folded before Flop (didn't bet)
Seat 6: nikalas22 (button) folded before Flop (didn't bet)



PokerStars Hand #254407552183:  Hold'em No Limit ($0.50/$1.00 USD) - 2025/01/16 0:17:22 WET [2025/01/16 19:17:22 ET]
Table 'Sumiana II' 6-max Seat #1 is the button
Seat 1: Supermegopro ($197.27 in chips) 
Seat 2: lukazs2 ($95.31 in chips) 
Seat 3: Espada Fish ($110.55 in chips) 
Seat 4: kuca86 ($119.51 in chips) 
Seat 5: SorinS28 ($112.55 in chips) 
Seat 6: nikalas22 ($140.92 in chips) 
lukazs2: posts small blind $0.50
Espada Fish: posts big blind $1
*** HOLE CARDS ***
kuca86: folds 
SorinS28: raises $1.02 to $2.02
nikalas22: folds 
Supermegopro: folds 
lukazs2: raises $5.04 to $7.06
Espada Fish: folds 
SorinS28: calls $5.04
*** FLOP *** [6h Th Qh]
lukazs2: bets $7.18
SorinS28: folds 
Uncalled bet ($7.18) returned to lukazs2
lukazs2 collected $14.36 from pot
*** SUMMARY ***
Total pot $15.12 | Rake $0.76 
Board [6h Th Qh]
Seat 1: Supermegopro (button) folded before Flop (didn't bet)
Seat 2: lukazs2 (small blind) collected ($14.36)
Seat 3: Espada Fish (big blind) folded before Flop
Seat 4: kuca86 folded before Flop (didn't bet)
Seat 5: SorinS28 folded on the Flop
Seat 6: nikalas22 folded before Flop (didn't bet)



PokerStars Hand #254407558669:  Hold'em No Limit ($0.50/$1.00 USD) - 2025/01/16 0:17:52 WET [2025/01/16 19:17:52 ET]
Table 'Sumiana II' 6-max Seat #2 is the button
Seat 1: Supermegopro ($197.27 in chips) 
Seat 2: lukazs2 ($102.61 in chips) 
Seat 3: Espada Fish ($109.55 in chips) 
Seat 4: kuca86 ($119.51 in chips) 
Seat 5: SorinS28 ($105.49 in chips) 
Seat 6: nikalas22 ($140.92 in chips) 
Espada Fish: posts small blind $0.50
kuca86: posts big blind $1
*** HOLE CARDS ***
SorinS28: folds 
nikalas22: raises $1.50 to $2.50
Supermegopro: folds 
lukazs2: calls $2.50
Espada Fish: folds 
kuca86: raises $11.50 to $14
nikalas22: folds 
lukazs2: folds 
Uncalled bet ($11.50) returned to kuca86
kuca86 collected $8 from pot
kuca86: doesn't show hand 
*** SUMMARY ***
Total pot $8 | Rake $0 
Seat 1: Supermegopro folded before Flop (didn't bet)
Seat 2: lukazs2 (button) folded before Flop
Seat 3: Espada Fish (small blind) folded before Flop
Seat 4: kuca86 (big blind) collected ($8)
Seat 5: SorinS28 folded before Flop (didn't bet)
Seat 6: nikalas22 folded before Flop



PokerStars Hand #254407563909:  Hold'em No Limit ($0.50/$1.00 USD) - 2025/01/16 0:18:16 WET [2025/01/16 19:18:16 ET]
Table 'Sumiana II' 6-max Seat #3 is the button
Seat 1: Supermegopro ($197.27 in chips) 
Seat 2: lukazs2 ($100.11 in chips) 
Seat 3: Espada Fish ($109.05 in chips) 
Seat 4: kuca86 ($125.01 in chips) 
Seat 5: SorinS28 ($105.49 in chips) 
Seat 6: nikalas22 ($138.42 in chips) 
kuca86: posts small blind $0.50
SorinS28: posts big blind $1
*** HOLE CARDS ***
nikalas22: folds 
Supermegopro: folds 
lukazs2: folds 
Espada Fish: folds 
kuca86: folds 
Uncalled bet ($0.50) returned to SorinS28
SorinS28 collected $1 from pot
SorinS28: doesn't show hand 
*** SUMMARY ***
Total pot $1 | Rake $0 
Seat 1: Supermegopro folded before Flop (didn't bet)
Seat 2: lukazs2 folded before Flop (didn't bet)
Seat 3: Espada Fish (button) folded before Flop (didn't bet)
Seat 4: kuca86 (small blind) folded before Flop
Seat 5: SorinS28 (big blind) collected ($1)
Seat 6: nikalas22 folded before Flop (didn't bet)



PokerStars Hand #254407567403:  Hold'em No Limit ($0.50/$1.00 USD) - 2025/01/16 0:18:32 WET [2025/01/16 19:18:32 ET]
Table 'Sumiana II' 6-max Seat #4 is the button
Seat 1: Supermegopro ($197.27 in chips) 
Seat 2: lukazs2 ($100.11 in chips) 
Seat 3: Espada Fish ($109.05 in chips) 
Seat 4: kuca86 ($124.51 in chips) 
Seat 5: SorinS28 ($105.99 in chips) 
Seat 6: nikalas22 ($138.42 in chips) 
SorinS28: posts small blind $0.50
nikalas22: posts big blind $1
*** HOLE CARDS ***
Supermegopro: folds 
lukazs2: calls $1
Espada Fish: raises $2.50 to $3.50
kuca86: folds 
SorinS28: raises $11.50 to $15
nikalas22: folds 
lukazs2: folds 
Espada Fish: folds 
Uncalled bet ($11.50) returned to SorinS28
SorinS28 collected $9 from pot
SorinS28: doesn't show hand 
*** SUMMARY ***
Total pot $9 | Rake $0 
Seat 1: Supermegopro folded before Flop (didn't bet)
Seat 2: lukazs2 folded before Flop
Seat 3: Espada Fish folded before Flop
Seat 4: kuca86 (button) folded before Flop (didn't bet)
Seat 5: SorinS28 (small blind) collected ($9)
Seat 6: nikalas22 (big blind) folded before Flop



PokerStars Hand #254407576185:  Hold'em No Limit ($0.50/$1.00 USD) - 2025/01/16 0:19:14 WET [2025/01/16 19:19:14 ET]
Table 'Sumiana II' 6-max Seat #5 is the button
Seat 1: Supermegopro ($197.27 in chips) 
Seat 2: lukazs2 ($99.11 in chips) 
Seat 3: Espada Fish ($105.55 in chips) 
Seat 4: kuca86 ($124.51 in chips) 
Seat 5: SorinS28 ($111.49 in chips) 
Seat 6: nikalas22 ($137.42 in chips) 
nikalas22: posts small blind $0.50
Supermegopro: posts big blind $1
*** HOLE CARDS ***
lukazs2: calls $1
Espada Fish: raises $2.50 to $3.50
kuca86: folds 
SorinS28: folds 
nikalas22: folds 
Supermegopro: folds 
lukazs2: calls $2.50
*** FLOP *** [Kd 6s Ks]
lukazs2: checks 
Espada Fish: bets $2.67
lukazs2: calls $2.67
*** TURN *** [Kd 6s Ks] [7c]
lukazs2: checks 
Espada Fish: bets $9.86
lukazs2: calls $9.86
*** RIVER *** [Kd 6s Ks 7c] [2d]
lukazs2: checks 
Espada Fish: bets $19.13
lukazs2: calls $19.13
*** SHOW DOWN ***
Espada Fish: shows [Td Jd] (a pair of Kings)
lukazs2: shows [Th 6h] (two pair, Kings and Sixes)
lukazs2 collected $69.32 from pot
*** SUMMARY ***
Total pot $71.82 | Rake $2.50 
Board [Kd 6s Ks 7c 2d]
Seat 1: Supermegopro (big blind) folded before Flop
Seat 2: lukazs2 showed [Th 6h] and won ($69.32) with two pair, Kings and Sixes
Seat 3: Espada Fish showed [Td Jd] and lost with a pair of Kings
Seat 4: kuca86 folded before Flop (didn't bet)
Seat 5: SorinS28 (button) folded before Flop (didn't bet)
Seat 6: nikalas22 (small blind) folded before Flop



PokerStars Hand #254407590629:  Hold'em No Limit ($0.50/$1.00 USD) - 2025/01/16 0:20:21 WET [2025/01/16 19:20:21 ET]
Table 'Sumiana II' 6-max Seat #6 is the button
Seat 1: Supermegopro ($196.27 in chips) 
Seat 2: lukazs2 ($133.27 in chips) 
Seat 3: Espada Fish ($100 in chips) 
Seat 4: kuca86 ($124.51 in chips) 
Seat 5: SorinS28 ($111.49 in chips) 
Seat 6: nikalas22 ($136.92 in chips) 
Supermegopro: posts small blind $0.50
lukazs2: posts big blind $1
*** HOLE CARDS ***
Espada Fish: folds 
kuca86: raises $1.50 to $2.50
SorinS28: folds 
nikalas22: folds 
Supermegopro: folds 
lukazs2: calls $1.50
*** FLOP *** [4s Ah 8d]
lukazs2: checks 
kuca86: checks 
*** TURN *** [4s Ah 8d] [3h]
lukazs2: bets $3
kuca86: calls $3
*** RIVER *** [4s Ah 8d 3h] [7s]
lukazs2: checks 
kuca86: checks 
*** SHOW DOWN ***
lukazs2: shows [8c Js] (a pair of Eights)
kuca86: mucks hand 
lukazs2 collected $10.92 from pot
*** SUMMARY ***
Total pot $11.50 | Rake $0.58 
Board [4s Ah 8d 3h 7s]
Seat 1: Supermegopro (small blind) folded before Flop
Seat 2: lukazs2 (big blind) showed [8c Js] and won ($10.92) with a pair of Eights
Seat 3: Espada Fish folded before Flop (didn't bet)
Seat 4: kuca86 mucked
Seat 5: SorinS28 folded before Flop (didn't bet)
Seat 6: nikalas22 (button) folded before Flop (didn't bet)



PokerStars Hand #254407601396:  Hold'em No Limit ($0.50/$1.00 USD) - 2025/01/16 0:21:11 WET [2025/01/16 19:21:11 ET]
Table 'Sumiana II' 6-max Seat #1 is the button
Seat 1: Supermegopro ($195.77 in chips) 
Seat 2: lukazs2 ($138.69 in chips) 
Seat 3: Espada Fish ($100 in chips) 
Seat 4: kuca86 ($119.01 in chips) 
Seat 5: SorinS28 ($111.49 in chips) 
Seat 6: nikalas22 ($136.92 in chips) 
lukazs2: posts small blind $0.50
Espada Fish: posts big blind $1
*** HOLE CARDS ***
kuca86: folds 
SorinS28: raises $1.02 to $2.02
nikalas22: folds 
Supermegopro: folds 
lukazs2: raises $8.98 to $11
Espada Fish: folds 
SorinS28: calls $8.98
*** FLOP *** [9d Js Tc]
lukazs2: bets $10.93
SorinS28: folds 
Uncalled bet ($10.93) returned to lukazs2
lukazs2 collected $21.85 from pot
*** SUMMARY ***
Total pot $23 | Rake $1.15 
Board [9d Js Tc]
Seat 1: Supermegopro (button) folded before Flop (didn't bet)
Seat 2: lukazs2 (small blind) collected ($21.85)
Seat 3: Espada Fish (big blind) folded before Flop
Seat 4: kuca86 folded before Flop (didn't bet)
Seat 5: SorinS28 folded on the Flop
Seat 6: nikalas22 folded before Flop (didn't bet)



PokerStars Hand #254407610324:  Hold'em No Limit ($0.50/$1.00 USD) - 2025/01/16 0:21:53 WET [2025/01/16 19:21:53 ET]
Table 'Sumiana II' 6-max Seat #2 is the button
Seat 1: Supermegopro ($195.77 in chips) 
Seat 2: lukazs2 ($149.54 in chips) 
Seat 3: Espada Fish ($100 in chips) 
Seat 4: kuca86 ($119.01 in chips) 
Seat 5: SorinS28 ($100.49 in chips) 
Seat 6: nikalas22 ($136.92 in chips) 
Espada Fish: posts small blind $0.50
kuca86: posts big blind $1
*** HOLE CARDS ***
SorinS28: folds 
nikalas22: folds 
Supermegopro: raises $1.50 to $2.50
lukazs2: calls $2.50
Espada Fish: folds 
kuca86: calls $1.50
*** FLOP *** [9c Th Ts]
nikalas22 leaves the table
kuca86: checks 
Supermegopro: checks 
lukazs2: checks 
*** TURN *** [9c Th Ts] [4s]
kuca86: checks 
Supermegopro: bets $5.07
lukazs2: folds 
kuca86: folds 
Uncalled bet ($5.07) returned to Supermegopro
Supermegopro collected $7.60 from pot
Supermegopro: doesn't show hand 
*** SUMMARY ***
Total pot $8 | Rake $0.40 
Board [9c Th Ts 4s]
Seat 1: Supermegopro collected ($7.60)
Seat 2: lukazs2 (button) folded on the Turn
Seat 3: Espada Fish (small blind) folded before Flop
Seat 4: kuca86 (big blind) folded on the Turn
Seat 5: SorinS28 folded before Flop (didn't bet)
Seat 6: nikalas22 folded before Flop (didn't bet)



PokerStars Hand #254407622700:  Hold'em No Limit ($0.50/$1.00 USD) - 2025/01/16 0:22:52 WET [2025/01/16 19:22:52 ET]
Table 'Sumiana II' 6-max Seat #3 is the button
Seat 1: Supermegopro ($200.87 in chips) 
Seat 2: lukazs2 ($147.04 in chips) 
Seat 3: Espada Fish ($100 in chips) 
Seat 4: kuca86 ($116.51 in chips) 
Seat 5: SorinS28 ($100.49 in chips) 
kuca86: posts small blind $0.50
SorinS28: posts big blind $1
*** HOLE CARDS ***
tintin641 joins the table at seat #6 
Supermegopro: folds 
lukazs2: calls $1
Espada Fish: folds 
kuca86: folds 
SorinS28: checks 
*** FLOP *** [6s 5h 5c]
SorinS28: checks 
lukazs2: bets $1
SorinS28: calls $1
*** TURN *** [6s 5h 5c] [As]
SorinS28: checks 
lukazs2: bets $1
SorinS28: folds 
Uncalled bet ($1) returned to lukazs2
lukazs2 collected $4.28 from pot
lukazs2: doesn't show hand 
*** SUMMARY ***
Total pot $4.50 | Rake $0.22 
Board [6s 5h 5c As]
Seat 1: Supermegopro folded before Flop (didn't bet)
Seat 2: lukazs2 collected ($4.28)
Seat 3: Espada Fish (button) folded before Flop (didn't bet)
Seat 4: kuca86 (small blind) folded before Flop
Seat 5: SorinS28 (big blind) folded on the Turn



PokerStars Hand #254407635980:  Hold'em No Limit ($0.50/$1.00 USD) - 2025/01/16 0:23:55 WET [2025/01/16 19:23:55 ET]
Table 'Sumiana II' 6-max Seat #4 is the button
Seat 1: Supermegopro ($200.87 in chips) 
Seat 2: lukazs2 ($149.32 in chips) 
Seat 3: Espada Fish ($100 in chips) 
Seat 4: kuca86 ($116.01 in chips) 
Seat 5: SorinS28 ($100 in chips) 
Seat 6: tintin641 ($100 in chips) 
SorinS28: posts small blind $0.50
tintin641: posts big blind $1
*** HOLE CARDS ***
Supermegopro: folds 
lukazs2: calls $1
Espada Fish: folds 
kuca86: folds 
SorinS28: folds 
tintin641: checks 
*** FLOP *** [4h 5c 3c]
tintin641: checks 
lukazs2: bets $2.38
tintin641: folds 
Uncalled bet ($2.38) returned to lukazs2
lukazs2 collected $2.38 from pot
*** SUMMARY ***
Total pot $2.50 | Rake $0.12 
Board [4h 5c 3c]
Seat 1: Supermegopro folded before Flop (didn't bet)
Seat 2: lukazs2 collected ($2.38)
Seat 3: Espada Fish folded before Flop (didn't bet)
Seat 4: kuca86 (button) folded before Flop (didn't bet)
Seat 5: SorinS28 (small blind) folded before Flop
Seat 6: tintin641 (big blind) folded on the Flop



PokerStars Hand #254407644734:  Hold'em No Limit ($0.50/$1.00 USD) - 2025/01/16 0:24:37 WET [2025/01/16 19:24:37 ET]
Table 'Sumiana II' 6-max Seat #5 is the button
Seat 1: Supermegopro ($200.87 in chips) 
Seat 2: lukazs2 ($150.70 in chips) 
Seat 3: Espada Fish ($100 in chips) 
Seat 4: kuca86 ($116.01 in chips) 
Seat 5: SorinS28 ($100 in chips) 
Seat 6: tintin641 ($100 in chips) 
tintin641: posts small blind $0.50
Supermegopro: posts big blind $1
*** HOLE CARDS ***
lukazs2: folds 
Espada Fish: folds 
kuca86: raises $1.50 to $2.50
SorinS28: folds 
tintin641: folds 
Supermegopro: calls $1.50
*** FLOP *** [9h 6s Qs]
Supermegopro: checks 
kuca86: checks 
*** TURN *** [9h 6s Qs] [Ad]
Supermegopro: checks 
kuca86: bets $3.65
Supermegopro: folds 
Uncalled bet ($3.65) returned to kuca86
kuca86 collected $5.22 from pot
kuca86: doesn't show hand 
*** SUMMARY ***
Total pot $5.50 | Rake $0.28 
Board [9h 6s Qs Ad]
Seat 1: Supermegopro (big blind) folded on the Turn
Seat 2: lukazs2 folded before Flop (didn't bet)
Seat 3: Espada Fish folded before Flop (didn't bet)
Seat 4: kuca86 collected ($5.22)
Seat 5: SorinS28 (button) folded before Flop (didn't bet)
Seat 6: tintin641 (small blind) folded before Flop



PokerStars Hand #254407657077:  Hold'em No Limit ($0.50/$1.00 USD) - 2025/01/16 0:25:35 WET [2025/01/16 19:25:35 ET]
Table 'Sumiana II' 6-max Seat #6 is the button
Seat 1: Supermegopro ($198.37 in chips) 
Seat 2: lukazs2 ($150.70 in chips) 
Seat 3: Espada Fish ($100 in chips) 
Seat 4: kuca86 ($118.73 in chips) 
Seat 5: SorinS28 ($100 in chips) 
Seat 6: tintin641 ($100 in chips) 
Supermegopro: posts small blind $0.50
lukazs2: posts big blind $1
*** HOLE CARDS ***
Espada Fish: folds 
kuca86: raises $1.50 to $2.50
SorinS28: folds 
tintin641: folds 
Supermegopro: folds 
lukazs2: raises $5.50 to $8
kuca86: raises $16 to $24
lukazs2: raises $16 to $40
kuca86: raises $78.73 to $118.73 and is all-in
lukazs2: calls $78.73
*** FLOP *** [8d 2h Jh]
*** TURN *** [8d 2h Jh] [8h]
*** RIVER *** [8d 2h Jh 8h] [Kh]
*** SHOW DOWN ***
lukazs2: shows [Qd Qs] (two pair, Queens and Eights)
kuca86: shows [Kd Ad] (two pair, Kings and Eights)
kuca86 collected $235.46 from pot
*** SUMMARY ***
Total pot $237.96 | Rake $2.50 
Board [8d 2h Jh 8h Kh]
Seat 1: Supermegopro (small blind) folded before Flop
Seat 2: lukazs2 (big blind) showed [Qd Qs] and lost with two pair, Queens and Eights
Seat 3: Espada Fish folded before Flop (didn't bet)
Seat 4: kuca86 showed [Kd Ad] and won ($235.46) with two pair, Kings and Eights
Seat 5: SorinS28 folded before Flop (didn't bet)
Seat 6: tintin641 (button) folded before Flop (didn't bet)



PokerStars Hand #254407670522:  Hold'em No Limit ($0.50/$1.00 USD) - 2025/01/16 0:26:40 WET [2025/01/16 19:26:40 ET]
Table 'Sumiana II' 6-max Seat #1 is the button
Seat 1: Supermegopro ($197.87 in chips) 
Seat 2: lukazs2 ($31.97 in chips) 
Seat 3: Espada Fish ($100 in chips) 
Seat 4: kuca86 ($235.46 in chips) 
Seat 5: SorinS28 ($100 in chips) 
Seat 6: tintin641 ($100 in chips) 
lukazs2: posts small blind $0.50
Espada Fish: posts big blind $1
*** HOLE CARDS ***
kuca86: folds 
SorinS28: folds 
tintin641: folds 
Supermegopro: folds 
lukazs2: calls $0.50
Espada Fish: checks 
*** FLOP *** [9c Qc 3d]
lukazs2: checks 
Espada Fish: checks 
*** TURN *** [9c Qc 3d] [7c]
lukazs2: bets $1.90
Espada Fish: calls $1.90
*** RIVER *** [9c Qc 3d 7c] [4h]
lukazs2: bets $5.51
Espada Fish: calls $5.51
*** SHOW DOWN ***
lukazs2: shows [6s 4c] (a pair of Fours)
Espada Fish: shows [9d Jh] (a pair of Nines)
Espada Fish collected $15.98 from pot
*** SUMMARY ***
Total pot $16.82 | Rake $0.84 
Board [9c Qc 3d 7c 4h]
Seat 1: Supermegopro (button) folded before Flop (didn't bet)
Seat 2: lukazs2 (small blind) showed [6s 4c] and lost with a pair of Fours
Seat 3: Espada Fish (big blind) showed [9d Jh] and won ($15.98) with a pair of Nines
Seat 4: kuca86 folded before Flop (didn't bet)
Seat 5: SorinS28 folded before Flop (didn't bet)
Seat 6: tintin641 folded before Flop (didn't bet)



PokerStars Hand #254407680728:  Hold'em No Limit ($0.50/$1.00 USD) - 2025/01/16 0:27:29 WET [2025/01/16 19:27:29 ET]
Table 'Sumiana II' 6-max Seat #2 is the button
Seat 1: Supermegopro ($197.87 in chips) 
Seat 2: lukazs2 ($91.59 in chips) 
Seat 3: Espada Fish ($107.57 in chips) 
Seat 4: kuca86 ($235.46 in chips) 
Seat 5: SorinS28 ($100 in chips) 
Seat 6: tintin641 ($100 in chips) 
Espada Fish: posts small blind $0.50
kuca86: posts big blind $1
*** HOLE CARDS ***
SorinS28: folds 
tintin641: folds 
Supermegopro: folds 
lukazs2: raises $2 to $3
Espada Fish: folds 
kuca86: folds 
Uncalled bet ($2) returned to lukazs2
lukazs2 collected $2.50 from pot
*** SUMMARY ***
Total pot $2.50 | Rake $0 
Seat 1: Supermegopro folded before Flop (didn't bet)
Seat 2: lukazs2 (button) collected ($2.50)
Seat 3: Espada Fish (small blind) folded before Flop
Seat 4: kuca86 (big blind) folded before Flop
Seat 5: SorinS28 folded before Flop (didn't bet)
Seat 6: tintin641 folded before Flop (didn't bet)



PokerStars Hand #254407684496:  Hold'em No Limit ($0.50/$1.00 USD) - 2025/01/16 0:27:47 WET [2025/01/16 19:27:47 ET]
Table 'Sumiana II' 6-max Seat #3 is the button
Seat 1: Supermegopro ($197.87 in chips) 
Seat 2: lukazs2 ($93.09 in chips) 
Seat 3: Espada Fish ($107.07 in chips) 
Seat 4: kuca86 ($234.46 in chips) 
Seat 5: SorinS28 ($100 in chips) 
Seat 6: tintin641 ($100 in chips) 
kuca86: posts small blind $0.50
SorinS28: posts big blind $1
*** HOLE CARDS ***
tintin641: folds 
Supermegopro: folds 
lukazs2: calls $1
Espada Fish: raises $2.50 to $3.50
kuca86: folds 
SorinS28: folds 
lukazs2: calls $2.50
*** FLOP *** [5h Kd Ac]
lukazs2: checks 
Espada Fish: bets $4.04
lukazs2: folds 
Uncalled bet ($4.04) returned to Espada Fish
Espada Fish collected $8.08 from pot
Espada Fish: doesn't show hand 
*** SUMMARY ***
Total pot $8.50 | Rake $0.42 
Board [5h Kd Ac]
Seat 1: Supermegopro folded before Flop (didn't bet)
Seat 2: lukazs2 folded on the Flop
Seat 3: Espada Fish (button) collected ($8.08)
Seat 4: kuca86 (small blind) folded before Flop
Seat 5: SorinS28 (big blind) folded before Flop
Seat 6: tintin641 folded before Flop (didn't bet)



PokerStars Hand #254407693172:  Hold'em No Limit ($0.50/$1.00 USD) - 2025/01/16 0:28:29 WET [2025/01/16 19:28:29 ET]
Table 'Sumiana II' 6-max Seat #4 is the button
Seat 1: Supermegopro ($197.87 in chips) 
Seat 2: lukazs2 ($89.59 in chips) 
Seat 3: Espada Fish ($111.65 in chips) 
Seat 4: kuca86 ($233.96 in chips) 
Seat 5: SorinS28 ($100 in chips) 
Seat 6: tintin641 ($100 in chips) 
SorinS28: posts small blind $0.50
tintin641: posts big blind $1
*** HOLE CARDS ***
Supermegopro: folds 
lukazs2: raises $2 to $3
Espada Fish: folds 
kuca86: folds 
SorinS28: folds 
tintin641: folds 
Uncalled bet ($2) returned to lukazs2
lukazs2 collected $2.50 from pot
*** SUMMARY ***
Total pot $2.50 | Rake $0 
Seat 1: Supermegopro folded before Flop (didn't bet)
Seat 2: lukazs2 collected ($2.50)
Seat 3: Espada Fish folded before Flop (didn't bet)
Seat 4: kuca86 (button) folded before Flop (didn't bet)
Seat 5: SorinS28 (small blind) folded before Flop
Seat 6: tintin641 (big blind) folded before Flop



PokerStars Hand #254407698948:  Hold'em No Limit ($0.50/$1.00 USD) - 2025/01/16 0:28:58 WET [2025/01/16 19:28:58 ET]
Table 'Sumiana II' 6-max Seat #5 is the button
Seat 1: Supermegopro ($197.87 in chips) 
Seat 2: lukazs2 ($91.09 in chips) 
Seat 3: Espada Fish ($111.65 in chips) 
Seat 4: kuca86 ($233.96 in chips) 
Seat 5: SorinS28 ($100 in chips) 
Seat 6: tintin641 ($100 in chips) 
tintin641: posts small blind $0.50
Supermegopro: posts big blind $1
*** HOLE CARDS ***
lukazs2: calls $1
Espada Fish: folds 
kuca86: folds 
SorinS28: folds 
tintin641: folds 
Supermegopro: checks 
*** FLOP *** [6c 4h 9h]
Supermegopro: checks 
lukazs2: bets $1
Supermegopro: raises $2 to $3
lukazs2: calls $2
*** TURN *** [6c 4h 9h] [Th]
Supermegopro: bets $2.02
lukazs2: folds 
Uncalled bet ($2.02) returned to Supermegopro
Supermegopro collected $8.08 from pot
Supermegopro: doesn't show hand 
*** SUMMARY ***
Total pot $8.50 | Rake $0.42 
Board [6c 4h 9h Th]
Seat 1: Supermegopro (big blind) collected ($8.08)
Seat 2: lukazs2 folded on the Turn
Seat 3: Espada Fish folded before Flop (didn't bet)
Seat 4: kuca86 folded before Flop (didn't bet)
Seat 5: SorinS28 (button) folded before Flop (didn't bet)
Seat 6: tintin641 (small blind) folded before Flop



PokerStars Hand #254407705451:  Hold'em No Limit ($0.50/$1.00 USD) - 2025/01/16 0:29:30 WET [2025/01/16 19:29:30 ET]
Table 'Sumiana II' 6-max Seat #6 is the button
Seat 1: Supermegopro ($201.95 in chips) 
Seat 2: lukazs2 ($87.09 in chips) 
Seat 3: Espada Fish ($111.65 in chips) 
Seat 4: kuca86 ($233.96 in chips) 
Seat 5: SorinS28 ($100 in chips) 
Seat 6: tintin641 ($100 in chips) 
Supermegopro: posts small blind $0.50
lukazs2: posts big blind $1
*** HOLE CARDS ***
Espada Fish: folds 
kuca86: raises $1.50 to $2.50
SorinS28: folds 
tintin641: folds 
Supermegopro: folds 
lukazs2: raises $1.50 to $4
kuca86: raises $10 to $14
lukazs2: calls $10
*** FLOP *** [Jc Qc 2c]
lukazs2: checks 
kuca86: checks 
*** TURN *** [Jc Qc 2c] [7d]
lukazs2: checks 
kuca86: bets $13.54
lukazs2: folds 
Uncalled bet ($13.54) returned to kuca86
kuca86 collected $27.08 from pot
kuca86: doesn't show hand 
*** SUMMARY ***
Total pot $28.50 | Rake $1.42 
Board [Jc Qc 2c 7d]
Seat 1: Supermegopro (small blind) folded before Flop
Seat 2: lukazs2 (big blind) folded on the Turn
Seat 3: Espada Fish folded before Flop (didn't bet)
Seat 4: kuca86 collected ($27.08)
Seat 5: SorinS28 folded before Flop (didn't bet)
Seat 6: tintin641 (button) folded before Flop (didn't bet)



PokerStars Hand #254407718922:  Hold'em No Limit ($0.50/$1.00 USD) - 2025/01/16 0:30:36 WET [2025/01/16 19:30:36 ET]
Table 'Sumiana II' 6-max Seat #1 is the button
Seat 1: Supermegopro ($201.45 in chips) 
Seat 2: lukazs2 ($73.09 in chips) 
Seat 3: Espada Fish ($111.65 in chips) 
Seat 4: kuca86 ($247.04 in chips) 
Seat 5: SorinS28 ($100 in chips) 
Seat 6: tintin641 ($100 in chips) 
lukazs2: posts small blind $0.50
Espada Fish: posts big blind $1
*** HOLE CARDS ***
kuca86: folds 
SorinS28: folds 
tintin641: raises $1.50 to $2.50
Supermegopro: folds 
lukazs2: raises $4.50 to $7
Espada Fish: folds 
tintin641: folds 
Uncalled bet ($4.50) returned to lukazs2
lukazs2 collected $6 from pot
*** SUMMARY ***
Total pot $6 | Rake $0 
Seat 1: Supermegopro (button) folded before Flop (didn't bet)
Seat 2: lukazs2 (small blind) collected ($6)
Seat 3: Espada Fish (big blind) folded before Flop
Seat 4: kuca86 folded before Flop (didn't bet)
Seat 5: SorinS28 folded before Flop (didn't bet)
Seat 6: tintin641 folded before Flop



PokerStars Hand #254407724138:  Hold'em No Limit ($0.50/$1.00 USD) - 2025/01/16 0:31:01 WET [2025/01/16 19:31:01 ET]
Table 'Sumiana II' 6-max Seat #2 is the button
Seat 1: Supermegopro ($201.45 in chips) 
Seat 2: lukazs2 ($76.59 in chips) 
Seat 3: Espada Fish ($110.65 in chips) 
Seat 4: kuca86 ($247.04 in chips) 
Seat 5: SorinS28 ($100 in chips) 
Seat 6: tintin641 ($100 in chips) 
Espada Fish: posts small blind $0.50
kuca86: posts big blind $1
*** HOLE CARDS ***
SorinS28: raises $1.02 to $2.02
tintin641: folds 
Supermegopro: folds 
lukazs2: calls $2.02
Espada Fish: folds 
kuca86: folds 
*** FLOP *** [8d Qc 9d]
SorinS28: checks 
lukazs2: bets $2.63
SorinS28: raises $7.87 to $10.50
lukazs2: calls $7.87
*** TURN *** [8d Qc 9d] [8s]
SorinS28: bets $18.91
lukazs2: folds 
Uncalled bet ($18.91) returned to SorinS28
SorinS28 collected $25.21 from pot
SorinS28: doesn't show hand 
*** SUMMARY ***
Total pot $26.54 | Rake $1.33 
Board [8d Qc 9d 8s]
Seat 1: Supermegopro folded before Flop (didn't bet)
Seat 2: lukazs2 (button) folded on the Turn
Seat 3: Espada Fish (small blind) folded before Flop
Seat 4: kuca86 (big blind) folded before Flop
Seat 5: SorinS28 collected ($25.21)
Seat 6: tintin641 folded before Flop (didn't bet)



PokerStars Hand #254407735801:  Hold'em No Limit ($0.50/$1.00 USD) - 2025/01/16 0:31:58 WET [2025/01/16 19:31:58 ET]
Table 'Sumiana II' 6-max Seat #3 is the button
Seat 1: Supermegopro ($201.45 in chips) 
Seat 2: lukazs2 ($64.07 in chips) 
Seat 3: Espada Fish ($110.15 in chips) 
Seat 4: kuca86 ($246.04 in chips) 
Seat 5: SorinS28 ($112.69 in chips) 
Seat 6: tintin641 ($100 in chips) 
kuca86: posts small blind $0.50
SorinS28: posts big blind $1
*** HOLE CARDS ***
tintin641: folds 
Supermegopro: folds 
lukazs2: calls $1
Espada Fish: folds 
kuca86: calls $0.50
SorinS28: raises $4 to $5
lukazs2: folds 
kuca86: folds 
Uncalled bet ($4) returned to SorinS28
SorinS28 collected $3 from pot
SorinS28: doesn't show hand 
*** SUMMARY ***
Total pot $3 | Rake $0 
Seat 1: Supermegopro folded before Flop (didn't bet)
Seat 2: lukazs2 folded before Flop
Seat 3: Espada Fish (button) folded before Flop (didn't bet)
Seat 4: kuca86 (small blind) folded before Flop
Seat 5: SorinS28 (big blind) collected ($3)
Seat 6: tintin641 folded before Flop (didn't bet)



PokerStars Hand #254407744869:  Hold'em No Limit ($0.50/$1.00 USD) - 2025/01/16 0:32:42 WET [2025/01/16 19:32:42 ET]
Table 'Sumiana II' 6-max Seat #4 is the button
Seat 1: Supermegopro ($201.45 in chips) 
Seat 2: lukazs2 ($63.07 in chips) 
Seat 3: Espada Fish ($110.15 in chips) 
Seat 4: kuca86 ($245.04 in chips) 
Seat 5: SorinS28 ($114.69 in chips) 
Seat 6: tintin641 ($100 in chips) 
SorinS28: posts small blind $0.50
tintin641: posts big blind $1
*** HOLE CARDS ***
Supermegopro: folds 
lukazs2: calls $1
Espada Fish: folds 
kuca86: folds 
SorinS28: folds 
tintin641: checks 
*** FLOP *** [8h 4d 4h]
tintin641: checks 
lukazs2: checks 
*** TURN *** [8h 4d 4h] [6s]
tintin641: checks 
lukazs2: checks 
*** RIVER *** [8h 4d 4h 6s] [9h]
tintin641: checks 
lukazs2: checks 
*** SHOW DOWN ***
tintin641: shows [7s 8c] (two pair, Eights and Fours)
lukazs2: mucks hand 
tintin641 collected $2.38 from pot
*** SUMMARY ***
Total pot $2.50 | Rake $0.12 
Board [8h 4d 4h 6s 9h]
Seat 1: Supermegopro folded before Flop (didn't bet)
Seat 2: lukazs2 mucked
Seat 3: Espada Fish folded before Flop (didn't bet)
Seat 4: kuca86 (button) folded before Flop (didn't bet)
Seat 5: SorinS28 (small blind) folded before Flop
Seat 6: tintin641 (big blind) showed [7s 8c] and won ($2.38) with two pair, Eights and Fours



PokerStars Hand #254407752405:  Hold'em No Limit ($0.50/$1.00 USD) - 2025/01/16 0:33:19 WET [2025/01/16 19:33:19 ET]
Table 'Sumiana II' 6-max Seat #5 is the button
Seat 1: Supermegopro ($201.45 in chips) 
Seat 2: lukazs2 ($62.07 in chips) 
Seat 3: Espada Fish ($110.15 in chips) 
Seat 4: kuca86 ($245.04 in chips) 
Seat 5: SorinS28 ($114.19 in chips) 
Seat 6: tintin641 ($101.38 in chips) 
tintin641: posts small blind $0.50
Supermegopro: posts big blind $1
*** HOLE CARDS ***
lukazs2: calls $1
Espada Fish: folds 
kuca86: folds 
SorinS28: raises $3.50 to $4.50
tintin641: folds 
Supermegopro: folds 
lukazs2: raises $3.50 to $8
SorinS28: calls $3.50
*** FLOP *** [Ah Kh 4d]
lukazs2: bets $8.31
SorinS28: calls $8.31
*** TURN *** [Ah Kh 4d] [Th]
lukazs2: bets $32.41
SorinS28: raises $32.41 to $64.82
lukazs2: calls $13.35 and is all-in
Uncalled bet ($19.06) returned to SorinS28
*** RIVER *** [Ah Kh 4d Th] [8d]
*** SHOW DOWN ***
lukazs2: shows [8c Ac] (two pair, Aces and Eights)
SorinS28: shows [Jd Ad] (a pair of Aces)
lukazs2 collected $123.14 from pot
*** SUMMARY ***
Total pot $125.64 | Rake $2.50 
Board [Ah Kh 4d Th 8d]
Seat 1: Supermegopro (big blind) folded before Flop
Seat 2: lukazs2 showed [8c Ac] and won ($123.14) with two pair, Aces and Eights
Seat 3: Espada Fish folded before Flop (didn't bet)
Seat 4: kuca86 folded before Flop (didn't bet)
Seat 5: SorinS28 (button) showed [Jd Ad] and lost with a pair of Aces
Seat 6: tintin641 (small blind) folded before Flop



PokerStars Hand #254407768661:  Hold'em No Limit ($0.50/$1.00 USD) - 2025/01/16 0:34:38 WET [2025/01/16 19:34:38 ET]
Table 'Sumiana II' 6-max Seat #6 is the button
Seat 1: Supermegopro ($200.45 in chips) 
Seat 2: lukazs2 ($123.14 in chips) 
Seat 3: Espada Fish ($110.15 in chips) 
Seat 4: kuca86 ($245.04 in chips) 
Seat 5: SorinS28 ($100 in chips) 
Seat 6: tintin641 ($100.88 in chips) 
Supermegopro: posts small blind $0.50
lukazs2: posts big blind $1
*** HOLE CARDS ***
Espada Fish: folds 
kuca86: folds 
SorinS28: raises $1 to $2
tintin641: folds 
Supermegopro: folds 
lukazs2: calls $1
*** FLOP *** [Ac Kc Js]
lukazs2: checks 
SorinS28: bets $1.20
lukazs2: calls $1.20
*** TURN *** [Ac Kc Js] [Ts]
lukazs2: bets $3.28
SorinS28: calls $3.28
*** RIVER *** [Ac Kc Js Ts] [8h]
lukazs2: checks 
SorinS28: checks 
*** SHOW DOWN ***
lukazs2: shows [Jd 9s] (a pair of Jacks)
SorinS28: shows [As 9d] (a pair of Aces)
SorinS28 collected $12.79 from pot
*** SUMMARY ***
Total pot $13.46 | Rake $0.67 
Board [Ac Kc Js Ts 8h]
Seat 1: Supermegopro (small blind) folded before Flop
Seat 2: lukazs2 (big blind) showed [Jd 9s] and lost with a pair of Jacks
Seat 3: Espada Fish folded before Flop (didn't bet)
Seat 4: kuca86 folded before Flop (didn't bet)
Seat 5: SorinS28 showed [As 9d] and won ($12.79) with a pair of Aces
Seat 6: tintin641 (button) folded before Flop (didn't bet)



PokerStars Hand #254407783138:  Hold'em No Limit ($0.50/$1.00 USD) - 2025/01/16 0:35:49 WET [2025/01/16 19:35:49 ET]
Table 'Sumiana II' 6-max Seat #1 is the button
Seat 1: Supermegopro ($199.95 in chips) 
Seat 2: lukazs2 ($116.66 in chips) 
Seat 3: Espada Fish ($110.15 in chips) 
Seat 4: kuca86 ($245.04 in chips) 
Seat 5: SorinS28 ($106.31 in chips) 
Seat 6: tintin641 ($100.88 in chips) 
lukazs2: posts small blind $0.50
Espada Fish: posts big blind $1
*** HOLE CARDS ***
kuca86: folds 
SorinS28: folds 
tintin641: folds 
Supermegopro: folds 
lukazs2: calls $0.50
Espada Fish: raises $2.50 to $3.50
lukazs2: calls $2.50
*** FLOP *** [Jc 4h 5h]
lukazs2: bets $2
Espada Fish: calls $2
*** TURN *** [Jc 4h 5h] [8c]
lukazs2: bets $3
Espada Fish: raises $10.50 to $13.50
lukazs2: calls $10.50
*** RIVER *** [Jc 4h 5h 8c] [Qh]
lukazs2: checks 
Espada Fish: checks 
*** SHOW DOWN ***
lukazs2: shows [2d 3c] (high card Queen)
Espada Fish: shows [Td Jd] (a pair of Jacks)
Espada Fish collected $36.10 from pot
*** SUMMARY ***
Total pot $38 | Rake $1.90 
Board [Jc 4h 5h 8c Qh]
Seat 1: Supermegopro (button) folded before Flop (didn't bet)
Seat 2: lukazs2 (small blind) showed [2d 3c] and lost with high card Queen
Seat 3: Espada Fish (big blind) showed [Td Jd] and won ($36.10) with a pair of Jacks
Seat 4: kuca86 folded before Flop (didn't bet)
Seat 5: SorinS28 folded before Flop (didn't bet)
Seat 6: tintin641 folded before Flop (didn't bet)



PokerStars Hand #254407797608:  Hold'em No Limit ($0.50/$1.00 USD) - 2025/01/16 0:37:00 WET [2025/01/16 19:37:00 ET]
Table 'Sumiana II' 6-max Seat #2 is the button
Seat 1: Supermegopro ($199.95 in chips) 
Seat 2: lukazs2 ($97.66 in chips) 
Seat 3: Espada Fish ($127.25 in chips) 
Seat 4: kuca86 ($245.04 in chips) 
Seat 5: SorinS28 ($106.31 in chips) 
Seat 6: tintin641 ($100.88 in chips) 
Espada Fish: posts small blind $0.50
kuca86: posts big blind $1
*** HOLE CARDS ***
SorinS28: folds 
tintin641: folds 
Supermegopro: folds 
lukazs2: calls $1
Espada Fish: raises $3 to $4
kuca86: folds 
lukazs2: calls $3
*** FLOP *** [4c 3s 7s]
Espada Fish: bets $4.28
lukazs2: calls $4.28
*** TURN *** [4c 3s 7s] [4h]
Espada Fish: checks 
lukazs2: bets $10.34
Espada Fish: calls $10.34
*** RIVER *** [4c 3s 7s 4h] [Jd]
Espada Fish: checks 
lukazs2: checks 
*** SHOW DOWN ***
Espada Fish: shows [Ac Qs] (a pair of Fours)
lukazs2: shows [6c 3d] (two pair, Fours and Threes)
lukazs2 collected $36.33 from pot
*** SUMMARY ***
Total pot $38.24 | Rake $1.91 
Board [4c 3s 7s 4h Jd]
Seat 1: Supermegopro folded before Flop (didn't bet)
Seat 2: lukazs2 (button) showed [6c 3d] and won ($36.33) with two pair, Fours and Threes
Seat 3: Espada Fish (small blind) showed [Ac Qs] and lost with a pair of Fours
Seat 4: kuca86 (big blind) folded before Flop
Seat 5: SorinS28 folded before Flop (didn't bet)
Seat 6: tintin641 folded before Flop (didn't bet)



PokerStars Hand #254407811206:  Hold'em No Limit ($0.50/$1.00 USD) - 2025/01/16 0:38:08 WET [2025/01/16 19:38:08 ET]
Table 'Sumiana II' 6-max Seat #3 is the button
Seat 1: Supermegopro ($199.95 in chips) 
Seat 2: lukazs2 ($115.37 in chips) 
Seat 3: Espada Fish ($108.63 in chips) 
Seat 4: kuca86 ($244.04 in chips) 
Seat 5: SorinS28 ($106.31 in chips) 
Seat 6: tintin641 ($100.88 in chips) 
kuca86: posts small blind $0.50
SorinS28: posts big blind $1
*** HOLE CARDS ***
tintin641: raises $1.50 to $2.50
Supermegopro: folds 
lukazs2: calls $2.50
Espada Fish: folds 
kuca86: folds 
SorinS28: folds 
*** FLOP *** [4c 4s 7s]
tintin641: checks 
lukazs2: checks 
*** TURN *** [4c 4s 7s] [9d]
tintin641: checks 
lukazs2: checks 
*** RIVER *** [4c 4s 7s 9d] [2s]
tintin641: bets $2.04
lukazs2: calls $2.04
*** SHOW DOWN ***
tintin641: shows [8h 8d] (two pair, Eights and Fours)
lukazs2: mucks hand 
tintin641 collected $10.05 from pot
*** SUMMARY ***
Total pot $10.58 | Rake $0.53 
Board [4c 4s 7s 9d 2s]
Seat 1: Supermegopro folded before Flop (didn't bet)
Seat 2: lukazs2 mucked
Seat 3: Espada Fish (button) folded before Flop (didn't bet)
Seat 4: kuca86 (small blind) folded before Flop
Seat 5: SorinS28 (big blind) folded before Flop
Seat 6: tintin641 showed [8h 8d] and won ($10.05) with two pair, Eights and Fours



PokerStars Hand #254407821404:  Hold'em No Limit ($0.50/$1.00 USD) - 2025/01/16 0:38:58 WET [2025/01/16 19:38:58 ET]
Table 'Sumiana II' 6-max Seat #4 is the button
Seat 1: Supermegopro ($199.95 in chips) 
Seat 2: lukazs2 ($110.83 in chips) 
Seat 3: Espada Fish ($108.63 in chips) 
Seat 4: kuca86 ($243.54 in chips) 
Seat 5: SorinS28 ($105.31 in chips) 
Seat 6: tintin641 ($106.39 in chips) 
SorinS28: posts small blind $0.50
tintin641: posts big blind $1
*** HOLE CARDS ***
Supermegopro: folds 
lukazs2: calls $1
Espada Fish: folds 
kuca86: raises $3.50 to $4.50
SorinS28: folds 
tintin641: folds 
lukazs2: raises $7.50 to $12
kuca86: calls $7.50
*** FLOP *** [8c 5c 5s]
lukazs2: bets $24.22
kuca86: raises $108.99 to $133.21
lukazs2: calls $74.61 and is all-in
Uncalled bet ($34.38) returned to kuca86
*** TURN *** [8c 5c 5s] [3h]
*** RIVER *** [8c 5c 5s 3h] [9h]
*** SHOW DOWN ***
lukazs2: shows [3d 3c] (a full house, Threes full of Fives)
kuca86: shows [6c Ac] (a pair of Fives)
lukazs2 collected $220.66 from pot
*** SUMMARY ***
Total pot $223.16 | Rake $2.50 
Board [8c 5c 5s 3h 9h]
Seat 1: Supermegopro folded before Flop (didn't bet)
Seat 2: lukazs2 showed [3d 3c] and won ($220.66) with a full house, Threes full of Fives
Seat 3: Espada Fish folded before Flop (didn't bet)
Seat 4: kuca86 (button) showed [6c Ac] and lost with a pair of Fives
Seat 5: SorinS28 (small blind) folded before Flop
Seat 6: tintin641 (big blind) folded before Flop



PokerStars Hand #254407835008:  Hold'em No Limit ($0.50/$1.00 USD) - 2025/01/16 0:40:06 WET [2025/01/16 19:40:06 ET]
Table 'Sumiana II' 6-max Seat #5 is the button
Seat 1: Supermegopro ($199.95 in chips) 
Seat 2: lukazs2 ($220.66 in chips) 
Seat 3: Espada Fish ($108.63 in chips) 
Seat 4: kuca86 ($132.71 in chips) 
Seat 5: SorinS28 ($104.81 in chips) 
Seat 6: tintin641 ($105.39 in chips) 
tintin641: posts small blind $0.50
Supermegopro: posts big blind $1
*** HOLE CARDS ***
lukazs2: calls $1
Espada Fish: folds 
kuca86: folds 
SorinS28: folds 
tintin641: folds 
Supermegopro: checks 
*** FLOP *** [Ts 5c 5h]
Supermegopro: checks 
lukazs2: checks 
*** TURN *** [Ts 5c 5h] [6d]
Supermegopro: checks 
lukazs2: checks 
*** RIVER *** [Ts 5c 5h 6d] [2c]
Supermegopro: bets $1.59
lukazs2: raises $3.56 to $5.15
Supermegopro: folds 
Uncalled bet ($3.56) returned to lukazs2
lukazs2 collected $5.40 from pot
*** SUMMARY ***
Total pot $5.68 | Rake $0.28 
Board [Ts 5c 5h 6d 2c]
Seat 1: Supermegopro (big blind) folded on the River
Seat 2: lukazs2 collected ($5.40)
Seat 3: Espada Fish folded before Flop (didn't bet)
Seat 4: kuca86 folded before Flop (didn't bet)
Seat 5: SorinS28 (button) folded before Flop (didn't bet)
Seat 6: tintin641 (small blind) folded before Flop



PokerStars Hand #254407843562:  Hold'em No Limit ($0.50/$1.00 USD) - 2025/01/16 0:40:49 WET [2025/01/16 19:40:49 ET]
Table 'Sumiana II' 6-max Seat #6 is the button
Seat 1: Supermegopro ($197.36 in chips) 
Seat 2: lukazs2 ($223.47 in chips) 
Seat 3: Espada Fish ($108.63 in chips) 
Seat 4: kuca86 ($132.71 in chips) 
Seat 5: SorinS28 ($104.81 in chips) 
Seat 6: tintin641 ($104.89 in chips) 
Supermegopro: posts small blind $0.50
lukazs2: posts big blind $1
*** HOLE CARDS ***
Espada Fish: folds 
kuca86: folds 
SorinS28: folds 
tintin641: folds 
Supermegopro: raises $1.50 to $2.50
lukazs2 is disconnected 
lukazs2 is connected 
lukazs2: calls $1.50
*** FLOP *** [Ad 6s Kd]
Supermegopro: checks 
lukazs2: checks 
*** TURN *** [Ad 6s Kd] [9h]
Supermegopro: checks 
lukazs2: checks 
*** RIVER *** [Ad 6s Kd 9h] [3c]
Supermegopro: bets $1
lukazs2: calls $1
*** SHOW DOWN ***
Supermegopro: shows [2h 2c] (a pair of Deuces)
lukazs2: shows [6d 7s] (a pair of Sixes)
lukazs2 collected $6.65 from pot
*** SUMMARY ***
Total pot $7 | Rake $0.35 
Board [Ad 6s Kd 9h 3c]
Seat 1: Supermegopro (small blind) showed [2h 2c] and lost with a pair of Deuces
Seat 2: lukazs2 (big blind) showed [6d 7s] and won ($6.65) with a pair of Sixes
Seat 3: Espada Fish folded before Flop (didn't bet)
Seat 4: kuca86 folded before Flop (didn't bet)
Seat 5: SorinS28 folded before Flop (didn't bet)
Seat 6: tintin641 (button) folded before Flop (didn't bet)



PokerStars Hand #254407856585:  Hold'em No Limit ($0.50/$1.00 USD) - 2025/01/16 0:41:55 WET [2025/01/16 19:41:55 ET]
Table 'Sumiana II' 6-max Seat #1 is the button
Seat 1: Supermegopro ($193.86 in chips) 
Seat 2: lukazs2 ($226.62 in chips) 
Seat 3: Espada Fish ($108.63 in chips) 
Seat 4: kuca86 ($132.71 in chips) 
Seat 5: SorinS28 ($104.81 in chips) 
Seat 6: tintin641 ($104.89 in chips) 
lukazs2: posts small blind $0.50
Espada Fish: posts big blind $1
*** HOLE CARDS ***
kuca86: folds 
SorinS28: raises $1.02 to $2.02
tintin641: folds 
Supermegopro: folds 
lukazs2: folds 
Espada Fish: calls $1.02
*** FLOP *** [7h Qc 3c]
lukazs2 leaves the table
Espada Fish: checks 
SorinS28: bets $1.21
Espada Fish: folds 
Uncalled bet ($1.21) returned to SorinS28
SorinS28 collected $4.31 from pot
SorinS28: doesn't show hand 
*** SUMMARY ***
Total pot $4.54 | Rake $0.23 
Board [7h Qc 3c]
Seat 1: Supermegopro (button) folded before Flop (didn't bet)
Seat 2: lukazs2 (small blind) folded before Flop
Seat 3: Espada Fish (big blind) folded on the Flop
Seat 4: kuca86 folded before Flop (didn't bet)
Seat 5: SorinS28 collected ($4.31)
Seat 6: tintin641 folded before Flop (didn't bet)



PokerStars Hand #254407864196:  Hold'em No Limit ($0.50/$1.00 USD) - 2025/01/16 0:42:32 WET [2025/01/16 19:42:32 ET]
Table 'Sumiana II' 6-max Seat #3 is the button
Seat 1: Supermegopro ($193.86 in chips) 
Seat 3: Espada Fish ($106.61 in chips) 
Seat 4: kuca86 ($132.71 in chips) 
Seat 5: SorinS28 ($107.10 in chips) 
Seat 6: tintin641 ($104.89 in chips) 
kuca86: posts small blind $0.50
SorinS28: posts big blind $1
*** HOLE CARDS ***
tintin641: raises $1.50 to $2.50
lukazs2 joins the table at seat #2 
lukazs2 is disconnected 
Supermegopro: folds 
Espada Fish: folds 
kuca86: folds 
SorinS28: folds 
Uncalled bet ($1.50) returned to tintin641
tintin641 collected $2.50 from pot
tintin641: doesn't show hand 
*** SUMMARY ***
Total pot $2.50 | Rake $0 
Seat 1: Supermegopro folded before Flop (didn't bet)
Seat 3: Espada Fish (button) folded before Flop (didn't bet)
Seat 4: kuca86 (small blind) folded before Flop
Seat 5: SorinS28 (big blind) folded before Flop
Seat 6: tintin641 collected ($2.50)



PokerStars Hand #254407867765:  Hold'em No Limit ($0.50/$1.00 USD) - 2025/01/16 0:42:51 WET [2025/01/16 19:42:51 ET]
Table 'Sumiana II' 6-max Seat #4 is the button
Seat 1: Supermegopro ($193.86 in chips) 
Seat 2: lukazs2 ($226.12 in chips) 
Seat 3: Espada Fish ($106.61 in chips) 
Seat 4: kuca86 ($132.21 in chips) 
Seat 5: SorinS28 ($106.10 in chips) 
Seat 6: tintin641 ($106.39 in chips) 
SorinS28: posts small blind $0.50
tintin641: posts big blind $1
lukazs2: posts big blind $1
*** HOLE CARDS ***
Supermegopro: raises $3 to $4
lukazs2: calls $3
Espada Fish: folds 
kuca86: folds 
SorinS28: folds 
tintin641: folds 
*** FLOP *** [As 7d 3h]
Supermegopro: bets $5
lukazs2: calls $5
*** TURN *** [As 7d 3h] [4s]
Supermegopro: checks 
lukazs2: bets $9.26
Supermegopro: raises $31.48 to $40.74
lukazs2: calls $31.48
*** RIVER *** [As 7d 3h 4s] [Kh]
Supermegopro: bets $65.65
lukazs2: folds 
Uncalled bet ($65.65) returned to Supermegopro
Supermegopro collected $98.48 from pot
Supermegopro: doesn't show hand 
*** SUMMARY ***
Total pot $100.98 | Rake $2.50 
Board [As 7d 3h 4s Kh]
Seat 1: Supermegopro collected ($98.48)
Seat 2: lukazs2 folded on the River
Seat 3: Espada Fish folded before Flop (didn't bet)
Seat 4: kuca86 (button) folded before Flop (didn't bet)
Seat 5: SorinS28 (small blind) folded before Flop
Seat 6: tintin641 (big blind) folded before Flop



PokerStars Hand #254407880212:  Hold'em No Limit ($0.50/$1.00 USD) - 2025/01/16 0:43:55 WET [2025/01/16 19:43:55 ET]
Table 'Sumiana II' 6-max Seat #5 is the button
Seat 1: Supermegopro ($242.60 in chips) is sitting out
Seat 2: lukazs2 ($176.38 in chips) 
Seat 3: Espada Fish ($106.61 in chips) 
Seat 4: kuca86 ($132.21 in chips) 
Seat 5: SorinS28 ($105.60 in chips) 
Seat 6: tintin641 ($105.39 in chips) 
tintin641: posts small blind $0.50
Supermegopro: is sitting out 
lukazs2: posts big blind $1
*** HOLE CARDS ***
Espada Fish: raises $1.20 to $2.20
kuca86: folds 
SorinS28: folds 
tintin641: folds 
lukazs2: calls $1.20
*** FLOP *** [Kc 4h 3c]
lukazs2: checks 
Espada Fish: bets $3.50
lukazs2: calls $3.50
*** TURN *** [Kc 4h 3c] [4d]
lukazs2: checks 
Espada Fish: bets $8.48
lukazs2: calls $8.48
*** RIVER *** [Kc 4h 3c 4d] [7c]
lukazs2: checks 
Espada Fish: checks 
*** SHOW DOWN ***
lukazs2: shows [3d Kd] (two pair, Kings and Fours)
Espada Fish: shows [Kh Ac] (two pair, Kings and Fours - Ace kicker)
Espada Fish collected $27.42 from pot
*** SUMMARY ***
Total pot $28.86 | Rake $1.44 
Board [Kc 4h 3c 4d 7c]
Seat 1: Supermegopro
Seat 2: lukazs2 (big blind) showed [3d Kd] and lost with two pair, Kings and Fours
Seat 3: Espada Fish showed [Kh Ac] and won ($27.42) with two pair, Kings and Fours
Seat 4: kuca86 folded before Flop (didn't bet)
Seat 5: SorinS28 (button) folded before Flop (didn't bet)
Seat 6: tintin641 (small blind) folded before Flop



PokerStars Hand #254407892902:  Hold'em No Limit ($0.50/$1.00 USD) - 2025/01/16 0:45:00 WET [2025/01/16 19:45:00 ET]
Table 'Sumiana II' 6-max Seat #6 is the button
Seat 1: Supermegopro ($242.60 in chips) is sitting out
Seat 2: lukazs2 ($162.20 in chips) 
Seat 3: Espada Fish ($119.85 in chips) 
Seat 4: kuca86 ($132.21 in chips) 
Seat 5: SorinS28 ($105.60 in chips) 
Seat 6: tintin641 ($104.89 in chips) 
lukazs2: posts small blind $0.50
Espada Fish: posts big blind $1
*** HOLE CARDS ***
kuca86: raises $1.50 to $2.50
SorinS28: folds 
tintin641: folds 
lukazs2: calls $2
Espada Fish: folds 
*** FLOP *** [3h 7h 6c]
lukazs2: bets $1
kuca86: calls $1
*** TURN *** [3h 7h 6c] [Kh]
lukazs2: checks 
kuca86: checks 
*** RIVER *** [3h 7h 6c Kh] [6h]
lukazs2: checks 
kuca86: checks 
*** SHOW DOWN ***
lukazs2: shows [Kc 3c] (two pair, Kings and Sixes)
kuca86: mucks hand 
lukazs2 collected $7.60 from pot
*** SUMMARY ***
Total pot $8 | Rake $0.40 
Board [3h 7h 6c Kh 6h]
Seat 1: Supermegopro
Seat 2: lukazs2 (small blind) showed [Kc 3c] and won ($7.60) with two pair, Kings and Sixes
Seat 3: Espada Fish (big blind) folded before Flop
Seat 4: kuca86 mucked
Seat 5: SorinS28 folded before Flop (didn't bet)
Seat 6: tintin641 (button) folded before Flop (didn't bet)



PokerStars Hand #254407904630:  Hold'em No Limit ($0.50/$1.00 USD) - 2025/01/16 0:46:00 WET [2025/01/16 19:46:00 ET]
Table 'Sumiana II' 6-max Seat #2 is the button
Seat 1: Supermegopro ($242.60 in chips) is sitting out
Seat 2: lukazs2 ($166.30 in chips) 
Seat 3: Espada Fish ($118.85 in chips) 
Seat 4: kuca86 ($128.71 in chips) 
Seat 5: SorinS28 ($105.60 in chips) 
Seat 6: tintin641 ($104.89 in chips) 
Espada Fish: posts small blind $0.50
kuca86: posts big blind $1
Supermegopro: sits out 
*** HOLE CARDS ***
SorinS28: folds 
tintin641: folds 
lukazs2: calls $1
Espada Fish: raises $3 to $4
kuca86: folds 
lukazs2: calls $3
*** FLOP *** [Th 2h 3d]
Espada Fish: checks 
lukazs2: bets $4.28
Espada Fish: calls $4.28
*** TURN *** [Th 2h 3d] [8d]
Espada Fish: checks 
lukazs2: bets $16.68
Espada Fish: calls $16.68
*** RIVER *** [Th 2h 3d 8d] [Ac]
Espada Fish: checks 
lukazs2: bets $24.21
Espada Fish: raises $69.68 to $93.89 and is all-in
lukazs2: folds 
Uncalled bet ($69.68) returned to Espada Fish
Espada Fish collected $96.84 from pot
Espada Fish: doesn't show hand 
*** SUMMARY ***
Total pot $99.34 | Rake $2.50 
Board [Th 2h 3d 8d Ac]
Seat 1: Supermegopro
Seat 2: lukazs2 (button) folded on the River
Seat 3: Espada Fish (small blind) collected ($96.84)
Seat 4: kuca86 (big blind) folded before Flop
Seat 5: SorinS28 folded before Flop (didn't bet)
Seat 6: tintin641 folded before Flop (didn't bet)



PokerStars Hand #254407925750:  Hold'em No Limit ($0.50/$1.00 USD) - 2025/01/16 0:47:49 WET [2025/01/16 19:47:49 ET]
Table 'Sumiana II' 6-max Seat #3 is the button
Seat 1: Supermegopro ($242.60 in chips) is sitting out
Seat 2: lukazs2 ($117.13 in chips) 
Seat 3: Espada Fish ($166.52 in chips) 
Seat 4: kuca86 ($127.71 in chips) 
Seat 5: SorinS28 ($105.60 in chips) 
Seat 6: tintin641 ($104.89 in chips) 
kuca86: posts small blind $0.50
SorinS28: posts big blind $1
Supermegopro: sits out 
*** HOLE CARDS ***
tintin641: raises $1.50 to $2.50
lukazs2: calls $2.50
Espada Fish: folds 
kuca86: folds 
SorinS28: folds 
*** FLOP *** [Kd Kh 7d]
tintin641: checks 
lukazs2: checks 
*** TURN *** [Kd Kh 7d] [Tc]
tintin641: checks 
lukazs2: checks 
*** RIVER *** [Kd Kh 7d Tc] [6c]
tintin641: checks 
lukazs2: checks 
*** SHOW DOWN ***
tintin641: shows [Qs Ah] (a pair of Kings)
lukazs2: mucks hand 
tintin641 collected $6.18 from pot
*** SUMMARY ***
Total pot $6.50 | Rake $0.32 
Board [Kd Kh 7d Tc 6c]
Seat 1: Supermegopro
Seat 2: lukazs2 mucked
Seat 3: Espada Fish (button) folded before Flop (didn't bet)
Seat 4: kuca86 (small blind) folded before Flop
Seat 5: SorinS28 (big blind) folded before Flop
Seat 6: tintin641 showed [Qs Ah] and won ($6.18) with a pair of Kings



PokerStars Hand #254407933215:  Hold'em No Limit ($0.50/$1.00 USD) - 2025/01/16 0:48:27 WET [2025/01/16 19:48:27 ET]
Table 'Sumiana II' 6-max Seat #4 is the button
Seat 1: Supermegopro ($242.60 in chips) is sitting out
Seat 2: lukazs2 ($114.63 in chips) 
Seat 3: Espada Fish ($166.52 in chips) 
Seat 4: kuca86 ($127.21 in chips) 
Seat 5: SorinS28 ($104.60 in chips) 
Seat 6: tintin641 ($108.57 in chips) 
SorinS28: posts small blind $0.50
tintin641: posts big blind $1
Supermegopro: sits out 
*** HOLE CARDS ***
lukazs2: raises $2 to $3
Espada Fish: raises $6 to $9
kuca86: folds 
SorinS28: folds 
tintin641: folds 
lukazs2: calls $6
*** FLOP *** [Kd 3h 5d]
lukazs2: checks 
Espada Fish: bets $13.89
lukazs2: folds 
Uncalled bet ($13.89) returned to Espada Fish
Espada Fish collected $18.52 from pot
Espada Fish: doesn't show hand 
*** SUMMARY ***
Total pot $19.50 | Rake $0.98 
Board [Kd 3h 5d]
Seat 1: Supermegopro
Seat 2: lukazs2 folded on the Flop
Seat 3: Espada Fish collected ($18.52)
Seat 4: kuca86 (button) folded before Flop (didn't bet)
Seat 5: SorinS28 (small blind) folded before Flop
Seat 6: tintin641 (big blind) folded before Flop



PokerStars Hand #254407939937:  Hold'em No Limit ($0.50/$1.00 USD) - 2025/01/16 0:49:02 WET [2025/01/16 19:49:02 ET]
Table 'Sumiana II' 6-max Seat #5 is the button
Seat 1: Supermegopro ($242.60 in chips) 
Seat 2: lukazs2 ($105.63 in chips) 
Seat 3: Espada Fish ($176.04 in chips) 
Seat 4: kuca86 ($127.21 in chips) 
Seat 5: SorinS28 ($104.10 in chips) 
Seat 6: tintin641 ($107.57 in chips) 
tintin641: posts small blind $0.50
Supermegopro: posts big blind $1
*** HOLE CARDS ***
lukazs2: calls $1
Espada Fish: raises $2.50 to $3.50
kuca86: folds 
SorinS28: folds 
tintin641: folds 
Supermegopro: calls $2.50
lukazs2: calls $2.50
*** FLOP *** [6c 2c 9d]
Supermegopro: checks 
lukazs2: checks 
Espada Fish: checks 
*** TURN *** [6c 2c 9d] [7h]
Supermegopro: checks 
lukazs2: bets $6
Espada Fish: folds 
Supermegopro: folds 
Uncalled bet ($6) returned to lukazs2
lukazs2 collected $10.45 from pot
*** SUMMARY ***
Total pot $11 | Rake $0.55 
Board [6c 2c 9d 7h]
Seat 1: Supermegopro (big blind) folded on the Turn
Seat 2: lukazs2 collected ($10.45)
Seat 3: Espada Fish folded on the Turn
Seat 4: kuca86 folded before Flop (didn't bet)
Seat 5: SorinS28 (button) folded before Flop (didn't bet)
Seat 6: tintin641 (small blind) folded before Flop



PokerStars Hand #254407949900:  Hold'em No Limit ($0.50/$1.00 USD) - 2025/01/16 0:49:54 WET [2025/01/16 19:49:54 ET]
Table 'Sumiana II' 6-max Seat #6 is the button
Seat 1: Supermegopro ($239.10 in chips) 
Seat 2: lukazs2 ($112.58 in chips) 
Seat 3: Espada Fish ($172.54 in chips) 
Seat 4: kuca86 ($127.21 in chips) 
Seat 5: SorinS28 ($104.10 in chips) 
Seat 6: tintin641 ($107.07 in chips) 
Supermegopro: posts small blind $0.50
lukazs2: posts big blind $1
*** HOLE CARDS ***
Espada Fish: raises $1.20 to $2.20
kuca86: folds 
SorinS28: raises $4.80 to $7
tintin641: folds 
Supermegopro: folds 
lukazs2: calls $6
Espada Fish: calls $4.80
*** FLOP *** [3d 9s 2d]
lukazs2: checks 
Espada Fish: checks 
SorinS28: bets $10.21
lukazs2: calls $10.21
Espada Fish: raises $155.33 to $165.54 and is all-in
SorinS28: calls $86.89 and is all-in
lukazs2: folds 
Uncalled bet ($68.44) returned to Espada Fish
*** TURN *** [3d 9s 2d] [6h]
*** RIVER *** [3d 9s 2d 6h] [9h]
*** SHOW DOWN ***
Espada Fish: shows [Td Ad] (a pair of Nines)
SorinS28: shows [Qd Jd] (a pair of Nines - lower kicker)
Espada Fish cashed out the hand for $173.17 | Cash Out Fee $3.53
*** SUMMARY ***
Total pot $225.91 | Rake $2.50 
Board [3d 9s 2d 6h 9h]
Seat 1: Supermegopro (small blind) folded before Flop
Seat 2: lukazs2 (big blind) folded on the Flop
Seat 3: Espada Fish showed [Td Ad] and won ($223.41) with a pair of Nines (pot not awarded as player cashed out)
Seat 4: kuca86 folded before Flop (didn't bet)
Seat 5: SorinS28 showed [Qd Jd] and lost with a pair of Nines
Seat 6: tintin641 (button) folded before Flop (didn't bet)



PokerStars Hand #254407970860:  Hold'em No Limit ($0.50/$1.00 USD) - 2025/01/16 0:51:44 WET [2025/01/16 19:51:44 ET]
Table 'Sumiana II' 6-max Seat #1 is the button
Seat 1: Supermegopro ($238.60 in chips) 
Seat 2: lukazs2 ($95.37 in chips) 
Seat 3: Espada Fish ($241.61 in chips) 
Seat 4: kuca86 ($127.21 in chips) 
Seat 5: SorinS28 ($100 in chips) 
Seat 6: tintin641 ($107.07 in chips) 
lukazs2: posts small blind $0.50
Espada Fish: posts big blind $1
*** HOLE CARDS ***
kuca86: folds 
SorinS28: raises $1.02 to $2.02
tintin641: folds 
Supermegopro: folds 
lukazs2: raises $10.02 to $12.04
Espada Fish: folds 
SorinS28: calls $10.02
*** FLOP *** [3h 8s 4h]
lukazs2: bets $83.33 and is all-in
SorinS28: calls $83.33
*** TURN *** [3h 8s 4h] [2h]
*** RIVER *** [3h 8s 4h 2h] [Ts]
*** SHOW DOWN ***
lukazs2: shows [7h 7c] (a pair of Sevens)
SorinS28: shows [6s 5s] (a straight, Deuce to Six)
SorinS28 collected $189.24 from pot
*** SUMMARY ***
Total pot $191.74 | Rake $2.50 
Board [3h 8s 4h 2h Ts]
Seat 1: Supermegopro (button) folded before Flop (didn't bet)
Seat 2: lukazs2 (small blind) showed [7h 7c] and lost with a pair of Sevens
Seat 3: Espada Fish (big blind) folded before Flop
Seat 4: kuca86 folded before Flop (didn't bet)
Seat 5: SorinS28 showed [6s 5s] and won ($189.24) with a straight, Deuce to Six
Seat 6: tintin641 folded before Flop (didn't bet)



PokerStars Hand #254407978913:  Hold'em No Limit ($0.50/$1.00 USD) - 2025/01/16 0:52:27 WET [2025/01/16 19:52:27 ET]
Table 'Sumiana II' 6-max Seat #3 is the button
Seat 2: lukazs2 ($0 in chips) is sitting out
Seat 1: Supermegopro ($238.60 in chips) 
Seat 3: Espada Fish ($240.61 in chips) 
Seat 4: kuca86 ($127.21 in chips) 
Seat 5: SorinS28 ($193.87 in chips) 
Seat 6: tintin641 ($107.07 in chips) 
kuca86: posts small blind $0.50
SorinS28: posts big blind $1
*** HOLE CARDS ***
tintin641: raises $1.50 to $2.50
Supermegopro: folds 
Espada Fish: folds 
kuca86: folds 
SorinS28: folds 
Uncalled bet ($1.50) returned to tintin641
tintin641 collected $2.50 from pot
tintin641: doesn't show hand 
*** SUMMARY ***
Total pot $2.50 | Rake $0 
Seat 2: lukazs2
Seat 1: Supermegopro folded before Flop (didn't bet)
Seat 3: Espada Fish (button) folded before Flop (didn't bet)
Seat 4: kuca86 (small blind) folded before Flop
Seat 5: SorinS28 (big blind) folded before Flop
Seat 6: tintin641 collected ($2.50)



PokerStars Hand #254407981651:  Hold'em No Limit ($0.50/$1.00 USD) - 2025/01/16 0:52:42 WET [2025/01/16 19:52:42 ET]
Table 'Sumiana II' 6-max Seat #4 is the button
Seat 1: Supermegopro ($238.60 in chips) 
Seat 2: lukazs2 ($100 in chips) 
Seat 3: Espada Fish ($240.61 in chips) 
Seat 4: kuca86 ($126.71 in chips) 
Seat 5: SorinS28 ($192.87 in chips) 
Seat 6: tintin641 ($108.57 in chips) 
SorinS28: posts small blind $0.50
tintin641: posts big blind $1
*** HOLE CARDS ***
Supermegopro: folds 
lukazs2: raises $3 to $4
Espada Fish: folds 
kuca86: folds 
SorinS28: calls $3.50
tintin641: calls $3
*** FLOP *** [5d Td 3s]
SorinS28: checks 
tintin641: checks 
lukazs2: bets $11.40
SorinS28: folds 
tintin641: folds 
Uncalled bet ($11.40) returned to lukazs2
lukazs2 collected $11.40 from pot
*** SUMMARY ***
Total pot $12 | Rake $0.60 
Board [5d Td 3s]
Seat 1: Supermegopro folded before Flop (didn't bet)
Seat 2: lukazs2 collected ($11.40)
Seat 3: Espada Fish folded before Flop (didn't bet)
Seat 4: kuca86 (button) folded before Flop (didn't bet)
Seat 5: SorinS28 (small blind) folded on the Flop
Seat 6: tintin641 (big blind) folded on the Flop



PokerStars Hand #254407988262:  Hold'em No Limit ($0.50/$1.00 USD) - 2025/01/16 0:53:17 WET [2025/01/16 19:53:17 ET]
Table 'Sumiana II' 6-max Seat #5 is the button
Seat 1: Supermegopro ($238.60 in chips) 
Seat 2: lukazs2 ($107.40 in chips) 
Seat 3: Espada Fish ($240.61 in chips) 
Seat 4: kuca86 ($126.71 in chips) 
Seat 5: SorinS28 ($188.87 in chips) 
Seat 6: tintin641 ($104.57 in chips) 
tintin641: posts small blind $0.50
Supermegopro: posts big blind $1
*** HOLE CARDS ***
lukazs2: raises $3 to $4
Espada Fish: folds 
kuca86: folds 
SorinS28: folds 
tintin641: folds 
Supermegopro: calls $3
*** FLOP *** [4d Ah Qc]
Supermegopro: checks 
lukazs2: checks 
*** TURN *** [4d Ah Qc] [9h]
Supermegopro: checks 
lukazs2: bets $1
Supermegopro: calls $1
*** RIVER *** [4d Ah Qc 9h] [8h]
Supermegopro: bets $5.65
lukazs2: raises $9.65 to $15.30
Supermegopro: calls $9.65
*** SHOW DOWN ***
lukazs2: shows [9c 8c] (two pair, Nines and Eights)
Supermegopro: shows [2h 5h] (a flush, Ace high)
Supermegopro collected $39.04 from pot
*** SUMMARY ***
Total pot $41.10 | Rake $2.06 
Board [4d Ah Qc 9h 8h]
Seat 1: Supermegopro (big blind) showed [2h 5h] and won ($39.04) with a flush, Ace high
Seat 2: lukazs2 showed [9c 8c] and lost with two pair, Nines and Eights
Seat 3: Espada Fish folded before Flop (didn't bet)
Seat 4: kuca86 folded before Flop (didn't bet)
Seat 5: SorinS28 (button) folded before Flop (didn't bet)
Seat 6: tintin641 (small blind) folded before Flop



PokerStars Hand #254407994995:  Hold'em No Limit ($0.50/$1.00 USD) - 2025/01/16 0:53:54 WET [2025/01/16 19:53:54 ET]
Table 'Sumiana II' 6-max Seat #6 is the button
Seat 1: Supermegopro ($257.34 in chips) 
Seat 2: lukazs2 ($87.10 in chips) 
Seat 3: Espada Fish ($240.61 in chips) 
Seat 4: kuca86 ($126.71 in chips) 
Seat 5: SorinS28 ($188.87 in chips) 
Seat 6: tintin641 ($104.07 in chips) 
Supermegopro: posts small blind $0.50
Espada Fish is disconnected 
lukazs2: posts big blind $1
*** HOLE CARDS ***
Espada Fish is connected 
Espada Fish: folds 
kuca86: folds 
SorinS28: raises $1.30 to $2.30
tintin641: raises $5.20 to $7.50
Supermegopro: folds 
lukazs2: calls $6.50
SorinS28: folds 
*** FLOP *** [As Qs 6d]
lukazs2: checks 
tintin641: checks 
*** TURN *** [As Qs 6d] [5h]
lukazs2: checks 
tintin641: checks 
*** RIVER *** [As Qs 6d 5h] [Ah]
lukazs2: checks 
tintin641: bets $8.46
lukazs2: calls $8.46
*** SHOW DOWN ***
tintin641: shows [Jd Js] (two pair, Aces and Jacks)
lukazs2: mucks hand 
tintin641 collected $32.98 from pot
*** SUMMARY ***
Total pot $34.72 | Rake $1.74 
Board [As Qs 6d 5h Ah]
Seat 1: Supermegopro (small blind) folded before Flop
Seat 2: lukazs2 (big blind) mucked
Seat 3: Espada Fish folded before Flop (didn't bet)
Seat 4: kuca86 folded before Flop (didn't bet)
Seat 5: SorinS28 folded before Flop
Seat 6: tintin641 (button) showed [Jd Js] and won ($32.98) with two pair, Aces and Jacks



PokerStars Hand #254408007380:  Hold'em No Limit ($0.50/$1.00 USD) - 2025/01/16 0:55:00 WET [2025/01/16 19:55:00 ET]
Table 'Sumiana II' 6-max Seat #1 is the button
Seat 2: lukazs2 ($71.14 in chips) is sitting out
Seat 1: Supermegopro ($256.84 in chips) 
Seat 3: Espada Fish ($240.61 in chips) 
Seat 4: kuca86 ($126.71 in chips) 
Seat 5: SorinS28 ($186.57 in chips) 
Seat 6: tintin641 ($121.09 in chips) 
lukazs2 has timed out
lukazs2: is sitting out 
Espada Fish: posts small blind $0.50
kuca86: posts big blind $1
*** HOLE CARDS ***
SorinS28: folds 
tintin641: folds 
SorinS28 leaves the table
Supermegopro: folds 
BeauParleur joins the table at seat #5 
Espada Fish: raises $2 to $3
kuca86: folds 
Uncalled bet ($2) returned to Espada Fish
Espada Fish collected $2 from pot
Espada Fish: doesn't show hand 
*** SUMMARY ***
Total pot $2 | Rake $0 
Seat 2: lukazs2
Seat 1: Supermegopro (button) folded before Flop (didn't bet)
Seat 3: Espada Fish (small blind) collected ($2)
Seat 4: kuca86 (big blind) folded before Flop
Seat 5: SorinS28 folded before Flop (didn't bet)
Seat 6: tintin641 folded before Flop (didn't bet)



PokerStars Hand #254408012054:  Hold'em No Limit ($0.50/$1.00 USD) - 2025/01/16 0:55:29 WET [2025/01/16 19:55:29 ET]
Table 'Sumiana II' 6-max Seat #3 is the button
Seat 2: lukazs2 ($71.14 in chips) is sitting out
Seat 1: Supermegopro ($256.84 in chips) 
Seat 3: Espada Fish ($241.61 in chips) 
Seat 4: kuca86 ($125.71 in chips) 
Seat 5: BeauParleur ($100 in chips) 
Seat 6: tintin641 ($121.09 in chips) 
kuca86: posts small blind $0.50
BeauParleur: posts big blind $1
lukazs2 has timed out
lukazs2: is sitting out 
*** HOLE CARDS ***
tintin641: folds 
Supermegopro: folds 
Espada Fish: folds 
kuca86: folds 
Uncalled bet ($0.50) returned to BeauParleur
BeauParleur collected $1 from pot
BeauParleur: doesn't show hand 
*** SUMMARY ***
Total pot $1 | Rake $0 
Seat 2: lukazs2
Seat 1: Supermegopro folded before Flop (didn't bet)
Seat 3: Espada Fish (button) folded before Flop (didn't bet)
Seat 4: kuca86 (small blind) folded before Flop
Seat 5: BeauParleur (big blind) collected ($1)
Seat 6: tintin641 folded before Flop (didn't bet)



PokerStars Hand #254408015037:  Hold'em No Limit ($0.50/$1.00 USD) - 2025/01/16 0:55:49 WET [2025/01/16 19:55:49 ET]
Table 'Sumiana II' 6-max Seat #4 is the button
Seat 1: Supermegopro ($256.84 in chips) 
Seat 2: lukazs2 ($71.14 in chips) 
Seat 3: Espada Fish ($241.61 in chips) 
Seat 4: kuca86 ($125.21 in chips) 
Seat 5: BeauParleur ($100.50 in chips) 
Seat 6: tintin641 ($121.09 in chips) 
BeauParleur: posts small blind $0.50
tintin641: posts big blind $1
lukazs2: posts small blind $0.50
*** HOLE CARDS ***
Supermegopro: folds 
lukazs2: raises $3 to $4
Espada Fish: folds 
kuca86: folds 
BeauParleur: folds 
tintin641: folds 
Uncalled bet ($3) returned to lukazs2
lukazs2 collected $3 from pot
*** SUMMARY ***
Total pot $3 | Rake $0 
Seat 1: Supermegopro folded before Flop (didn't bet)
Seat 2: lukazs2 collected ($3)
Seat 3: Espada Fish folded before Flop (didn't bet)
Seat 4: kuca86 (button) folded before Flop (didn't bet)
Seat 5: BeauParleur (small blind) folded before Flop
Seat 6: tintin641 (big blind) folded before Flop



PokerStars Hand #254408018829:  Hold'em No Limit ($0.50/$1.00 USD) - 2025/01/16 0:56:14 WET [2025/01/16 19:56:14 ET]
Table 'Sumiana II' 6-max Seat #5 is the button
Seat 1: Supermegopro ($256.84 in chips) 
Seat 2: lukazs2 ($100 in chips) 
Seat 3: Espada Fish ($241.61 in chips) 
Seat 4: kuca86 ($125.21 in chips) 
Seat 5: BeauParleur ($100 in chips) 
Seat 6: tintin641 ($120.09 in chips) 
tintin641: posts small blind $0.50
Supermegopro: posts big blind $1
*** HOLE CARDS ***
lukazs2: calls $1
Espada Fish is disconnected 
Espada Fish is connected 
Espada Fish: folds 
kuca86: raises $1.50 to $2.50
BeauParleur: folds 
tintin641: folds 
Supermegopro: folds 
lukazs2: calls $1.50
*** FLOP *** [Kd 5h 8s]
lukazs2: checks 
kuca86: bets $4.33
lukazs2: calls $4.33
*** TURN *** [Kd 5h 8s] [4d]
lukazs2: checks 
kuca86: bets $15.12
lukazs2: calls $15.12
*** RIVER *** [Kd 5h 8s 4d] [7h]
lukazs2: checks 
kuca86: checks 
*** SHOW DOWN ***
lukazs2: shows [7s Ad] (a pair of Sevens)
kuca86: mucks hand 
lukazs2 collected $43.13 from pot
*** SUMMARY ***
Total pot $45.40 | Rake $2.27 
Board [Kd 5h 8s 4d 7h]
Seat 1: Supermegopro (big blind) folded before Flop
Seat 2: lukazs2 showed [7s Ad] and won ($43.13) with a pair of Sevens
Seat 3: Espada Fish folded before Flop (didn't bet)
Seat 4: kuca86 mucked
Seat 5: BeauParleur (button) folded before Flop (didn't bet)
Seat 6: tintin641 (small blind) folded before Flop



PokerStars Hand #254408031719:  Hold'em No Limit ($0.50/$1.00 USD) - 2025/01/16 0:57:41 WET [2025/01/16 19:57:41 ET]
Table 'Sumiana II' 6-max Seat #6 is the button
Seat 1: Supermegopro ($255.84 in chips) 
Seat 2: lukazs2 ($121.18 in chips) 
Seat 3: Espada Fish ($241.61 in chips) 
Seat 4: kuca86 ($103.26 in chips) 
Seat 5: BeauParleur ($100 in chips) 
Seat 6: tintin641 ($119.59 in chips) 
Supermegopro: posts small blind $0.50
lukazs2: posts big blind $1
*** HOLE CARDS ***
Espada Fish: folds 
kuca86: folds 
BeauParleur: folds 
tintin641: raises $1.50 to $2.50
Supermegopro: raises $9.50 to $12
lukazs2: folds 
tintin641: folds 
Uncalled bet ($9.50) returned to Supermegopro
Supermegopro collected $6 from pot
Supermegopro: doesn't show hand 
*** SUMMARY ***
Total pot $6 | Rake $0 
Seat 1: Supermegopro (small blind) collected ($6)
Seat 2: lukazs2 (big blind) folded before Flop
Seat 3: Espada Fish folded before Flop (didn't bet)
Seat 4: kuca86 folded before Flop (didn't bet)
Seat 5: BeauParleur folded before Flop (didn't bet)
Seat 6: tintin641 (button) folded before Flop



PokerStars Hand #254408036213:  Hold'em No Limit ($0.50/$1.00 USD) - 2025/01/16 0:58:11 WET [2025/01/16 19:58:11 ET]
Table 'Sumiana II' 6-max Seat #1 is the button
Seat 1: Supermegopro ($259.34 in chips) 
Seat 2: lukazs2 ($120.18 in chips) 
Seat 3: Espada Fish ($241.61 in chips) 
Seat 4: kuca86 ($103.26 in chips) 
Seat 5: BeauParleur ($100 in chips) 
Seat 6: tintin641 ($117.09 in chips) 
lukazs2: posts small blind $0.50
Espada Fish: posts big blind $1
*** HOLE CARDS ***
kuca86: folds 
BeauParleur: folds 
tintin641: folds 
Supermegopro: folds 
lukazs2: raises $6 to $7
Espada Fish: folds 
Uncalled bet ($6) returned to lukazs2
lukazs2 collected $2 from pot
*** SUMMARY ***
Total pot $2 | Rake $0 
Seat 1: Supermegopro (button) folded before Flop (didn't bet)
Seat 2: lukazs2 (small blind) collected ($2)
Seat 3: Espada Fish (big blind) folded before Flop
Seat 4: kuca86 folded before Flop (didn't bet)
Seat 5: BeauParleur folded before Flop (didn't bet)
Seat 6: tintin641 folded before Flop (didn't bet)



PokerStars Hand #254408039632:  Hold'em No Limit ($0.50/$1.00 USD) - 2025/01/16 0:58:34 WET [2025/01/16 19:58:34 ET]
Table 'Sumiana II' 6-max Seat #2 is the button
Seat 1: Supermegopro ($259.34 in chips) 
Seat 2: lukazs2 ($121.18 in chips) 
Seat 3: Espada Fish ($240.61 in chips) 
Seat 4: kuca86 ($103.26 in chips) 
Seat 5: BeauParleur ($100 in chips) 
Seat 6: tintin641 ($117.09 in chips) 
Espada Fish: posts small blind $0.50
kuca86: posts big blind $1
*** HOLE CARDS ***
BeauParleur: folds 
tintin641: folds 
Supermegopro: folds 
lukazs2 is disconnected 
lukazs2 is connected 
lukazs2: calls $1
Espada Fish: raises $3 to $4
kuca86: calls $3
lukazs2: calls $3
*** FLOP *** [4s 6d 9s]
Espada Fish: checks 
kuca86: checks 
lukazs2: bets $5.70
Espada Fish: raises $17.10 to $22.80
kuca86: folds 
lukazs2: folds 
Uncalled bet ($17.10) returned to Espada Fish
Espada Fish collected $22.23 from pot
Espada Fish: doesn't show hand 
*** SUMMARY ***
Total pot $23.40 | Rake $1.17 
Board [4s 6d 9s]
Seat 1: Supermegopro folded before Flop (didn't bet)
Seat 2: lukazs2 (button) folded on the Flop
Seat 3: Espada Fish (small blind) collected ($22.23)
Seat 4: kuca86 (big blind) folded on the Flop
Seat 5: BeauParleur folded before Flop (didn't bet)
Seat 6: tintin641 folded before Flop (didn't bet)



PokerStars Hand #254408554578:  Hold'em No Limit ($0.50/$1.00 USD) - 2025/01/16 1:00:15 WET [2025/01/16 20:00:15 ET]
Table 'Sumiana II' 6-max Seat #3 is the button
Seat 1: Supermegopro ($259.34 in chips) 
Seat 2: lukazs2 ($111.48 in chips) 
Seat 3: Espada Fish ($253.14 in chips) 
Seat 4: kuca86 ($100 in chips) 
Seat 5: BeauParleur ($100 in chips) 
Seat 6: tintin641 ($117.09 in chips) 
kuca86: posts small blind $0.50
BeauParleur: posts big blind $1
*** HOLE CARDS ***
tintin641: raises $1.50 to $2.50
Supermegopro: folds 
lukazs2: calls $2.50
Espada Fish: folds 
kuca86: folds 
BeauParleur: raises $11.50 to $14
tintin641: calls $11.50
lukazs2: folds 
*** FLOP *** [4d 2h 6c]
BeauParleur: bets $22.09
tintin641: raises $81 to $103.09 and is all-in
BeauParleur: calls $63.91 and is all-in
Uncalled bet ($17.09) returned to tintin641
*** FIRST TURN *** [4d 2h 6c] [Js]
*** FIRST RIVER *** [4d 2h 6c Js] [9s]
*** SECOND TURN *** [4d 2h 6c] [Kh]
*** SECOND RIVER *** [4d 2h 6c Kh] [7c]
*** FIRST SHOW DOWN ***
BeauParleur: shows [Qc As] (high card Ace)
tintin641: shows [Qh Qs] (a pair of Queens)
tintin641 collected $100.25 from pot
*** SECOND SHOW DOWN ***
BeauParleur: shows [Qc As] (high card Ace)
tintin641: shows [Qh Qs] (a pair of Queens)
tintin641 collected $100.25 from pot
*** SUMMARY ***
Total pot $203 | Rake $2.50 
Hand was run twice
FIRST Board [4d 2h 6c Js 9s]
SECOND Board [4d 2h 6c Kh 7c]
Seat 1: Supermegopro folded before Flop (didn't bet)
Seat 2: lukazs2 folded before Flop
Seat 3: Espada Fish (button) folded before Flop (didn't bet)
Seat 4: kuca86 (small blind) folded before Flop
Seat 5: BeauParleur (big blind) showed [Qc As] and lost with high card Ace, and lost with high card Ace
Seat 6: tintin641 showed [Qh Qs] and won ($100.25) with a pair of Queens, and won ($100.25) with a pair of Queens



PokerStars Hand #254408571012:  Hold'em No Limit ($0.50/$1.00 USD) - 2025/01/16 1:01:52 WET [2025/01/16 20:01:52 ET]
Table 'Sumiana II' 6-max Seat #4 is the button
Seat 1: Supermegopro ($259.34 in chips) 
Seat 2: lukazs2 ($108.98 in chips) 
Seat 3: Espada Fish ($253.14 in chips) 
Seat 4: kuca86 ($100 in chips) 
Seat 5: BeauParleur ($100 in chips) 
Seat 6: tintin641 ($217.59 in chips) 
BeauParleur: posts small blind $0.50
tintin641: posts big blind $1
*** HOLE CARDS ***
Supermegopro: folds 
lukazs2: raises $3 to $4
Espada Fish: folds 
kuca86: folds 
BeauParleur: folds 
tintin641: calls $3
*** FLOP *** [Ac Jc 2c]
tintin641: checks 
lukazs2: checks 
*** TURN *** [Ac Jc 2c] [2h]
tintin641: checks 
lukazs2: bets $4.04
tintin641: calls $4.04
*** RIVER *** [Ac Jc 2c 2h] [Kd]
tintin641: checks 
lukazs2: bets $18
tintin641: folds 
Uncalled bet ($18) returned to lukazs2
lukazs2 collected $15.75 from pot
*** SUMMARY ***
Total pot $16.58 | Rake $0.83 
Board [Ac Jc 2c 2h Kd]
Seat 1: Supermegopro folded before Flop (didn't bet)
Seat 2: lukazs2 collected ($15.75)
Seat 3: Espada Fish folded before Flop (didn't bet)
Seat 4: kuca86 (button) folded before Flop (didn't bet)
Seat 5: BeauParleur (small blind) folded before Flop
Seat 6: tintin641 (big blind) folded on the River



PokerStars Hand #254408585542:  Hold'em No Limit ($0.50/$1.00 USD) - 2025/01/16 1:03:13 WET [2025/01/16 20:03:13 ET]
Table 'Sumiana II' 6-max Seat #5 is the button
Seat 1: Supermegopro ($259.34 in chips) 
Seat 2: lukazs2 ($116.69 in chips) 
Seat 3: Espada Fish ($253.14 in chips) 
Seat 4: kuca86 ($100 in chips) 
Seat 5: BeauParleur ($100 in chips) 
Seat 6: tintin641 ($209.55 in chips) 
tintin641: posts small blind $0.50
Supermegopro: posts big blind $1
*** HOLE CARDS ***
lukazs2: calls $1
Espada Fish: folds 
kuca86: folds 
BeauParleur: raises $3 to $4
tintin641: raises $10 to $14
Supermegopro: folds 
lukazs2: folds 
BeauParleur: raises $14 to $28
tintin641: folds 
Uncalled bet ($14) returned to BeauParleur
BeauParleur collected $30 from pot
BeauParleur: doesn't show hand 
*** SUMMARY ***
Total pot $30 | Rake $0 
Seat 1: Supermegopro (big blind) folded before Flop
Seat 2: lukazs2 folded before Flop
Seat 3: Espada Fish folded before Flop (didn't bet)
Seat 4: kuca86 folded before Flop (didn't bet)
Seat 5: BeauParleur (button) collected ($30)
Seat 6: tintin641 (small blind) folded before Flop



PokerStars Hand #254408596694:  Hold'em No Limit ($0.50/$1.00 USD) - 2025/01/16 1:04:14 WET [2025/01/16 20:04:14 ET]
Table 'Sumiana II' 6-max Seat #6 is the button
Seat 1: Supermegopro ($258.34 in chips) 
Seat 2: lukazs2 ($115.69 in chips) 
Seat 3: Espada Fish ($253.14 in chips) 
Seat 4: kuca86 ($100 in chips) 
Seat 5: BeauParleur ($116 in chips) 
Seat 6: tintin641 ($195.55 in chips) 
Supermegopro: posts small blind $0.50
lukazs2: posts big blind $1
*** HOLE CARDS ***
Espada Fish: folds 
kuca86: folds 
BeauParleur: folds 
tintin641: raises $1.50 to $2.50
Supermegopro: folds 
lukazs2: calls $1.50
*** FLOP *** [6s Jc Kh]
lukazs2: checks 
tintin641: bets $1.72
lukazs2: calls $1.72
*** TURN *** [6s Jc Kh] [Jh]
lukazs2: bets $4.25
tintin641: folds 
Uncalled bet ($4.25) returned to lukazs2
lukazs2 collected $8.49 from pot
lukazs2: doesn't show hand 
*** SUMMARY ***
Total pot $8.94 | Rake $0.45 
Board [6s Jc Kh Jh]
Seat 1: Supermegopro (small blind) folded before Flop
Seat 2: lukazs2 (big blind) collected ($8.49)
Seat 3: Espada Fish folded before Flop (didn't bet)
Seat 4: kuca86 folded before Flop (didn't bet)
Seat 5: BeauParleur folded before Flop (didn't bet)
Seat 6: tintin641 (button) folded on the Turn



PokerStars Hand #254408606579:  Hold'em No Limit ($0.50/$1.00 USD) - 2025/01/16 1:05:09 WET [2025/01/16 20:05:09 ET]
Table 'Sumiana II' 6-max Seat #1 is the button
Seat 1: Supermegopro ($257.84 in chips) 
Seat 2: lukazs2 ($119.96 in chips) 
Seat 3: Espada Fish ($253.14 in chips) 
Seat 4: kuca86 ($100 in chips) 
Seat 5: BeauParleur ($116 in chips) 
Seat 6: tintin641 ($191.33 in chips) 
lukazs2: posts small blind $0.50
Espada Fish: posts big blind $1
*** HOLE CARDS ***
kuca86: folds 
BeauParleur: folds 
tintin641: raises $1.50 to $2.50
Supermegopro: folds 
lukazs2: calls $2
Espada Fish: folds 
*** FLOP *** [3d Jh 4c]
lukazs2: bets $5.70
tintin641: calls $5.70
*** TURN *** [3d Jh 4c] [Kc]
lukazs2: bets $8.27
tintin641: raises $16.54 to $24.81
lukazs2: calls $16.54
*** RIVER *** [3d Jh 4c Kc] [5c]
lukazs2: checks 
tintin641: bets $21.29
lukazs2: calls $21.29
*** SHOW DOWN ***
tintin641: shows [Kh Kd] (three of a kind, Kings)
lukazs2: mucks hand 
tintin641 collected $107.10 from pot
*** SUMMARY ***
Total pot $109.60 | Rake $2.50 
Board [3d Jh 4c Kc 5c]
Seat 1: Supermegopro (button) folded before Flop (didn't bet)
Seat 2: lukazs2 (small blind) mucked
Seat 3: Espada Fish (big blind) folded before Flop
Seat 4: kuca86 folded before Flop (didn't bet)
Seat 5: BeauParleur folded before Flop (didn't bet)
Seat 6: tintin641 showed [Kh Kd] and won ($107.10) with three of a kind, Kings



PokerStars Hand #254408626503:  Hold'em No Limit ($0.50/$1.00 USD) - 2025/01/16 1:06:58 WET [2025/01/16 20:06:58 ET]
Table 'Sumiana II' 6-max Seat #2 is the button
Seat 1: Supermegopro ($257.84 in chips) 
Seat 2: lukazs2 ($65.66 in chips) 
Seat 3: Espada Fish ($252.14 in chips) 
Seat 4: kuca86 ($100 in chips) 
Seat 5: BeauParleur ($116 in chips) 
Seat 6: tintin641 ($244.13 in chips) 
Espada Fish: posts small blind $0.50
kuca86: posts big blind $1
*** HOLE CARDS ***
BeauParleur: folds 
tintin641: folds 
Supermegopro: folds 
lukazs2: calls $1
Espada Fish: folds 
kuca86: checks 
*** FLOP *** [6s 8d 5d]
kuca86: checks 
lukazs2: bets $2.38
kuca86: folds 
Uncalled bet ($2.38) returned to lukazs2
lukazs2 collected $2.38 from pot
*** SUMMARY ***
Total pot $2.50 | Rake $0.12 
Board [6s 8d 5d]
Seat 1: Supermegopro folded before Flop (didn't bet)
Seat 2: lukazs2 (button) collected ($2.38)
Seat 3: Espada Fish (small blind) folded before Flop
Seat 4: kuca86 (big blind) folded on the Flop
Seat 5: BeauParleur folded before Flop (didn't bet)
Seat 6: tintin641 folded before Flop (didn't bet)



PokerStars Hand #254408631831:  Hold'em No Limit ($0.50/$1.00 USD) - 2025/01/16 1:07:28 WET [2025/01/16 20:07:28 ET]
Table 'Sumiana II' 6-max Seat #3 is the button
Seat 1: Supermegopro ($257.84 in chips) 
Seat 2: lukazs2 ($67.04 in chips) 
Seat 3: Espada Fish ($251.64 in chips) 
Seat 4: kuca86 ($100 in chips) 
Seat 5: BeauParleur ($116 in chips) 
Seat 6: tintin641 ($244.13 in chips) 
kuca86: posts small blind $0.50
BeauParleur: posts big blind $1
*** HOLE CARDS ***
tintin641: folds 
Supermegopro: raises $1.50 to $2.50
lukazs2: raises $6.50 to $9
Espada Fish: folds 
kuca86: folds 
BeauParleur: folds 
Supermegopro: calls $6.50
*** FLOP *** [4s 9s 4d]
Supermegopro: checks 
lukazs2: bets $58.04 and is all-in
Supermegopro: folds 
Uncalled bet ($58.04) returned to lukazs2
lukazs2 collected $18.52 from pot
*** SUMMARY ***
Total pot $19.50 | Rake $0.98 
Board [4s 9s 4d]
Seat 1: Supermegopro folded on the Flop
Seat 2: lukazs2 collected ($18.52)
Seat 3: Espada Fish (button) folded before Flop (didn't bet)
Seat 4: kuca86 (small blind) folded before Flop
Seat 5: BeauParleur (big blind) folded before Flop
Seat 6: tintin641 folded before Flop (didn't bet)



PokerStars Hand #254408638312:  Hold'em No Limit ($0.50/$1.00 USD) - 2025/01/16 1:08:03 WET [2025/01/16 20:08:03 ET]
Table 'Sumiana II' 6-max Seat #4 is the button
Seat 1: Supermegopro ($248.84 in chips) 
Seat 2: lukazs2 ($76.56 in chips) 
Seat 3: Espada Fish ($251.64 in chips) 
Seat 4: kuca86 ($100 in chips) 
Seat 5: BeauParleur ($115 in chips) 
Seat 6: tintin641 ($244.13 in chips) 
BeauParleur: posts small blind $0.50
tintin641: posts big blind $1
*** HOLE CARDS ***
Supermegopro: raises $1.50 to $2.50
lukazs2: calls $2.50
Espada Fish: folds 
kuca86: folds 
BeauParleur: folds 
tintin641: folds 
*** FLOP *** [4h Qs 8c]
Supermegopro: checks 
lukazs2: bets $6.18
Supermegopro: folds 
Uncalled bet ($6.18) returned to lukazs2
lukazs2 collected $6.18 from pot
*** SUMMARY ***
Total pot $6.50 | Rake $0.32 
Board [4h Qs 8c]
Seat 1: Supermegopro folded on the Flop
Seat 2: lukazs2 collected ($6.18)
Seat 3: Espada Fish folded before Flop (didn't bet)
Seat 4: kuca86 (button) folded before Flop (didn't bet)
Seat 5: BeauParleur (small blind) folded before Flop
Seat 6: tintin641 (big blind) folded before Flop



PokerStars Hand #254408642943:  Hold'em No Limit ($0.50/$1.00 USD) - 2025/01/16 1:08:29 WET [2025/01/16 20:08:29 ET]
Table 'Sumiana II' 6-max Seat #5 is the button
Seat 1: Supermegopro ($246.34 in chips) 
Seat 2: lukazs2 ($80.24 in chips) 
Seat 3: Espada Fish ($251.64 in chips) 
Seat 4: kuca86 ($100 in chips) 
Seat 5: BeauParleur ($114.50 in chips) 
Seat 6: tintin641 ($243.13 in chips) 
tintin641: posts small blind $0.50
Supermegopro: posts big blind $1
*** HOLE CARDS ***
lukazs2: calls $1
Espada Fish: folds 
kuca86: folds 
BeauParleur: folds 
tintin641: calls $0.50
Supermegopro: checks 
*** FLOP *** [Tc Kh Jd]
tintin641: checks 
Supermegopro: checks 
lukazs2: checks 
*** TURN *** [Tc Kh Jd] [Ah]
tintin641: checks 
Supermegopro: checks 
lukazs2: bets $1.43
tintin641: folds 
Supermegopro: calls $1.43
*** RIVER *** [Tc Kh Jd Ah] [2c]
Supermegopro: checks 
lukazs2: checks 
*** SHOW DOWN ***
Supermegopro: shows [6s Ac] (a pair of Aces)
lukazs2: mucks hand 
Supermegopro collected $5.57 from pot
*** SUMMARY ***
Total pot $5.86 | Rake $0.29 
Board [Tc Kh Jd Ah 2c]
Seat 1: Supermegopro (big blind) showed [6s Ac] and won ($5.57) with a pair of Aces
Seat 2: lukazs2 mucked
Seat 3: Espada Fish folded before Flop (didn't bet)
Seat 4: kuca86 folded before Flop (didn't bet)
Seat 5: BeauParleur (button) folded before Flop (didn't bet)
Seat 6: tintin641 (small blind) folded on the Turn



PokerStars Hand #254408655460:  Hold'em No Limit ($0.50/$1.00 USD) - 2025/01/16 1:09:37 WET [2025/01/16 20:09:37 ET]
Table 'Sumiana II' 6-max Seat #6 is the button
Seat 1: Supermegopro ($249.48 in chips) 
Seat 2: lukazs2 ($77.81 in chips) 
Seat 3: Espada Fish ($251.64 in chips) 
Seat 4: kuca86 ($100 in chips) 
Seat 5: BeauParleur ($114.50 in chips) 
Seat 6: tintin641 ($242.13 in chips) 
Supermegopro: posts small blind $0.50
lukazs2: posts big blind $1
*** HOLE CARDS ***
Espada Fish: folds 
kuca86: folds 
BeauParleur: folds 
tintin641: folds 
Supermegopro: folds 
Uncalled bet ($0.50) returned to lukazs2
lukazs2 collected $1 from pot
*** SUMMARY ***
Total pot $1 | Rake $0 
Seat 1: Supermegopro (small blind) folded before Flop
Seat 2: lukazs2 (big blind) collected ($1)
Seat 3: Espada Fish folded before Flop (didn't bet)
Seat 4: kuca86 folded before Flop (didn't bet)
Seat 5: BeauParleur folded before Flop (didn't bet)
Seat 6: tintin641 (button) folded before Flop (didn't bet)



PokerStars Hand #254408658297:  Hold'em No Limit ($0.50/$1.00 USD) - 2025/01/16 1:09:53 WET [2025/01/16 20:09:53 ET]
Table 'Sumiana II' 6-max Seat #1 is the button
Seat 1: Supermegopro ($248.98 in chips) 
Seat 2: lukazs2 ($78.31 in chips) 
Seat 3: Espada Fish ($251.64 in chips) 
Seat 4: kuca86 ($100 in chips) 
Seat 5: BeauParleur ($114.50 in chips) 
Seat 6: tintin641 ($242.13 in chips) 
lukazs2: posts small blind $0.50
Espada Fish: posts big blind $1
*** HOLE CARDS ***
kuca86: folds 
BeauParleur: folds 
tintin641: folds 
Supermegopro: raises $1.50 to $2.50
lukazs2: calls $2
Espada Fish: folds 
*** FLOP *** [6d 4d 7c]
lukazs2: checks 
Supermegopro: checks 
*** TURN *** [6d 4d 7c] [3h]
lukazs2: checks 
Supermegopro: bets $2.80
lukazs2: calls $2.80
*** RIVER *** [6d 4d 7c 3h] [9h]
lukazs2: checks 
Supermegopro: bets $7.35
lukazs2: calls $7.35
*** SHOW DOWN ***
Supermegopro: shows [Ac 5d] (a straight, Three to Seven)
lukazs2: mucks hand 
Supermegopro collected $24.98 from pot
*** SUMMARY ***
Total pot $26.30 | Rake $1.32 
Board [6d 4d 7c 3h 9h]
Seat 1: Supermegopro (button) showed [Ac 5d] and won ($24.98) with a straight, Three to Seven
Seat 2: lukazs2 (small blind) mucked
Seat 3: Espada Fish (big blind) folded before Flop
Seat 4: kuca86 folded before Flop (didn't bet)
Seat 5: BeauParleur folded before Flop (didn't bet)
Seat 6: tintin641 folded before Flop (didn't bet)



PokerStars Hand #254408665101:  Hold'em No Limit ($0.50/$1.00 USD) - 2025/01/16 1:10:30 WET [2025/01/16 20:10:30 ET]
Table 'Sumiana II' 6-max Seat #2 is the button
Seat 1: Supermegopro ($261.31 in chips) 
Seat 2: lukazs2 ($65.66 in chips) 
Seat 3: Espada Fish ($250.64 in chips) 
Seat 4: kuca86 ($100 in chips) 
Seat 5: BeauParleur ($114.50 in chips) 
Seat 6: tintin641 ($242.13 in chips) 
Espada Fish: posts small blind $0.50
kuca86: posts big blind $1
*** HOLE CARDS ***
BeauParleur: raises $1 to $2
tintin641: folds 
Supermegopro: folds 
lukazs2: raises $2 to $4
Espada Fish: folds 
kuca86: folds 
BeauParleur: calls $2
*** FLOP *** [7c 7d Kh]
BeauParleur: checks 
lukazs2: checks 
*** TURN *** [7c 7d Kh] [8d]
BeauParleur: checks 
lukazs2: bets $6.51
BeauParleur: folds 
Uncalled bet ($6.51) returned to lukazs2
lukazs2 collected $9.02 from pot
*** SUMMARY ***
Total pot $9.50 | Rake $0.48 
Board [7c 7d Kh 8d]
Seat 1: Supermegopro folded before Flop (didn't bet)
Seat 2: lukazs2 (button) collected ($9.02)
Seat 3: Espada Fish (small blind) folded before Flop
Seat 4: kuca86 (big blind) folded before Flop
Seat 5: BeauParleur folded on the Turn
Seat 6: tintin641 folded before Flop (didn't bet)



PokerStars Hand #254408674980:  Hold'em No Limit ($0.50/$1.00 USD) - 2025/01/16 1:11:25 WET [2025/01/16 20:11:25 ET]
Table 'Sumiana II' 6-max Seat #3 is the button
Seat 1: Supermegopro ($261.31 in chips) 
Seat 2: lukazs2 ($70.68 in chips) 
Seat 3: Espada Fish ($250.14 in chips) 
Seat 4: kuca86 ($100 in chips) 
Seat 5: BeauParleur ($110.50 in chips) 
Seat 6: tintin641 ($242.13 in chips) 
kuca86: posts small blind $0.50
BeauParleur: posts big blind $1
*** HOLE CARDS ***
tintin641: folds 
Supermegopro: folds 
lukazs2: calls $1
Espada Fish: folds 
kuca86: folds 
BeauParleur: checks 
*** FLOP *** [4d Js 4h]
BeauParleur: checks 
lukazs2: checks 
*** TURN *** [4d Js 4h] [2d]
BeauParleur: checks 
lukazs2: checks 
*** RIVER *** [4d Js 4h 2d] [Tc]
BeauParleur: bets $2.98
lukazs2: folds 
Uncalled bet ($2.98) returned to BeauParleur
BeauParleur collected $2.38 from pot
BeauParleur: doesn't show hand 
*** SUMMARY ***
Total pot $2.50 | Rake $0.12 
Board [4d Js 4h 2d Tc]
Seat 1: Supermegopro folded before Flop (didn't bet)
Seat 2: lukazs2 folded on the River
Seat 3: Espada Fish (button) folded before Flop (didn't bet)
Seat 4: kuca86 (small blind) folded before Flop
Seat 5: BeauParleur (big blind) collected ($2.38)
Seat 6: tintin641 folded before Flop (didn't bet)



PokerStars Hand #254408685033:  Hold'em No Limit ($0.50/$1.00 USD) - 2025/01/16 1:12:21 WET [2025/01/16 20:12:21 ET]
Table 'Sumiana II' 6-max Seat #4 is the button
Seat 6: tintin641 ($242.13 in chips) is sitting out
Seat 1: Supermegopro ($261.31 in chips) 
Seat 2: lukazs2 ($69.68 in chips) 
Seat 3: Espada Fish ($250.14 in chips) 
Seat 4: kuca86 ($100 in chips) 
Seat 5: BeauParleur ($111.88 in chips) 
BeauParleur: posts small blind $0.50
tintin641: is sitting out 
Supermegopro: posts big blind $1
*** HOLE CARDS ***
tintin641 leaves the table
lukazs2: raises $2 to $3
shootingGRID joins the table at seat #6 
Espada Fish: raises $5 to $8
kuca86: folds 
BeauParleur: folds 
Supermegopro: folds 
lukazs2: raises $17.50 to $25.50
Espada Fish: folds 
Uncalled bet ($17.50) returned to lukazs2
lukazs2 collected $17.50 from pot
*** SUMMARY ***
Total pot $17.50 | Rake $0 
Seat 6: tintin641
Seat 1: Supermegopro (big blind) folded before Flop
Seat 2: lukazs2 collected ($17.50)
Seat 3: Espada Fish folded before Flop
Seat 4: kuca86 (button) folded before Flop (didn't bet)
Seat 5: BeauParleur (small blind) folded before Flop



PokerStars Hand #254408691459:  Hold'em No Limit ($0.50/$1.00 USD) - 2025/01/16 1:12:57 WET [2025/01/16 20:12:57 ET]
Table 'Sumiana II' 6-max Seat #5 is the button
Seat 6: shootingGRID ($100 in chips) is sitting out
Seat 1: Supermegopro ($260.31 in chips) 
Seat 2: lukazs2 ($79.18 in chips) 
Seat 3: Espada Fish ($242.14 in chips) 
Seat 4: kuca86 ($100 in chips) 
Seat 5: BeauParleur ($111.38 in chips) 
Supermegopro: posts small blind $0.50
lukazs2: posts big blind $1
*** HOLE CARDS ***
Espada Fish: raises $1.20 to $2.20
kuca86: folds 
BeauParleur: folds 
Supermegopro: folds 
lukazs2: raises $8.90 to $11.10
Espada Fish: raises $231.04 to $242.14 and is all-in
lukazs2: calls $68.08 and is all-in
Uncalled bet ($162.96) returned to Espada Fish
*** FLOP *** [9d 2d 5d]
*** TURN *** [9d 2d 5d] [3c]
*** RIVER *** [9d 2d 5d 3c] [7s]
*** SHOW DOWN ***
lukazs2: shows [3h 3s] (three of a kind, Threes)
Espada Fish: shows [Jh Jc] (a pair of Jacks)
lukazs2 collected $156.36 from pot
Espada Fish cashed out the hand for $124.76 | Cash Out Fee $2.55
*** SUMMARY ***
Total pot $158.86 | Rake $2.50 
Board [9d 2d 5d 3c 7s]
Seat 6: shootingGRID
Seat 1: Supermegopro (small blind) folded before Flop
Seat 2: lukazs2 (big blind) showed [3h 3s] and won ($156.36) with three of a kind, Threes
Seat 3: Espada Fish showed [Jh Jc] and lost with a pair of Jacks (cashed out).
Seat 4: kuca86 folded before Flop (didn't bet)
Seat 5: BeauParleur (button) folded before Flop (didn't bet)



PokerStars Hand #254408697944:  Hold'em No Limit ($0.50/$1.00 USD) - 2025/01/16 1:13:34 WET [2025/01/16 20:13:34 ET]
Table 'Sumiana II' 6-max Seat #1 is the button
Seat 3: Espada Fish ($287.72 in chips) is sitting out
Seat 6: shootingGRID ($100 in chips) is sitting out
Seat 1: Supermegopro ($259.81 in chips) 
Seat 2: lukazs2 ($156.36 in chips) 
Seat 4: kuca86 ($100 in chips) 
Seat 5: BeauParleur ($111.38 in chips) 
lukazs2: posts small blind $0.50
Espada Fish: is sitting out 
kuca86: posts big blind $1
shootingGRID: sits out 
*** HOLE CARDS ***
BeauParleur: folds 
Supermegopro: folds 
lukazs2: calls $0.50
kuca86: raises $3.50 to $4.50
lukazs2: calls $3.50
*** FLOP *** [4c 6c Th]
lukazs2: checks 
Espada Fish leaves the table
kuca86: bets $5.99
lukazs2: calls $5.99
*** TURN *** [4c 6c Th] [Qh]
lukazs2: checks 
Xenicide joins the table at seat #3 
kuca86: bets $20.98
lukazs2: folds 
Uncalled bet ($20.98) returned to kuca86
kuca86 collected $19.98 from pot
kuca86: doesn't show hand 
*** SUMMARY ***
Total pot $20.98 | Rake $1 
Board [4c 6c Th Qh]
Seat 3: Espada Fish
Seat 6: shootingGRID
Seat 1: Supermegopro (button) folded before Flop (didn't bet)
Seat 2: lukazs2 (small blind) folded on the Turn
Seat 4: kuca86 (big blind) collected ($19.98)
Seat 5: BeauParleur folded before Flop (didn't bet)



PokerStars Hand #254408706425:  Hold'em No Limit ($0.50/$1.00 USD) - 2025/01/16 1:14:22 WET [2025/01/16 20:14:22 ET]
Table 'Sumiana II' 6-max Seat #2 is the button
Seat 3: Xenicide ($100 in chips) is sitting out
Seat 6: shootingGRID ($100 in chips) is sitting out
Seat 1: Supermegopro ($259.81 in chips) 
Seat 2: lukazs2 ($145.87 in chips) 
Seat 4: kuca86 ($109.49 in chips) 
Seat 5: BeauParleur ($111.38 in chips) 
kuca86: posts small blind $0.50
BeauParleur: posts big blind $1
shootingGRID: sits out 
*** HOLE CARDS ***
Supermegopro: folds 
lukazs2: raises $3 to $4
kuca86: raises $10 to $14
BeauParleur: folds 
lukazs2: calls $10
*** FLOP *** [Ts Qh 3d]
kuca86: bets $7
lukazs2: calls $7
*** TURN *** [Ts Qh 3d] [Kd]
kuca86: checks 
lukazs2: checks 
*** RIVER *** [Ts Qh 3d Kd] [6s]
kuca86: bets $88.49 and is all-in
lukazs2: calls $88.49
*** SHOW DOWN ***
kuca86: shows [7s 7c] (a pair of Sevens)
lukazs2: shows [6c 3c] (two pair, Sixes and Threes)
lukazs2 collected $218.98 from pot
*** SUMMARY ***
Total pot $219.98 | Rake $1 
Board [Ts Qh 3d Kd 6s]
Seat 3: Xenicide
Seat 6: shootingGRID
Seat 1: Supermegopro folded before Flop (didn't bet)
Seat 2: lukazs2 (button) showed [6c 3c] and won ($218.98) with two pair, Sixes and Threes
Seat 4: kuca86 (small blind) showed [7s 7c] and lost with a pair of Sevens
Seat 5: BeauParleur (big blind) folded before Flop



PokerStars Hand #254408718062:  Hold'em No Limit ($0.50/$1.00 USD) - 2025/01/16 1:15:27 WET [2025/01/16 20:15:27 ET]
Table 'Sumiana II' 6-max Seat #4 is the button
Seat 3: Xenicide ($100 in chips) is sitting out
Seat 1: Supermegopro ($259.81 in chips) 
Seat 2: lukazs2 ($255.36 in chips) 
Seat 4: kuca86 ($100 in chips) 
Seat 5: BeauParleur ($110.38 in chips) 
Seat 6: shootingGRID ($100 in chips) 
BeauParleur: posts small blind $0.50
shootingGRID: posts big blind $1
Xenicide: sits out 
*** HOLE CARDS ***
Supermegopro: folds 
lukazs2: raises $3 to $4
kuca86: folds 
BeauParleur: folds 
shootingGRID: folds 
Uncalled bet ($3) returned to lukazs2
lukazs2 collected $2.50 from pot
*** SUMMARY ***
Total pot $2.50 | Rake $0 
Seat 3: Xenicide
Seat 1: Supermegopro folded before Flop (didn't bet)
Seat 2: lukazs2 collected ($2.50)
Seat 4: kuca86 (button) folded before Flop (didn't bet)
Seat 5: BeauParleur (small blind) folded before Flop
Seat 6: shootingGRID (big blind) folded before Flop



PokerStars Hand #254408722426:  Hold'em No Limit ($0.50/$1.00 USD) - 2025/01/16 1:15:52 WET [2025/01/16 20:15:52 ET]
Table 'Sumiana II' 6-max Seat #5 is the button
Seat 3: Xenicide ($100 in chips) is sitting out
Seat 1: Supermegopro ($259.81 in chips) 
Seat 2: lukazs2 ($256.86 in chips) 
Seat 4: kuca86 ($100 in chips) 
Seat 5: BeauParleur ($109.88 in chips) 
Seat 6: shootingGRID ($100 in chips) 
shootingGRID: posts small blind $0.50
Supermegopro: posts big blind $1
Xenicide: sits out 
*** HOLE CARDS ***
lukazs2: folds 
kuca86: folds 
BeauParleur: raises $1.50 to $2.50
shootingGRID: folds 
Supermegopro: folds 
Uncalled bet ($1.50) returned to BeauParleur
BeauParleur collected $2.50 from pot
BeauParleur: doesn't show hand 
*** SUMMARY ***
Total pot $2.50 | Rake $0 
Seat 3: Xenicide
Seat 1: Supermegopro (big blind) folded before Flop
Seat 2: lukazs2 folded before Flop (didn't bet)
Seat 4: kuca86 folded before Flop (didn't bet)
Seat 5: BeauParleur (button) collected ($2.50)
Seat 6: shootingGRID (small blind) folded before Flop



PokerStars Hand #254408726394:  Hold'em No Limit ($0.50/$1.00 USD) - 2025/01/16 1:16:15 WET [2025/01/16 20:16:15 ET]
Table 'Sumiana II' 6-max Seat #6 is the button
Seat 3: Xenicide ($100 in chips) is sitting out
Seat 1: Supermegopro ($258.81 in chips) 
Seat 2: lukazs2 ($256.86 in chips) 
Seat 4: kuca86 ($100 in chips) 
Seat 5: BeauParleur ($111.38 in chips) 
Seat 6: shootingGRID ($100 in chips) 
Supermegopro: posts small blind $0.50
lukazs2: posts big blind $1
Xenicide: sits out 
*** HOLE CARDS ***
kuca86: raises $1.50 to $2.50
BeauParleur: folds 
shootingGRID: folds 
Supermegopro: folds 
lukazs2: calls $1.50
*** FLOP *** [7h 6s Ts]
lukazs2: checks 
kuca86: checks 
*** TURN *** [7h 6s Ts] [Kc]
lukazs2: checks 
kuca86: checks 
*** RIVER *** [7h 6s Ts Kc] [Qh]
lukazs2: bets $2.61
kuca86: folds 
Uncalled bet ($2.61) returned to lukazs2
lukazs2 collected $5.22 from pot
*** SUMMARY ***
Total pot $5.50 | Rake $0.28 
Board [7h 6s Ts Kc Qh]
Seat 3: Xenicide
Seat 1: Supermegopro (small blind) folded before Flop
Seat 2: lukazs2 (big blind) collected ($5.22)
Seat 4: kuca86 folded on the River
Seat 5: BeauParleur folded before Flop (didn't bet)
Seat 6: shootingGRID (button) folded before Flop (didn't bet)



PokerStars Hand #254408737580:  Hold'em No Limit ($0.50/$1.00 USD) - 2025/01/16 1:17:18 WET [2025/01/16 20:17:18 ET]
Table 'Sumiana II' 6-max Seat #1 is the button
Seat 1: Supermegopro ($258.31 in chips) 
Seat 2: lukazs2 ($259.58 in chips) 
Seat 3: Xenicide ($100 in chips) 
Seat 4: kuca86 ($100 in chips) 
Seat 5: BeauParleur ($111.38 in chips) 
Seat 6: shootingGRID ($100 in chips) 
lukazs2: posts small blind $0.50
Xenicide: posts big blind $1
*** HOLE CARDS ***
kuca86: raises $1.50 to $2.50
BeauParleur: folds 
shootingGRID: folds 
Supermegopro: folds 
lukazs2: calls $2
Xenicide: folds 
*** FLOP *** [2c 5h 7h]
lukazs2: checks 
kuca86: checks 
*** TURN *** [2c 5h 7h] [Jh]
lukazs2: bets $2.85
kuca86: calls $2.85
*** RIVER *** [2c 5h 7h Jh] [4s]
lukazs2: checks 
kuca86: checks 
*** SHOW DOWN ***
lukazs2: shows [Tc 6h] (high card Jack)
kuca86: shows [Kc Ah] (high card Ace)
kuca86 collected $11.12 from pot
*** SUMMARY ***
Total pot $11.70 | Rake $0.58 
Board [2c 5h 7h Jh 4s]
Seat 1: Supermegopro (button) folded before Flop (didn't bet)
Seat 2: lukazs2 (small blind) showed [Tc 6h] and lost with high card Jack
Seat 3: Xenicide (big blind) folded before Flop
Seat 4: kuca86 showed [Kc Ah] and won ($11.12) with high card Ace
Seat 5: BeauParleur folded before Flop (didn't bet)
Seat 6: shootingGRID folded before Flop (didn't bet)



PokerStars Hand #254408747083:  Hold'em No Limit ($0.50/$1.00 USD) - 2025/01/16 1:18:12 WET [2025/01/16 20:18:12 ET]
Table 'Sumiana II' 6-max Seat #2 is the button
Seat 1: Supermegopro ($258.31 in chips) 
Seat 2: lukazs2 ($254.23 in chips) 
Seat 3: Xenicide ($100 in chips) 
Seat 4: kuca86 ($105.77 in chips) 
Seat 5: BeauParleur ($111.38 in chips) 
Seat 6: shootingGRID ($100 in chips) 
Xenicide: posts small blind $0.50
kuca86: posts big blind $1
*** HOLE CARDS ***
BeauParleur: folds 
shootingGRID: folds 
Supermegopro: folds 
lukazs2: raises $3 to $4
Xenicide: folds 
kuca86: calls $3
*** FLOP *** [3c Ac Qd]
kuca86: checks 
lukazs2: bets $4.04
kuca86: calls $4.04
*** TURN *** [3c Ac Qd] [Tc]
kuca86: checks 
lukazs2: bets $4
kuca86: calls $4
*** RIVER *** [3c Ac Qd Tc] [Jh]
kuca86: checks 
lukazs2: bets $30
kuca86: calls $30
*** SHOW DOWN ***
lukazs2: shows [Jd Jc] (three of a kind, Jacks)
kuca86: mucks hand 
lukazs2 collected $82.08 from pot
*** SUMMARY ***
Total pot $84.58 | Rake $2.50 
Board [3c Ac Qd Tc Jh]
Seat 1: Supermegopro folded before Flop (didn't bet)
Seat 2: lukazs2 (button) showed [Jd Jc] and won ($82.08) with three of a kind, Jacks
Seat 3: Xenicide (small blind) folded before Flop
Seat 4: kuca86 (big blind) mucked
Seat 5: BeauParleur folded before Flop (didn't bet)
Seat 6: shootingGRID folded before Flop (didn't bet)



PokerStars Hand #254408765325:  Hold'em No Limit ($0.50/$1.00 USD) - 2025/01/16 1:19:57 WET [2025/01/16 20:19:57 ET]
Table 'Sumiana II' 6-max Seat #3 is the button
Seat 1: Supermegopro ($258.31 in chips) 
Seat 2: lukazs2 ($294.27 in chips) 
Seat 3: Xenicide ($100 in chips) 
Seat 4: kuca86 ($100 in chips) 
Seat 5: BeauParleur ($111.38 in chips) 
Seat 6: shootingGRID ($100 in chips) 
kuca86: posts small blind $0.50
BeauParleur: posts big blind $1
*** HOLE CARDS ***
shootingGRID: raises $1.25 to $2.25
Supermegopro: folds 
lukazs2: calls $2.25
Xenicide: folds 
kuca86: raises $10.75 to $13
BeauParleur: folds 
shootingGRID: folds 
lukazs2: folds 
Uncalled bet ($10.75) returned to kuca86
kuca86 collected $7.75 from pot
kuca86: doesn't show hand 
*** SUMMARY ***
Total pot $7.75 | Rake $0 
Seat 1: Supermegopro folded before Flop (didn't bet)
Seat 2: lukazs2 folded before Flop
Seat 3: Xenicide (button) folded before Flop (didn't bet)
Seat 4: kuca86 (small blind) collected ($7.75)
Seat 5: BeauParleur (big blind) folded before Flop
Seat 6: shootingGRID folded before Flop



PokerStars Hand #254408773168:  Hold'em No Limit ($0.50/$1.00 USD) - 2025/01/16 1:20:42 WET [2025/01/16 20:20:42 ET]
Table 'Sumiana II' 6-max Seat #4 is the button
Seat 1: Supermegopro ($258.31 in chips) 
Seat 2: lukazs2 ($292.02 in chips) 
Seat 3: Xenicide ($100 in chips) 
Seat 4: kuca86 ($105.50 in chips) 
Seat 5: BeauParleur ($110.38 in chips) 
Seat 6: shootingGRID ($100 in chips) 
BeauParleur: posts small blind $0.50
shootingGRID: posts big blind $1
*** HOLE CARDS ***
Supermegopro: folds 
lukazs2: raises $3 to $4
Xenicide: folds 
kuca86: folds 
BeauParleur: folds 
shootingGRID: folds 
Uncalled bet ($3) returned to lukazs2
lukazs2 collected $2.50 from pot
*** SUMMARY ***
Total pot $2.50 | Rake $0 
Seat 1: Supermegopro folded before Flop (didn't bet)
Seat 2: lukazs2 collected ($2.50)
Seat 3: Xenicide folded before Flop (didn't bet)
Seat 4: kuca86 (button) folded before Flop (didn't bet)
Seat 5: BeauParleur (small blind) folded before Flop
Seat 6: shootingGRID (big blind) folded before Flop



PokerStars Hand #254408777624:  Hold'em No Limit ($0.50/$1.00 USD) - 2025/01/16 1:21:08 WET [2025/01/16 20:21:08 ET]
Table 'Sumiana II' 6-max Seat #5 is the button
Seat 1: Supermegopro ($258.31 in chips) 
Seat 2: lukazs2 ($293.52 in chips) 
Seat 3: Xenicide ($100 in chips) 
Seat 4: kuca86 ($105.50 in chips) 
Seat 5: BeauParleur ($109.88 in chips) 
Seat 6: shootingGRID ($100 in chips) 
shootingGRID: posts small blind $0.50
Supermegopro: posts big blind $1
*** HOLE CARDS ***
lukazs2: folds 
Xenicide: raises $1 to $2
kuca86: folds 
BeauParleur: folds 
shootingGRID: folds 
Supermegopro: calls $1
*** FLOP *** [7s 8h Qh]
Supermegopro: checks 
Xenicide: bets $1.33
Supermegopro: folds 
Uncalled bet ($1.33) returned to Xenicide
Xenicide collected $4.28 from pot
*** SUMMARY ***
Total pot $4.50 | Rake $0.22 
Board [7s 8h Qh]
Seat 1: Supermegopro (big blind) folded on the Flop
Seat 2: lukazs2 folded before Flop (didn't bet)
Seat 3: Xenicide collected ($4.28)
Seat 4: kuca86 folded before Flop (didn't bet)
Seat 5: BeauParleur (button) folded before Flop (didn't bet)
Seat 6: shootingGRID (small blind) folded before Flop



PokerStars Hand #254408785747:  Hold'em No Limit ($0.50/$1.00 USD) - 2025/01/16 1:21:55 WET [2025/01/16 20:21:55 ET]
Table 'Sumiana II' 6-max Seat #6 is the button
Seat 1: Supermegopro ($256.31 in chips) 
Seat 2: lukazs2 ($293.52 in chips) 
Seat 3: Xenicide ($102.28 in chips) 
Seat 4: kuca86 ($105.50 in chips) 
Seat 5: BeauParleur ($109.88 in chips) 
Seat 6: shootingGRID ($100 in chips) 
Supermegopro: posts small blind $0.50
lukazs2: posts big blind $1
*** HOLE CARDS ***
Xenicide: folds 
kuca86: folds 
BeauParleur: raises $1.25 to $2.25
shootingGRID: folds 
Supermegopro: folds 
lukazs2: folds 
Uncalled bet ($1.25) returned to BeauParleur
BeauParleur collected $2.50 from pot
BeauParleur: doesn't show hand 
*** SUMMARY ***
Total pot $2.50 | Rake $0 
Seat 1: Supermegopro (small blind) folded before Flop
Seat 2: lukazs2 (big blind) folded before Flop
Seat 3: Xenicide folded before Flop (didn't bet)
Seat 4: kuca86 folded before Flop (didn't bet)
Seat 5: BeauParleur collected ($2.50)
Seat 6: shootingGRID (button) folded before Flop (didn't bet)



PokerStars Hand #254408788834:  Hold'em No Limit ($0.50/$1.00 USD) - 2025/01/16 1:22:13 WET [2025/01/16 20:22:13 ET]
Table 'Sumiana II' 6-max Seat #1 is the button
Seat 1: Supermegopro ($255.81 in chips) 
Seat 2: lukazs2 ($292.52 in chips) 
Seat 3: Xenicide ($102.28 in chips) 
Seat 4: kuca86 ($105.50 in chips) 
Seat 5: BeauParleur ($111.38 in chips) 
Seat 6: shootingGRID ($100 in chips) 
lukazs2: posts small blind $0.50
Xenicide: posts big blind $1
*** HOLE CARDS ***
kuca86: raises $1.50 to $2.50
BeauParleur: folds 
shootingGRID: folds 
Supermegopro: folds 
lukazs2: folds 
Xenicide: folds 
Uncalled bet ($1.50) returned to kuca86
kuca86 collected $2.50 from pot
kuca86: doesn't show hand 
*** SUMMARY ***
Total pot $2.50 | Rake $0 
Seat 1: Supermegopro (button) folded before Flop (didn't bet)
Seat 2: lukazs2 (small blind) folded before Flop
Seat 3: Xenicide (big blind) folded before Flop
Seat 4: kuca86 collected ($2.50)
Seat 5: BeauParleur folded before Flop (didn't bet)
Seat 6: shootingGRID folded before Flop (didn't bet)



PokerStars Hand #254408796501:  Hold'em No Limit ($0.50/$1.00 USD) - 2025/01/16 1:22:57 WET [2025/01/16 20:22:57 ET]
Table 'Sumiana II' 6-max Seat #2 is the button
Seat 1: Supermegopro ($255.81 in chips) 
Seat 2: lukazs2 ($292.02 in chips) 
Seat 3: Xenicide ($101.28 in chips) 
Seat 4: kuca86 ($107 in chips) 
Seat 5: BeauParleur ($111.38 in chips) 
Seat 6: shootingGRID ($100 in chips) 
Xenicide: posts small blind $0.50
kuca86: posts big blind $1
*** HOLE CARDS ***
BeauParleur: folds 
shootingGRID: folds 
Supermegopro: raises $1.50 to $2.50
lukazs2 has timed out
lukazs2: folds 
Xenicide: folds 
kuca86: folds 
Uncalled bet ($1.50) returned to Supermegopro
Supermegopro collected $2.50 from pot
Supermegopro: doesn't show hand 
*** SUMMARY ***
Total pot $2.50 | Rake $0 
Seat 1: Supermegopro collected ($2.50)
Seat 2: lukazs2 (button) folded before Flop (didn't bet)
Seat 3: Xenicide (small blind) folded before Flop
Seat 4: kuca86 (big blind) folded before Flop
Seat 5: BeauParleur folded before Flop (didn't bet)
Seat 6: shootingGRID folded before Flop (didn't bet)



PokerStars Hand #254408804959:  Hold'em No Limit ($0.50/$1.00 USD) - 2025/01/16 1:23:46 WET [2025/01/16 20:23:46 ET]
Table 'Sumiana II' 6-max Seat #3 is the button
Seat 1: Supermegopro ($257.31 in chips) 
Seat 2: lukazs2 ($292.02 in chips) 
Seat 3: Xenicide ($100.78 in chips) 
Seat 4: kuca86 ($106 in chips) 
Seat 5: BeauParleur ($111.38 in chips) 
Seat 6: shootingGRID ($100 in chips) 
kuca86: posts small blind $0.50
BeauParleur: posts big blind $1
*** HOLE CARDS ***
shootingGRID: raises $1.25 to $2.25
Supermegopro: folds 
lukazs2: folds 
Xenicide: folds 
kuca86: folds 
BeauParleur: calls $1.25
*** FLOP *** [7h Th Ks]
BeauParleur: checks 
shootingGRID: bets $2.38
BeauParleur: raises $4.76 to $7.14
shootingGRID: calls $4.76
*** TURN *** [7h Th Ks] [5c]
BeauParleur: checks 
shootingGRID: bets $12.59
BeauParleur: folds 
Uncalled bet ($12.59) returned to shootingGRID
shootingGRID collected $18.32 from pot
*** SUMMARY ***
Total pot $19.28 | Rake $0.96 
Board [7h Th Ks 5c]
Seat 1: Supermegopro folded before Flop (didn't bet)
Seat 2: lukazs2 folded before Flop (didn't bet)
Seat 3: Xenicide (button) folded before Flop (didn't bet)
Seat 4: kuca86 (small blind) folded before Flop
Seat 5: BeauParleur (big blind) folded on the Turn
Seat 6: shootingGRID collected ($18.32)



PokerStars Hand #254408821535:  Hold'em No Limit ($0.50/$1.00 USD) - 2025/01/16 1:25:21 WET [2025/01/16 20:25:21 ET]
Table 'Sumiana II' 6-max Seat #4 is the button
Seat 1: Supermegopro ($257.31 in chips) 
Seat 2: lukazs2 ($292.02 in chips) 
Seat 3: Xenicide ($100.78 in chips) 
Seat 4: kuca86 ($105.50 in chips) 
Seat 5: BeauParleur ($101.99 in chips) 
Seat 6: shootingGRID ($108.93 in chips) 
BeauParleur: posts small blind $0.50
shootingGRID: posts big blind $1
*** HOLE CARDS ***
Supermegopro: folds 
lukazs2: raises $1 to $2
Xenicide: folds 
kuca86: raises $4.40 to $6.40
BeauParleur: folds 
shootingGRID: folds 
lukazs2: calls $4.40
*** FLOP *** [6d 4s 5s]
lukazs2: checks 
kuca86: checks 
*** TURN *** [6d 4s 5s] [9d]
lukazs2: bets $6.79
kuca86: folds 
Uncalled bet ($6.79) returned to lukazs2
lukazs2 collected $13.58 from pot
*** SUMMARY ***
Total pot $14.30 | Rake $0.72 
Board [6d 4s 5s 9d]
Seat 1: Supermegopro folded before Flop (didn't bet)
Seat 2: lukazs2 collected ($13.58)
Seat 3: Xenicide folded before Flop (didn't bet)
Seat 4: kuca86 (button) folded on the Turn
Seat 5: BeauParleur (small blind) folded before Flop
Seat 6: shootingGRID (big blind) folded before Flop



PokerStars Hand #254408832837:  Hold'em No Limit ($0.50/$1.00 USD) - 2025/01/16 1:26:25 WET [2025/01/16 20:26:25 ET]
Table 'Sumiana II' 6-max Seat #5 is the button
Seat 1: Supermegopro ($257.31 in chips) 
Seat 2: lukazs2 ($299.20 in chips) 
Seat 3: Xenicide ($100.78 in chips) 
Seat 4: kuca86 ($100 in chips) 
Seat 5: BeauParleur ($101.49 in chips) 
Seat 6: shootingGRID ($107.93 in chips) 
shootingGRID: posts small blind $0.50
Supermegopro: posts big blind $1
*** HOLE CARDS ***
lukazs2: raises $3 to $4
Xenicide: raises $29.80 to $33.80
kuca86: folds 
BeauParleur: folds 
shootingGRID: folds 
Supermegopro: folds 
lukazs2: folds 
Uncalled bet ($29.80) returned to Xenicide
Xenicide collected $9.50 from pot
Xenicide: doesn't show hand 
*** SUMMARY ***
Total pot $9.50 | Rake $0 
Seat 1: Supermegopro (big blind) folded before Flop
Seat 2: lukazs2 folded before Flop
Seat 3: Xenicide collected ($9.50)
Seat 4: kuca86 folded before Flop (didn't bet)
Seat 5: BeauParleur (button) folded before Flop (didn't bet)
Seat 6: shootingGRID (small blind) folded before Flop



PokerStars Hand #254408841832:  Hold'em No Limit ($0.50/$1.00 USD) - 2025/01/16 1:27:15 WET [2025/01/16 20:27:15 ET]
Table 'Sumiana II' 6-max Seat #6 is the button
Seat 1: Supermegopro ($256.31 in chips) 
Seat 2: lukazs2 ($295.20 in chips) 
Seat 3: Xenicide ($106.28 in chips) 
Seat 4: kuca86 ($100 in chips) 
Seat 5: BeauParleur ($101.49 in chips) 
Seat 6: shootingGRID ($107.43 in chips) 
Supermegopro: posts small blind $0.50
lukazs2: posts big blind $1
*** HOLE CARDS ***
Xenicide: folds 
kuca86: raises $1.50 to $2.50
BeauParleur: folds 
shootingGRID: folds 
Supermegopro: folds 
lukazs2: calls $1.50
*** FLOP *** [7c 5h 3s]
lukazs2: checks 
kuca86: checks 
*** TURN *** [7c 5h 3s] [9d]
lukazs2: checks 
kuca86: checks 
*** RIVER *** [7c 5h 3s 9d] [8d]
lukazs2: checks 
kuca86: checks 
*** SHOW DOWN ***
lukazs2: shows [Ah Tc] (high card Ace)
kuca86: shows [Kd As] (high card Ace - King kicker)
kuca86 collected $5.22 from pot
*** SUMMARY ***
Total pot $5.50 | Rake $0.28 
Board [7c 5h 3s 9d 8d]
Seat 1: Supermegopro (small blind) folded before Flop
Seat 2: lukazs2 (big blind) showed [Ah Tc] and lost with high card Ace
Seat 3: Xenicide folded before Flop (didn't bet)
Seat 4: kuca86 showed [Kd As] and won ($5.22) with high card Ace
Seat 5: BeauParleur folded before Flop (didn't bet)
Seat 6: shootingGRID (button) folded before Flop (didn't bet)



PokerStars Hand #254408890883:  Hold'em No Limit ($0.50/$1.00 USD) - 2025/01/16 1:31:53 WET [2025/01/16 20:31:53 ET]
Table 'Sumiana II' 6-max Seat #5 is the button
Seat 1: Supermegopro ($245.81 in chips) 
Seat 2: lukazs2 ($291.31 in chips) 
Seat 3: Xenicide ($104.78 in chips) 
Seat 4: kuca86 ($116.05 in chips) 
Seat 5: BeauParleur ($100 in chips) 
Seat 6: shootingGRID ($106.43 in chips) 
shootingGRID: posts small blind $0.50
Supermegopro: posts big blind $1
*** HOLE CARDS ***
lukazs2: folds 
Xenicide: folds 
kuca86: folds 
lukazs2 leaves the table
BeauParleur: folds 
kuca86 leaves the table
shootingGRID: raises $2 to $3
Supermegopro: folds 
Uncalled bet ($2) returned to shootingGRID
shootingGRID collected $2 from pot
*** SUMMARY ***
Total pot $2 | Rake $0 
Seat 1: Supermegopro (big blind) folded before Flop
Seat 2: lukazs2 folded before Flop (didn't bet)
Seat 3: Xenicide folded before Flop (didn't bet)
Seat 4: kuca86 folded before Flop (didn't bet)
Seat 5: BeauParleur (button) folded before Flop (didn't bet)
Seat 6: shootingGRID (small blind) collected ($2)



PokerStars Hand #254408895726:  Hold'em No Limit ($0.50/$1.00 USD) - 2025/01/16 1:32:21 WET [2025/01/16 20:32:21 ET]
Table 'Sumiana II' 6-max Seat #6 is the button
Seat 1: Supermegopro ($244.81 in chips) 
Seat 3: Xenicide ($104.78 in chips) 
Seat 5: BeauParleur ($100 in chips) 
Seat 6: shootingGRID ($107.43 in chips) 
Supermegopro: posts small blind $0.50
Xenicide: posts big blind $1
*** HOLE CARDS ***
BeauParleur: raises $1.25 to $2.25
shootingGRID: folds 
Supermegopro: folds 
Xenicide: folds 
Uncalled bet ($1.25) returned to BeauParleur
BeauParleur collected $2.50 from pot
BeauParleur: doesn't show hand 
*** SUMMARY ***
Total pot $2.50 | Rake $0 
Seat 1: Supermegopro (small blind) folded before Flop
Seat 3: Xenicide (big blind) folded before Flop
Seat 5: BeauParleur collected ($2.50)
Seat 6: shootingGRID (button) folded before Flop (didn't bet)



PokerStars Hand #254408900728:  Hold'em No Limit ($0.50/$1.00 USD) - 2025/01/16 1:32:49 WET [2025/01/16 20:32:49 ET]
Table 'Sumiana II' 6-max Seat #1 is the button
Seat 1: Supermegopro ($244.31 in chips) 
Seat 3: Xenicide ($103.78 in chips) 
Seat 5: BeauParleur ($101.50 in chips) 
Seat 6: shootingGRID ($107.43 in chips) 
Xenicide: posts small blind $0.50
BeauParleur: posts big blind $1
*** HOLE CARDS ***
shootingGRID: folds 
Supermegopro: folds 
Xenicide: raises $2.50 to $3.50
BeauParleur: calls $2.50
*** FLOP *** [Kd 8s Qc]
Xenicide: checks 
BeauParleur: checks 
*** TURN *** [Kd 8s Qc] [9h]
Xenicide: checks 
BeauParleur: checks 
*** RIVER *** [Kd 8s Qc 9h] [Js]
Xenicide: bets $2.06
BeauParleur: folds 
Uncalled bet ($2.06) returned to Xenicide
Xenicide collected $6.65 from pot
*** SUMMARY ***
Total pot $7 | Rake $0.35 
Board [Kd 8s Qc 9h Js]
Seat 1: Supermegopro (button) folded before Flop (didn't bet)
Seat 3: Xenicide (small blind) collected ($6.65)
Seat 5: BeauParleur (big blind) folded on the River
Seat 6: shootingGRID folded before Flop (didn't bet)



PokerStars Hand #254408917094:  Hold'em No Limit ($0.50/$1.00 USD) - 2025/01/16 1:34:22 WET [2025/01/16 20:34:22 ET]
Table 'Sumiana II' 6-max Seat #3 is the button
Seat 1: Supermegopro ($244.31 in chips) 
Seat 3: Xenicide ($106.93 in chips) 
Seat 5: BeauParleur ($100 in chips) 
Seat 6: shootingGRID ($107.43 in chips) 
BeauParleur: posts small blind $0.50
shootingGRID: posts big blind $1
*** HOLE CARDS ***
Supermegopro: raises $1.50 to $2.50
Xenicide: raises $4.50 to $7
BeauParleur: folds 
shootingGRID: folds 
Supermegopro: folds 
Uncalled bet ($4.50) returned to Xenicide
Xenicide collected $6.50 from pot
*** SUMMARY ***
Total pot $6.50 | Rake $0 
Seat 1: Supermegopro folded before Flop
Seat 3: Xenicide (button) collected ($6.50)
Seat 5: BeauParleur (small blind) folded before Flop
Seat 6: shootingGRID (big blind) folded before Flop



PokerStars Hand #254408921248:  Hold'em No Limit ($0.50/$1.00 USD) - 2025/01/16 1:34:45 WET [2025/01/16 20:34:45 ET]
Table 'Sumiana II' 6-max Seat #6 is the button
Seat 1: Supermegopro ($241.81 in chips) is sitting out
Seat 3: Xenicide ($110.93 in chips) is sitting out
Seat 5: BeauParleur ($100 in chips) 
Seat 6: shootingGRID ($106.43 in chips) 
shootingGRID: posts small blind $0.50
Supermegopro: is sitting out 
Xenicide: is sitting out 
BeauParleur: posts big blind $1
*** HOLE CARDS ***
Xenicide leaves the table
shootingGRID: folds 
Uncalled bet ($0.50) returned to BeauParleur
Supermegopro leaves the table
BeauParleur collected $1 from pot
BeauParleur: doesn't show hand 
*** SUMMARY ***
Total pot $1 | Rake $0 
Seat 1: Supermegopro
Seat 3: Xenicide
Seat 5: BeauParleur (big blind) collected ($1)
Seat 6: shootingGRID (button) (small blind) folded before Flop



PokerStars Hand #254408922463:  Hold'em No Limit ($0.50/$1.00 USD) - 2025/01/16 1:34:52 WET [2025/01/16 20:34:52 ET]
Table 'Sumiana II' 6-max Seat #5 is the button
Seat 5: BeauParleur ($100.50 in chips) 
Seat 6: shootingGRID ($105.93 in chips) 
BeauParleur: posts small blind $0.50
shootingGRID: posts big blind $1
*** HOLE CARDS ***
BeauParleur: raises $1 to $2
shootingGRID: folds 
Uncalled bet ($1) returned to BeauParleur
BeauParleur collected $2 from pot
BeauParleur: doesn't show hand 
*** SUMMARY ***
Total pot $2 | Rake $0 
Seat 5: BeauParleur (button) (small blind) collected ($2)
Seat 6: shootingGRID (big blind) folded before Flop



