PokerStars Hand #254399360783:  Hold'em No Limit ($0.50/$1.00 USD) - 2025/01/16 16:22:21 WET [2025/01/16 11:22:21 ET]
Table 'Chilton III' 6-max Seat #5 is the button
Seat 2: Aescul@pius ($100 in chips) 
Seat 5: janarr5 ($104.89 in chips) 
janarr5: posts small blind $0.50
Aescul@pius: posts big blind $1
*** HOLE CARDS ***
janarr5: folds 
Uncalled bet ($0.50) returned to Aescul@pius
Aescul@pius collected $1 from pot
Aescul@pius: doesn't show hand 
*** SUMMARY ***
Total pot $1 | Rake $0 
Seat 2: Aescul@pius (big blind) collected ($1)
Seat 5: janarr5 (button) (small blind) folded before Flop



PokerStars Hand #254399362167:  Hold'em No Limit ($0.50/$1.00 USD) - 2025/01/16 16:22:27 WET [2025/01/16 11:22:27 ET]
Table 'Chilton III' 6-max Seat #2 is the button
Seat 2: Aescul@pius ($100.50 in chips) 
Seat 5: janarr5 ($104.39 in chips) 
Aescul@pius: posts small blind $0.50
janarr5: posts big blind $1
*** HOLE CARDS ***
Aescul@pius: raises $1.50 to $2.50
janarr5: raises $7.50 to $10
Aescul@pius: calls $7.50
*** FLOP *** [Kh Kc Qs]
janarr5: bets $6.27
Aescul@pius: calls $6.27
*** TURN *** [Kh Kc Qs] [Ah]
janarr5: checks 
Aescul@pius: checks 
*** RIVER *** [Kh Kc Qs Ah] [6d]
janarr5: checks 
Aescul@pius: bets $10.41
janarr5: folds 
Uncalled bet ($10.41) returned to Aescul@pius
Aescul@pius collected $31.54 from pot
Aescul@pius: doesn't show hand 
*** SUMMARY ***
Total pot $32.54 | Rake $1 
Board [Kh Kc Qs Ah 6d]
Seat 2: Aescul@pius (button) (small blind) collected ($31.54)
Seat 5: janarr5 (big blind) folded on the River



PokerStars Hand #254399380064:  Hold'em No Limit ($0.50/$1.00 USD) - 2025/01/16 16:23:47 WET [2025/01/16 11:23:47 ET]
Table 'Chilton III' 6-max Seat #5 is the button
Seat 2: Aescul@pius ($115.77 in chips) 
Seat 5: janarr5 ($100 in chips) 
janarr5: posts small blind $0.50
Aescul@pius: posts big blind $1
*** HOLE CARDS ***
janarr5: folds 
Uncalled bet ($0.50) returned to Aescul@pius
Aescul@pius collected $1 from pot
Aescul@pius: doesn't show hand 
*** SUMMARY ***
Total pot $1 | Rake $0 
Seat 2: Aescul@pius (big blind) collected ($1)
Seat 5: janarr5 (button) (small blind) folded before Flop



PokerStars Hand #254399381402:  Hold'em No Limit ($0.50/$1.00 USD) - 2025/01/16 16:23:52 WET [2025/01/16 11:23:52 ET]
Table 'Chilton III' 6-max Seat #2 is the button
Seat 2: Aescul@pius ($116.27 in chips) 
Seat 5: janarr5 ($100 in chips) 
Aescul@pius: posts small blind $0.50
janarr5: posts big blind $1
*** HOLE CARDS ***
Aescul@pius: raises $1.50 to $2.50
janarr5: calls $1.50
*** FLOP *** [Ac 8h 5c]
janarr5: checks 
Aescul@pius: checks 
*** TURN *** [Ac 8h 5c] [9s]
janarr5: checks 
Aescul@pius: checks 
*** RIVER *** [Ac 8h 5c 9s] [Jd]
janarr5: checks 
Aescul@pius: bets $1.57
janarr5: calls $1.57
*** SHOW DOWN ***
Aescul@pius: shows [Qh 4d] (high card Ace)
janarr5: shows [Tc 9d] (a pair of Nines)
janarr5 collected $7.73 from pot
*** SUMMARY ***
Total pot $8.14 | Rake $0.41 
Board [Ac 8h 5c 9s Jd]
Seat 2: Aescul@pius (button) (small blind) showed [Qh 4d] and lost with high card Ace
Seat 5: janarr5 (big blind) showed [Tc 9d] and won ($7.73) with a pair of Nines



PokerStars Hand #254399392221:  Hold'em No Limit ($0.50/$1.00 USD) - 2025/01/16 16:24:41 WET [2025/01/16 11:24:41 ET]
Table 'Chilton III' 6-max Seat #5 is the button
Seat 2: Aescul@pius ($112.20 in chips) 
Seat 5: janarr5 ($103.66 in chips) 
janarr5: posts small blind $0.50
Aescul@pius: posts big blind $1
*** HOLE CARDS ***
janarr5: raises $1.50 to $2.50
Aescul@pius: raises $8.50 to $11
janarr5: folds 
Uncalled bet ($8.50) returned to Aescul@pius
Aescul@pius collected $5 from pot
Aescul@pius: doesn't show hand 
*** SUMMARY ***
Total pot $5 | Rake $0 
Seat 2: Aescul@pius (big blind) collected ($5)
Seat 5: janarr5 (button) (small blind) folded before Flop



PokerStars Hand #254399395930:  Hold'em No Limit ($0.50/$1.00 USD) - 2025/01/16 16:24:58 WET [2025/01/16 11:24:58 ET]
Table 'Chilton III' 6-max Seat #2 is the button
Seat 2: Aescul@pius ($114.70 in chips) 
Seat 5: janarr5 ($101.16 in chips) 
Aescul@pius: posts small blind $0.50
janarr5: posts big blind $1
*** HOLE CARDS ***
Aescul@pius: folds 
Uncalled bet ($0.50) returned to janarr5
janarr5 collected $1 from pot
janarr5: doesn't show hand 
*** SUMMARY ***
Total pot $1 | Rake $0 
Seat 2: Aescul@pius (button) (small blind) folded before Flop
Seat 5: janarr5 (big blind) collected ($1)



PokerStars Hand #254399398116:  Hold'em No Limit ($0.50/$1.00 USD) - 2025/01/16 16:25:07 WET [2025/01/16 11:25:07 ET]
Table 'Chilton III' 6-max Seat #5 is the button
Seat 2: Aescul@pius ($114.20 in chips) 
Seat 5: janarr5 ($101.66 in chips) 
janarr5: posts small blind $0.50
Aescul@pius: posts big blind $1
*** HOLE CARDS ***
janarr5: raises $1.50 to $2.50
Aescul@pius: calls $1.50
*** FLOP *** [9s 5d 7s]
Aescul@pius: checks 
janarr5: checks 
*** TURN *** [9s 5d 7s] [Js]
Aescul@pius: checks 
janarr5: bets $3.14
Aescul@pius: folds 
Uncalled bet ($3.14) returned to janarr5
janarr5 collected $4.75 from pot
janarr5: doesn't show hand 
*** SUMMARY ***
Total pot $5 | Rake $0.25 
Board [9s 5d 7s Js]
Seat 2: Aescul@pius (big blind) folded on the Turn
Seat 5: janarr5 (button) (small blind) collected ($4.75)



PokerStars Hand #254399405953:  Hold'em No Limit ($0.50/$1.00 USD) - 2025/01/16 16:25:42 WET [2025/01/16 11:25:42 ET]
Table 'Chilton III' 6-max Seat #2 is the button
Seat 2: Aescul@pius ($111.70 in chips) 
Seat 5: janarr5 ($103.91 in chips) 
Aescul@pius: posts small blind $0.50
janarr5: posts big blind $1
*** HOLE CARDS ***
Aescul@pius: raises $1.50 to $2.50
janarr5: folds 
Uncalled bet ($1.50) returned to Aescul@pius
Aescul@pius collected $2 from pot
Aescul@pius: doesn't show hand 
*** SUMMARY ***
Total pot $2 | Rake $0 
Seat 2: Aescul@pius (button) (small blind) collected ($2)
Seat 5: janarr5 (big blind) folded before Flop



PokerStars Hand #254399407998:  Hold'em No Limit ($0.50/$1.00 USD) - 2025/01/16 16:25:51 WET [2025/01/16 11:25:51 ET]
Table 'Chilton III' 6-max Seat #5 is the button
Seat 2: Aescul@pius ($112.70 in chips) 
Seat 5: janarr5 ($102.91 in chips) 
janarr5: posts small blind $0.50
Aescul@pius: posts big blind $1
*** HOLE CARDS ***
janarr5: folds 
Uncalled bet ($0.50) returned to Aescul@pius
Aescul@pius collected $1 from pot
Aescul@pius: doesn't show hand 
*** SUMMARY ***
Total pot $1 | Rake $0 
Seat 2: Aescul@pius (big blind) collected ($1)
Seat 5: janarr5 (button) (small blind) folded before Flop



PokerStars Hand #254399409832:  Hold'em No Limit ($0.50/$1.00 USD) - 2025/01/16 16:25:59 WET [2025/01/16 11:25:59 ET]
Table 'Chilton III' 6-max Seat #2 is the button
Seat 2: Aescul@pius ($113.20 in chips) 
Seat 5: janarr5 ($102.41 in chips) 
Aescul@pius: posts small blind $0.50
janarr5: posts big blind $1
*** HOLE CARDS ***
Aescul@pius: raises $1.50 to $2.50
janarr5: calls $1.50
*** FLOP *** [Td 8h Th]
janarr5: checks 
Aescul@pius: checks 
*** TURN *** [Td 8h Th] [6d]
janarr5: checks 
Aescul@pius: bets $1.57
janarr5: calls $1.57
*** RIVER *** [Td 8h Th 6d] [Kd]
janarr5: checks 
Aescul@pius: checks 
*** SHOW DOWN ***
janarr5: shows [Ac 3d] (a pair of Tens)
Aescul@pius: shows [As 6h] (two pair, Tens and Sixes)
Aescul@pius collected $7.73 from pot
*** SUMMARY ***
Total pot $8.14 | Rake $0.41 
Board [Td 8h Th 6d Kd]
Seat 2: Aescul@pius (button) (small blind) showed [As 6h] and won ($7.73) with two pair, Tens and Sixes
Seat 5: janarr5 (big blind) showed [Ac 3d] and lost with a pair of Tens



PokerStars Hand #254399422540:  Hold'em No Limit ($0.50/$1.00 USD) - 2025/01/16 16:26:56 WET [2025/01/16 11:26:56 ET]
Table 'Chilton III' 6-max Seat #5 is the button
Seat 2: Aescul@pius ($116.86 in chips) 
Seat 5: janarr5 ($100 in chips) 
janarr5: posts small blind $0.50
Aescul@pius: posts big blind $1
*** HOLE CARDS ***
janarr5: raises $1.50 to $2.50
Aescul@pius: raises $8.50 to $11
janarr5: folds 
Uncalled bet ($8.50) returned to Aescul@pius
Aescul@pius collected $5 from pot
Aescul@pius: doesn't show hand 
*** SUMMARY ***
Total pot $5 | Rake $0 
Seat 2: Aescul@pius (big blind) collected ($5)
Seat 5: janarr5 (button) (small blind) folded before Flop



PokerStars Hand #254399424842:  Hold'em No Limit ($0.50/$1.00 USD) - 2025/01/16 16:27:06 WET [2025/01/16 11:27:06 ET]
Table 'Chilton III' 6-max Seat #2 is the button
Seat 2: Aescul@pius ($119.36 in chips) 
Seat 5: janarr5 ($100 in chips) 
Aescul@pius: posts small blind $0.50
janarr5: posts big blind $1
*** HOLE CARDS ***
Aescul@pius: raises $1.50 to $2.50
janarr5: folds 
Uncalled bet ($1.50) returned to Aescul@pius
Aescul@pius collected $2 from pot
Aescul@pius: doesn't show hand 
*** SUMMARY ***
Total pot $2 | Rake $0 
Seat 2: Aescul@pius (button) (small blind) collected ($2)
Seat 5: janarr5 (big blind) folded before Flop



PokerStars Hand #254399427065:  Hold'em No Limit ($0.50/$1.00 USD) - 2025/01/16 16:27:16 WET [2025/01/16 11:27:16 ET]
Table 'Chilton III' 6-max Seat #5 is the button
Seat 2: Aescul@pius ($120.36 in chips) 
Seat 5: janarr5 ($100 in chips) 
janarr5: posts small blind $0.50
Aescul@pius: posts big blind $1
*** HOLE CARDS ***
janarr5: raises $1.50 to $2.50
Aescul@pius: raises $8.50 to $11
janarr5: folds 
Uncalled bet ($8.50) returned to Aescul@pius
Aescul@pius collected $5 from pot
Aescul@pius: doesn't show hand 
*** SUMMARY ***
Total pot $5 | Rake $0 
Seat 2: Aescul@pius (big blind) collected ($5)
Seat 5: janarr5 (button) (small blind) folded before Flop



PokerStars Hand #254399430823:  Hold'em No Limit ($0.50/$1.00 USD) - 2025/01/16 16:27:32 WET [2025/01/16 11:27:32 ET]
Table 'Chilton III' 6-max Seat #2 is the button
Seat 2: Aescul@pius ($122.86 in chips) 
Seat 5: janarr5 ($100 in chips) 
Aescul@pius: posts small blind $0.50
janarr5: posts big blind $1
*** HOLE CARDS ***
Aescul@pius: folds 
Uncalled bet ($0.50) returned to janarr5
janarr5 collected $1 from pot
janarr5: doesn't show hand 
*** SUMMARY ***
Total pot $1 | Rake $0 
Seat 2: Aescul@pius (button) (small blind) folded before Flop
Seat 5: janarr5 (big blind) collected ($1)



PokerStars Hand #254399432246:  Hold'em No Limit ($0.50/$1.00 USD) - 2025/01/16 16:27:39 WET [2025/01/16 11:27:39 ET]
Table 'Chilton III' 6-max Seat #5 is the button
Seat 2: Aescul@pius ($122.36 in chips) 
Seat 5: janarr5 ($100.50 in chips) 
janarr5: posts small blind $0.50
Aescul@pius: posts big blind $1
*** HOLE CARDS ***
janarr5: raises $1.50 to $2.50
Aescul@pius: folds 
Uncalled bet ($1.50) returned to janarr5
janarr5 collected $2 from pot
janarr5: doesn't show hand 
*** SUMMARY ***
Total pot $2 | Rake $0 
Seat 2: Aescul@pius (big blind) folded before Flop
Seat 5: janarr5 (button) (small blind) collected ($2)



PokerStars Hand #254399434049:  Hold'em No Limit ($0.50/$1.00 USD) - 2025/01/16 16:27:47 WET [2025/01/16 11:27:47 ET]
Table 'Chilton III' 6-max Seat #2 is the button
Seat 2: Aescul@pius ($121.36 in chips) 
Seat 5: janarr5 ($101.50 in chips) 
Aescul@pius: posts small blind $0.50
janarr5: posts big blind $1
*** HOLE CARDS ***
Aescul@pius: raises $1.50 to $2.50
janarr5: folds 
Uncalled bet ($1.50) returned to Aescul@pius
Aescul@pius collected $2 from pot
Aescul@pius: doesn't show hand 
*** SUMMARY ***
Total pot $2 | Rake $0 
Seat 2: Aescul@pius (button) (small blind) collected ($2)
Seat 5: janarr5 (big blind) folded before Flop



PokerStars Hand #254399436039:  Hold'em No Limit ($0.50/$1.00 USD) - 2025/01/16 16:27:56 WET [2025/01/16 11:27:56 ET]
Table 'Chilton III' 6-max Seat #5 is the button
Seat 2: Aescul@pius ($122.36 in chips) 
Seat 5: janarr5 ($100.50 in chips) 
janarr5: posts small blind $0.50
Aescul@pius: posts big blind $1
*** HOLE CARDS ***
janarr5: raises $1.50 to $2.50
Aescul@pius: calls $1.50
*** FLOP *** [Qh 6s Qc]
Aescul@pius: checks 
janarr5: bets $1.57
Aescul@pius: folds 
Uncalled bet ($1.57) returned to janarr5
janarr5 collected $4.75 from pot
janarr5: doesn't show hand 
*** SUMMARY ***
Total pot $5 | Rake $0.25 
Board [Qh 6s Qc]
Seat 2: Aescul@pius (big blind) folded on the Flop
Seat 5: janarr5 (button) (small blind) collected ($4.75)



PokerStars Hand #254399445925:  Hold'em No Limit ($0.50/$1.00 USD) - 2025/01/16 16:28:39 WET [2025/01/16 11:28:39 ET]
Table 'Chilton III' 6-max Seat #2 is the button
Seat 2: Aescul@pius ($119.86 in chips) 
Seat 5: janarr5 ($102.75 in chips) 
Aescul@pius: posts small blind $0.50
janarr5: posts big blind $1
*** HOLE CARDS ***
Aescul@pius: raises $1.50 to $2.50
janarr5: raises $7.50 to $10
Aescul@pius: folds 
Uncalled bet ($7.50) returned to janarr5
janarr5 collected $5 from pot
janarr5: doesn't show hand 
*** SUMMARY ***
Total pot $5 | Rake $0 
Seat 2: Aescul@pius (button) (small blind) folded before Flop
Seat 5: janarr5 (big blind) collected ($5)



PokerStars Hand #254399449115:  Hold'em No Limit ($0.50/$1.00 USD) - 2025/01/16 16:28:53 WET [2025/01/16 11:28:53 ET]
Table 'Chilton III' 6-max Seat #5 is the button
Seat 2: Aescul@pius ($117.36 in chips) 
Seat 5: janarr5 ($105.25 in chips) 
janarr5: posts small blind $0.50
Aescul@pius: posts big blind $1
*** HOLE CARDS ***
janarr5: raises $1.50 to $2.50
Aescul@pius: calls $1.50
*** FLOP *** [9s 5d 8h]
Aescul@pius: checks 
janarr5: checks 
*** TURN *** [9s 5d 8h] [5c]
Aescul@pius: checks 
janarr5: checks 
*** RIVER *** [9s 5d 8h 5c] [Td]
Aescul@pius: bets $1.57
janarr5: calls $1.57
*** SHOW DOWN ***
Aescul@pius: shows [7h Ts] (two pair, Tens and Fives)
janarr5: mucks hand 
Aescul@pius collected $7.73 from pot
*** SUMMARY ***
Total pot $8.14 | Rake $0.41 
Board [9s 5d 8h 5c Td]
Seat 2: Aescul@pius (big blind) showed [7h Ts] and won ($7.73) with two pair, Tens and Fives
Seat 5: janarr5 (button) (small blind) mucked



PokerStars Hand #254399458223:  Hold'em No Limit ($0.50/$1.00 USD) - 2025/01/16 16:29:33 WET [2025/01/16 11:29:33 ET]
Table 'Chilton III' 6-max Seat #2 is the button
Seat 2: Aescul@pius ($121.02 in chips) 
Seat 5: janarr5 ($101.18 in chips) 
Aescul@pius: posts small blind $0.50
janarr5: posts big blind $1
*** HOLE CARDS ***
Aescul@pius: raises $1.50 to $2.50
janarr5: raises $7.50 to $10
Aescul@pius: raises $12 to $22
janarr5: raises $79.18 to $101.18 and is all-in
Aescul@pius: folds 
Uncalled bet ($79.18) returned to janarr5
janarr5 collected $44 from pot
janarr5: doesn't show hand 
*** SUMMARY ***
Total pot $44 | Rake $0 
Seat 2: Aescul@pius (button) (small blind) folded before Flop
Seat 5: janarr5 (big blind) collected ($44)



PokerStars Hand #254399466417:  Hold'em No Limit ($0.50/$1.00 USD) - 2025/01/16 16:30:08 WET [2025/01/16 11:30:08 ET]
Table 'Chilton III' 6-max Seat #5 is the button
Seat 2: Aescul@pius ($100 in chips) 
Seat 5: janarr5 ($123.18 in chips) 
janarr5: posts small blind $0.50
Aescul@pius: posts big blind $1
*** HOLE CARDS ***
janarr5: raises $1.50 to $2.50
Aescul@pius: calls $1.50
*** FLOP *** [8c Jc Ts]
Aescul@pius: checks 
janarr5: checks 
*** TURN *** [8c Jc Ts] [Jh]
Aescul@pius: bets $1.57
janarr5: calls $1.57
*** RIVER *** [8c Jc Ts Jh] [2s]
Aescul@pius: checks 
janarr5: bets $5.10
Aescul@pius: calls $5.10
*** SHOW DOWN ***
janarr5: shows [Kh 8h] (two pair, Jacks and Eights)
Aescul@pius: shows [5c Tc] (two pair, Jacks and Tens)
Aescul@pius collected $17.42 from pot
*** SUMMARY ***
Total pot $18.34 | Rake $0.92 
Board [8c Jc Ts Jh 2s]
Seat 2: Aescul@pius (big blind) showed [5c Tc] and won ($17.42) with two pair, Jacks and Tens
Seat 5: janarr5 (button) (small blind) showed [Kh 8h] and lost with two pair, Jacks and Eights



PokerStars Hand #254399477534:  Hold'em No Limit ($0.50/$1.00 USD) - 2025/01/16 16:30:57 WET [2025/01/16 11:30:57 ET]
Table 'Chilton III' 6-max Seat #2 is the button
Seat 2: Aescul@pius ($108.25 in chips) 
Seat 5: janarr5 ($114.01 in chips) 
Aescul@pius: posts small blind $0.50
janarr5: posts big blind $1
*** HOLE CARDS ***
Aescul@pius: raises $1.50 to $2.50
janarr5: folds 
Uncalled bet ($1.50) returned to Aescul@pius
Aescul@pius collected $2 from pot
Aescul@pius: doesn't show hand 
*** SUMMARY ***
Total pot $2 | Rake $0 
Seat 2: Aescul@pius (button) (small blind) collected ($2)
Seat 5: janarr5 (big blind) folded before Flop



PokerStars Hand #254399479663:  Hold'em No Limit ($0.50/$1.00 USD) - 2025/01/16 16:31:06 WET [2025/01/16 11:31:06 ET]
Table 'Chilton III' 6-max Seat #5 is the button
Seat 2: Aescul@pius ($109.25 in chips) 
Seat 5: janarr5 ($113.01 in chips) 
janarr5: posts small blind $0.50
Aescul@pius: posts big blind $1
*** HOLE CARDS ***
janarr5: raises $1.50 to $2.50
Aescul@pius: raises $8.50 to $11
janarr5: calls $8.50
*** FLOP *** [Ks 6s 3c]
Aescul@pius: bets $6.93
janarr5: folds 
Uncalled bet ($6.93) returned to Aescul@pius
Aescul@pius collected $21 from pot
Aescul@pius: doesn't show hand 
*** SUMMARY ***
Total pot $22 | Rake $1 
Board [Ks 6s 3c]
Seat 2: Aescul@pius (big blind) collected ($21)
Seat 5: janarr5 (button) (small blind) folded on the Flop



PokerStars Hand #254399487686:  Hold'em No Limit ($0.50/$1.00 USD) - 2025/01/16 16:31:41 WET [2025/01/16 11:31:41 ET]
Table 'Chilton III' 6-max Seat #2 is the button
Seat 2: Aescul@pius ($119.25 in chips) 
Seat 5: janarr5 ($102.01 in chips) 
Aescul@pius: posts small blind $0.50
janarr5: posts big blind $1
*** HOLE CARDS ***
Aescul@pius: raises $1.50 to $2.50
janarr5: calls $1.50
*** FLOP *** [5h 2c 7c]
janarr5: checks 
Aescul@pius: checks 
*** TURN *** [5h 2c 7c] [4c]
janarr5: bets $3.14
Aescul@pius: calls $3.14
*** RIVER *** [5h 2c 7c 4c] [4d]
janarr5: bets $8.04
Aescul@pius: calls $8.04
*** SHOW DOWN ***
janarr5: shows [8c 9s] (a pair of Fours)
Aescul@pius: shows [7s 3s] (two pair, Sevens and Fours)
Aescul@pius collected $26.36 from pot
*** SUMMARY ***
Total pot $27.36 | Rake $1 
Board [5h 2c 7c 4c 4d]
Seat 2: Aescul@pius (button) (small blind) showed [7s 3s] and won ($26.36) with two pair, Sevens and Fours
Seat 5: janarr5 (big blind) showed [8c 9s] and lost with a pair of Fours



PokerStars Hand #254399496564:  Hold'em No Limit ($0.50/$1.00 USD) - 2025/01/16 16:32:20 WET [2025/01/16 11:32:20 ET]
Table 'Chilton III' 6-max Seat #5 is the button
Seat 2: Aescul@pius ($131.93 in chips) 
Seat 5: janarr5 ($100 in chips) 
janarr5: posts small blind $0.50
Aescul@pius: posts big blind $1
*** HOLE CARDS ***
janarr5: folds 
Uncalled bet ($0.50) returned to Aescul@pius
Aescul@pius collected $1 from pot
Aescul@pius: doesn't show hand 
*** SUMMARY ***
Total pot $1 | Rake $0 
Seat 2: Aescul@pius (big blind) collected ($1)
Seat 5: janarr5 (button) (small blind) folded before Flop



PokerStars Hand #254399498144:  Hold'em No Limit ($0.50/$1.00 USD) - 2025/01/16 16:32:27 WET [2025/01/16 11:32:27 ET]
Table 'Chilton III' 6-max Seat #2 is the button
Seat 2: Aescul@pius ($132.43 in chips) 
Seat 5: janarr5 ($100 in chips) 
Aescul@pius: posts small blind $0.50
janarr5: posts big blind $1
*** HOLE CARDS ***
salcri91 joins the table at seat #1 
Aescul@pius: raises $1.50 to $2.50
tintin641 joins the table at seat #3 
janarr5: raises $7.50 to $10
TheSecretCB joins the table at seat #4 
Pippa83 joins the table at seat #6 
Aescul@pius: raises $12.50 to $22.50
janarr5: calls $12.50
*** FLOP *** [Th Ks 6s]
janarr5: checks 
Aescul@pius: bets $11
janarr5: calls $11
*** TURN *** [Th Ks 6s] [2c]
janarr5: checks 
Aescul@pius: checks 
*** RIVER *** [Th Ks 6s 2c] [Qc]
janarr5: checks 
Aescul@pius: checks 
*** SHOW DOWN ***
janarr5: shows [Ad Td] (a pair of Tens)
Aescul@pius: shows [Jh Jc] (a pair of Jacks)
Aescul@pius collected $66 from pot
*** SUMMARY ***
Total pot $67 | Rake $1 
Board [Th Ks 6s 2c Qc]
Seat 2: Aescul@pius (button) (small blind) showed [Jh Jc] and won ($66) with a pair of Jacks
Seat 5: janarr5 (big blind) showed [Ad Td] and lost with a pair of Tens



PokerStars Hand #254399513411:  Hold'em No Limit ($0.50/$1.00 USD) - 2025/01/16 16:33:34 WET [2025/01/16 11:33:34 ET]
Table 'Chilton III' 6-max Seat #5 is the button
Seat 1: salcri91 ($78.83 in chips) is sitting out
Seat 4: TheSecretCB ($100 in chips) is sitting out
Seat 6: Pippa83 ($100 in chips) is sitting out
Seat 2: Aescul@pius ($164.93 in chips) 
Seat 3: tintin641 ($100 in chips) 
Seat 5: janarr5 ($100 in chips) 
Aescul@pius: posts small blind $0.50
tintin641: posts big blind $1
TheSecretCB: sits out 
*** HOLE CARDS ***
janarr5: folds 
Aescul@pius: folds 
Uncalled bet ($0.50) returned to tintin641
tintin641 collected $1 from pot
tintin641: doesn't show hand 
*** SUMMARY ***
Total pot $1 | Rake $0 
Seat 1: salcri91
Seat 4: TheSecretCB
Seat 6: Pippa83
Seat 2: Aescul@pius (small blind) folded before Flop
Seat 3: tintin641 (big blind) collected ($1)
Seat 5: janarr5 (button) folded before Flop (didn't bet)



PokerStars Hand #254399515249:  Hold'em No Limit ($0.50/$1.00 USD) - 2025/01/16 16:33:42 WET [2025/01/16 11:33:42 ET]
Table 'Chilton III' 6-max Seat #2 is the button
Seat 6: Pippa83 ($100 in chips) is sitting out
Seat 1: salcri91 ($78.83 in chips) 
Seat 2: Aescul@pius ($164.43 in chips) 
Seat 3: tintin641 ($100.50 in chips) 
Seat 4: TheSecretCB ($100 in chips) 
Seat 5: janarr5 ($100 in chips) 
tintin641: posts small blind $0.50
TheSecretCB: posts big blind $1
Pippa83: sits out 
salcri91: posts big blind $1
*** HOLE CARDS ***
janarr5: raises $2.50 to $3.50
salcri91: folds 
Aescul@pius: folds 
tintin641: folds 
TheSecretCB: folds 
Uncalled bet ($2.50) returned to janarr5
janarr5 collected $3.50 from pot
janarr5: doesn't show hand 
*** SUMMARY ***
Total pot $3.50 | Rake $0 
Seat 6: Pippa83
Seat 1: salcri91 folded before Flop (didn't bet)
Seat 2: Aescul@pius (button) folded before Flop (didn't bet)
Seat 3: tintin641 (small blind) folded before Flop
Seat 4: TheSecretCB (big blind) folded before Flop
Seat 5: janarr5 collected ($3.50)



PokerStars Hand #254399520378:  Hold'em No Limit ($0.50/$1.00 USD) - 2025/01/16 16:34:04 WET [2025/01/16 11:34:04 ET]
Table 'Chilton III' 6-max Seat #3 is the button
Seat 6: Pippa83 ($100 in chips) is sitting out
Seat 1: salcri91 ($77.83 in chips) 
Seat 2: Aescul@pius ($164.43 in chips) 
Seat 3: tintin641 ($100 in chips) 
Seat 4: TheSecretCB ($100 in chips) 
Seat 5: janarr5 ($102.50 in chips) 
TheSecretCB: posts small blind $0.50
janarr5: posts big blind $1
Pippa83: sits out 
*** HOLE CARDS ***
salcri91: folds 
Aescul@pius: raises $1.20 to $2.20
tintin641: folds 
TheSecretCB: folds 
janarr5: folds 
Uncalled bet ($1.20) returned to Aescul@pius
Aescul@pius collected $2.50 from pot
Aescul@pius: doesn't show hand 
*** SUMMARY ***
Total pot $2.50 | Rake $0 
Seat 6: Pippa83
Seat 1: salcri91 folded before Flop (didn't bet)
Seat 2: Aescul@pius collected ($2.50)
Seat 3: tintin641 (button) folded before Flop (didn't bet)
Seat 4: TheSecretCB (small blind) folded before Flop
Seat 5: janarr5 (big blind) folded before Flop



PokerStars Hand #254399524197:  Hold'em No Limit ($0.50/$1.00 USD) - 2025/01/16 16:34:21 WET [2025/01/16 11:34:21 ET]
Table 'Chilton III' 6-max Seat #4 is the button
Seat 1: salcri91 ($77.83 in chips) 
Seat 2: Aescul@pius ($165.93 in chips) 
Seat 3: tintin641 ($100 in chips) 
Seat 4: TheSecretCB ($100 in chips) 
Seat 5: janarr5 ($101.50 in chips) 
Seat 6: Pippa83 ($100 in chips) 
janarr5: posts small blind $0.50
Pippa83: posts big blind $1
*** HOLE CARDS ***
salcri91: folds 
Aescul@pius: folds 
tintin641: folds 
TheSecretCB: raises $2 to $3
janarr5: raises $9 to $12
Pippa83: folds 
TheSecretCB: folds 
Uncalled bet ($9) returned to janarr5
janarr5 collected $7 from pot
janarr5: doesn't show hand 
*** SUMMARY ***
Total pot $7 | Rake $0 
Seat 1: salcri91 folded before Flop (didn't bet)
Seat 2: Aescul@pius folded before Flop (didn't bet)
Seat 3: tintin641 folded before Flop (didn't bet)
Seat 4: TheSecretCB (button) folded before Flop
Seat 5: janarr5 (small blind) collected ($7)
Seat 6: Pippa83 (big blind) folded before Flop



PokerStars Hand #254399529449:  Hold'em No Limit ($0.50/$1.00 USD) - 2025/01/16 16:34:43 WET [2025/01/16 11:34:43 ET]
Table 'Chilton III' 6-max Seat #5 is the button
Seat 1: salcri91 ($77.83 in chips) 
Seat 2: Aescul@pius ($165.93 in chips) 
Seat 3: tintin641 ($100 in chips) 
Seat 4: TheSecretCB ($100 in chips) 
Seat 5: janarr5 ($105.50 in chips) 
Seat 6: Pippa83 ($100 in chips) 
Pippa83: posts small blind $0.50
salcri91: posts big blind $1
*** HOLE CARDS ***
Aescul@pius: folds 
tintin641: folds 
TheSecretCB: folds 
janarr5: raises $1.50 to $2.50
Pippa83: raises $9 to $11.50
salcri91: folds 
janarr5: folds 
Uncalled bet ($9) returned to Pippa83
Pippa83 collected $6 from pot
Pippa83: doesn't show hand 
*** SUMMARY ***
Total pot $6 | Rake $0 
Seat 1: salcri91 (big blind) folded before Flop
Seat 2: Aescul@pius folded before Flop (didn't bet)
Seat 3: tintin641 folded before Flop (didn't bet)
Seat 4: TheSecretCB folded before Flop (didn't bet)
Seat 5: janarr5 (button) folded before Flop
Seat 6: Pippa83 (small blind) collected ($6)



PokerStars Hand #254399532911:  Hold'em No Limit ($0.50/$1.00 USD) - 2025/01/16 16:34:58 WET [2025/01/16 11:34:58 ET]
Table 'Chilton III' 6-max Seat #6 is the button
Seat 1: salcri91 ($76.83 in chips) 
Seat 2: Aescul@pius ($165.93 in chips) 
Seat 3: tintin641 ($100 in chips) 
Seat 4: TheSecretCB ($100 in chips) 
Seat 5: janarr5 ($103 in chips) 
Seat 6: Pippa83 ($103.50 in chips) 
salcri91: posts small blind $0.50
Aescul@pius: posts big blind $1
*** HOLE CARDS ***
tintin641: folds 
TheSecretCB: raises $2 to $3
janarr5: folds 
Pippa83: folds 
salcri91: calls $2.50
Aescul@pius: calls $2
*** FLOP *** [6d Kh 9c]
salcri91: checks 
Aescul@pius: checks 
TheSecretCB: bets $4.70
salcri91: folds 
Aescul@pius: raises $8.80 to $13.50
TheSecretCB: calls $8.80
*** TURN *** [6d Kh 9c] [Ts]
Aescul@pius: bets $21.31
TheSecretCB: calls $21.31
*** RIVER *** [6d Kh 9c Ts] [As]
Aescul@pius: bets $128.12 and is all-in
TheSecretCB: folds 
Uncalled bet ($128.12) returned to Aescul@pius
Aescul@pius collected $76.12 from pot
Aescul@pius: doesn't show hand 
*** SUMMARY ***
Total pot $78.62 | Rake $2.50 
Board [6d Kh 9c Ts As]
Seat 1: salcri91 (small blind) folded on the Flop
Seat 2: Aescul@pius (big blind) collected ($76.12)
Seat 3: tintin641 folded before Flop (didn't bet)
Seat 4: TheSecretCB folded on the River
Seat 5: janarr5 folded before Flop (didn't bet)
Seat 6: Pippa83 (button) folded before Flop (didn't bet)



PokerStars Hand #254399556450:  Hold'em No Limit ($0.50/$1.00 USD) - 2025/01/16 16:36:39 WET [2025/01/16 11:36:39 ET]
Table 'Chilton III' 6-max Seat #1 is the button
Seat 3: tintin641 ($100 in chips) is sitting out
Seat 1: salcri91 ($73.83 in chips) 
Seat 2: Aescul@pius ($204.24 in chips) 
Seat 4: TheSecretCB ($100 in chips) 
Seat 5: janarr5 ($103 in chips) 
Seat 6: Pippa83 ($103.50 in chips) 
Aescul@pius: posts small blind $0.50
tintin641: is sitting out 
TheSecretCB: posts big blind $1
*** HOLE CARDS ***
tintin641 leaves the table
janarr5: folds 
Pippa83: folds 
salcri91: folds 
Aescul@pius: folds 
Uncalled bet ($0.50) returned to TheSecretCB
TheSecretCB collected $1 from pot
TheSecretCB: doesn't show hand 
*** SUMMARY ***
Total pot $1 | Rake $0 
Seat 3: tintin641
Seat 1: salcri91 (button) folded before Flop (didn't bet)
Seat 2: Aescul@pius (small blind) folded before Flop
Seat 4: TheSecretCB (big blind) collected ($1)
Seat 5: janarr5 folded before Flop (didn't bet)
Seat 6: Pippa83 folded before Flop (didn't bet)



PokerStars Hand #254399558533:  Hold'em No Limit ($0.50/$1.00 USD) - 2025/01/16 16:36:48 WET [2025/01/16 11:36:48 ET]
Table 'Chilton III' 6-max Seat #2 is the button
Seat 1: salcri91 ($73.83 in chips) 
Seat 2: Aescul@pius ($203.74 in chips) 
Seat 4: TheSecretCB ($100.50 in chips) 
Seat 5: janarr5 ($103 in chips) 
Seat 6: Pippa83 ($103.50 in chips) 
TheSecretCB: posts small blind $0.50
janarr5: posts big blind $1
*** HOLE CARDS ***
Pippa83: folds 
salcri91: folds 
Aescul@pius: raises $1.50 to $2.50
TheSecretCB: folds 
janarr5: calls $1.50
*** FLOP *** [Tc 8d 5d]
janarr5: checks 
Aescul@pius: bets $3.56
janarr5: calls $3.56
*** TURN *** [Tc 8d 5d] [Ah]
janarr5: checks 
Aescul@pius: bets $8.87
gig.gyty joins the table at seat #3 
janarr5: calls $8.87
*** RIVER *** [Tc 8d 5d Ah] [3c]
janarr5: checks 
Aescul@pius: checks 
*** SHOW DOWN ***
janarr5: shows [Ks Th] (a pair of Tens)
Aescul@pius: mucks hand 
janarr5 collected $28.84 from pot
*** SUMMARY ***
Total pot $30.36 | Rake $1.52 
Board [Tc 8d 5d Ah 3c]
Seat 1: salcri91 folded before Flop (didn't bet)
Seat 2: Aescul@pius (button) mucked
Seat 4: TheSecretCB (small blind) folded before Flop
Seat 5: janarr5 (big blind) showed [Ks Th] and won ($28.84) with a pair of Tens
Seat 6: Pippa83 folded before Flop (didn't bet)



PokerStars Hand #254399579409:  Hold'em No Limit ($0.50/$1.00 USD) - 2025/01/16 16:38:19 WET [2025/01/16 11:38:19 ET]
Table 'Chilton III' 6-max Seat #4 is the button
Seat 3: gig.gyty ($100 in chips) is sitting out
Seat 1: salcri91 ($73.83 in chips) 
Seat 2: Aescul@pius ($188.81 in chips) 
Seat 4: TheSecretCB ($100 in chips) 
Seat 5: janarr5 ($116.91 in chips) 
Seat 6: Pippa83 ($103.50 in chips) 
janarr5: posts small blind $0.50
Pippa83: posts big blind $1
gig.gyty: sits out 
*** HOLE CARDS ***
salcri91: raises $2 to $3
Aescul@pius: folds 
TheSecretCB: folds 
janarr5: folds 
Pippa83: calls $2
*** FLOP *** [7d 2d 9h]
Pippa83: checks 
salcri91: bets $3.09
Pippa83: folds 
Uncalled bet ($3.09) returned to salcri91
salcri91 collected $6.18 from pot
salcri91: doesn't show hand 
*** SUMMARY ***
Total pot $6.50 | Rake $0.32 
Board [7d 2d 9h]
Seat 3: gig.gyty
Seat 1: salcri91 collected ($6.18)
Seat 2: Aescul@pius folded before Flop (didn't bet)
Seat 4: TheSecretCB (button) folded before Flop (didn't bet)
Seat 5: janarr5 (small blind) folded before Flop
Seat 6: Pippa83 (big blind) folded on the Flop



PokerStars Hand #254399585325:  Hold'em No Limit ($0.50/$1.00 USD) - 2025/01/16 16:38:44 WET [2025/01/16 11:38:44 ET]
Table 'Chilton III' 6-max Seat #5 is the button
Seat 3: gig.gyty ($100 in chips) is sitting out
Seat 1: salcri91 ($77.01 in chips) 
Seat 2: Aescul@pius ($188.81 in chips) 
Seat 4: TheSecretCB ($100 in chips) 
Seat 5: janarr5 ($116.41 in chips) 
Seat 6: Pippa83 ($100.50 in chips) 
Pippa83: posts small blind $0.50
salcri91: posts big blind $1
gig.gyty: sits out 
*** HOLE CARDS ***
Aescul@pius: folds 
TheSecretCB: raises $2 to $3
janarr5: folds 
Pippa83: folds 
salcri91: calls $2
*** FLOP *** [5s Js 3c]
salcri91: checks 
TheSecretCB: bets $3.40
salcri91: calls $3.40
*** TURN *** [5s Js 3c] [9d]
salcri91: checks 
TheSecretCB: bets $9.48
salcri91: calls $9.48
*** RIVER *** [5s Js 3c 9d] [2c]
salcri91: checks 
TheSecretCB: bets $84.12 and is all-in
salcri91: folds 
Uncalled bet ($84.12) returned to TheSecretCB
TheSecretCB collected $30.65 from pot
TheSecretCB: doesn't show hand 
*** SUMMARY ***
Total pot $32.26 | Rake $1.61 
Board [5s Js 3c 9d 2c]
Seat 3: gig.gyty
Seat 1: salcri91 (big blind) folded on the River
Seat 2: Aescul@pius folded before Flop (didn't bet)
Seat 4: TheSecretCB collected ($30.65)
Seat 5: janarr5 (button) folded before Flop (didn't bet)
Seat 6: Pippa83 (small blind) folded before Flop



PokerStars Hand #254399599807:  Hold'em No Limit ($0.50/$1.00 USD) - 2025/01/16 16:39:46 WET [2025/01/16 11:39:46 ET]
Table 'Chilton III' 6-max Seat #6 is the button
Seat 3: gig.gyty ($100 in chips) is sitting out
Seat 1: salcri91 ($61.13 in chips) 
Seat 2: Aescul@pius ($188.81 in chips) 
Seat 4: TheSecretCB ($114.77 in chips) 
Seat 5: janarr5 ($116.41 in chips) 
Seat 6: Pippa83 ($100 in chips) 
salcri91: posts small blind $0.50
Aescul@pius: posts big blind $1
gig.gyty: sits out 
*** HOLE CARDS ***
TheSecretCB: folds 
janarr5: folds 
Pippa83: folds 
salcri91: calls $0.50
Aescul@pius: checks 
*** FLOP *** [4h Js Ks]
salcri91: checks 
Aescul@pius: checks 
*** TURN *** [4h Js Ks] [Kh]
salcri91: checks 
Aescul@pius: bets $1
salcri91: calls $1
*** RIVER *** [4h Js Ks Kh] [8c]
salcri91: checks 
Aescul@pius: bets $2.81
salcri91: folds 
Uncalled bet ($2.81) returned to Aescul@pius
Aescul@pius collected $3.80 from pot
Aescul@pius: doesn't show hand 
*** SUMMARY ***
Total pot $4 | Rake $0.20 
Board [4h Js Ks Kh 8c]
Seat 3: gig.gyty
Seat 1: salcri91 (small blind) folded on the River
Seat 2: Aescul@pius (big blind) collected ($3.80)
Seat 4: TheSecretCB folded before Flop (didn't bet)
Seat 5: janarr5 folded before Flop (didn't bet)
Seat 6: Pippa83 (button) folded before Flop (didn't bet)



PokerStars Hand #254399613272:  Hold'em No Limit ($0.50/$1.00 USD) - 2025/01/16 16:40:43 WET [2025/01/16 11:40:43 ET]
Table 'Chilton III' 6-max Seat #1 is the button
Seat 1: salcri91 ($59.13 in chips) 
Seat 2: Aescul@pius ($190.61 in chips) 
Seat 3: gig.gyty ($100 in chips) 
Seat 4: TheSecretCB ($114.77 in chips) 
Seat 5: janarr5 ($116.41 in chips) 
Seat 6: Pippa83 ($100 in chips) 
Aescul@pius: posts small blind $0.50
gig.gyty: posts big blind $1
*** HOLE CARDS ***
TheSecretCB: folds 
janarr5: folds 
Pippa83: folds 
salcri91: folds 
Aescul@pius: folds 
Uncalled bet ($0.50) returned to gig.gyty
gig.gyty collected $1 from pot
gig.gyty: doesn't show hand 
*** SUMMARY ***
Total pot $1 | Rake $0 
Seat 1: salcri91 (button) folded before Flop (didn't bet)
Seat 2: Aescul@pius (small blind) folded before Flop
Seat 3: gig.gyty (big blind) collected ($1)
Seat 4: TheSecretCB folded before Flop (didn't bet)
Seat 5: janarr5 folded before Flop (didn't bet)
Seat 6: Pippa83 folded before Flop (didn't bet)



PokerStars Hand #254399617555:  Hold'em No Limit ($0.50/$1.00 USD) - 2025/01/16 16:41:02 WET [2025/01/16 11:41:02 ET]
Table 'Chilton III' 6-max Seat #2 is the button
Seat 1: salcri91 ($59.13 in chips) 
Seat 2: Aescul@pius ($190.11 in chips) 
Seat 3: gig.gyty ($100.50 in chips) 
Seat 4: TheSecretCB ($114.77 in chips) 
Seat 5: janarr5 ($116.41 in chips) 
Seat 6: Pippa83 ($100 in chips) 
gig.gyty: posts small blind $0.50
TheSecretCB: posts big blind $1
*** HOLE CARDS ***
janarr5: folds 
Pippa83: raises $1.20 to $2.20
salcri91: folds 
Aescul@pius: folds 
gig.gyty: folds 
TheSecretCB: folds 
Uncalled bet ($1.20) returned to Pippa83
Pippa83 collected $2.50 from pot
Pippa83: doesn't show hand 
*** SUMMARY ***
Total pot $2.50 | Rake $0 
Seat 1: salcri91 folded before Flop (didn't bet)
Seat 2: Aescul@pius (button) folded before Flop (didn't bet)
Seat 3: gig.gyty (small blind) folded before Flop
Seat 4: TheSecretCB (big blind) folded before Flop
Seat 5: janarr5 folded before Flop (didn't bet)
Seat 6: Pippa83 collected ($2.50)



PokerStars Hand #254399622641:  Hold'em No Limit ($0.50/$1.00 USD) - 2025/01/16 16:41:24 WET [2025/01/16 11:41:24 ET]
Table 'Chilton III' 6-max Seat #3 is the button
Seat 1: salcri91 ($59.13 in chips) 
Seat 2: Aescul@pius ($190.11 in chips) 
Seat 3: gig.gyty ($100 in chips) 
Seat 4: TheSecretCB ($113.77 in chips) 
Seat 5: janarr5 ($116.41 in chips) 
Seat 6: Pippa83 ($101.50 in chips) 
TheSecretCB: posts small blind $0.50
janarr5: posts big blind $1
*** HOLE CARDS ***
Pippa83: folds 
salcri91: folds 
Aescul@pius: folds 
gig.gyty: folds 
TheSecretCB: folds 
Uncalled bet ($0.50) returned to janarr5
janarr5 collected $1 from pot
janarr5: doesn't show hand 
*** SUMMARY ***
Total pot $1 | Rake $0 
Seat 1: salcri91 folded before Flop (didn't bet)
Seat 2: Aescul@pius folded before Flop (didn't bet)
Seat 3: gig.gyty (button) folded before Flop (didn't bet)
Seat 4: TheSecretCB (small blind) folded before Flop
Seat 5: janarr5 (big blind) collected ($1)
Seat 6: Pippa83 folded before Flop (didn't bet)



PokerStars Hand #254399625460:  Hold'em No Limit ($0.50/$1.00 USD) - 2025/01/16 16:41:35 WET [2025/01/16 11:41:35 ET]
Table 'Chilton III' 6-max Seat #4 is the button
Seat 6: Pippa83 ($101.50 in chips) is sitting out
Seat 1: salcri91 ($59.13 in chips) 
Seat 2: Aescul@pius ($190.11 in chips) 
Seat 3: gig.gyty ($100 in chips) 
Seat 4: TheSecretCB ($113.27 in chips) 
Seat 5: janarr5 ($116.91 in chips) 
janarr5: posts small blind $0.50
Pippa83: is sitting out 
salcri91: posts big blind $1
*** HOLE CARDS ***
Pippa83 leaves the table
Aescul@pius: raises $1 to $2
gig.gyty: folds 
TheSecretCB: folds 
janarr5: folds 
salcri91: calls $1
*** FLOP *** [5d 3h Kc]
salcri91: checks 
Aescul@pius: bets $1.42
salcri91: calls $1.42
*** TURN *** [5d 3h Kc] [3s]
salcri91: checks 
Aescul@pius: checks 
*** RIVER *** [5d 3h Kc 3s] [8s]
salcri91: checks 
Aescul@pius: checks 
Cositorto joins the table at seat #6 
*** SHOW DOWN ***
salcri91: shows [8d 4d] (two pair, Eights and Threes)
Aescul@pius: mucks hand 
salcri91 collected $6.97 from pot
*** SUMMARY ***
Total pot $7.34 | Rake $0.37 
Board [5d 3h Kc 3s 8s]
Seat 6: Pippa83
Seat 1: salcri91 (big blind) showed [8d 4d] and won ($6.97) with two pair, Eights and Threes
Seat 2: Aescul@pius mucked
Seat 3: gig.gyty folded before Flop (didn't bet)
Seat 4: TheSecretCB (button) folded before Flop (didn't bet)
Seat 5: janarr5 (small blind) folded before Flop



PokerStars Hand #254399636837:  Hold'em No Limit ($0.50/$1.00 USD) - 2025/01/16 16:42:24 WET [2025/01/16 11:42:24 ET]
Table 'Chilton III' 6-max Seat #5 is the button
Seat 6: Cositorto ($100 in chips) is sitting out
Seat 1: salcri91 ($62.68 in chips) 
Seat 2: Aescul@pius ($186.69 in chips) 
Seat 3: gig.gyty ($100 in chips) 
Seat 4: TheSecretCB ($113.27 in chips) 
Seat 5: janarr5 ($116.41 in chips) 
salcri91: posts small blind $0.50
Aescul@pius: posts big blind $1
*** HOLE CARDS ***
gig.gyty: folds 
TheSecretCB: folds 
janarr5: raises $1.50 to $2.50
salcri91: raises $3.50 to $6
Aescul@pius: folds 
janarr5: calls $3.50
*** FLOP *** [5s 6s Td]
salcri91: bets $8
janarr5: folds 
Uncalled bet ($8) returned to salcri91
salcri91 collected $12.35 from pot
salcri91: doesn't show hand 
*** SUMMARY ***
Total pot $13 | Rake $0.65 
Board [5s 6s Td]
Seat 6: Cositorto
Seat 1: salcri91 (small blind) collected ($12.35)
Seat 2: Aescul@pius (big blind) folded before Flop
Seat 3: gig.gyty folded before Flop (didn't bet)
Seat 4: TheSecretCB folded before Flop (didn't bet)
Seat 5: janarr5 (button) folded on the Flop



PokerStars Hand #254399643246:  Hold'em No Limit ($0.50/$1.00 USD) - 2025/01/16 16:42:52 WET [2025/01/16 11:42:52 ET]
Table 'Chilton III' 6-max Seat #1 is the button
Seat 6: Cositorto ($100 in chips) is sitting out
Seat 1: salcri91 ($69.03 in chips) 
Seat 2: Aescul@pius ($185.69 in chips) 
Seat 3: gig.gyty ($100 in chips) 
Seat 4: TheSecretCB ($113.27 in chips) 
Seat 5: janarr5 ($110.41 in chips) 
Aescul@pius: posts small blind $0.50
gig.gyty: posts big blind $1
Cositorto: sits out 
*** HOLE CARDS ***
TheSecretCB: folds 
janarr5: folds 
salcri91: folds 
Aescul@pius: raises $2 to $3
gig.gyty: folds 
Uncalled bet ($2) returned to Aescul@pius
Aescul@pius collected $2 from pot
Aescul@pius: doesn't show hand 
*** SUMMARY ***
Total pot $2 | Rake $0 
Seat 6: Cositorto
Seat 1: salcri91 (button) folded before Flop (didn't bet)
Seat 2: Aescul@pius (small blind) collected ($2)
Seat 3: gig.gyty (big blind) folded before Flop
Seat 4: TheSecretCB folded before Flop (didn't bet)
Seat 5: janarr5 folded before Flop (didn't bet)



PokerStars Hand #254399647621:  Hold'em No Limit ($0.50/$1.00 USD) - 2025/01/16 16:43:11 WET [2025/01/16 11:43:11 ET]
Table 'Chilton III' 6-max Seat #2 is the button
Seat 6: Cositorto ($100 in chips) is sitting out
Seat 1: salcri91 ($69.03 in chips) 
Seat 2: Aescul@pius ($186.69 in chips) 
Seat 3: gig.gyty ($100 in chips) 
Seat 4: TheSecretCB ($113.27 in chips) 
Seat 5: janarr5 ($110.41 in chips) 
gig.gyty: posts small blind $0.50
TheSecretCB: posts big blind $1
Cositorto: sits out 
*** HOLE CARDS ***
janarr5: folds 
salcri91: folds 
Aescul@pius: raises $1.50 to $2.50
gig.gyty: folds 
TheSecretCB: folds 
Uncalled bet ($1.50) returned to Aescul@pius
Aescul@pius collected $2.50 from pot
Aescul@pius: doesn't show hand 
*** SUMMARY ***
Total pot $2.50 | Rake $0 
Seat 6: Cositorto
Seat 1: salcri91 folded before Flop (didn't bet)
Seat 2: Aescul@pius (button) collected ($2.50)
Seat 3: gig.gyty (small blind) folded before Flop
Seat 4: TheSecretCB (big blind) folded before Flop
Seat 5: janarr5 folded before Flop (didn't bet)



PokerStars Hand #254399761393:  Hold'em No Limit ($0.50/$1.00 USD) - 2025/01/16 16:51:23 WET [2025/01/16 11:51:23 ET]
Table 'Chilton III' 6-max Seat #1 is the button
Seat 1: salcri91 ($63.51 in chips) 
Seat 2: Aescul@pius ($164.56 in chips) 
Seat 3: gig.gyty ($100 in chips) 
Seat 4: TheSecretCB ($110.64 in chips) 
Seat 5: janarr5 ($116.44 in chips) 
Seat 6: Cositorto ($142.03 in chips) 
Aescul@pius: posts small blind $0.50
gig.gyty: posts big blind $1
*** HOLE CARDS ***
TheSecretCB: folds 
janarr5: folds 
Cositorto: raises $1 to $2
salcri91: folds 
Aescul@pius: folds 
gig.gyty: folds 
Uncalled bet ($1) returned to Cositorto
Cositorto collected $2.50 from pot
Cositorto: doesn't show hand 
*** SUMMARY ***
Total pot $2.50 | Rake $0 
Seat 1: salcri91 (button) folded before Flop (didn't bet)
Seat 2: Aescul@pius (small blind) folded before Flop
Seat 3: gig.gyty (big blind) folded before Flop
Seat 4: TheSecretCB folded before Flop (didn't bet)
Seat 5: janarr5 folded before Flop (didn't bet)
Seat 6: Cositorto collected ($2.50)



PokerStars Hand #254399769736:  Hold'em No Limit ($0.50/$1.00 USD) - 2025/01/16 16:51:59 WET [2025/01/16 11:51:59 ET]
Table 'Chilton III' 6-max Seat #2 is the button
Seat 1: salcri91 ($63.51 in chips) 
Seat 2: Aescul@pius ($164.06 in chips) 
Seat 3: gig.gyty ($100 in chips) 
Seat 4: TheSecretCB ($110.64 in chips) 
Seat 5: janarr5 ($116.44 in chips) 
Seat 6: Cositorto ($143.53 in chips) 
gig.gyty: posts small blind $0.50
TheSecretCB: posts big blind $1
*** HOLE CARDS ***
janarr5: folds 
Cositorto: folds 
salcri91: folds 
Aescul@pius: folds 
gig.gyty: raises $2 to $3
TheSecretCB: folds 
Uncalled bet ($2) returned to gig.gyty
gig.gyty collected $2 from pot
gig.gyty: doesn't show hand 
*** SUMMARY ***
Total pot $2 | Rake $0 
Seat 1: salcri91 folded before Flop (didn't bet)
Seat 2: Aescul@pius (button) folded before Flop (didn't bet)
Seat 3: gig.gyty (small blind) collected ($2)
Seat 4: TheSecretCB (big blind) folded before Flop
Seat 5: janarr5 folded before Flop (didn't bet)
Seat 6: Cositorto folded before Flop (didn't bet)



PokerStars Hand #254399774753:  Hold'em No Limit ($0.50/$1.00 USD) - 2025/01/16 16:52:21 WET [2025/01/16 11:52:21 ET]
Table 'Chilton III' 6-max Seat #3 is the button
Seat 1: salcri91 ($63.51 in chips) 
Seat 2: Aescul@pius ($164.06 in chips) 
Seat 3: gig.gyty ($101 in chips) 
Seat 4: TheSecretCB ($109.64 in chips) 
Seat 5: janarr5 ($116.44 in chips) 
Seat 6: Cositorto ($143.53 in chips) 
TheSecretCB: posts small blind $0.50
janarr5: posts big blind $1
*** HOLE CARDS ***
Cositorto: raises $1 to $2
salcri91: raises $1 to $3
Aescul@pius: folds 
gig.gyty: folds 
TheSecretCB: calls $2.50
janarr5: folds 
Cositorto: raises $10.50 to $13.50
salcri91: folds 
TheSecretCB: folds 
Uncalled bet ($10.50) returned to Cositorto
Cositorto collected $10 from pot
Cositorto: doesn't show hand 
*** SUMMARY ***
Total pot $10 | Rake $0 
Seat 1: salcri91 folded before Flop
Seat 2: Aescul@pius folded before Flop (didn't bet)
Seat 3: gig.gyty (button) folded before Flop (didn't bet)
Seat 4: TheSecretCB (small blind) folded before Flop
Seat 5: janarr5 (big blind) folded before Flop
Seat 6: Cositorto collected ($10)



PokerStars Hand #254399781384:  Hold'em No Limit ($0.50/$1.00 USD) - 2025/01/16 16:52:50 WET [2025/01/16 11:52:50 ET]
Table 'Chilton III' 6-max Seat #4 is the button
Seat 1: salcri91 ($60.51 in chips) 
Seat 2: Aescul@pius ($164.06 in chips) 
Seat 3: gig.gyty ($101 in chips) 
Seat 4: TheSecretCB ($106.64 in chips) 
Seat 5: janarr5 ($115.44 in chips) 
Seat 6: Cositorto ($150.53 in chips) 
janarr5: posts small blind $0.50
Cositorto: posts big blind $1
*** HOLE CARDS ***
salcri91: folds 
Aescul@pius: raises $1 to $2
gig.gyty: folds 
TheSecretCB: folds 
janarr5: folds 
Cositorto: calls $1
*** FLOP *** [5h 7c Ac]
Cositorto: checks 
Aescul@pius: checks 
*** TURN *** [5h 7c Ac] [5s]
Cositorto: checks 
Aescul@pius: checks 
*** RIVER *** [5h 7c Ac 5s] [9s]
Cositorto: bets $1.50
Aescul@pius: raises $7.67 to $9.17
Cositorto: folds 
Uncalled bet ($7.67) returned to Aescul@pius
Aescul@pius collected $7.12 from pot
Aescul@pius: doesn't show hand 
*** SUMMARY ***
Total pot $7.50 | Rake $0.38 
Board [5h 7c Ac 5s 9s]
Seat 1: salcri91 folded before Flop (didn't bet)
Seat 2: Aescul@pius collected ($7.12)
Seat 3: gig.gyty folded before Flop (didn't bet)
Seat 4: TheSecretCB (button) folded before Flop (didn't bet)
Seat 5: janarr5 (small blind) folded before Flop
Seat 6: Cositorto (big blind) folded on the River



PokerStars Hand #254399794979:  Hold'em No Limit ($0.50/$1.00 USD) - 2025/01/16 16:53:50 WET [2025/01/16 11:53:50 ET]
Table 'Chilton III' 6-max Seat #5 is the button
Seat 1: salcri91 ($60.51 in chips) 
Seat 2: Aescul@pius ($167.68 in chips) 
Seat 3: gig.gyty ($101 in chips) 
Seat 4: TheSecretCB ($106.64 in chips) 
Seat 5: janarr5 ($114.94 in chips) 
Seat 6: Cositorto ($147.03 in chips) 
Cositorto: posts small blind $0.50
salcri91: posts big blind $1
*** HOLE CARDS ***
Aescul@pius: folds 
gig.gyty: folds 
TheSecretCB: raises $2 to $3
janarr5: folds 
Cositorto: folds 
salcri91: folds 
Uncalled bet ($2) returned to TheSecretCB
TheSecretCB collected $2.50 from pot
TheSecretCB: doesn't show hand 
*** SUMMARY ***
Total pot $2.50 | Rake $0 
Seat 1: salcri91 (big blind) folded before Flop
Seat 2: Aescul@pius folded before Flop (didn't bet)
Seat 3: gig.gyty folded before Flop (didn't bet)
Seat 4: TheSecretCB collected ($2.50)
Seat 5: janarr5 (button) folded before Flop (didn't bet)
Seat 6: Cositorto (small blind) folded before Flop



PokerStars Hand #254399799197:  Hold'em No Limit ($0.50/$1.00 USD) - 2025/01/16 16:54:08 WET [2025/01/16 11:54:08 ET]
Table 'Chilton III' 6-max Seat #6 is the button
Seat 1: salcri91 ($59.51 in chips) 
Seat 2: Aescul@pius ($167.68 in chips) 
Seat 3: gig.gyty ($101 in chips) 
Seat 4: TheSecretCB ($108.14 in chips) 
Seat 5: janarr5 ($114.94 in chips) 
Seat 6: Cositorto ($146.53 in chips) 
salcri91: posts small blind $0.50
Aescul@pius: posts big blind $1
*** HOLE CARDS ***
gig.gyty: folds 
TheSecretCB: folds 
janarr5: folds 
Cositorto: folds 
salcri91: calls $0.50
Aescul@pius: checks 
*** FLOP *** [Tc Qs Ac]
salcri91: bets $1
Aescul@pius: folds 
Uncalled bet ($1) returned to salcri91
salcri91 collected $1.90 from pot
salcri91: doesn't show hand 
*** SUMMARY ***
Total pot $2 | Rake $0.10 
Board [Tc Qs Ac]
Seat 1: salcri91 (small blind) collected ($1.90)
Seat 2: Aescul@pius (big blind) folded on the Flop
Seat 3: gig.gyty folded before Flop (didn't bet)
Seat 4: TheSecretCB folded before Flop (didn't bet)
Seat 5: janarr5 folded before Flop (didn't bet)
Seat 6: Cositorto (button) folded before Flop (didn't bet)



PokerStars Hand #254399805440:  Hold'em No Limit ($0.50/$1.00 USD) - 2025/01/16 16:54:35 WET [2025/01/16 11:54:35 ET]
Table 'Chilton III' 6-max Seat #1 is the button
Seat 1: salcri91 ($60.41 in chips) 
Seat 2: Aescul@pius ($166.68 in chips) 
Seat 3: gig.gyty ($101 in chips) 
Seat 4: TheSecretCB ($108.14 in chips) 
Seat 5: janarr5 ($114.94 in chips) 
Seat 6: Cositorto ($146.53 in chips) 
Aescul@pius: posts small blind $0.50
gig.gyty: posts big blind $1
*** HOLE CARDS ***
TheSecretCB: folds 
janarr5: folds 
Cositorto: raises $1 to $2
salcri91: folds 
Aescul@pius: folds 
gig.gyty: calls $1
*** FLOP *** [2c Kh 4s]
gig.gyty: checks 
Cositorto: bets $1.16
gig.gyty: raises $5.08 to $6.24
Cositorto: calls $5.08
*** TURN *** [2c Kh 4s] [4d]
gig.gyty: checks 
Cositorto: checks 
*** RIVER *** [2c Kh 4s 4d] [As]
gig.gyty: bets $5.32
Cositorto: calls $5.32
*** SHOW DOWN ***
gig.gyty: shows [2h Ah] (two pair, Aces and Fours)
Cositorto: mucks hand 
gig.gyty collected $26.24 from pot
*** SUMMARY ***
Total pot $27.62 | Rake $1.38 
Board [2c Kh 4s 4d As]
Seat 1: salcri91 (button) folded before Flop (didn't bet)
Seat 2: Aescul@pius (small blind) folded before Flop
Seat 3: gig.gyty (big blind) showed [2h Ah] and won ($26.24) with two pair, Aces and Fours
Seat 4: TheSecretCB folded before Flop (didn't bet)
Seat 5: janarr5 folded before Flop (didn't bet)
Seat 6: Cositorto mucked



PokerStars Hand #254399824192:  Hold'em No Limit ($0.50/$1.00 USD) - 2025/01/16 16:56:11 WET [2025/01/16 11:56:11 ET]
Table 'Chilton III' 6-max Seat #2 is the button
Seat 1: salcri91 ($60.41 in chips) 
Seat 2: Aescul@pius ($166.18 in chips) 
Seat 3: gig.gyty ($113.68 in chips) 
Seat 4: TheSecretCB ($108.14 in chips) 
Seat 5: janarr5 ($114.94 in chips) 
Seat 6: Cositorto ($132.97 in chips) 
gig.gyty: posts small blind $0.50
TheSecretCB: posts big blind $1
*** HOLE CARDS ***
janarr5: folds 
Cositorto: folds 
salcri91: folds 
Aescul@pius: raises $1.50 to $2.50
gig.gyty: folds 
TheSecretCB: folds 
Uncalled bet ($1.50) returned to Aescul@pius
Aescul@pius collected $2.50 from pot
Aescul@pius: doesn't show hand 
*** SUMMARY ***
Total pot $2.50 | Rake $0 
Seat 1: salcri91 folded before Flop (didn't bet)
Seat 2: Aescul@pius (button) collected ($2.50)
Seat 3: gig.gyty (small blind) folded before Flop
Seat 4: TheSecretCB (big blind) folded before Flop
Seat 5: janarr5 folded before Flop (didn't bet)
Seat 6: Cositorto folded before Flop (didn't bet)



PokerStars Hand #254399828064:  Hold'em No Limit ($0.50/$1.00 USD) - 2025/01/16 16:56:33 WET [2025/01/16 11:56:33 ET]
Table 'Chilton III' 6-max Seat #3 is the button
Seat 1: salcri91 ($60.41 in chips) 
Seat 2: Aescul@pius ($167.68 in chips) 
Seat 3: gig.gyty ($113.18 in chips) 
Seat 4: TheSecretCB ($107.14 in chips) 
Seat 5: janarr5 ($114.94 in chips) 
Seat 6: Cositorto ($132.97 in chips) 
TheSecretCB: posts small blind $0.50
janarr5: posts big blind $1
*** HOLE CARDS ***
Cositorto: folds 
salcri91: folds 
Aescul@pius: folds 
gig.gyty: raises $1.50 to $2.50
TheSecretCB: raises $9.50 to $12
janarr5: raises $13 to $25
gig.gyty: folds 
TheSecretCB: folds 
Uncalled bet ($13) returned to janarr5
janarr5 collected $26.50 from pot
janarr5: doesn't show hand 
*** SUMMARY ***
Total pot $26.50 | Rake $0 
Seat 1: salcri91 folded before Flop (didn't bet)
Seat 2: Aescul@pius folded before Flop (didn't bet)
Seat 3: gig.gyty (button) folded before Flop
Seat 4: TheSecretCB (small blind) folded before Flop
Seat 5: janarr5 (big blind) collected ($26.50)
Seat 6: Cositorto folded before Flop (didn't bet)



PokerStars Hand #254399834006:  Hold'em No Limit ($0.50/$1.00 USD) - 2025/01/16 16:57:06 WET [2025/01/16 11:57:06 ET]
Table 'Chilton III' 6-max Seat #4 is the button
Seat 1: salcri91 ($60.41 in chips) 
Seat 2: Aescul@pius ($167.68 in chips) 
Seat 3: gig.gyty ($110.68 in chips) 
Seat 4: TheSecretCB ($100 in chips) 
Seat 5: janarr5 ($129.44 in chips) 
Seat 6: Cositorto ($132.97 in chips) 
janarr5: posts small blind $0.50
Cositorto: posts big blind $1
*** HOLE CARDS ***
salcri91: folds 
Aescul@pius: folds 
gig.gyty: raises $1.25 to $2.25
TheSecretCB: folds 
janarr5: raises $7.75 to $10
Cositorto: folds 
gig.gyty: calls $7.75
*** FLOP *** [9c Js Th]
janarr5: checks 
gig.gyty: bets $15
janarr5: folds 
Uncalled bet ($15) returned to gig.gyty
gig.gyty collected $19.95 from pot
gig.gyty: doesn't show hand 
*** SUMMARY ***
Total pot $21 | Rake $1.05 
Board [9c Js Th]
Seat 1: salcri91 folded before Flop (didn't bet)
Seat 2: Aescul@pius folded before Flop (didn't bet)
Seat 3: gig.gyty collected ($19.95)
Seat 4: TheSecretCB (button) folded before Flop (didn't bet)
Seat 5: janarr5 (small blind) folded on the Flop
Seat 6: Cositorto (big blind) folded before Flop



PokerStars Hand #254399843379:  Hold'em No Limit ($0.50/$1.00 USD) - 2025/01/16 16:57:59 WET [2025/01/16 11:57:59 ET]
Table 'Chilton III' 6-max Seat #5 is the button
Seat 1: salcri91 ($60.41 in chips) 
Seat 2: Aescul@pius ($167.68 in chips) 
Seat 3: gig.gyty ($120.63 in chips) 
Seat 4: TheSecretCB ($100 in chips) 
Seat 5: janarr5 ($119.44 in chips) 
Seat 6: Cositorto ($131.97 in chips) 
Cositorto: posts small blind $0.50
salcri91: posts big blind $1
*** HOLE CARDS ***
Aescul@pius: raises $1 to $2
gig.gyty: folds 
TheSecretCB: folds 
janarr5: folds 
Cositorto: folds 
salcri91: calls $1
*** FLOP *** [5c 7c Ad]
salcri91: checks 
Aescul@pius: bets $1.41
salcri91: folds 
Uncalled bet ($1.41) returned to Aescul@pius
Aescul@pius collected $4.28 from pot
Aescul@pius: doesn't show hand 
*** SUMMARY ***
Total pot $4.50 | Rake $0.22 
Board [5c 7c Ad]
Seat 1: salcri91 (big blind) folded on the Flop
Seat 2: Aescul@pius collected ($4.28)
Seat 3: gig.gyty folded before Flop (didn't bet)
Seat 4: TheSecretCB folded before Flop (didn't bet)
Seat 5: janarr5 (button) folded before Flop (didn't bet)
Seat 6: Cositorto (small blind) folded before Flop



PokerStars Hand #254399850849:  Hold'em No Limit ($0.50/$1.00 USD) - 2025/01/16 16:58:41 WET [2025/01/16 11:58:41 ET]
Table 'Chilton III' 6-max Seat #6 is the button
Seat 1: salcri91 ($58.41 in chips) 
Seat 2: Aescul@pius ($169.96 in chips) 
Seat 3: gig.gyty ($120.63 in chips) 
Seat 4: TheSecretCB ($100 in chips) 
Seat 5: janarr5 ($119.44 in chips) 
Seat 6: Cositorto ($131.47 in chips) 
salcri91: posts small blind $0.50
Aescul@pius: posts big blind $1
*** HOLE CARDS ***
gig.gyty: folds 
TheSecretCB: folds 
janarr5: raises $1.25 to $2.25
Cositorto: folds 
salcri91: folds 
Aescul@pius: folds 
Uncalled bet ($1.25) returned to janarr5
janarr5 collected $2.50 from pot
janarr5: doesn't show hand 
*** SUMMARY ***
Total pot $2.50 | Rake $0 
Seat 1: salcri91 (small blind) folded before Flop
Seat 2: Aescul@pius (big blind) folded before Flop
Seat 3: gig.gyty folded before Flop (didn't bet)
Seat 4: TheSecretCB folded before Flop (didn't bet)
Seat 5: janarr5 collected ($2.50)
Seat 6: Cositorto (button) folded before Flop (didn't bet)



PokerStars Hand #254399854017:  Hold'em No Limit ($0.50/$1.00 USD) - 2025/01/16 16:58:58 WET [2025/01/16 11:58:58 ET]
Table 'Chilton III' 6-max Seat #1 is the button
Seat 1: salcri91 ($57.91 in chips) 
Seat 2: Aescul@pius ($168.96 in chips) 
Seat 3: gig.gyty ($120.63 in chips) 
Seat 4: TheSecretCB ($100 in chips) 
Seat 5: janarr5 ($120.94 in chips) 
Seat 6: Cositorto ($131.47 in chips) 
Aescul@pius: posts small blind $0.50
gig.gyty: posts big blind $1
*** HOLE CARDS ***
TheSecretCB: raises $2 to $3
janarr5: folds 
Cositorto: folds 
salcri91: folds 
Aescul@pius: folds 
gig.gyty: folds 
Uncalled bet ($2) returned to TheSecretCB
TheSecretCB collected $2.50 from pot
TheSecretCB: doesn't show hand 
*** SUMMARY ***
Total pot $2.50 | Rake $0 
Seat 1: salcri91 (button) folded before Flop (didn't bet)
Seat 2: Aescul@pius (small blind) folded before Flop
Seat 3: gig.gyty (big blind) folded before Flop
Seat 4: TheSecretCB collected ($2.50)
Seat 5: janarr5 folded before Flop (didn't bet)
Seat 6: Cositorto folded before Flop (didn't bet)



PokerStars Hand #254399858605:  Hold'em No Limit ($0.50/$1.00 USD) - 2025/01/16 16:59:24 WET [2025/01/16 11:59:24 ET]
Table 'Chilton III' 6-max Seat #2 is the button
Seat 1: salcri91 ($57.91 in chips) 
Seat 2: Aescul@pius ($168.46 in chips) 
Seat 3: gig.gyty ($119.63 in chips) 
Seat 4: TheSecretCB ($101.50 in chips) 
Seat 5: janarr5 ($120.94 in chips) 
Seat 6: Cositorto ($131.47 in chips) 
gig.gyty: posts small blind $0.50
TheSecretCB: posts big blind $1
*** HOLE CARDS ***
janarr5: raises $1.25 to $2.25
Cositorto: folds 
salcri91: folds 
Aescul@pius: calls $2.25
gig.gyty: folds 
TheSecretCB: folds 
*** FLOP *** [8h 9d As]
janarr5: checks 
Aescul@pius: bets $1.88
janarr5: folds 
Uncalled bet ($1.88) returned to Aescul@pius
Aescul@pius collected $5.70 from pot
Aescul@pius: doesn't show hand 
*** SUMMARY ***
Total pot $6 | Rake $0.30 
Board [8h 9d As]
Seat 1: salcri91 folded before Flop (didn't bet)
Seat 2: Aescul@pius (button) collected ($5.70)
Seat 3: gig.gyty (small blind) folded before Flop
Seat 4: TheSecretCB (big blind) folded before Flop
Seat 5: janarr5 folded on the Flop
Seat 6: Cositorto folded before Flop (didn't bet)



PokerStars Hand #254399865859:  Hold'em No Limit ($0.50/$1.00 USD) - 2025/01/16 17:00:04 WET [2025/01/16 12:00:04 ET]
Table 'Chilton III' 6-max Seat #3 is the button
Seat 1: salcri91 ($57.91 in chips) 
Seat 2: Aescul@pius ($171.91 in chips) 
Seat 3: gig.gyty ($119.13 in chips) 
Seat 4: TheSecretCB ($100.50 in chips) 
Seat 5: janarr5 ($118.69 in chips) 
Seat 6: Cositorto ($131.47 in chips) 
TheSecretCB: posts small blind $0.50
janarr5: posts big blind $1
*** HOLE CARDS ***
Cositorto: folds 
salcri91: raises $1 to $2
Aescul@pius: folds 
gig.gyty: folds 
TheSecretCB: folds 
janarr5: calls $1
*** FLOP *** [4c 4s Qs]
janarr5: checks 
salcri91: bets $2.14
janarr5: folds 
Uncalled bet ($2.14) returned to salcri91
salcri91 collected $4.28 from pot
salcri91: doesn't show hand 
*** SUMMARY ***
Total pot $4.50 | Rake $0.22 
Board [4c 4s Qs]
Seat 1: salcri91 collected ($4.28)
Seat 2: Aescul@pius folded before Flop (didn't bet)
Seat 3: gig.gyty (button) folded before Flop (didn't bet)
Seat 4: TheSecretCB (small blind) folded before Flop
Seat 5: janarr5 (big blind) folded on the Flop
Seat 6: Cositorto folded before Flop (didn't bet)



PokerStars Hand #254399870492:  Hold'em No Limit ($0.50/$1.00 USD) - 2025/01/16 17:00:28 WET [2025/01/16 12:00:28 ET]
Table 'Chilton III' 6-max Seat #4 is the button
Seat 1: salcri91 ($60.19 in chips) 
Seat 2: Aescul@pius ($171.91 in chips) 
Seat 3: gig.gyty ($119.13 in chips) 
Seat 4: TheSecretCB ($100 in chips) 
Seat 5: janarr5 ($116.69 in chips) 
Seat 6: Cositorto ($131.47 in chips) 
janarr5: posts small blind $0.50
Cositorto: posts big blind $1
*** HOLE CARDS ***
salcri91: folds 
Aescul@pius: folds 
gig.gyty: folds 
TheSecretCB: raises $2 to $3
janarr5: folds 
Cositorto: folds 
Uncalled bet ($2) returned to TheSecretCB
TheSecretCB collected $2.50 from pot
TheSecretCB: doesn't show hand 
*** SUMMARY ***
Total pot $2.50 | Rake $0 
Seat 1: salcri91 folded before Flop (didn't bet)
Seat 2: Aescul@pius folded before Flop (didn't bet)
Seat 3: gig.gyty folded before Flop (didn't bet)
Seat 4: TheSecretCB (button) collected ($2.50)
Seat 5: janarr5 (small blind) folded before Flop
Seat 6: Cositorto (big blind) folded before Flop



PokerStars Hand #254399872988:  Hold'em No Limit ($0.50/$1.00 USD) - 2025/01/16 17:00:41 WET [2025/01/16 12:00:41 ET]
Table 'Chilton III' 6-max Seat #5 is the button
Seat 1: salcri91 ($60.19 in chips) 
Seat 2: Aescul@pius ($171.91 in chips) 
Seat 3: gig.gyty ($119.13 in chips) 
Seat 4: TheSecretCB ($101.50 in chips) 
Seat 5: janarr5 ($116.19 in chips) 
Seat 6: Cositorto ($130.47 in chips) 
Cositorto: posts small blind $0.50
salcri91: posts big blind $1
*** HOLE CARDS ***
Aescul@pius: folds 
gig.gyty: folds 
TheSecretCB: folds 
janarr5: folds 
Cositorto: folds 
Uncalled bet ($0.50) returned to salcri91
salcri91 collected $1 from pot
salcri91: doesn't show hand 
*** SUMMARY ***
Total pot $1 | Rake $0 
Seat 1: salcri91 (big blind) collected ($1)
Seat 2: Aescul@pius folded before Flop (didn't bet)
Seat 3: gig.gyty folded before Flop (didn't bet)
Seat 4: TheSecretCB folded before Flop (didn't bet)
Seat 5: janarr5 (button) folded before Flop (didn't bet)
Seat 6: Cositorto (small blind) folded before Flop



PokerStars Hand #254399874501:  Hold'em No Limit ($0.50/$1.00 USD) - 2025/01/16 17:00:49 WET [2025/01/16 12:00:49 ET]
Table 'Chilton III' 6-max Seat #6 is the button
Seat 1: salcri91 ($60.69 in chips) 
Seat 2: Aescul@pius ($171.91 in chips) 
Seat 3: gig.gyty ($119.13 in chips) 
Seat 4: TheSecretCB ($101.50 in chips) 
Seat 5: janarr5 ($116.19 in chips) 
Seat 6: Cositorto ($129.97 in chips) 
salcri91: posts small blind $0.50
Aescul@pius: posts big blind $1
*** HOLE CARDS ***
gig.gyty: folds 
TheSecretCB: folds 
janarr5: raises $1.25 to $2.25
Cositorto: folds 
salcri91: folds 
Aescul@pius: folds 
Uncalled bet ($1.25) returned to janarr5
janarr5 collected $2.50 from pot
janarr5: doesn't show hand 
*** SUMMARY ***
Total pot $2.50 | Rake $0 
Seat 1: salcri91 (small blind) folded before Flop
Seat 2: Aescul@pius (big blind) folded before Flop
Seat 3: gig.gyty folded before Flop (didn't bet)
Seat 4: TheSecretCB folded before Flop (didn't bet)
Seat 5: janarr5 collected ($2.50)
Seat 6: Cositorto (button) folded before Flop (didn't bet)



PokerStars Hand #254399878776:  Hold'em No Limit ($0.50/$1.00 USD) - 2025/01/16 17:01:10 WET [2025/01/16 12:01:10 ET]
Table 'Chilton III' 6-max Seat #1 is the button
Seat 1: salcri91 ($60.19 in chips) 
Seat 2: Aescul@pius ($170.91 in chips) 
Seat 3: gig.gyty ($119.13 in chips) 
Seat 4: TheSecretCB ($101.50 in chips) 
Seat 5: janarr5 ($117.69 in chips) 
Seat 6: Cositorto ($129.97 in chips) 
Aescul@pius: posts small blind $0.50
gig.gyty: posts big blind $1
*** HOLE CARDS ***
TheSecretCB: folds 
janarr5: folds 
Cositorto: folds 
salcri91: raises $1 to $2
Aescul@pius: folds 
gig.gyty: raises $6 to $8
salcri91: folds 
Uncalled bet ($6) returned to gig.gyty
gig.gyty collected $4.50 from pot
gig.gyty: doesn't show hand 
*** SUMMARY ***
Total pot $4.50 | Rake $0 
Seat 1: salcri91 (button) folded before Flop
Seat 2: Aescul@pius (small blind) folded before Flop
Seat 3: gig.gyty (big blind) collected ($4.50)
Seat 4: TheSecretCB folded before Flop (didn't bet)
Seat 5: janarr5 folded before Flop (didn't bet)
Seat 6: Cositorto folded before Flop (didn't bet)



PokerStars Hand #254399885118:  Hold'em No Limit ($0.50/$1.00 USD) - 2025/01/16 17:01:39 WET [2025/01/16 12:01:39 ET]
Table 'Chilton III' 6-max Seat #2 is the button
Seat 1: salcri91 ($58.19 in chips) 
Seat 2: Aescul@pius ($170.41 in chips) 
Seat 3: gig.gyty ($121.63 in chips) 
Seat 4: TheSecretCB ($101.50 in chips) 
Seat 5: janarr5 ($117.69 in chips) 
Seat 6: Cositorto ($129.97 in chips) 
gig.gyty: posts small blind $0.50
TheSecretCB: posts big blind $1
*** HOLE CARDS ***
janarr5: folds 
Cositorto: raises $1 to $2
salcri91: raises $4.50 to $6.50
Aescul@pius: folds 
gig.gyty: folds 
TheSecretCB: folds 
Cositorto: folds 
Uncalled bet ($4.50) returned to salcri91
salcri91 collected $5.50 from pot
salcri91: doesn't show hand 
*** SUMMARY ***
Total pot $5.50 | Rake $0 
Seat 1: salcri91 collected ($5.50)
Seat 2: Aescul@pius (button) folded before Flop (didn't bet)
Seat 3: gig.gyty (small blind) folded before Flop
Seat 4: TheSecretCB (big blind) folded before Flop
Seat 5: janarr5 folded before Flop (didn't bet)
Seat 6: Cositorto folded before Flop



PokerStars Hand #254399890379:  Hold'em No Limit ($0.50/$1.00 USD) - 2025/01/16 17:02:04 WET [2025/01/16 12:02:04 ET]
Table 'Chilton III' 6-max Seat #3 is the button
Seat 1: salcri91 ($61.69 in chips) 
Seat 2: Aescul@pius ($170.41 in chips) 
Seat 3: gig.gyty ($121.13 in chips) 
Seat 4: TheSecretCB ($100.50 in chips) 
Seat 5: janarr5 ($117.69 in chips) 
Seat 6: Cositorto ($127.97 in chips) 
TheSecretCB: posts small blind $0.50
janarr5: posts big blind $1
*** HOLE CARDS ***
Cositorto: folds 
salcri91: folds 
Aescul@pius: raises $1.50 to $2.50
gig.gyty: folds 
TheSecretCB: folds 
janarr5: folds 
Uncalled bet ($1.50) returned to Aescul@pius
Aescul@pius collected $2.50 from pot
Aescul@pius: doesn't show hand 
*** SUMMARY ***
Total pot $2.50 | Rake $0 
Seat 1: salcri91 folded before Flop (didn't bet)
Seat 2: Aescul@pius collected ($2.50)
Seat 3: gig.gyty (button) folded before Flop (didn't bet)
Seat 4: TheSecretCB (small blind) folded before Flop
Seat 5: janarr5 (big blind) folded before Flop
Seat 6: Cositorto folded before Flop (didn't bet)



PokerStars Hand #254399894160:  Hold'em No Limit ($0.50/$1.00 USD) - 2025/01/16 17:02:21 WET [2025/01/16 12:02:21 ET]
Table 'Chilton III' 6-max Seat #4 is the button
Seat 1: salcri91 ($61.69 in chips) 
Seat 2: Aescul@pius ($171.91 in chips) 
Seat 3: gig.gyty ($121.13 in chips) 
Seat 4: TheSecretCB ($100 in chips) 
Seat 5: janarr5 ($116.69 in chips) 
Seat 6: Cositorto ($127.97 in chips) 
janarr5: posts small blind $0.50
Cositorto: posts big blind $1
*** HOLE CARDS ***
salcri91: folds 
Aescul@pius: folds 
gig.gyty: folds 
TheSecretCB: folds 
janarr5: folds 
Uncalled bet ($0.50) returned to Cositorto
Cositorto collected $1 from pot
Cositorto: doesn't show hand 
*** SUMMARY ***
Total pot $1 | Rake $0 
Seat 1: salcri91 folded before Flop (didn't bet)
Seat 2: Aescul@pius folded before Flop (didn't bet)
Seat 3: gig.gyty folded before Flop (didn't bet)
Seat 4: TheSecretCB (button) folded before Flop (didn't bet)
Seat 5: janarr5 (small blind) folded before Flop
Seat 6: Cositorto (big blind) collected ($1)



PokerStars Hand #254399898801:  Hold'em No Limit ($0.50/$1.00 USD) - 2025/01/16 17:02:41 WET [2025/01/16 12:02:41 ET]
Table 'Chilton III' 6-max Seat #5 is the button
Seat 1: salcri91 ($61.69 in chips) 
Seat 2: Aescul@pius ($171.91 in chips) 
Seat 3: gig.gyty ($121.13 in chips) 
Seat 4: TheSecretCB ($100 in chips) 
Seat 5: janarr5 ($116.19 in chips) 
Seat 6: Cositorto ($128.47 in chips) 
Cositorto: posts small blind $0.50
salcri91: posts big blind $1
*** HOLE CARDS ***
Aescul@pius: raises $1.20 to $2.20
gig.gyty: folds 
TheSecretCB: raises $5.80 to $8
janarr5: folds 
Cositorto: folds 
salcri91: folds 
Aescul@pius: folds 
Uncalled bet ($5.80) returned to TheSecretCB
TheSecretCB collected $5.90 from pot
TheSecretCB: doesn't show hand 
*** SUMMARY ***
Total pot $5.90 | Rake $0 
Seat 1: salcri91 (big blind) folded before Flop
Seat 2: Aescul@pius folded before Flop
Seat 3: gig.gyty folded before Flop (didn't bet)
Seat 4: TheSecretCB collected ($5.90)
Seat 5: janarr5 (button) folded before Flop (didn't bet)
Seat 6: Cositorto (small blind) folded before Flop



PokerStars Hand #254399904093:  Hold'em No Limit ($0.50/$1.00 USD) - 2025/01/16 17:03:05 WET [2025/01/16 12:03:05 ET]
Table 'Chilton III' 6-max Seat #6 is the button
Seat 1: salcri91 ($60.69 in chips) 
Seat 2: Aescul@pius ($169.71 in chips) 
Seat 3: gig.gyty ($121.13 in chips) 
Seat 4: TheSecretCB ($103.70 in chips) 
Seat 5: janarr5 ($116.19 in chips) 
Seat 6: Cositorto ($127.97 in chips) 
salcri91: posts small blind $0.50
Aescul@pius: posts big blind $1
*** HOLE CARDS ***
gig.gyty: folds 
TheSecretCB: raises $2 to $3
janarr5: folds 
Cositorto: folds 
salcri91: folds 
Aescul@pius: folds 
Uncalled bet ($2) returned to TheSecretCB
TheSecretCB collected $2.50 from pot
TheSecretCB: doesn't show hand 
*** SUMMARY ***
Total pot $2.50 | Rake $0 
Seat 1: salcri91 (small blind) folded before Flop
Seat 2: Aescul@pius (big blind) folded before Flop
Seat 3: gig.gyty folded before Flop (didn't bet)
Seat 4: TheSecretCB collected ($2.50)
Seat 5: janarr5 folded before Flop (didn't bet)
Seat 6: Cositorto (button) folded before Flop (didn't bet)



PokerStars Hand #254399909255:  Hold'em No Limit ($0.50/$1.00 USD) - 2025/01/16 17:03:27 WET [2025/01/16 12:03:27 ET]
Table 'Chilton III' 6-max Seat #1 is the button
Seat 3: gig.gyty ($121.13 in chips) is sitting out
Seat 1: salcri91 ($60.19 in chips) 
Seat 2: Aescul@pius ($168.71 in chips) 
Seat 4: TheSecretCB ($105.20 in chips) 
Seat 5: janarr5 ($116.19 in chips) 
Seat 6: Cositorto ($127.97 in chips) 
Aescul@pius: posts small blind $0.50
gig.gyty: is sitting out 
TheSecretCB: posts big blind $1
*** HOLE CARDS ***
janarr5: folds 
Cositorto: folds 
gig.gyty leaves the table
salcri91: folds 
Aescul@pius: folds 
Uncalled bet ($0.50) returned to TheSecretCB
TheSecretCB collected $1 from pot
TheSecretCB: doesn't show hand 
*** SUMMARY ***
Total pot $1 | Rake $0 
Seat 3: gig.gyty
Seat 1: salcri91 (button) folded before Flop (didn't bet)
Seat 2: Aescul@pius (small blind) folded before Flop
Seat 4: TheSecretCB (big blind) collected ($1)
Seat 5: janarr5 folded before Flop (didn't bet)
Seat 6: Cositorto folded before Flop (didn't bet)



PokerStars Hand #254399911691:  Hold'em No Limit ($0.50/$1.00 USD) - 2025/01/16 17:03:37 WET [2025/01/16 12:03:37 ET]
Table 'Chilton III' 6-max Seat #2 is the button
Seat 1: salcri91 ($60.19 in chips) 
Seat 2: Aescul@pius ($168.21 in chips) 
Seat 4: TheSecretCB ($105.70 in chips) 
Seat 5: janarr5 ($116.19 in chips) 
Seat 6: Cositorto ($127.97 in chips) 
TheSecretCB: posts small blind $0.50
janarr5: posts big blind $1
*** HOLE CARDS ***
Cositorto: folds 
salcri91: folds 
Aescul@pius: raises $1.50 to $2.50
TheSecretCB: raises $9.50 to $12
janarr5: folds 
Aescul@pius: calls $9.50
*** FLOP *** [6c Td 8d]
TheSecretCB: bets $8.31
Aescul@pius: calls $8.31
*** TURN *** [6c Td 8d] [4d]
TheSecretCB: checks 
Aescul@pius: checks 
*** RIVER *** [6c Td 8d 4d] [Th]
TheSecretCB: checks 
Aescul@pius: bets $29.26
z00mba joins the table at seat #3 
z00mba leaves the table
TheSecretCB: folds 
Uncalled bet ($29.26) returned to Aescul@pius
Aescul@pius collected $39.54 from pot
Aescul@pius: doesn't show hand 
*** SUMMARY ***
Total pot $41.62 | Rake $2.08 
Board [6c Td 8d 4d Th]
Seat 1: salcri91 folded before Flop (didn't bet)
Seat 2: Aescul@pius (button) collected ($39.54)
Seat 4: TheSecretCB (small blind) folded on the River
Seat 5: janarr5 (big blind) folded before Flop
Seat 6: Cositorto folded before Flop (didn't bet)



PokerStars Hand #254399933265:  Hold'em No Limit ($0.50/$1.00 USD) - 2025/01/16 17:05:11 WET [2025/01/16 12:05:11 ET]
Table 'Chilton III' 6-max Seat #4 is the button
Seat 1: salcri91 ($60.19 in chips) 
Seat 2: Aescul@pius ($187.44 in chips) 
Seat 4: TheSecretCB ($100 in chips) 
Seat 5: janarr5 ($115.19 in chips) 
Seat 6: Cositorto ($127.97 in chips) 
janarr5: posts small blind $0.50
Cositorto: posts big blind $1
*** HOLE CARDS ***
salcri91: folds 
newfie2829 joins the table at seat #3 
newfie2829 is disconnected 
Aescul@pius: folds 
TheSecretCB: raises $2 to $3
janarr5: folds 
Cositorto: folds 
Uncalled bet ($2) returned to TheSecretCB
TheSecretCB collected $2.50 from pot
TheSecretCB: doesn't show hand 
*** SUMMARY ***
Total pot $2.50 | Rake $0 
Seat 1: salcri91 folded before Flop (didn't bet)
Seat 2: Aescul@pius folded before Flop (didn't bet)
Seat 4: TheSecretCB (button) collected ($2.50)
Seat 5: janarr5 (small blind) folded before Flop
Seat 6: Cositorto (big blind) folded before Flop



PokerStars Hand #254399937004:  Hold'em No Limit ($0.50/$1.00 USD) - 2025/01/16 17:05:27 WET [2025/01/16 12:05:27 ET]
Table 'Chilton III' 6-max Seat #5 is the button
Seat 3: newfie2829 ($67.38 in chips) is sitting out
Seat 1: salcri91 ($60.19 in chips) 
Seat 2: Aescul@pius ($187.44 in chips) 
Seat 4: TheSecretCB ($101.50 in chips) 
Seat 5: janarr5 ($114.69 in chips) 
Seat 6: Cositorto ($126.97 in chips) 
Cositorto: posts small blind $0.50
salcri91: posts big blind $1
newfie2829: sits out 
*** HOLE CARDS ***
newfie2829 is disconnected 
Aescul@pius: folds 
TheSecretCB: raises $2 to $3
janarr5: folds 
Cositorto: folds 
salcri91: folds 
Uncalled bet ($2) returned to TheSecretCB
TheSecretCB collected $2.50 from pot
TheSecretCB: doesn't show hand 
*** SUMMARY ***
Total pot $2.50 | Rake $0 
Seat 3: newfie2829
Seat 1: salcri91 (big blind) folded before Flop
Seat 2: Aescul@pius folded before Flop (didn't bet)
Seat 4: TheSecretCB collected ($2.50)
Seat 5: janarr5 (button) folded before Flop (didn't bet)
Seat 6: Cositorto (small blind) folded before Flop



PokerStars Hand #254399944092:  Hold'em No Limit ($0.50/$1.00 USD) - 2025/01/16 17:05:57 WET [2025/01/16 12:05:57 ET]
Table 'Chilton III' 6-max Seat #6 is the button
Seat 1: salcri91 ($59.19 in chips) 
Seat 2: Aescul@pius ($187.44 in chips) 
Seat 3: newfie2829 ($67.38 in chips) 
Seat 4: TheSecretCB ($103 in chips) 
Seat 5: janarr5 ($114.69 in chips) 
Seat 6: Cositorto ($126.47 in chips) 
salcri91: posts small blind $0.50
Aescul@pius: posts big blind $1
newfie2829: posts big blind $1
*** HOLE CARDS ***
newfie2829: checks 
TheSecretCB: folds 
janarr5: folds 
Cositorto: folds 
salcri91: folds 
Aescul@pius: checks 
*** FLOP *** [Jd 5s Ts]
Aescul@pius: checks 
newfie2829: bets $1.19
Aescul@pius: folds 
Uncalled bet ($1.19) returned to newfie2829
newfie2829 collected $2.38 from pot
*** SUMMARY ***
Total pot $2.50 | Rake $0.12 
Board [Jd 5s Ts]
Seat 1: salcri91 (small blind) folded before Flop
Seat 2: Aescul@pius (big blind) folded on the Flop
Seat 3: newfie2829 collected ($2.38)
Seat 4: TheSecretCB folded before Flop (didn't bet)
Seat 5: janarr5 folded before Flop (didn't bet)
Seat 6: Cositorto (button) folded before Flop (didn't bet)



PokerStars Hand #254399956325:  Hold'em No Limit ($0.50/$1.00 USD) - 2025/01/16 17:06:50 WET [2025/01/16 12:06:50 ET]
Table 'Chilton III' 6-max Seat #1 is the button
Seat 1: salcri91 ($58.69 in chips) 
Seat 2: Aescul@pius ($186.44 in chips) 
Seat 3: newfie2829 ($68.76 in chips) 
Seat 4: TheSecretCB ($103 in chips) 
Seat 5: janarr5 ($114.69 in chips) 
Seat 6: Cositorto ($126.47 in chips) 
Aescul@pius: posts small blind $0.50
newfie2829: posts big blind $1
*** HOLE CARDS ***
TheSecretCB: folds 
janarr5: raises $1.25 to $2.25
Cositorto: folds 
salcri91: folds 
Aescul@pius: folds 
newfie2829: calls $1.25
*** FLOP *** [9c Kh 3d]
newfie2829: checks 
janarr5: bets $1.57
newfie2829: folds 
Uncalled bet ($1.57) returned to janarr5
janarr5 collected $4.75 from pot
janarr5: doesn't show hand 
*** SUMMARY ***
Total pot $5 | Rake $0.25 
Board [9c Kh 3d]
Seat 1: salcri91 (button) folded before Flop (didn't bet)
Seat 2: Aescul@pius (small blind) folded before Flop
Seat 3: newfie2829 (big blind) folded on the Flop
Seat 4: TheSecretCB folded before Flop (didn't bet)
Seat 5: janarr5 collected ($4.75)
Seat 6: Cositorto folded before Flop (didn't bet)



PokerStars Hand #254399960522:  Hold'em No Limit ($0.50/$1.00 USD) - 2025/01/16 17:07:07 WET [2025/01/16 12:07:07 ET]
Table 'Chilton III' 6-max Seat #2 is the button
Seat 1: salcri91 ($58.69 in chips) 
Seat 2: Aescul@pius ($185.94 in chips) 
Seat 3: newfie2829 ($66.51 in chips) 
Seat 4: TheSecretCB ($103 in chips) 
Seat 5: janarr5 ($117.19 in chips) 
Seat 6: Cositorto ($126.47 in chips) 
newfie2829: posts small blind $0.50
TheSecretCB: posts big blind $1
*** HOLE CARDS ***
janarr5: folds 
Cositorto: folds 
salcri91: folds 
Aescul@pius: folds 
newfie2829: calls $0.50
TheSecretCB: checks 
*** FLOP *** [5d Jh 8d]
newfie2829: checks 
TheSecretCB: checks 
*** TURN *** [5d Jh 8d] [Kc]
newfie2829: checks 
TheSecretCB: bets $2
newfie2829: folds 
Uncalled bet ($2) returned to TheSecretCB
TheSecretCB collected $1.90 from pot
TheSecretCB: doesn't show hand 
*** SUMMARY ***
Total pot $2 | Rake $0.10 
Board [5d Jh 8d Kc]
Seat 1: salcri91 folded before Flop (didn't bet)
Seat 2: Aescul@pius (button) folded before Flop (didn't bet)
Seat 3: newfie2829 (small blind) folded on the Turn
Seat 4: TheSecretCB (big blind) collected ($1.90)
Seat 5: janarr5 folded before Flop (didn't bet)
Seat 6: Cositorto folded before Flop (didn't bet)



PokerStars Hand #254399965814:  Hold'em No Limit ($0.50/$1.00 USD) - 2025/01/16 17:07:30 WET [2025/01/16 12:07:30 ET]
Table 'Chilton III' 6-max Seat #3 is the button
Seat 1: salcri91 ($58.69 in chips) 
Seat 2: Aescul@pius ($185.94 in chips) 
Seat 3: newfie2829 ($65.51 in chips) 
Seat 4: TheSecretCB ($103.90 in chips) 
Seat 5: janarr5 ($117.19 in chips) 
Seat 6: Cositorto ($126.47 in chips) 
TheSecretCB: posts small blind $0.50
janarr5: posts big blind $1
*** HOLE CARDS ***
Cositorto: raises $1 to $2
salcri91: folds 
Aescul@pius: folds 
newfie2829: folds 
TheSecretCB: folds 
janarr5: folds 
Uncalled bet ($1) returned to Cositorto
Cositorto collected $2.50 from pot
Cositorto: doesn't show hand 
*** SUMMARY ***
Total pot $2.50 | Rake $0 
Seat 1: salcri91 folded before Flop (didn't bet)
Seat 2: Aescul@pius folded before Flop (didn't bet)
Seat 3: newfie2829 (button) folded before Flop (didn't bet)
Seat 4: TheSecretCB (small blind) folded before Flop
Seat 5: janarr5 (big blind) folded before Flop
Seat 6: Cositorto collected ($2.50)



PokerStars Hand #254399971494:  Hold'em No Limit ($0.50/$1.00 USD) - 2025/01/16 17:07:54 WET [2025/01/16 12:07:54 ET]
Table 'Chilton III' 6-max Seat #4 is the button
Seat 1: salcri91 ($58.69 in chips) 
Seat 2: Aescul@pius ($185.94 in chips) 
Seat 3: newfie2829 ($65.51 in chips) 
Seat 4: TheSecretCB ($103.40 in chips) 
Seat 5: janarr5 ($116.19 in chips) 
Seat 6: Cositorto ($127.97 in chips) 
janarr5: posts small blind $0.50
Cositorto: posts big blind $1
*** HOLE CARDS ***
salcri91: folds 
Aescul@pius: folds 
newfie2829: folds 
TheSecretCB: raises $2 to $3
janarr5: raises $9 to $12
Cositorto: folds 
TheSecretCB: raises $14 to $26
janarr5: folds 
Uncalled bet ($14) returned to TheSecretCB
TheSecretCB collected $25 from pot
TheSecretCB: doesn't show hand 
*** SUMMARY ***
Total pot $25 | Rake $0 
Seat 1: salcri91 folded before Flop (didn't bet)
Seat 2: Aescul@pius folded before Flop (didn't bet)
Seat 3: newfie2829 folded before Flop (didn't bet)
Seat 4: TheSecretCB (button) collected ($25)
Seat 5: janarr5 (small blind) folded before Flop
Seat 6: Cositorto (big blind) folded before Flop



PokerStars Hand #254399980850:  Hold'em No Limit ($0.50/$1.00 USD) - 2025/01/16 17:08:33 WET [2025/01/16 12:08:33 ET]
Table 'Chilton III' 6-max Seat #5 is the button
Seat 1: salcri91 ($58.69 in chips) 
Seat 2: Aescul@pius ($185.94 in chips) 
Seat 3: newfie2829 ($65.51 in chips) 
Seat 4: TheSecretCB ($116.40 in chips) 
Seat 5: janarr5 ($104.19 in chips) 
Seat 6: Cositorto ($126.97 in chips) 
Cositorto: posts small blind $0.50
salcri91: posts big blind $1
*** HOLE CARDS ***
Aescul@pius: folds 
newfie2829: folds 
TheSecretCB: folds 
janarr5: folds 
Cositorto: folds 
Uncalled bet ($0.50) returned to salcri91
salcri91 collected $1 from pot
salcri91: doesn't show hand 
*** SUMMARY ***
Total pot $1 | Rake $0 
Seat 1: salcri91 (big blind) collected ($1)
Seat 2: Aescul@pius folded before Flop (didn't bet)
Seat 3: newfie2829 folded before Flop (didn't bet)
Seat 4: TheSecretCB folded before Flop (didn't bet)
Seat 5: janarr5 (button) folded before Flop (didn't bet)
Seat 6: Cositorto (small blind) folded before Flop



PokerStars Hand #254399983175:  Hold'em No Limit ($0.50/$1.00 USD) - 2025/01/16 17:08:43 WET [2025/01/16 12:08:43 ET]
Table 'Chilton III' 6-max Seat #6 is the button
Seat 1: salcri91 ($59.19 in chips) 
Seat 2: Aescul@pius ($185.94 in chips) 
Seat 3: newfie2829 ($65.51 in chips) 
Seat 4: TheSecretCB ($116.40 in chips) 
Seat 5: janarr5 ($104.19 in chips) 
Seat 6: Cositorto ($126.47 in chips) 
salcri91: posts small blind $0.50
Aescul@pius: posts big blind $1
*** HOLE CARDS ***
newfie2829: folds 
TheSecretCB: folds 
janarr5: folds 
Cositorto: folds 
salcri91: folds 
Uncalled bet ($0.50) returned to Aescul@pius
Aescul@pius collected $1 from pot
Aescul@pius: doesn't show hand 
*** SUMMARY ***
Total pot $1 | Rake $0 
Seat 1: salcri91 (small blind) folded before Flop
Seat 2: Aescul@pius (big blind) collected ($1)
Seat 3: newfie2829 folded before Flop (didn't bet)
Seat 4: TheSecretCB folded before Flop (didn't bet)
Seat 5: janarr5 folded before Flop (didn't bet)
Seat 6: Cositorto (button) folded before Flop (didn't bet)



PokerStars Hand #254399986622:  Hold'em No Limit ($0.50/$1.00 USD) - 2025/01/16 17:08:58 WET [2025/01/16 12:08:58 ET]
Table 'Chilton III' 6-max Seat #1 is the button
Seat 1: salcri91 ($58.69 in chips) 
Seat 2: Aescul@pius ($186.44 in chips) 
Seat 3: newfie2829 ($65.51 in chips) 
Seat 4: TheSecretCB ($116.40 in chips) 
Seat 5: janarr5 ($104.19 in chips) 
Seat 6: Cositorto ($126.47 in chips) 
Aescul@pius: posts small blind $0.50
newfie2829: posts big blind $1
*** HOLE CARDS ***
TheSecretCB: raises $2 to $3
janarr5: folds 
Cositorto: folds 
salcri91: folds 
Aescul@pius: folds 
newfie2829: calls $2
*** FLOP *** [Tc Jh As]
newfie2829: checks 
TheSecretCB: bets $2.16
newfie2829: calls $2.16
*** TURN *** [Tc Jh As] [Ts]
newfie2829: checks 
TheSecretCB: bets $7.71
newfie2829: calls $7.71
*** RIVER *** [Tc Jh As Ts] [9c]
newfie2829: checks 
TheSecretCB: bets $23
newfie2829: folds 
Uncalled bet ($23) returned to TheSecretCB
TheSecretCB collected $24.93 from pot
TheSecretCB: doesn't show hand 
*** SUMMARY ***
Total pot $26.24 | Rake $1.31 
Board [Tc Jh As Ts 9c]
Seat 1: salcri91 (button) folded before Flop (didn't bet)
Seat 2: Aescul@pius (small blind) folded before Flop
Seat 3: newfie2829 (big blind) folded on the River
Seat 4: TheSecretCB collected ($24.93)
Seat 5: janarr5 folded before Flop (didn't bet)
Seat 6: Cositorto folded before Flop (didn't bet)



PokerStars Hand #254399997982:  Hold'em No Limit ($0.50/$1.00 USD) - 2025/01/16 17:09:46 WET [2025/01/16 12:09:46 ET]
Table 'Chilton III' 6-max Seat #2 is the button
Seat 1: salcri91 ($58.69 in chips) 
Seat 2: Aescul@pius ($185.94 in chips) 
Seat 3: newfie2829 ($52.64 in chips) 
Seat 4: TheSecretCB ($128.46 in chips) 
Seat 5: janarr5 ($104.19 in chips) 
Seat 6: Cositorto ($126.47 in chips) 
newfie2829: posts small blind $0.50
TheSecretCB: posts big blind $1
*** HOLE CARDS ***
janarr5: raises $1.25 to $2.25
Cositorto: folds 
salcri91: folds 
Aescul@pius: folds 
newfie2829: calls $1.75
TheSecretCB: calls $1.25
*** FLOP *** [8c 7s 8s]
newfie2829: checks 
TheSecretCB: checks 
janarr5: checks 
*** TURN *** [8c 7s 8s] [2s]
newfie2829: checks 
TheSecretCB: bets $4.81
janarr5: calls $4.81
newfie2829: folds 
*** RIVER *** [8c 7s 8s 2s] [6s]
TheSecretCB: checks 
janarr5: bets $10.26
TheSecretCB: calls $10.26
*** SHOW DOWN ***
janarr5: shows [Js Ks] (a flush, King high)
TheSecretCB: mucks hand 
janarr5 collected $35.05 from pot
*** SUMMARY ***
Total pot $36.89 | Rake $1.84 
Board [8c 7s 8s 2s 6s]
Seat 1: salcri91 folded before Flop (didn't bet)
Seat 2: Aescul@pius (button) folded before Flop (didn't bet)
Seat 3: newfie2829 (small blind) folded on the Turn
Seat 4: TheSecretCB (big blind) mucked
Seat 5: janarr5 showed [Js Ks] and won ($35.05) with a flush, King high
Seat 6: Cositorto folded before Flop (didn't bet)



PokerStars Hand #254400009186:  Hold'em No Limit ($0.50/$1.00 USD) - 2025/01/16 17:10:32 WET [2025/01/16 12:10:32 ET]
Table 'Chilton III' 6-max Seat #3 is the button
Seat 1: salcri91 ($58.69 in chips) 
Seat 2: Aescul@pius ($185.94 in chips) 
Seat 3: newfie2829 ($50.39 in chips) 
Seat 4: TheSecretCB ($111.14 in chips) 
Seat 5: janarr5 ($121.92 in chips) 
Seat 6: Cositorto ($126.47 in chips) 
TheSecretCB: posts small blind $0.50
janarr5: posts big blind $1
*** HOLE CARDS ***
Cositorto: folds 
salcri91: raises $2.50 to $3.50
Aescul@pius: folds 
newfie2829: folds 
TheSecretCB: calls $3
janarr5: folds 
*** FLOP *** [7h Qd Qh]
TheSecretCB: checks 
salcri91: bets $4
TheSecretCB: calls $4
*** TURN *** [7h Qd Qh] [7s]
TheSecretCB: checks 
salcri91: bets $7.60
TheSecretCB: raises $10.40 to $18
salcri91: calls $10.40
*** RIVER *** [7h Qd Qh 7s] [5d]
TheSecretCB: bets $74.25
salcri91: calls $33.19 and is all-in
Uncalled bet ($41.06) returned to TheSecretCB
*** SHOW DOWN ***
TheSecretCB: shows [Th Ah] (two pair, Queens and Sevens)
salcri91: shows [Kc Ks] (two pair, Kings and Queens)
salcri91 collected $115.88 from pot
*** SUMMARY ***
Total pot $118.38 | Rake $2.50 
Board [7h Qd Qh 7s 5d]
Seat 1: salcri91 showed [Kc Ks] and won ($115.88) with two pair, Kings and Queens
Seat 2: Aescul@pius folded before Flop (didn't bet)
Seat 3: newfie2829 (button) folded before Flop (didn't bet)
Seat 4: TheSecretCB (small blind) showed [Th Ah] and lost with two pair, Queens and Sevens
Seat 5: janarr5 (big blind) folded before Flop
Seat 6: Cositorto folded before Flop (didn't bet)



PokerStars Hand #254400020001:  Hold'em No Limit ($0.50/$1.00 USD) - 2025/01/16 17:11:17 WET [2025/01/16 12:11:17 ET]
Table 'Chilton III' 6-max Seat #4 is the button
Seat 1: salcri91 ($115.88 in chips) 
Seat 2: Aescul@pius ($185.94 in chips) 
Seat 3: newfie2829 ($50.39 in chips) 
Seat 4: TheSecretCB ($100 in chips) 
Seat 5: janarr5 ($120.92 in chips) 
Seat 6: Cositorto ($126.47 in chips) 
janarr5: posts small blind $0.50
Cositorto: posts big blind $1
*** HOLE CARDS ***
salcri91: folds 
Aescul@pius: folds 
newfie2829: calls $1
TheSecretCB: raises $3 to $4
janarr5: folds 
Cositorto: folds 
newfie2829: folds 
Uncalled bet ($3) returned to TheSecretCB
TheSecretCB collected $3.50 from pot
TheSecretCB: doesn't show hand 
*** SUMMARY ***
Total pot $3.50 | Rake $0 
Seat 1: salcri91 folded before Flop (didn't bet)
Seat 2: Aescul@pius folded before Flop (didn't bet)
Seat 3: newfie2829 folded before Flop
Seat 4: TheSecretCB (button) collected ($3.50)
Seat 5: janarr5 (small blind) folded before Flop
Seat 6: Cositorto (big blind) folded before Flop



PokerStars Hand #254400024841:  Hold'em No Limit ($0.50/$1.00 USD) - 2025/01/16 17:11:37 WET [2025/01/16 12:11:37 ET]
Table 'Chilton III' 6-max Seat #5 is the button
Seat 1: salcri91 ($115.88 in chips) 
Seat 2: Aescul@pius ($185.94 in chips) 
Seat 3: newfie2829 ($49.39 in chips) 
Seat 4: TheSecretCB ($102.50 in chips) 
Seat 5: janarr5 ($120.42 in chips) 
Seat 6: Cositorto ($125.47 in chips) 
Cositorto: posts small blind $0.50
salcri91: posts big blind $1
*** HOLE CARDS ***
Aescul@pius: raises $1.20 to $2.20
newfie2829: folds 
TheSecretCB: folds 
janarr5: folds 
Cositorto: folds 
salcri91: folds 
Uncalled bet ($1.20) returned to Aescul@pius
Aescul@pius collected $2.50 from pot
Aescul@pius: doesn't show hand 
*** SUMMARY ***
Total pot $2.50 | Rake $0 
Seat 1: salcri91 (big blind) folded before Flop
Seat 2: Aescul@pius collected ($2.50)
Seat 3: newfie2829 folded before Flop (didn't bet)
Seat 4: TheSecretCB folded before Flop (didn't bet)
Seat 5: janarr5 (button) folded before Flop (didn't bet)
Seat 6: Cositorto (small blind) folded before Flop



PokerStars Hand #254400030973:  Hold'em No Limit ($0.50/$1.00 USD) - 2025/01/16 17:12:02 WET [2025/01/16 12:12:02 ET]
Table 'Chilton III' 6-max Seat #6 is the button
Seat 2: Aescul@pius ($187.44 in chips) is sitting out
Seat 1: salcri91 ($114.88 in chips) 
Seat 3: newfie2829 ($49.39 in chips) 
Seat 4: TheSecretCB ($102.50 in chips) 
Seat 5: janarr5 ($120.42 in chips) 
Seat 6: Cositorto ($124.97 in chips) 
salcri91: posts small blind $0.50
Aescul@pius: is sitting out 
newfie2829: posts big blind $1
*** HOLE CARDS ***
TheSecretCB: folds 
janarr5: raises $1.25 to $2.25
Aescul@pius leaves the table
Cositorto: folds 
salcri91: calls $1.75
newfie2829: calls $1.25
*** FLOP *** [Qc 9d 3h]
salcri91: checks 
newfie2829: checks 
janarr5: bets $4.23
salcri91: folds 
newfie2829: folds 
Uncalled bet ($4.23) returned to janarr5
janarr5 collected $6.41 from pot
janarr5: doesn't show hand 
*** SUMMARY ***
Total pot $6.75 | Rake $0.34 
Board [Qc 9d 3h]
Seat 2: Aescul@pius
Seat 1: salcri91 (small blind) folded on the Flop
Seat 3: newfie2829 (big blind) folded on the Flop
Seat 4: TheSecretCB folded before Flop (didn't bet)
Seat 5: janarr5 collected ($6.41)
Seat 6: Cositorto (button) folded before Flop (didn't bet)



PokerStars Hand #254400037895:  Hold'em No Limit ($0.50/$1.00 USD) - 2025/01/16 17:12:30 WET [2025/01/16 12:12:30 ET]
Table 'Chilton III' 6-max Seat #1 is the button
Seat 1: salcri91 ($112.63 in chips) 
Seat 3: newfie2829 ($47.14 in chips) 
Seat 4: TheSecretCB ($102.50 in chips) 
Seat 5: janarr5 ($124.58 in chips) 
Seat 6: Cositorto ($124.97 in chips) 
newfie2829: posts small blind $0.50
TheSecretCB: posts big blind $1
*** HOLE CARDS ***
janarr5: folds 
Cositorto: folds 
salcri91: folds 
newfie2829: calls $0.50
TheSecretCB: checks 
*** FLOP *** [Qd Ah Ts]
newfie2829: bets $1.90
TheSecretCB: folds 
Uncalled bet ($1.90) returned to newfie2829
newfie2829 collected $1.90 from pot
*** SUMMARY ***
Total pot $2 | Rake $0.10 
Board [Qd Ah Ts]
Seat 1: salcri91 (button) folded before Flop (didn't bet)
Seat 3: newfie2829 (small blind) collected ($1.90)
Seat 4: TheSecretCB (big blind) folded on the Flop
Seat 5: janarr5 folded before Flop (didn't bet)
Seat 6: Cositorto folded before Flop (didn't bet)



PokerStars Hand #254400044110:  Hold'em No Limit ($0.50/$1.00 USD) - 2025/01/16 17:12:55 WET [2025/01/16 12:12:55 ET]
Table 'Chilton III' 6-max Seat #3 is the button
Seat 1: salcri91 ($112.63 in chips) 
Seat 3: newfie2829 ($48.04 in chips) 
Seat 4: TheSecretCB ($101.50 in chips) 
Seat 5: janarr5 ($124.58 in chips) 
Seat 6: Cositorto ($124.97 in chips) 
TheSecretCB: posts small blind $0.50
janarr5: posts big blind $1
*** HOLE CARDS ***
Cositorto: folds 
salcri91: folds 
newfie2829: folds 
TheSecretCB: folds 
Uncalled bet ($0.50) returned to janarr5
janarr5 collected $1 from pot
blistein joins the table at seat #2 
janarr5: doesn't show hand 
*** SUMMARY ***
Total pot $1 | Rake $0 
Seat 1: salcri91 folded before Flop (didn't bet)
Seat 3: newfie2829 (button) folded before Flop (didn't bet)
Seat 4: TheSecretCB (small blind) folded before Flop
Seat 5: janarr5 (big blind) collected ($1)
Seat 6: Cositorto folded before Flop (didn't bet)



PokerStars Hand #254400045968:  Hold'em No Limit ($0.50/$1.00 USD) - 2025/01/16 17:13:03 WET [2025/01/16 12:13:03 ET]
Table 'Chilton III' 6-max Seat #4 is the button
Seat 2: blistein ($100 in chips) is sitting out
Seat 1: salcri91 ($112.63 in chips) 
Seat 3: newfie2829 ($48.04 in chips) 
Seat 4: TheSecretCB ($101 in chips) 
Seat 5: janarr5 ($125.08 in chips) 
Seat 6: Cositorto ($124.97 in chips) 
janarr5: posts small blind $0.50
Cositorto: posts big blind $1
blistein: sits out 
*** HOLE CARDS ***
salcri91: folds 
newfie2829: raises $1 to $2
TheSecretCB: folds 
janarr5: raises $6 to $8
Cositorto: raises $14 to $22
newfie2829: folds 
janarr5: folds 
Uncalled bet ($14) returned to Cositorto
Cositorto collected $18 from pot
Cositorto: doesn't show hand 
*** SUMMARY ***
Total pot $18 | Rake $0 
Seat 2: blistein
Seat 1: salcri91 folded before Flop (didn't bet)
Seat 3: newfie2829 folded before Flop
Seat 4: TheSecretCB (button) folded before Flop (didn't bet)
Seat 5: janarr5 (small blind) folded before Flop
Seat 6: Cositorto (big blind) collected ($18)



PokerStars Hand #254400053323:  Hold'em No Limit ($0.50/$1.00 USD) - 2025/01/16 17:13:33 WET [2025/01/16 12:13:33 ET]
Table 'Chilton III' 6-max Seat #5 is the button
Seat 2: blistein ($100 in chips) is sitting out
Seat 1: salcri91 ($112.63 in chips) 
Seat 3: newfie2829 ($46.04 in chips) 
Seat 4: TheSecretCB ($101 in chips) 
Seat 5: janarr5 ($117.08 in chips) 
Seat 6: Cositorto ($134.97 in chips) 
Cositorto: posts small blind $0.50
salcri91: posts big blind $1
blistein is disconnected 
blistein has timed out while disconnected
blistein: is sitting out 
*** HOLE CARDS ***
newfie2829: calls $1
TheSecretCB: folds 
janarr5: folds 
Cositorto: calls $0.50
salcri91: checks 
*** FLOP *** [3s 5s Jc]
Cositorto: checks 
salcri91: bets $1
newfie2829: calls $1
Cositorto: folds 
*** TURN *** [3s 5s Jc] [4s]
salcri91: bets $2
newfie2829: calls $2
*** RIVER *** [3s 5s Jc 4s] [8h]
salcri91: checks 
newfie2829: checks 
*** SHOW DOWN ***
salcri91: shows [As 4c] (a pair of Fours)
newfie2829: mucks hand 
salcri91 collected $8.55 from pot
*** SUMMARY ***
Total pot $9 | Rake $0.45 
Board [3s 5s Jc 4s 8h]
Seat 2: blistein
Seat 1: salcri91 (big blind) showed [As 4c] and won ($8.55) with a pair of Fours
Seat 3: newfie2829 mucked
Seat 4: TheSecretCB folded before Flop (didn't bet)
Seat 5: janarr5 (button) folded before Flop (didn't bet)
Seat 6: Cositorto (small blind) folded on the Flop



PokerStars Hand #254400064175:  Hold'em No Limit ($0.50/$1.00 USD) - 2025/01/16 17:14:17 WET [2025/01/16 12:14:17 ET]
Table 'Chilton III' 6-max Seat #6 is the button
Seat 1: salcri91 ($117.18 in chips) 
Seat 2: blistein ($100 in chips) 
Seat 3: newfie2829 ($42.04 in chips) 
Seat 4: TheSecretCB ($101 in chips) 
Seat 5: janarr5 ($117.08 in chips) 
Seat 6: Cositorto ($133.97 in chips) 
salcri91: posts small blind $0.50
blistein: posts big blind $1
*** HOLE CARDS ***
newfie2829: folds 
TheSecretCB: folds 
janarr5: folds 
Cositorto: raises $1.50 to $2.50
salcri91: folds 
blistein: calls $1.50
*** FLOP *** [8s Ah Qc]
blistein: checks 
Cositorto: bets $5.22
blistein: calls $5.22
*** TURN *** [8s Ah Qc] [5d]
janarr5 leaves the table
blistein: checks 
fobot21 joins the table at seat #5 
Cositorto: bets $18.17
blistein: folds 
Uncalled bet ($18.17) returned to Cositorto
Cositorto collected $15.14 from pot
Cositorto: doesn't show hand 
*** SUMMARY ***
Total pot $15.94 | Rake $0.80 
Board [8s Ah Qc 5d]
Seat 1: salcri91 (small blind) folded before Flop
Seat 2: blistein (big blind) folded on the Turn
Seat 3: newfie2829 folded before Flop (didn't bet)
Seat 4: TheSecretCB folded before Flop (didn't bet)
Seat 5: janarr5 folded before Flop (didn't bet)
Seat 6: Cositorto (button) collected ($15.14)



PokerStars Hand #254400082756:  Hold'em No Limit ($0.50/$1.00 USD) - 2025/01/16 17:15:32 WET [2025/01/16 12:15:32 ET]
Table 'Chilton III' 6-max Seat #1 is the button
Seat 5: fobot21 ($100 in chips) is sitting out
Seat 1: salcri91 ($116.68 in chips) 
Seat 2: blistein ($100 in chips) 
Seat 3: newfie2829 ($42.04 in chips) 
Seat 4: TheSecretCB ($101 in chips) 
Seat 6: Cositorto ($141.39 in chips) 
blistein: posts small blind $0.50
newfie2829: posts big blind $1
fobot21: sits out 
*** HOLE CARDS ***
TheSecretCB: folds 
Cositorto: raises $1 to $2
salcri91: folds 
blistein: folds 
newfie2829: calls $1
*** FLOP *** [Qd 2s 5d]
newfie2829: checks 
Cositorto: bets $1.16
newfie2829: calls $1.16
*** TURN *** [Qd 2s 5d] [9d]
newfie2829: checks 
Cositorto: bets $3.24
newfie2829: folds 
Uncalled bet ($3.24) returned to Cositorto
Cositorto collected $6.48 from pot
Cositorto: doesn't show hand 
*** SUMMARY ***
Total pot $6.82 | Rake $0.34 
Board [Qd 2s 5d 9d]
Seat 5: fobot21
Seat 1: salcri91 (button) folded before Flop (didn't bet)
Seat 2: blistein (small blind) folded before Flop
Seat 3: newfie2829 (big blind) folded on the Turn
Seat 4: TheSecretCB folded before Flop (didn't bet)
Seat 6: Cositorto collected ($6.48)



PokerStars Hand #254400090156:  Hold'em No Limit ($0.50/$1.00 USD) - 2025/01/16 17:16:03 WET [2025/01/16 12:16:03 ET]
Table 'Chilton III' 6-max Seat #2 is the button
Seat 5: fobot21 ($100 in chips) is sitting out
Seat 1: salcri91 ($116.68 in chips) 
Seat 2: blistein ($100 in chips) 
Seat 3: newfie2829 ($38.88 in chips) 
Seat 4: TheSecretCB ($101 in chips) 
Seat 6: Cositorto ($144.71 in chips) 
newfie2829: posts small blind $0.50
TheSecretCB: posts big blind $1
fobot21: sits out 
*** HOLE CARDS ***
Cositorto: folds 
salcri91: folds 
blistein: folds 
newfie2829: calls $0.50
TheSecretCB: raises $2 to $3
newfie2829: folds 
Uncalled bet ($2) returned to TheSecretCB
TheSecretCB collected $2 from pot
TheSecretCB: doesn't show hand 
*** SUMMARY ***
Total pot $2 | Rake $0 
Seat 5: fobot21
Seat 1: salcri91 folded before Flop (didn't bet)
Seat 2: blistein (button) folded before Flop (didn't bet)
Seat 3: newfie2829 (small blind) folded before Flop
Seat 4: TheSecretCB (big blind) collected ($2)
Seat 6: Cositorto folded before Flop (didn't bet)



PokerStars Hand #254400095520:  Hold'em No Limit ($0.50/$1.00 USD) - 2025/01/16 17:16:24 WET [2025/01/16 12:16:24 ET]
Table 'Chilton III' 6-max Seat #3 is the button
Seat 1: salcri91 ($116.68 in chips) 
Seat 2: blistein ($100 in chips) 
Seat 3: newfie2829 ($37.88 in chips) 
Seat 4: TheSecretCB ($102 in chips) 
Seat 5: fobot21 ($100 in chips) 
Seat 6: Cositorto ($144.71 in chips) 
TheSecretCB: posts small blind $0.50
fobot21: posts big blind $1
*** HOLE CARDS ***
Cositorto: folds 
salcri91: folds 
blistein: folds 
newfie2829: folds 
TheSecretCB: raises $2 to $3
fobot21: folds 
Uncalled bet ($2) returned to TheSecretCB
TheSecretCB collected $2 from pot
TheSecretCB: doesn't show hand 
*** SUMMARY ***
Total pot $2 | Rake $0 
Seat 1: salcri91 folded before Flop (didn't bet)
Seat 2: blistein folded before Flop (didn't bet)
Seat 3: newfie2829 (button) folded before Flop (didn't bet)
Seat 4: TheSecretCB (small blind) collected ($2)
Seat 5: fobot21 (big blind) folded before Flop
Seat 6: Cositorto folded before Flop (didn't bet)



PokerStars Hand #254400098707:  Hold'em No Limit ($0.50/$1.00 USD) - 2025/01/16 17:16:37 WET [2025/01/16 12:16:37 ET]
Table 'Chilton III' 6-max Seat #4 is the button
Seat 1: salcri91 ($116.68 in chips) 
Seat 2: blistein ($100 in chips) 
Seat 3: newfie2829 ($37.88 in chips) 
Seat 4: TheSecretCB ($103 in chips) 
Seat 5: fobot21 ($100 in chips) 
Seat 6: Cositorto ($144.71 in chips) 
fobot21: posts small blind $0.50
Cositorto: posts big blind $1
*** HOLE CARDS ***
salcri91: folds 
blistein: raises $1.20 to $2.20
newfie2829: folds 
TheSecretCB: folds 
fobot21: folds 
Cositorto: folds 
Uncalled bet ($1.20) returned to blistein
blistein collected $2.50 from pot
blistein: doesn't show hand 
*** SUMMARY ***
Total pot $2.50 | Rake $0 
Seat 1: salcri91 folded before Flop (didn't bet)
Seat 2: blistein collected ($2.50)
Seat 3: newfie2829 folded before Flop (didn't bet)
Seat 4: TheSecretCB (button) folded before Flop (didn't bet)
Seat 5: fobot21 (small blind) folded before Flop
Seat 6: Cositorto (big blind) folded before Flop



PokerStars Hand #254400103874:  Hold'em No Limit ($0.50/$1.00 USD) - 2025/01/16 17:16:58 WET [2025/01/16 12:16:58 ET]
Table 'Chilton III' 6-max Seat #5 is the button
Seat 1: salcri91 ($116.68 in chips) 
Seat 2: blistein ($101.50 in chips) 
Seat 3: newfie2829 ($37.88 in chips) 
Seat 4: TheSecretCB ($103 in chips) 
Seat 5: fobot21 ($100 in chips) 
Seat 6: Cositorto ($143.71 in chips) 
Cositorto: posts small blind $0.50
salcri91: posts big blind $1
*** HOLE CARDS ***
blistein: folds 
newfie2829: folds 
TheSecretCB: raises $2 to $3
fobot21: folds 
Cositorto: folds 
salcri91: calls $2
*** FLOP *** [2s Qd 5h]
salcri91: checks 
TheSecretCB: bets $3.40
salcri91: calls $3.40
*** TURN *** [2s Qd 5h] [4c]
salcri91: checks 
TheSecretCB: checks 
*** RIVER *** [2s Qd 5h 4c] [9c]
salcri91: bets $9.64
TheSecretCB: folds 
Uncalled bet ($9.64) returned to salcri91
salcri91 collected $12.64 from pot
salcri91: doesn't show hand 
*** SUMMARY ***
Total pot $13.30 | Rake $0.66 
Board [2s Qd 5h 4c 9c]
Seat 1: salcri91 (big blind) collected ($12.64)
Seat 2: blistein folded before Flop (didn't bet)
Seat 3: newfie2829 folded before Flop (didn't bet)
Seat 4: TheSecretCB folded on the River
Seat 5: fobot21 (button) folded before Flop (didn't bet)
Seat 6: Cositorto (small blind) folded before Flop



PokerStars Hand #254400113177:  Hold'em No Limit ($0.50/$1.00 USD) - 2025/01/16 17:17:36 WET [2025/01/16 12:17:36 ET]
Table 'Chilton III' 6-max Seat #6 is the button
Seat 1: salcri91 ($122.92 in chips) 
Seat 2: blistein ($101.50 in chips) 
Seat 3: newfie2829 ($37.88 in chips) 
Seat 4: TheSecretCB ($100 in chips) 
Seat 5: fobot21 ($100 in chips) 
Seat 6: Cositorto ($143.21 in chips) 
salcri91: posts small blind $0.50
blistein: posts big blind $1
*** HOLE CARDS ***
newfie2829: calls $1
TheSecretCB: folds 
fobot21: raises $2.50 to $3.50
Cositorto: folds 
salcri91: folds 
blistein: folds 
newfie2829: calls $2.50
*** FLOP *** [Ad Kh 8d]
newfie2829: checks 
fobot21: checks 
*** TURN *** [Ad Kh 8d] [3c]
newfie2829: checks 
fobot21: checks 
*** RIVER *** [Ad Kh 8d 3c] [Ts]
newfie2829: checks 
fobot21: checks 
*** SHOW DOWN ***
newfie2829: shows [Jd 5d] (high card Ace)
fobot21: shows [7s 7c] (a pair of Sevens)
fobot21 collected $8.08 from pot
*** SUMMARY ***
Total pot $8.50 | Rake $0.42 
Board [Ad Kh 8d 3c Ts]
Seat 1: salcri91 (small blind) folded before Flop
Seat 2: blistein (big blind) folded before Flop
Seat 3: newfie2829 showed [Jd 5d] and lost with high card Ace
Seat 4: TheSecretCB folded before Flop (didn't bet)
Seat 5: fobot21 showed [7s 7c] and won ($8.08) with a pair of Sevens
Seat 6: Cositorto (button) folded before Flop (didn't bet)



PokerStars Hand #254400125554:  Hold'em No Limit ($0.50/$1.00 USD) - 2025/01/16 17:18:25 WET [2025/01/16 12:18:25 ET]
Table 'Chilton III' 6-max Seat #1 is the button
Seat 1: salcri91 ($122.42 in chips) 
Seat 2: blistein ($100.50 in chips) 
Seat 3: newfie2829 ($34.38 in chips) 
Seat 4: TheSecretCB ($100 in chips) 
Seat 5: fobot21 ($104.58 in chips) 
Seat 6: Cositorto ($143.21 in chips) 
blistein: posts small blind $0.50
newfie2829: posts big blind $1
*** HOLE CARDS ***
TheSecretCB: folds 
fobot21: folds 
Cositorto: folds 
salcri91: folds 
blistein: folds 
Uncalled bet ($0.50) returned to newfie2829
newfie2829 collected $1 from pot
*** SUMMARY ***
Total pot $1 | Rake $0 
Seat 1: salcri91 (button) folded before Flop (didn't bet)
Seat 2: blistein (small blind) folded before Flop
Seat 3: newfie2829 (big blind) collected ($1)
Seat 4: TheSecretCB folded before Flop (didn't bet)
Seat 5: fobot21 folded before Flop (didn't bet)
Seat 6: Cositorto folded before Flop (didn't bet)



PokerStars Hand #254400129370:  Hold'em No Limit ($0.50/$1.00 USD) - 2025/01/16 17:18:40 WET [2025/01/16 12:18:40 ET]
Table 'Chilton III' 6-max Seat #2 is the button
Seat 1: salcri91 ($122.42 in chips) 
Seat 2: blistein ($100 in chips) 
Seat 3: newfie2829 ($34.88 in chips) 
Seat 4: TheSecretCB ($100 in chips) 
Seat 5: fobot21 ($104.58 in chips) 
Seat 6: Cositorto ($143.21 in chips) 
newfie2829: posts small blind $0.50
TheSecretCB: posts big blind $1
*** HOLE CARDS ***
fobot21: folds 
Cositorto: raises $1 to $2
salcri91: folds 
blistein: folds 
newfie2829: folds 
TheSecretCB: folds 
Uncalled bet ($1) returned to Cositorto
Cositorto collected $2.50 from pot
Cositorto: doesn't show hand 
*** SUMMARY ***
Total pot $2.50 | Rake $0 
Seat 1: salcri91 folded before Flop (didn't bet)
Seat 2: blistein (button) folded before Flop (didn't bet)
Seat 3: newfie2829 (small blind) folded before Flop
Seat 4: TheSecretCB (big blind) folded before Flop
Seat 5: fobot21 folded before Flop (didn't bet)
Seat 6: Cositorto collected ($2.50)



PokerStars Hand #254400133011:  Hold'em No Limit ($0.50/$1.00 USD) - 2025/01/16 17:18:54 WET [2025/01/16 12:18:54 ET]
Table 'Chilton III' 6-max Seat #3 is the button
Seat 1: salcri91 ($122.42 in chips) 
Seat 2: blistein ($100 in chips) 
Seat 3: newfie2829 ($34.38 in chips) 
Seat 4: TheSecretCB ($100 in chips) 
Seat 5: fobot21 ($104.58 in chips) 
Seat 6: Cositorto ($144.71 in chips) 
TheSecretCB: posts small blind $0.50
fobot21: posts big blind $1
*** HOLE CARDS ***
Cositorto: folds 
salcri91: folds 
blistein: folds 
newfie2829: folds 
TheSecretCB: raises $2 to $3
fobot21: raises $7 to $10
TheSecretCB: raises $14 to $24
fobot21: folds 
Uncalled bet ($14) returned to TheSecretCB
TheSecretCB collected $20 from pot
TheSecretCB: doesn't show hand 
*** SUMMARY ***
Total pot $20 | Rake $0 
Seat 1: salcri91 folded before Flop (didn't bet)
Seat 2: blistein folded before Flop (didn't bet)
Seat 3: newfie2829 (button) folded before Flop (didn't bet)
Seat 4: TheSecretCB (small blind) collected ($20)
Seat 5: fobot21 (big blind) folded before Flop
Seat 6: Cositorto folded before Flop (didn't bet)



PokerStars Hand #254400140170:  Hold'em No Limit ($0.50/$1.00 USD) - 2025/01/16 17:19:22 WET [2025/01/16 12:19:22 ET]
Table 'Chilton III' 6-max Seat #4 is the button
Seat 2: blistein ($100 in chips) is sitting out
Seat 1: salcri91 ($122.42 in chips) 
Seat 3: newfie2829 ($34.38 in chips) 
Seat 4: TheSecretCB ($110 in chips) 
Seat 5: fobot21 ($100 in chips) 
Seat 6: Cositorto ($144.71 in chips) 
fobot21: posts small blind $0.50
Cositorto: posts big blind $1
*** HOLE CARDS ***
blistein leaves the table
salcri91: folds 
newfie2829: folds 
TheSecretCB: folds 
fobot21: raises $1.90 to $2.90
dreimis190 joins the table at seat #2 
Cositorto: calls $1.90
*** FLOP *** [Ks 9h 5d]
fobot21: bets $1.87
Cositorto: calls $1.87
*** TURN *** [Ks 9h 5d] [5s]
fobot21: checks 
Cositorto: checks 
*** RIVER *** [Ks 9h 5d 5s] [Ac]
fobot21: checks 
Cositorto: checks 
*** SHOW DOWN ***
fobot21: shows [7s Ah] (two pair, Aces and Fives)
Cositorto: mucks hand 
fobot21 collected $9.06 from pot
*** SUMMARY ***
Total pot $9.54 | Rake $0.48 
Board [Ks 9h 5d 5s Ac]
Seat 2: blistein
Seat 1: salcri91 folded before Flop (didn't bet)
Seat 3: newfie2829 folded before Flop (didn't bet)
Seat 4: TheSecretCB (button) folded before Flop (didn't bet)
Seat 5: fobot21 (small blind) showed [7s Ah] and won ($9.06) with two pair, Aces and Fives
Seat 6: Cositorto (big blind) mucked



PokerStars Hand #254400155851:  Hold'em No Limit ($0.50/$1.00 USD) - 2025/01/16 17:20:25 WET [2025/01/16 12:20:25 ET]
Table 'Chilton III' 6-max Seat #5 is the button
Seat 2: dreimis190 ($105.50 in chips) is sitting out
Seat 1: salcri91 ($122.42 in chips) 
Seat 3: newfie2829 ($34.38 in chips) 
Seat 4: TheSecretCB ($110 in chips) 
Seat 5: fobot21 ($104.29 in chips) 
Seat 6: Cositorto ($139.94 in chips) 
Cositorto: posts small blind $0.50
salcri91: posts big blind $1
dreimis190: sits out 
*** HOLE CARDS ***
newfie2829: calls $1
TheSecretCB: folds 
fobot21: folds 
Cositorto: calls $0.50
salcri91: raises $2 to $3
newfie2829: calls $2
Cositorto: calls $2
*** FLOP *** [9d As 4d]
Cositorto: checks 
salcri91: bets $3
newfie2829: calls $3
Cositorto: folds 
*** TURN *** [9d As 4d] [7d]
salcri91: bets $8
newfie2829: calls $8
*** RIVER *** [9d As 4d 7d] [2s]
salcri91: bets $13
newfie2829: folds 
Uncalled bet ($13) returned to salcri91
salcri91 collected $29.45 from pot
salcri91: doesn't show hand 
*** SUMMARY ***
Total pot $31 | Rake $1.55 
Board [9d As 4d 7d 2s]
Seat 2: dreimis190
Seat 1: salcri91 (big blind) collected ($29.45)
Seat 3: newfie2829 folded on the River
Seat 4: TheSecretCB folded before Flop (didn't bet)
Seat 5: fobot21 (button) folded before Flop (didn't bet)
Seat 6: Cositorto (small blind) folded on the Flop



PokerStars Hand #254400169887:  Hold'em No Limit ($0.50/$1.00 USD) - 2025/01/16 17:21:22 WET [2025/01/16 12:21:22 ET]
Table 'Chilton III' 6-max Seat #6 is the button
Seat 1: salcri91 ($137.87 in chips) 
Seat 2: dreimis190 ($105.50 in chips) 
Seat 3: newfie2829 ($20.38 in chips) 
Seat 4: TheSecretCB ($110 in chips) 
Seat 5: fobot21 ($104.29 in chips) 
Seat 6: Cositorto ($136.94 in chips) 
salcri91: posts small blind $0.50
dreimis190: posts big blind $1
*** HOLE CARDS ***
newfie2829: raises $1 to $2
TheSecretCB: folds 
fobot21: folds 
Cositorto: raises $4 to $6
salcri91: folds 
dreimis190: folds 
newfie2829: raises $14.38 to $20.38 and is all-in
Cositorto: calls $14.38
*** FLOP *** [Js 9c Qh]
*** TURN *** [Js 9c Qh] [3c]
*** RIVER *** [Js 9c Qh 3c] [Kh]
*** SHOW DOWN ***
newfie2829: shows [Jd As] (a pair of Jacks)
Cositorto: shows [Qs Ac] (a pair of Queens)
Cositorto collected $40.15 from pot
*** SUMMARY ***
Total pot $42.26 | Rake $2.11 
Board [Js 9c Qh 3c Kh]
Seat 1: salcri91 (small blind) folded before Flop
Seat 2: dreimis190 (big blind) folded before Flop
Seat 3: newfie2829 showed [Jd As] and lost with a pair of Jacks
Seat 4: TheSecretCB folded before Flop (didn't bet)
Seat 5: fobot21 folded before Flop (didn't bet)
Seat 6: Cositorto (button) showed [Qs Ac] and won ($40.15) with a pair of Queens



PokerStars Hand #254400179176:  Hold'em No Limit ($0.50/$1.00 USD) - 2025/01/16 17:21:59 WET [2025/01/16 12:21:59 ET]
Table 'Chilton III' 6-max Seat #1 is the button
Seat 3: newfie2829 ($0 in chips) is sitting out
Seat 1: salcri91 ($137.37 in chips) 
Seat 2: dreimis190 ($104.50 in chips) 
Seat 4: TheSecretCB ($110 in chips) 
Seat 5: fobot21 ($104.29 in chips) 
Seat 6: Cositorto ($156.71 in chips) 
dreimis190: posts small blind $0.50
TheSecretCB: posts big blind $1
*** HOLE CARDS ***
fobot21: folds 
Cositorto: raises $1 to $2
salcri91: folds 
dreimis190: raises $7 to $9
TheSecretCB: folds 
Cositorto: calls $7
*** FLOP *** [3s 3h 6s]
dreimis190: checks 
Cositorto: checks 
*** TURN *** [3s 3h 6s] [2s]
dreimis190: bets $4.46
Cositorto: folds 
Uncalled bet ($4.46) returned to dreimis190
dreimis190 collected $18.05 from pot
dreimis190: doesn't show hand 
*** SUMMARY ***
Total pot $19 | Rake $0.95 
Board [3s 3h 6s 2s]
Seat 3: newfie2829
Seat 1: salcri91 (button) folded before Flop (didn't bet)
Seat 2: dreimis190 (small blind) collected ($18.05)
Seat 4: TheSecretCB (big blind) folded before Flop
Seat 5: fobot21 folded before Flop (didn't bet)
Seat 6: Cositorto folded on the Turn



PokerStars Hand #254400194619:  Hold'em No Limit ($0.50/$1.00 USD) - 2025/01/16 17:23:00 WET [2025/01/16 12:23:00 ET]
Table 'Chilton III' 6-max Seat #2 is the button
Seat 3: newfie2829 ($0 in chips) is sitting out
Seat 1: salcri91 ($137.37 in chips) 
Seat 2: dreimis190 ($113.55 in chips) 
Seat 4: TheSecretCB ($109 in chips) 
Seat 5: fobot21 ($104.29 in chips) 
Seat 6: Cositorto ($147.71 in chips) 
TheSecretCB: posts small blind $0.50
fobot21: posts big blind $1
*** HOLE CARDS ***
Cositorto: raises $1 to $2
salcri91: calls $2
dreimis190: folds 
TheSecretCB: folds 
fobot21: folds 
*** FLOP *** [9c Kd 8h]
Cositorto: checks 
salcri91: bets $2.61
Cositorto: folds 
Uncalled bet ($2.61) returned to salcri91
salcri91 collected $5.22 from pot
salcri91: doesn't show hand 
*** SUMMARY ***
Total pot $5.50 | Rake $0.28 
Board [9c Kd 8h]
Seat 3: newfie2829
Seat 1: salcri91 collected ($5.22)
Seat 2: dreimis190 (button) folded before Flop (didn't bet)
Seat 4: TheSecretCB (small blind) folded before Flop
Seat 5: fobot21 (big blind) folded before Flop
Seat 6: Cositorto folded on the Flop



PokerStars Hand #254400199038:  Hold'em No Limit ($0.50/$1.00 USD) - 2025/01/16 17:23:17 WET [2025/01/16 12:23:17 ET]
Table 'Chilton III' 6-max Seat #4 is the button
Seat 3: newfie2829 ($0 in chips) is sitting out
Seat 1: salcri91 ($140.59 in chips) 
Seat 2: dreimis190 ($113.55 in chips) 
Seat 4: TheSecretCB ($108.50 in chips) 
Seat 5: fobot21 ($103.29 in chips) 
Seat 6: Cositorto ($145.71 in chips) 
fobot21: posts small blind $0.50
Cositorto: posts big blind $1
*** HOLE CARDS ***
salcri91: folds 
dreimis190: folds 
TheSecretCB: folds 
fobot21: folds 
Uncalled bet ($0.50) returned to Cositorto
Cositorto collected $1 from pot
Cositorto: doesn't show hand 
*** SUMMARY ***
Total pot $1 | Rake $0 
Seat 3: newfie2829
Seat 1: salcri91 folded before Flop (didn't bet)
Seat 2: dreimis190 folded before Flop (didn't bet)
Seat 4: TheSecretCB (button) folded before Flop (didn't bet)
Seat 5: fobot21 (small blind) folded before Flop
Seat 6: Cositorto (big blind) collected ($1)



PokerStars Hand #254400201084:  Hold'em No Limit ($0.50/$1.00 USD) - 2025/01/16 17:23:25 WET [2025/01/16 12:23:25 ET]
Table 'Chilton III' 6-max Seat #5 is the button
Seat 3: newfie2829 ($0 in chips) is sitting out
Seat 1: salcri91 ($140.59 in chips) 
Seat 2: dreimis190 ($113.55 in chips) 
Seat 4: TheSecretCB ($108.50 in chips) 
Seat 5: fobot21 ($102.79 in chips) 
Seat 6: Cositorto ($146.21 in chips) 
Cositorto: posts small blind $0.50
salcri91: posts big blind $1
*** HOLE CARDS ***
dreimis190: folds 
TheSecretCB: raises $2 to $3
fobot21: folds 
Cositorto: folds 
salcri91: calls $2
*** FLOP *** [Ad 7c Kc]
salcri91: checks 
TheSecretCB: bets $3.40
salcri91: calls $3.40
*** TURN *** [Ad 7c Kc] [3h]
salcri91: checks 
TheSecretCB: checks 
*** RIVER *** [Ad 7c Kc 3h] [2d]
salcri91: checks 
TheSecretCB: checks 
*** SHOW DOWN ***
salcri91: shows [4d 7d] (a pair of Sevens)
TheSecretCB: shows [8c 8s] (a pair of Eights)
TheSecretCB collected $12.64 from pot
*** SUMMARY ***
Total pot $13.30 | Rake $0.66 
Board [Ad 7c Kc 3h 2d]
Seat 3: newfie2829
Seat 1: salcri91 (big blind) showed [4d 7d] and lost with a pair of Sevens
Seat 2: dreimis190 folded before Flop (didn't bet)
Seat 4: TheSecretCB showed [8c 8s] and won ($12.64) with a pair of Eights
Seat 5: fobot21 (button) folded before Flop (didn't bet)
Seat 6: Cositorto (small blind) folded before Flop



PokerStars Hand #254400208277:  Hold'em No Limit ($0.50/$1.00 USD) - 2025/01/16 17:23:53 WET [2025/01/16 12:23:53 ET]
Table 'Chilton III' 6-max Seat #6 is the button
Seat 2: dreimis190 ($113.55 in chips) is sitting out
Seat 3: newfie2829 ($0 in chips) is sitting out
Seat 1: salcri91 ($134.19 in chips) 
Seat 4: TheSecretCB ($114.74 in chips) 
Seat 5: fobot21 ($102.79 in chips) 
Seat 6: Cositorto ($145.71 in chips) 
salcri91: posts small blind $0.50
dreimis190: is sitting out 
TheSecretCB: posts big blind $1
*** HOLE CARDS ***
fobot21: folds 
Cositorto: raises $1.50 to $2.50
salcri91: folds 
TheSecretCB: raises $9.50 to $12
Cositorto: folds 
Uncalled bet ($9.50) returned to TheSecretCB
TheSecretCB collected $5.50 from pot
TheSecretCB: doesn't show hand 
*** SUMMARY ***
Total pot $5.50 | Rake $0 
Seat 2: dreimis190
Seat 3: newfie2829
Seat 1: salcri91 (small blind) folded before Flop
Seat 4: TheSecretCB (big blind) collected ($5.50)
Seat 5: fobot21 folded before Flop (didn't bet)
Seat 6: Cositorto (button) folded before Flop



PokerStars Hand #254400213658:  Hold'em No Limit ($0.50/$1.00 USD) - 2025/01/16 17:24:15 WET [2025/01/16 12:24:15 ET]
Table 'Chilton III' 6-max Seat #1 is the button
Seat 2: dreimis190 ($113.55 in chips) is sitting out
Seat 3: newfie2829 ($0 in chips) is sitting out
Seat 1: salcri91 ($133.69 in chips) 
Seat 4: TheSecretCB ($117.74 in chips) 
Seat 5: fobot21 ($102.79 in chips) 
Seat 6: Cositorto ($143.21 in chips) 
TheSecretCB: posts small blind $0.50
fobot21: posts big blind $1
*** HOLE CARDS ***
Cositorto: folds 
salcri91: raises $1 to $2
TheSecretCB: folds 
fobot21: folds 
Uncalled bet ($1) returned to salcri91
salcri91 collected $2.50 from pot
salcri91: doesn't show hand 
*** SUMMARY ***
Total pot $2.50 | Rake $0 
Seat 2: dreimis190
Seat 3: newfie2829
Seat 1: salcri91 (button) collected ($2.50)
Seat 4: TheSecretCB (small blind) folded before Flop
Seat 5: fobot21 (big blind) folded before Flop
Seat 6: Cositorto folded before Flop (didn't bet)



PokerStars Hand #254400218859:  Hold'em No Limit ($0.50/$1.00 USD) - 2025/01/16 17:24:35 WET [2025/01/16 12:24:35 ET]
Table 'Chilton III' 6-max Seat #4 is the button
Seat 2: dreimis190 ($113.55 in chips) is sitting out
Seat 3: newfie2829 ($0 in chips) is sitting out
Seat 1: salcri91 ($135.19 in chips) 
Seat 4: TheSecretCB ($117.24 in chips) 
Seat 5: fobot21 ($101.79 in chips) 
Seat 6: Cositorto ($143.21 in chips) 
fobot21: posts small blind $0.50
Cositorto: posts big blind $1
*** HOLE CARDS ***
salcri91: folds 
TheSecretCB: raises $2 to $3
fobot21: folds 
Cositorto: folds 
Uncalled bet ($2) returned to TheSecretCB
TheSecretCB collected $2.50 from pot
TheSecretCB: doesn't show hand 
*** SUMMARY ***
Total pot $2.50 | Rake $0 
Seat 2: dreimis190
Seat 3: newfie2829
Seat 1: salcri91 folded before Flop (didn't bet)
Seat 4: TheSecretCB (button) collected ($2.50)
Seat 5: fobot21 (small blind) folded before Flop
Seat 6: Cositorto (big blind) folded before Flop



PokerStars Hand #254400223248:  Hold'em No Limit ($0.50/$1.00 USD) - 2025/01/16 17:24:52 WET [2025/01/16 12:24:52 ET]
Table 'Chilton III' 6-max Seat #5 is the button
Seat 2: dreimis190 ($113.55 in chips) is sitting out
Seat 3: newfie2829 ($0 in chips) is sitting out
Seat 1: salcri91 ($135.19 in chips) 
Seat 4: TheSecretCB ($118.74 in chips) 
Seat 5: fobot21 ($101.29 in chips) 
Seat 6: Cositorto ($142.21 in chips) 
Cositorto: posts small blind $0.50
salcri91: posts big blind $1
*** HOLE CARDS ***
TheSecretCB: folds 
fobot21: raises $1.50 to $2.50
Cositorto: folds 
salcri91: folds 
Uncalled bet ($1.50) returned to fobot21
fobot21 collected $2.50 from pot
fobot21: doesn't show hand 
*** SUMMARY ***
Total pot $2.50 | Rake $0 
Seat 2: dreimis190
Seat 3: newfie2829
Seat 1: salcri91 (big blind) folded before Flop
Seat 4: TheSecretCB folded before Flop (didn't bet)
Seat 5: fobot21 (button) collected ($2.50)
Seat 6: Cositorto (small blind) folded before Flop



PokerStars Hand #254400226617:  Hold'em No Limit ($0.50/$1.00 USD) - 2025/01/16 17:25:05 WET [2025/01/16 12:25:05 ET]
Table 'Chilton III' 6-max Seat #6 is the button
Seat 2: dreimis190 ($113.55 in chips) is sitting out
Seat 3: newfie2829 ($0 in chips) is sitting out
Seat 1: salcri91 ($134.19 in chips) 
Seat 4: TheSecretCB ($118.74 in chips) 
Seat 5: fobot21 ($102.79 in chips) 
Seat 6: Cositorto ($141.71 in chips) 
salcri91: posts small blind $0.50
TheSecretCB: posts big blind $1
*** HOLE CARDS ***
fobot21: raises $1.50 to $2.50
Cositorto: raises $5 to $7.50
salcri91: folds 
TheSecretCB: folds 
fobot21: folds 
Uncalled bet ($5) returned to Cositorto
Cositorto collected $6.50 from pot
Cositorto: doesn't show hand 
*** SUMMARY ***
Total pot $6.50 | Rake $0 
Seat 2: dreimis190
Seat 3: newfie2829
Seat 1: salcri91 (small blind) folded before Flop
Seat 4: TheSecretCB (big blind) folded before Flop
Seat 5: fobot21 folded before Flop
Seat 6: Cositorto (button) collected ($6.50)



PokerStars Hand #254400234237:  Hold'em No Limit ($0.50/$1.00 USD) - 2025/01/16 17:25:36 WET [2025/01/16 12:25:36 ET]
Table 'Chilton III' 6-max Seat #1 is the button
Seat 2: dreimis190 ($113.55 in chips) is sitting out
Seat 3: newfie2829 ($67.44 in chips) is sitting out
Seat 1: salcri91 ($133.69 in chips) 
Seat 4: TheSecretCB ($117.74 in chips) 
Seat 5: fobot21 ($100.29 in chips) 
Seat 6: Cositorto ($145.71 in chips) 
TheSecretCB: posts small blind $0.50
fobot21: posts big blind $1
*** HOLE CARDS ***
Cositorto: folds 
salcri91: folds 
TheSecretCB: folds 
Uncalled bet ($0.50) returned to fobot21
fobot21 collected $1 from pot
fobot21: doesn't show hand 
*** SUMMARY ***
Total pot $1 | Rake $0 
Seat 2: dreimis190
Seat 3: newfie2829
Seat 1: salcri91 (button) folded before Flop (didn't bet)
Seat 4: TheSecretCB (small blind) folded before Flop
Seat 5: fobot21 (big blind) collected ($1)
Seat 6: Cositorto folded before Flop (didn't bet)



PokerStars Hand #254400236372:  Hold'em No Limit ($0.50/$1.00 USD) - 2025/01/16 17:25:44 WET [2025/01/16 12:25:44 ET]
Table 'Chilton III' 6-max Seat #4 is the button
Seat 2: dreimis190 ($113.55 in chips) is sitting out
Seat 1: salcri91 ($133.69 in chips) 
Seat 3: newfie2829 ($67.44 in chips) 
Seat 4: TheSecretCB ($117.24 in chips) 
Seat 5: fobot21 ($100.79 in chips) 
Seat 6: Cositorto ($145.71 in chips) 
fobot21: posts small blind $0.50
Cositorto: posts big blind $1
newfie2829: posts small & big blinds $1.50
*** HOLE CARDS ***
salcri91: folds 
newfie2829: checks 
TheSecretCB: raises $3 to $4
fobot21: folds 
Cositorto: folds 
newfie2829: folds 
Uncalled bet ($3) returned to TheSecretCB
TheSecretCB collected $4 from pot
TheSecretCB: doesn't show hand 
*** SUMMARY ***
Total pot $4 | Rake $0 
Seat 2: dreimis190
Seat 1: salcri91 folded before Flop (didn't bet)
Seat 3: newfie2829 folded before Flop (didn't bet)
Seat 4: TheSecretCB (button) collected ($4)
Seat 5: fobot21 (small blind) folded before Flop
Seat 6: Cositorto (big blind) folded before Flop



PokerStars Hand #254400243007:  Hold'em No Limit ($0.50/$1.00 USD) - 2025/01/16 17:26:11 WET [2025/01/16 12:26:11 ET]
Table 'Chilton III' 6-max Seat #5 is the button
Seat 2: dreimis190 ($113.55 in chips) is sitting out
Seat 1: salcri91 ($133.69 in chips) 
Seat 3: newfie2829 ($65.94 in chips) 
Seat 4: TheSecretCB ($120.24 in chips) 
Seat 5: fobot21 ($100.29 in chips) 
Seat 6: Cositorto ($144.71 in chips) 
Cositorto: posts small blind $0.50
salcri91: posts big blind $1
*** HOLE CARDS ***
newfie2829: calls $1
TheSecretCB: raises $3 to $4
fobot21: folds 
Cositorto: folds 
salcri91: folds 
newfie2829: calls $3
*** FLOP *** [Td 2h Qs]
newfie2829: checks 
TheSecretCB: bets $4.96
newfie2829: calls $4.96
*** TURN *** [Td 2h Qs] [6s]
newfie2829: checks 
TheSecretCB: bets $10.15
newfie2829: calls $10.15
*** RIVER *** [Td 2h Qs 6s] [Th]
newfie2829: checks 
TheSecretCB: bets $53
newfie2829: folds 
Uncalled bet ($53) returned to TheSecretCB
TheSecretCB collected $37.73 from pot
TheSecretCB: doesn't show hand 
*** SUMMARY ***
Total pot $39.72 | Rake $1.99 
Board [Td 2h Qs 6s Th]
Seat 2: dreimis190
Seat 1: salcri91 (big blind) folded before Flop
Seat 3: newfie2829 folded on the River
Seat 4: TheSecretCB collected ($37.73)
Seat 5: fobot21 (button) folded before Flop (didn't bet)
Seat 6: Cositorto (small blind) folded before Flop



PokerStars Hand #254400760700:  Hold'em No Limit ($0.50/$1.00 USD) - 2025/01/16 17:27:21 WET [2025/01/16 12:27:21 ET]
Table 'Chilton III' 6-max Seat #6 is the button
Seat 2: dreimis190 ($113.55 in chips) is sitting out
Seat 1: salcri91 ($132.69 in chips) 
Seat 3: newfie2829 ($46.83 in chips) 
Seat 4: TheSecretCB ($138.86 in chips) 
Seat 5: fobot21 ($100.29 in chips) 
Seat 6: Cositorto ($144.21 in chips) 
salcri91: posts small blind $0.50
newfie2829: posts big blind $1
*** HOLE CARDS ***
TheSecretCB: folds 
fobot21: folds 
Cositorto: raises $1.50 to $2.50
salcri91: folds 
newfie2829: calls $1.50
*** FLOP *** [7h 3s 7s]
newfie2829: checks 
Cositorto: bets $1.41
newfie2829: calls $1.41
*** TURN *** [7h 3s 7s] [2d]
newfie2829: checks 
Cositorto: bets $3.95
newfie2829: calls $3.95
*** RIVER *** [7h 3s 7s 2d] [Td]
newfie2829: bets $7.71
Cositorto: calls $7.71
*** SHOW DOWN ***
newfie2829: shows [5s 4s] (a pair of Sevens)
Cositorto: shows [8h Ts] (two pair, Tens and Sevens)
Cositorto collected $30.06 from pot
*** SUMMARY ***
Total pot $31.64 | Rake $1.58 
Board [7h 3s 7s 2d Td]
Seat 2: dreimis190
Seat 1: salcri91 (small blind) folded before Flop
Seat 3: newfie2829 (big blind) showed [5s 4s] and lost with a pair of Sevens
Seat 4: TheSecretCB folded before Flop (didn't bet)
Seat 5: fobot21 folded before Flop (didn't bet)
Seat 6: Cositorto (button) showed [8h Ts] and won ($30.06) with two pair, Tens and Sevens



PokerStars Hand #254400772333:  Hold'em No Limit ($0.50/$1.00 USD) - 2025/01/16 17:28:07 WET [2025/01/16 12:28:07 ET]
Table 'Chilton III' 6-max Seat #1 is the button
Seat 2: dreimis190 ($113.55 in chips) is sitting out
Seat 4: TheSecretCB ($138.86 in chips) is sitting out
Seat 1: salcri91 ($132.19 in chips) 
Seat 3: newfie2829 ($31.26 in chips) 
Seat 5: fobot21 ($100.29 in chips) 
Seat 6: Cositorto ($158.70 in chips) 
newfie2829: posts small blind $0.50
fobot21: posts big blind $1
*** HOLE CARDS ***
Cositorto: folds 
salcri91: folds 
newfie2829: calls $0.50
fobot21: checks 
*** FLOP *** [6s Js 5s]
newfie2829: checks 
fobot21: bets $1
newfie2829: calls $1
*** TURN *** [6s Js 5s] [Jc]
newfie2829: checks 
fobot21: checks 
*** RIVER *** [6s Js 5s Jc] [Tc]
newfie2829: bets $1
fobot21: folds 
Uncalled bet ($1) returned to newfie2829
newfie2829 collected $3.80 from pot
*** SUMMARY ***
Total pot $4 | Rake $0.20 
Board [6s Js 5s Jc Tc]
Seat 2: dreimis190
Seat 4: TheSecretCB
Seat 1: salcri91 (button) folded before Flop (didn't bet)
Seat 3: newfie2829 (small blind) collected ($3.80)
Seat 5: fobot21 (big blind) folded on the River
Seat 6: Cositorto folded before Flop (didn't bet)



PokerStars Hand #254400787125:  Hold'em No Limit ($0.50/$1.00 USD) - 2025/01/16 17:29:06 WET [2025/01/16 12:29:06 ET]
Table 'Chilton III' 6-max Seat #3 is the button
Seat 2: dreimis190 ($113.55 in chips) is sitting out
Seat 4: TheSecretCB ($138.86 in chips) is sitting out
Seat 1: salcri91 ($132.19 in chips) 
Seat 3: newfie2829 ($33.06 in chips) 
Seat 5: fobot21 ($100 in chips) 
Seat 6: Cositorto ($158.70 in chips) 
fobot21: posts small blind $0.50
Cositorto: posts big blind $1
dreimis190: sits out 
*** HOLE CARDS ***
salcri91: folds 
newfie2829: raises $2 to $3
fobot21: folds 
Cositorto: calls $2
*** FLOP *** [5s 8c Js]
Cositorto: checks 
newfie2829: checks 
*** TURN *** [5s 8c Js] [2c]
Cositorto: bets $3.09
newfie2829: folds 
Uncalled bet ($3.09) returned to Cositorto
Cositorto collected $6.18 from pot
Cositorto: doesn't show hand 
*** SUMMARY ***
Total pot $6.50 | Rake $0.32 
Board [5s 8c Js 2c]
Seat 2: dreimis190
Seat 4: TheSecretCB
Seat 1: salcri91 folded before Flop (didn't bet)
Seat 3: newfie2829 (button) folded on the Turn
Seat 5: fobot21 (small blind) folded before Flop
Seat 6: Cositorto (big blind) collected ($6.18)



PokerStars Hand #254400796081:  Hold'em No Limit ($0.50/$1.00 USD) - 2025/01/16 17:29:43 WET [2025/01/16 12:29:43 ET]
Table 'Chilton III' 6-max Seat #5 is the button
Seat 2: dreimis190 ($113.55 in chips) is sitting out
Seat 4: TheSecretCB ($138.86 in chips) is sitting out
Seat 1: salcri91 ($132.19 in chips) 
Seat 3: newfie2829 ($30.06 in chips) 
Seat 5: fobot21 ($100 in chips) 
Seat 6: Cositorto ($161.88 in chips) 
Cositorto: posts small blind $0.50
salcri91: posts big blind $1
dreimis190: sits out 
*** HOLE CARDS ***
newfie2829: folds 
fobot21: folds 
Cositorto: raises $2 to $3
salcri91: folds 
Uncalled bet ($2) returned to Cositorto
Cositorto collected $2 from pot
Cositorto: doesn't show hand 
*** SUMMARY ***
Total pot $2 | Rake $0 
Seat 2: dreimis190
Seat 4: TheSecretCB
Seat 1: salcri91 (big blind) folded before Flop
Seat 3: newfie2829 folded before Flop (didn't bet)
Seat 5: fobot21 (button) folded before Flop (didn't bet)
Seat 6: Cositorto (small blind) collected ($2)



PokerStars Hand #254400800309:  Hold'em No Limit ($0.50/$1.00 USD) - 2025/01/16 17:29:59 WET [2025/01/16 12:29:59 ET]
Table 'Chilton III' 6-max Seat #6 is the button
Seat 4: TheSecretCB ($138.86 in chips) is sitting out
Seat 1: salcri91 ($131.19 in chips) 
Seat 2: dreimis190 ($113.55 in chips) 
Seat 3: newfie2829 ($30.06 in chips) 
Seat 5: fobot21 ($100 in chips) 
Seat 6: Cositorto ($162.88 in chips) 
salcri91: posts small blind $0.50
dreimis190: posts big blind $1
*** HOLE CARDS ***
newfie2829: calls $1
fobot21: folds 
Cositorto: raises $2.50 to $3.50
salcri91: folds 
dreimis190: raises $10.50 to $14
newfie2829: folds 
Cositorto: calls $10.50
*** FLOP *** [Ah 9d 2s]
dreimis190: bets $7
Cositorto: folds 
Uncalled bet ($7) returned to dreimis190
dreimis190 collected $28.02 from pot
dreimis190: doesn't show hand 
*** SUMMARY ***
Total pot $29.50 | Rake $1.48 
Board [Ah 9d 2s]
Seat 4: TheSecretCB
Seat 1: salcri91 (small blind) folded before Flop
Seat 2: dreimis190 (big blind) collected ($28.02)
Seat 3: newfie2829 folded before Flop
Seat 5: fobot21 folded before Flop (didn't bet)
Seat 6: Cositorto (button) folded on the Flop



PokerStars Hand #254400812647:  Hold'em No Limit ($0.50/$1.00 USD) - 2025/01/16 17:30:48 WET [2025/01/16 12:30:48 ET]
Table 'Chilton III' 6-max Seat #1 is the button
Seat 4: TheSecretCB ($138.86 in chips) is sitting out
Seat 1: salcri91 ($130.69 in chips) 
Seat 2: dreimis190 ($127.57 in chips) 
Seat 3: newfie2829 ($29.06 in chips) 
Seat 5: fobot21 ($100 in chips) 
Seat 6: Cositorto ($148.88 in chips) 
dreimis190: posts small blind $0.50
newfie2829: posts big blind $1
*** HOLE CARDS ***
fobot21: folds 
Cositorto: folds 
salcri91: folds 
dreimis190: calls $0.50
newfie2829: checks 
*** FLOP *** [Qs 5c 2d]
dreimis190: bets $1
newfie2829: calls $1
*** TURN *** [Qs 5c 2d] [9s]
dreimis190: checks 
newfie2829: bets $1.90
dreimis190: calls $1.90
*** RIVER *** [Qs 5c 2d 9s] [6d]
dreimis190: checks 
newfie2829: checks 
*** SHOW DOWN ***
dreimis190: shows [5s 8s] (a pair of Fives)
newfie2829: shows [4h Qh] (a pair of Queens)
newfie2829 collected $7.41 from pot
*** SUMMARY ***
Total pot $7.80 | Rake $0.39 
Board [Qs 5c 2d 9s 6d]
Seat 4: TheSecretCB
Seat 1: salcri91 (button) folded before Flop (didn't bet)
Seat 2: dreimis190 (small blind) showed [5s 8s] and lost with a pair of Fives
Seat 3: newfie2829 (big blind) showed [4h Qh] and won ($7.41) with a pair of Queens
Seat 5: fobot21 folded before Flop (didn't bet)
Seat 6: Cositorto folded before Flop (didn't bet)



PokerStars Hand #254400822320:  Hold'em No Limit ($0.50/$1.00 USD) - 2025/01/16 17:31:25 WET [2025/01/16 12:31:25 ET]
Table 'Chilton III' 6-max Seat #2 is the button
Seat 4: TheSecretCB ($138.86 in chips) is sitting out
Seat 1: salcri91 ($130.69 in chips) 
Seat 2: dreimis190 ($123.67 in chips) 
Seat 3: newfie2829 ($32.57 in chips) 
Seat 5: fobot21 ($100 in chips) 
Seat 6: Cositorto ($148.88 in chips) 
newfie2829: posts small blind $0.50
fobot21: posts big blind $1
*** HOLE CARDS ***
Cositorto: folds 
salcri91: raises $1 to $2
dreimis190: raises $4.50 to $6.50
newfie2829: folds 
fobot21: folds 
salcri91: folds 
Uncalled bet ($4.50) returned to dreimis190
dreimis190 collected $5.50 from pot
dreimis190: doesn't show hand 
*** SUMMARY ***
Total pot $5.50 | Rake $0 
Seat 4: TheSecretCB
Seat 1: salcri91 folded before Flop
Seat 2: dreimis190 (button) collected ($5.50)
Seat 3: newfie2829 (small blind) folded before Flop
Seat 5: fobot21 (big blind) folded before Flop
Seat 6: Cositorto folded before Flop (didn't bet)



PokerStars Hand #254400827684:  Hold'em No Limit ($0.50/$1.00 USD) - 2025/01/16 17:31:46 WET [2025/01/16 12:31:46 ET]
Table 'Chilton III' 6-max Seat #3 is the button
Seat 4: TheSecretCB ($138.86 in chips) is sitting out
Seat 1: salcri91 ($128.69 in chips) 
Seat 2: dreimis190 ($127.17 in chips) 
Seat 3: newfie2829 ($32.07 in chips) 
Seat 5: fobot21 ($100 in chips) 
Seat 6: Cositorto ($148.88 in chips) 
fobot21: posts small blind $0.50
Cositorto: posts big blind $1
*** HOLE CARDS ***
salcri91: folds 
dreimis190: folds 
newfie2829: folds 
fobot21: raises $1.90 to $2.90
Cositorto: raises $5.10 to $8
fobot21: calls $5.10
*** FLOP *** [6h 8h Ah]
fobot21: checks 
Cositorto: bets $3.50
fobot21: raises $8.50 to $12
Cositorto: folds 
Uncalled bet ($8.50) returned to fobot21
fobot21 collected $21.85 from pot
fobot21: doesn't show hand 
*** SUMMARY ***
Total pot $23 | Rake $1.15 
Board [6h 8h Ah]
Seat 4: TheSecretCB
Seat 1: salcri91 folded before Flop (didn't bet)
Seat 2: dreimis190 folded before Flop (didn't bet)
Seat 3: newfie2829 (button) folded before Flop (didn't bet)
Seat 5: fobot21 (small blind) collected ($21.85)
Seat 6: Cositorto (big blind) folded on the Flop



PokerStars Hand #254400851547:  Hold'em No Limit ($0.50/$1.00 USD) - 2025/01/16 17:33:19 WET [2025/01/16 12:33:19 ET]
Table 'Chilton III' 6-max Seat #5 is the button
Seat 4: TheSecretCB ($138.86 in chips) is sitting out
Seat 1: salcri91 ($128.69 in chips) 
Seat 2: dreimis190 ($127.17 in chips) 
Seat 3: newfie2829 ($32.07 in chips) 
Seat 5: fobot21 ($110.35 in chips) 
Seat 6: Cositorto ($137.38 in chips) 
Cositorto: posts small blind $0.50
salcri91: posts big blind $1
TheSecretCB: sits out 
*** HOLE CARDS ***
dreimis190: folds 
newfie2829: raises $2 to $3
fobot21: folds 
Cositorto: folds 
salcri91: folds 
Uncalled bet ($2) returned to newfie2829
newfie2829 collected $2.50 from pot
*** SUMMARY ***
Total pot $2.50 | Rake $0 
Seat 4: TheSecretCB
Seat 1: salcri91 (big blind) folded before Flop
Seat 2: dreimis190 folded before Flop (didn't bet)
Seat 3: newfie2829 collected ($2.50)
Seat 5: fobot21 (button) folded before Flop (didn't bet)
Seat 6: Cositorto (small blind) folded before Flop



PokerStars Hand #254400855080:  Hold'em No Limit ($0.50/$1.00 USD) - 2025/01/16 17:33:33 WET [2025/01/16 12:33:33 ET]
Table 'Chilton III' 6-max Seat #6 is the button
Seat 4: TheSecretCB ($138.86 in chips) is sitting out
Seat 1: salcri91 ($127.69 in chips) 
Seat 2: dreimis190 ($127.17 in chips) 
Seat 3: newfie2829 ($33.57 in chips) 
Seat 5: fobot21 ($110.35 in chips) 
Seat 6: Cositorto ($136.88 in chips) 
salcri91: posts small blind $0.50
dreimis190: posts big blind $1
TheSecretCB: sits out 
*** HOLE CARDS ***
newfie2829: folds 
fobot21: folds 
Cositorto: raises $1.50 to $2.50
salcri91: folds 
dreimis190: folds 
Uncalled bet ($1.50) returned to Cositorto
Cositorto collected $2.50 from pot
Cositorto: doesn't show hand 
*** SUMMARY ***
Total pot $2.50 | Rake $0 
Seat 4: TheSecretCB
Seat 1: salcri91 (small blind) folded before Flop
Seat 2: dreimis190 (big blind) folded before Flop
Seat 3: newfie2829 folded before Flop (didn't bet)
Seat 5: fobot21 folded before Flop (didn't bet)
Seat 6: Cositorto (button) collected ($2.50)



PokerStars Hand #254400860344:  Hold'em No Limit ($0.50/$1.00 USD) - 2025/01/16 17:33:53 WET [2025/01/16 12:33:53 ET]
Table 'Chilton III' 6-max Seat #1 is the button
Seat 4: TheSecretCB ($138.86 in chips) is sitting out
Seat 1: salcri91 ($127.19 in chips) 
Seat 2: dreimis190 ($126.17 in chips) 
Seat 3: newfie2829 ($33.57 in chips) 
Seat 5: fobot21 ($110.35 in chips) 
Seat 6: Cositorto ($138.38 in chips) 
dreimis190: posts small blind $0.50
newfie2829: posts big blind $1
TheSecretCB: sits out 
*** HOLE CARDS ***
fobot21: folds 
Cositorto: raises $1 to $2
salcri91: folds 
dreimis190: folds 
newfie2829: calls $1
*** FLOP *** [3c Qh Ks]
newfie2829: bets $2.14
Cositorto: raises $6.42 to $8.56
newfie2829: calls $6.42
*** TURN *** [3c Qh Ks] [Ah]
newfie2829: checks 
Cositorto: bets $24.65
newfie2829: folds 
Uncalled bet ($24.65) returned to Cositorto
Cositorto collected $20.54 from pot
Cositorto: doesn't show hand 
*** SUMMARY ***
Total pot $21.62 | Rake $1.08 
Board [3c Qh Ks Ah]
Seat 4: TheSecretCB
Seat 1: salcri91 (button) folded before Flop (didn't bet)
Seat 2: dreimis190 (small blind) folded before Flop
Seat 3: newfie2829 (big blind) folded on the Turn
Seat 5: fobot21 folded before Flop (didn't bet)
Seat 6: Cositorto collected ($20.54)



PokerStars Hand #254400870024:  Hold'em No Limit ($0.50/$1.00 USD) - 2025/01/16 17:34:30 WET [2025/01/16 12:34:30 ET]
Table 'Chilton III' 6-max Seat #2 is the button
Seat 1: salcri91 ($127.19 in chips) 
Seat 2: dreimis190 ($125.67 in chips) 
Seat 3: newfie2829 ($23.01 in chips) 
Seat 4: TheSecretCB ($138.86 in chips) 
Seat 5: fobot21 ($110.35 in chips) 
Seat 6: Cositorto ($148.36 in chips) 
newfie2829: posts small blind $0.50
TheSecretCB: posts big blind $1
*** HOLE CARDS ***
fobot21: folds 
Cositorto: folds 
salcri91: folds 
dreimis190: folds 
newfie2829: calls $0.50
TheSecretCB: checks 
*** FLOP *** [As 9c 3c]
newfie2829: checks 
TheSecretCB: checks 
*** TURN *** [As 9c 3c] [9d]
newfie2829: bets $1.90
TheSecretCB: folds 
Uncalled bet ($1.90) returned to newfie2829
newfie2829 collected $1.90 from pot
*** SUMMARY ***
Total pot $2 | Rake $0.10 
Board [As 9c 3c 9d]
Seat 1: salcri91 folded before Flop (didn't bet)
Seat 2: dreimis190 (button) folded before Flop (didn't bet)
Seat 3: newfie2829 (small blind) collected ($1.90)
Seat 4: TheSecretCB (big blind) folded on the Turn
Seat 5: fobot21 folded before Flop (didn't bet)
Seat 6: Cositorto folded before Flop (didn't bet)



PokerStars Hand #254400875826:  Hold'em No Limit ($0.50/$1.00 USD) - 2025/01/16 17:34:52 WET [2025/01/16 12:34:52 ET]
Table 'Chilton III' 6-max Seat #3 is the button
Seat 1: salcri91 ($127.19 in chips) 
Seat 2: dreimis190 ($125.67 in chips) 
Seat 3: newfie2829 ($23.91 in chips) 
Seat 4: TheSecretCB ($137.86 in chips) 
Seat 5: fobot21 ($110.35 in chips) 
Seat 6: Cositorto ($148.36 in chips) 
TheSecretCB: posts small blind $0.50
fobot21: posts big blind $1
*** HOLE CARDS ***
Cositorto: folds 
salcri91: raises $2.50 to $3.50
dreimis190: folds 
newfie2829: folds 
TheSecretCB: folds 
fobot21: folds 
Uncalled bet ($2.50) returned to salcri91
salcri91 collected $2.50 from pot
salcri91: doesn't show hand 
*** SUMMARY ***
Total pot $2.50 | Rake $0 
Seat 1: salcri91 collected ($2.50)
Seat 2: dreimis190 folded before Flop (didn't bet)
Seat 3: newfie2829 (button) folded before Flop (didn't bet)
Seat 4: TheSecretCB (small blind) folded before Flop
Seat 5: fobot21 (big blind) folded before Flop
Seat 6: Cositorto folded before Flop (didn't bet)



PokerStars Hand #254400880584:  Hold'em No Limit ($0.50/$1.00 USD) - 2025/01/16 17:35:10 WET [2025/01/16 12:35:10 ET]
Table 'Chilton III' 6-max Seat #4 is the button
Seat 1: salcri91 ($128.69 in chips) 
Seat 2: dreimis190 ($125.67 in chips) 
Seat 3: newfie2829 ($23.91 in chips) 
Seat 4: TheSecretCB ($137.36 in chips) 
Seat 5: fobot21 ($109.35 in chips) 
Seat 6: Cositorto ($148.36 in chips) 
fobot21: posts small blind $0.50
Cositorto: posts big blind $1
*** HOLE CARDS ***
salcri91: folds 
dreimis190: raises $1 to $2
newfie2829: folds 
TheSecretCB: folds 
fobot21: folds 
Cositorto: folds 
Uncalled bet ($1) returned to dreimis190
dreimis190 collected $2.50 from pot
dreimis190: doesn't show hand 
*** SUMMARY ***
Total pot $2.50 | Rake $0 
Seat 1: salcri91 folded before Flop (didn't bet)
Seat 2: dreimis190 collected ($2.50)
Seat 3: newfie2829 folded before Flop (didn't bet)
Seat 4: TheSecretCB (button) folded before Flop (didn't bet)
Seat 5: fobot21 (small blind) folded before Flop
Seat 6: Cositorto (big blind) folded before Flop



PokerStars Hand #254400884225:  Hold'em No Limit ($0.50/$1.00 USD) - 2025/01/16 17:35:24 WET [2025/01/16 12:35:24 ET]
Table 'Chilton III' 6-max Seat #5 is the button
Seat 1: salcri91 ($128.69 in chips) 
Seat 2: dreimis190 ($127.17 in chips) 
Seat 3: newfie2829 ($23.91 in chips) 
Seat 4: TheSecretCB ($137.36 in chips) 
Seat 5: fobot21 ($108.85 in chips) 
Seat 6: Cositorto ($147.36 in chips) 
Cositorto: posts small blind $0.50
salcri91: posts big blind $1
*** HOLE CARDS ***
dreimis190: folds 
newfie2829: folds 
TheSecretCB: folds 
fobot21: folds 
Cositorto: raises $2 to $3
salcri91: folds 
Uncalled bet ($2) returned to Cositorto
Cositorto collected $2 from pot
Cositorto: doesn't show hand 
*** SUMMARY ***
Total pot $2 | Rake $0 
Seat 1: salcri91 (big blind) folded before Flop
Seat 2: dreimis190 folded before Flop (didn't bet)
Seat 3: newfie2829 folded before Flop (didn't bet)
Seat 4: TheSecretCB folded before Flop (didn't bet)
Seat 5: fobot21 (button) folded before Flop (didn't bet)
Seat 6: Cositorto (small blind) collected ($2)



PokerStars Hand #254400889973:  Hold'em No Limit ($0.50/$1.00 USD) - 2025/01/16 17:35:47 WET [2025/01/16 12:35:47 ET]
Table 'Chilton III' 6-max Seat #6 is the button
Seat 3: newfie2829 ($23.91 in chips) is sitting out
Seat 1: salcri91 ($127.69 in chips) 
Seat 2: dreimis190 ($127.17 in chips) 
Seat 4: TheSecretCB ($137.36 in chips) 
Seat 5: fobot21 ($108.85 in chips) 
Seat 6: Cositorto ($148.36 in chips) 
salcri91: posts small blind $0.50
dreimis190: posts big blind $1
*** HOLE CARDS ***
TheSecretCB: folds 
fobot21: folds 
Cositorto: raises $1.50 to $2.50
salcri91: calls $2
dreimis190: raises $11.50 to $14
Cositorto: folds 
salcri91: folds 
Uncalled bet ($11.50) returned to dreimis190
dreimis190 collected $7.50 from pot
dreimis190: doesn't show hand 
*** SUMMARY ***
Total pot $7.50 | Rake $0 
Seat 3: newfie2829
Seat 1: salcri91 (small blind) folded before Flop
Seat 2: dreimis190 (big blind) collected ($7.50)
Seat 4: TheSecretCB folded before Flop (didn't bet)
Seat 5: fobot21 folded before Flop (didn't bet)
Seat 6: Cositorto (button) folded before Flop



PokerStars Hand #254400897237:  Hold'em No Limit ($0.50/$1.00 USD) - 2025/01/16 17:36:15 WET [2025/01/16 12:36:15 ET]
Table 'Chilton III' 6-max Seat #1 is the button
Seat 3: newfie2829 ($23.91 in chips) is sitting out
Seat 1: salcri91 ($125.19 in chips) 
Seat 2: dreimis190 ($132.17 in chips) 
Seat 4: TheSecretCB ($137.36 in chips) 
Seat 5: fobot21 ($108.85 in chips) 
Seat 6: Cositorto ($145.86 in chips) 
dreimis190: posts small blind $0.50
TheSecretCB: posts big blind $1
*** HOLE CARDS ***
fobot21: folds 
Cositorto: raises $1 to $2
salcri91: folds 
dreimis190: folds 
TheSecretCB: folds 
Uncalled bet ($1) returned to Cositorto
Cositorto collected $2.50 from pot
Cositorto: doesn't show hand 
*** SUMMARY ***
Total pot $2.50 | Rake $0 
Seat 3: newfie2829
Seat 1: salcri91 (button) folded before Flop (didn't bet)
Seat 2: dreimis190 (small blind) folded before Flop
Seat 4: TheSecretCB (big blind) folded before Flop
Seat 5: fobot21 folded before Flop (didn't bet)
Seat 6: Cositorto collected ($2.50)



PokerStars Hand #254400901756:  Hold'em No Limit ($0.50/$1.00 USD) - 2025/01/16 17:36:32 WET [2025/01/16 12:36:32 ET]
Table 'Chilton III' 6-max Seat #2 is the button
Seat 3: newfie2829 ($23.91 in chips) is sitting out
Seat 1: salcri91 ($125.19 in chips) 
Seat 2: dreimis190 ($131.67 in chips) 
Seat 4: TheSecretCB ($136.36 in chips) 
Seat 5: fobot21 ($108.85 in chips) 
Seat 6: Cositorto ($147.36 in chips) 
TheSecretCB: posts small blind $0.50
fobot21: posts big blind $1
*** HOLE CARDS ***
Cositorto: folds 
salcri91: folds 
dreimis190: raises $1.50 to $2.50
TheSecretCB: folds 
fobot21: raises $9.50 to $12
dreimis190: folds 
Uncalled bet ($9.50) returned to fobot21
fobot21 collected $5.50 from pot
fobot21: doesn't show hand 
*** SUMMARY ***
Total pot $5.50 | Rake $0 
Seat 3: newfie2829
Seat 1: salcri91 folded before Flop (didn't bet)
Seat 2: dreimis190 (button) folded before Flop
Seat 4: TheSecretCB (small blind) folded before Flop
Seat 5: fobot21 (big blind) collected ($5.50)
Seat 6: Cositorto folded before Flop (didn't bet)



PokerStars Hand #254400908935:  Hold'em No Limit ($0.50/$1.00 USD) - 2025/01/16 17:37:00 WET [2025/01/16 12:37:00 ET]
Table 'Chilton III' 6-max Seat #4 is the button
Seat 3: newfie2829 ($23.91 in chips) is sitting out
Seat 1: salcri91 ($125.19 in chips) 
Seat 2: dreimis190 ($129.17 in chips) 
Seat 4: TheSecretCB ($135.86 in chips) 
Seat 5: fobot21 ($111.85 in chips) 
Seat 6: Cositorto ($147.36 in chips) 
fobot21: posts small blind $0.50
Cositorto: posts big blind $1
newfie2829: sits out 
*** HOLE CARDS ***
salcri91: folds 
dreimis190: folds 
TheSecretCB: folds 
fobot21: folds 
Uncalled bet ($0.50) returned to Cositorto
Cositorto collected $1 from pot
Cositorto: doesn't show hand 
*** SUMMARY ***
Total pot $1 | Rake $0 
Seat 3: newfie2829
Seat 1: salcri91 folded before Flop (didn't bet)
Seat 2: dreimis190 folded before Flop (didn't bet)
Seat 4: TheSecretCB (button) folded before Flop (didn't bet)
Seat 5: fobot21 (small blind) folded before Flop
Seat 6: Cositorto (big blind) collected ($1)



PokerStars Hand #254400913636:  Hold'em No Limit ($0.50/$1.00 USD) - 2025/01/16 17:37:19 WET [2025/01/16 12:37:19 ET]
Table 'Chilton III' 6-max Seat #5 is the button
Seat 1: salcri91 ($125.19 in chips) 
Seat 2: dreimis190 ($129.17 in chips) 
Seat 3: newfie2829 ($23.91 in chips) 
Seat 4: TheSecretCB ($135.86 in chips) 
Seat 5: fobot21 ($111.35 in chips) 
Seat 6: Cositorto ($147.86 in chips) 
Cositorto: posts small blind $0.50
salcri91: posts big blind $1
newfie2829: posts small & big blinds $1.50
*** HOLE CARDS ***
dreimis190: folds 
newfie2829: checks 
TheSecretCB: folds 
fobot21: raises $5 to $6
Cositorto: folds 
salcri91: folds 
newfie2829: folds 
Uncalled bet ($5) returned to fobot21
fobot21 collected $4 from pot
fobot21: doesn't show hand 
*** SUMMARY ***
Total pot $4 | Rake $0 
Seat 1: salcri91 (big blind) folded before Flop
Seat 2: dreimis190 folded before Flop (didn't bet)
Seat 3: newfie2829 folded before Flop (didn't bet)
Seat 4: TheSecretCB folded before Flop (didn't bet)
Seat 5: fobot21 (button) collected ($4)
Seat 6: Cositorto (small blind) folded before Flop



PokerStars Hand #254400921489:  Hold'em No Limit ($0.50/$1.00 USD) - 2025/01/16 17:37:49 WET [2025/01/16 12:37:49 ET]
Table 'Chilton III' 6-max Seat #6 is the button
Seat 1: salcri91 ($124.19 in chips) 
Seat 2: dreimis190 ($129.17 in chips) 
Seat 3: newfie2829 ($22.41 in chips) 
Seat 4: TheSecretCB ($135.86 in chips) 
Seat 5: fobot21 ($114.35 in chips) 
Seat 6: Cositorto ($147.36 in chips) 
salcri91: posts small blind $0.50
dreimis190: posts big blind $1
*** HOLE CARDS ***
newfie2829: calls $1
TheSecretCB: folds 
fobot21: folds 
Cositorto: raises $2.50 to $3.50
salcri91: calls $3
dreimis190: folds 
newfie2829: folds 
*** FLOP *** [Ad Kd 2d]
salcri91: checks 
Cositorto: bets $2.31
salcri91: calls $2.31
*** TURN *** [Ad Kd 2d] [4h]
salcri91: checks 
Cositorto: checks 
*** RIVER *** [Ad Kd 2d 4h] [2s]
salcri91: checks 
Cositorto: checks 
*** SHOW DOWN ***
salcri91: shows [6c 6d] (two pair, Sixes and Deuces)
Cositorto: shows [Qs Qc] (two pair, Queens and Deuces)
Cositorto collected $12.94 from pot
*** SUMMARY ***
Total pot $13.62 | Rake $0.68 
Board [Ad Kd 2d 4h 2s]
Seat 1: salcri91 (small blind) showed [6c 6d] and lost with two pair, Sixes and Deuces
Seat 2: dreimis190 (big blind) folded before Flop
Seat 3: newfie2829 folded before Flop
Seat 4: TheSecretCB folded before Flop (didn't bet)
Seat 5: fobot21 folded before Flop (didn't bet)
Seat 6: Cositorto (button) showed [Qs Qc] and won ($12.94) with two pair, Queens and Deuces



PokerStars Hand #254400931878:  Hold'em No Limit ($0.50/$1.00 USD) - 2025/01/16 17:38:30 WET [2025/01/16 12:38:30 ET]
Table 'Chilton III' 6-max Seat #1 is the button
Seat 1: salcri91 ($118.38 in chips) 
Seat 2: dreimis190 ($128.17 in chips) 
Seat 3: newfie2829 ($21.41 in chips) 
Seat 4: TheSecretCB ($135.86 in chips) 
Seat 5: fobot21 ($114.35 in chips) 
Seat 6: Cositorto ($154.49 in chips) 
dreimis190: posts small blind $0.50
newfie2829: posts big blind $1
*** HOLE CARDS ***
TheSecretCB: folds 
fobot21: folds 
Cositorto: folds 
salcri91: folds 
dreimis190: folds 
Uncalled bet ($0.50) returned to newfie2829
newfie2829 collected $1 from pot
*** SUMMARY ***
Total pot $1 | Rake $0 
Seat 1: salcri91 (button) folded before Flop (didn't bet)
Seat 2: dreimis190 (small blind) folded before Flop
Seat 3: newfie2829 (big blind) collected ($1)
Seat 4: TheSecretCB folded before Flop (didn't bet)
Seat 5: fobot21 folded before Flop (didn't bet)
Seat 6: Cositorto folded before Flop (didn't bet)



PokerStars Hand #254400936052:  Hold'em No Limit ($0.50/$1.00 USD) - 2025/01/16 17:38:46 WET [2025/01/16 12:38:46 ET]
Table 'Chilton III' 6-max Seat #2 is the button
Seat 1: salcri91 ($118.38 in chips) 
Seat 2: dreimis190 ($127.67 in chips) 
Seat 3: newfie2829 ($21.91 in chips) 
Seat 4: TheSecretCB ($135.86 in chips) 
Seat 5: fobot21 ($114.35 in chips) 
Seat 6: Cositorto ($154.49 in chips) 
newfie2829: posts small blind $0.50
TheSecretCB: posts big blind $1
*** HOLE CARDS ***
fobot21: raises $1 to $2
Cositorto: raises $4 to $6
salcri91: folds 
dreimis190: folds 
newfie2829: calls $5.50
TheSecretCB: folds 
fobot21: calls $4
*** FLOP *** [5c 8c 5d]
newfie2829: checks 
fobot21: checks 
Cositorto: bets $4.87
newfie2829: calls $4.87
fobot21: calls $4.87
*** TURN *** [5c 8c 5d] [As]
newfie2829: bets $11.04 and is all-in
fobot21: folds 
Cositorto: calls $11.04
*** RIVER *** [5c 8c 5d As] [Ts]
*** SHOW DOWN ***
newfie2829: shows [Ac Qd] (two pair, Aces and Fives)
Cositorto: shows [5h Ah] (a full house, Fives full of Aces)
Cositorto collected $53.19 from pot
*** SUMMARY ***
Total pot $55.69 | Rake $2.50 
Board [5c 8c 5d As Ts]
Seat 1: salcri91 folded before Flop (didn't bet)
Seat 2: dreimis190 (button) folded before Flop (didn't bet)
Seat 3: newfie2829 (small blind) showed [Ac Qd] and lost with two pair, Aces and Fives
Seat 4: TheSecretCB (big blind) folded before Flop
Seat 5: fobot21 folded on the Turn
Seat 6: Cositorto showed [5h Ah] and won ($53.19) with a full house, Fives full of Aces



PokerStars Hand #254400956212:  Hold'em No Limit ($0.50/$1.00 USD) - 2025/01/16 17:40:03 WET [2025/01/16 12:40:03 ET]
Table 'Chilton III' 6-max Seat #4 is the button
Seat 3: newfie2829 ($0 in chips) is sitting out
Seat 1: salcri91 ($118.38 in chips) 
Seat 2: dreimis190 ($127.67 in chips) 
Seat 4: TheSecretCB ($134.86 in chips) 
Seat 5: fobot21 ($103.48 in chips) 
Seat 6: Cositorto ($185.77 in chips) 
fobot21: posts small blind $0.50
Cositorto: posts big blind $1
*** HOLE CARDS ***
salcri91: folds 
dreimis190: raises $1.50 to $2.50
TheSecretCB: folds 
fobot21: folds 
Cositorto: folds 
Uncalled bet ($1.50) returned to dreimis190
dreimis190 collected $2.50 from pot
dreimis190: doesn't show hand 
*** SUMMARY ***
Total pot $2.50 | Rake $0 
Seat 3: newfie2829
Seat 1: salcri91 folded before Flop (didn't bet)
Seat 2: dreimis190 collected ($2.50)
Seat 4: TheSecretCB (button) folded before Flop (didn't bet)
Seat 5: fobot21 (small blind) folded before Flop
Seat 6: Cositorto (big blind) folded before Flop



PokerStars Hand #254400961146:  Hold'em No Limit ($0.50/$1.00 USD) - 2025/01/16 17:40:22 WET [2025/01/16 12:40:22 ET]
Table 'Chilton III' 6-max Seat #5 is the button
Seat 3: newfie2829 ($0 in chips) is sitting out
Seat 1: salcri91 ($118.38 in chips) 
Seat 2: dreimis190 ($129.17 in chips) 
Seat 4: TheSecretCB ($134.86 in chips) 
Seat 5: fobot21 ($102.98 in chips) 
Seat 6: Cositorto ($184.77 in chips) 
Cositorto: posts small blind $0.50
salcri91: posts big blind $1
*** HOLE CARDS ***
dreimis190: folds 
TheSecretCB: folds 
fobot21: folds 
Cositorto: folds 
Uncalled bet ($0.50) returned to salcri91
salcri91 collected $1 from pot
salcri91: doesn't show hand 
*** SUMMARY ***
Total pot $1 | Rake $0 
Seat 3: newfie2829
Seat 1: salcri91 (big blind) collected ($1)
Seat 2: dreimis190 folded before Flop (didn't bet)
Seat 4: TheSecretCB folded before Flop (didn't bet)
Seat 5: fobot21 (button) folded before Flop (didn't bet)
Seat 6: Cositorto (small blind) folded before Flop



PokerStars Hand #254400965360:  Hold'em No Limit ($0.50/$1.00 USD) - 2025/01/16 17:40:39 WET [2025/01/16 12:40:39 ET]
Table 'Chilton III' 6-max Seat #6 is the button
Seat 2: dreimis190 ($129.17 in chips) is sitting out
Seat 3: newfie2829 ($0 in chips) is sitting out
Seat 1: salcri91 ($118.88 in chips) 
Seat 4: TheSecretCB ($134.86 in chips) 
Seat 5: fobot21 ($102.98 in chips) 
Seat 6: Cositorto ($184.27 in chips) 
salcri91: posts small blind $0.50
dreimis190: is sitting out 
TheSecretCB: posts big blind $1
*** HOLE CARDS ***
fobot21: folds 
dreimis190 leaves the table
Cositorto: raises $1.50 to $2.50
salcri91: calls $2
TheSecretCB: raises $9.50 to $12
Cositorto: folds 
salcri91: folds 
Uncalled bet ($9.50) returned to TheSecretCB
TheSecretCB collected $7.50 from pot
TheSecretCB: doesn't show hand 
*** SUMMARY ***
Total pot $7.50 | Rake $0 
Seat 2: dreimis190
Seat 3: newfie2829
Seat 1: salcri91 (small blind) folded before Flop
Seat 4: TheSecretCB (big blind) collected ($7.50)
Seat 5: fobot21 folded before Flop (didn't bet)
Seat 6: Cositorto (button) folded before Flop



PokerStars Hand #254400971806:  Hold'em No Limit ($0.50/$1.00 USD) - 2025/01/16 17:41:03 WET [2025/01/16 12:41:03 ET]
Table 'Chilton III' 6-max Seat #1 is the button
Seat 3: newfie2829 ($0 in chips) is sitting out
Seat 5: fobot21 ($102.98 in chips) is sitting out
Seat 1: salcri91 ($116.38 in chips) 
Seat 4: TheSecretCB ($139.86 in chips) 
Seat 6: Cositorto ($181.77 in chips) 
coeeeelho joins the table at seat #2 
TheSecretCB: posts small blind $0.50
fobot21: is sitting out 
Cositorto: posts big blind $1
*** HOLE CARDS ***
salcri91: folds 
fobot21 leaves the table
TheSecretCB: folds 
Uncalled bet ($0.50) returned to Cositorto
Cositorto collected $1 from pot
Cositorto: doesn't show hand 
*** SUMMARY ***
Total pot $1 | Rake $0 
Seat 3: newfie2829
Seat 5: fobot21
Seat 1: salcri91 (button) folded before Flop (didn't bet)
Seat 4: TheSecretCB (small blind) folded before Flop
Seat 6: Cositorto (big blind) collected ($1)



PokerStars Hand #254400974853:  Hold'em No Limit ($0.50/$1.00 USD) - 2025/01/16 17:41:15 WET [2025/01/16 12:41:15 ET]
Table 'Chilton III' 6-max Seat #4 is the button
Seat 2: coeeeelho ($100 in chips) is sitting out
Seat 3: newfie2829 ($0 in chips) is sitting out
Seat 1: salcri91 ($116.38 in chips) 
Seat 4: TheSecretCB ($139.36 in chips) 
Seat 6: Cositorto ($182.27 in chips) 
Cositorto: posts small blind $0.50
salcri91: posts big blind $1
*** HOLE CARDS ***
TheSecretCB: raises $2 to $3
z00mba joins the table at seat #5 
Cositorto: raises $10.50 to $13.50
salcri91: folds 
TheSecretCB: folds 
Uncalled bet ($10.50) returned to Cositorto
Cositorto collected $7 from pot
Cositorto: doesn't show hand 
*** SUMMARY ***
Total pot $7 | Rake $0 
Seat 2: coeeeelho
Seat 3: newfie2829
Seat 1: salcri91 (big blind) folded before Flop
Seat 4: TheSecretCB (button) folded before Flop
Seat 6: Cositorto (small blind) collected ($7)



PokerStars Hand #254400980373:  Hold'em No Limit ($0.50/$1.00 USD) - 2025/01/16 17:41:36 WET [2025/01/16 12:41:36 ET]
Table 'Chilton III' 6-max Seat #6 is the button
Seat 5: z00mba ($100 in chips) is sitting out
Seat 1: salcri91 ($115.38 in chips) 
Seat 2: coeeeelho ($100 in chips) 
Seat 3: newfie2829 ($40.47 in chips) 
Seat 4: TheSecretCB ($136.36 in chips) 
Seat 6: Cositorto ($186.27 in chips) 
salcri91: posts small blind $0.50
coeeeelho: posts big blind $1
newfie2829: posts small & big blinds $1.50
z00mba: sits out 
*** HOLE CARDS ***
newfie2829: checks 
TheSecretCB: folds 
Cositorto: folds 
salcri91: calls $0.50
coeeeelho: checks 
*** FLOP *** [Ts 3h 7h]
salcri91: checks 
coeeeelho: checks 
newfie2829: checks 
*** TURN *** [Ts 3h 7h] [4h]
salcri91: checks 
coeeeelho: checks 
newfie2829: checks 
*** RIVER *** [Ts 3h 7h 4h] [6s]
salcri91: checks 
coeeeelho: bets $2.49
newfie2829: folds 
salcri91: folds 
Uncalled bet ($2.49) returned to coeeeelho
salcri91 leaves the table
coeeeelho collected $3.32 from pot
*** SUMMARY ***
Total pot $3.50 | Rake $0.18 
Board [Ts 3h 7h 4h 6s]
Seat 5: z00mba
Seat 1: salcri91 (small blind) folded on the River
Seat 2: coeeeelho (big blind) collected ($3.32)
Seat 3: newfie2829 folded on the River (didn't bet)
Seat 4: TheSecretCB folded before Flop (didn't bet)
Seat 6: Cositorto (button) folded before Flop (didn't bet)



PokerStars Hand #254400996518:  Hold'em No Limit ($0.50/$1.00 USD) - 2025/01/16 17:42:38 WET [2025/01/16 12:42:38 ET]
Table 'Chilton III' 6-max Seat #2 is the button
Seat 5: z00mba ($100 in chips) is sitting out
Seat 2: coeeeelho ($102.32 in chips) 
Seat 3: newfie2829 ($38.97 in chips) 
Seat 4: TheSecretCB ($136.36 in chips) 
Seat 6: Cositorto ($186.27 in chips) 
newfie2829: posts small blind $0.50
TheSecretCB: posts big blind $1
z00mba: sits out 
*** HOLE CARDS ***
Cositorto: folds 
avstero joins the table at seat #1 
coeeeelho: folds 
newfie2829: calls $0.50
TheSecretCB: raises $2 to $3
newfie2829: calls $2
*** FLOP *** [2c 6h 4c]
newfie2829: checks 
TheSecretCB: bets $3.14
newfie2829: folds 
Uncalled bet ($3.14) returned to TheSecretCB
TheSecretCB collected $5.70 from pot
TheSecretCB: doesn't show hand 
*** SUMMARY ***
Total pot $6 | Rake $0.30 
Board [2c 6h 4c]
Seat 5: z00mba
Seat 2: coeeeelho (button) folded before Flop (didn't bet)
Seat 3: newfie2829 (small blind) folded on the Flop
Seat 4: TheSecretCB (big blind) collected ($5.70)
Seat 6: Cositorto folded before Flop (didn't bet)



PokerStars Hand #254401001486:  Hold'em No Limit ($0.50/$1.00 USD) - 2025/01/16 17:42:57 WET [2025/01/16 12:42:57 ET]
Table 'Chilton III' 6-max Seat #3 is the button
Seat 1: avstero ($100 in chips) is sitting out
Seat 2: coeeeelho ($102.32 in chips) 
Seat 3: newfie2829 ($35.97 in chips) 
Seat 4: TheSecretCB ($139.06 in chips) 
Seat 5: z00mba ($100 in chips) 
Seat 6: Cositorto ($186.27 in chips) 
TheSecretCB: posts small blind $0.50
z00mba: posts big blind $1
avstero: sits out 
*** HOLE CARDS ***
Cositorto: folds 
coeeeelho: folds 
newfie2829: calls $1
TheSecretCB: raises $3 to $4
z00mba: folds 
newfie2829: calls $3
*** FLOP *** [Qh 3c Th]
TheSecretCB: bets $2.99
newfie2829: calls $2.99
*** TURN *** [Qh 3c Th] [7d]
TheSecretCB: bets $4.98
newfie2829: calls $4.98
*** RIVER *** [Qh 3c Th 7d] [6c]
TheSecretCB: checks 
newfie2829: checks 
*** SHOW DOWN ***
TheSecretCB: shows [Kd Ac] (high card Ace)
newfie2829: mucks hand 
TheSecretCB collected $23.69 from pot
*** SUMMARY ***
Total pot $24.94 | Rake $1.25 
Board [Qh 3c Th 7d 6c]
Seat 1: avstero
Seat 2: coeeeelho folded before Flop (didn't bet)
Seat 3: newfie2829 (button) mucked
Seat 4: TheSecretCB (small blind) showed [Kd Ac] and won ($23.69) with high card Ace
Seat 5: z00mba (big blind) folded before Flop
Seat 6: Cositorto folded before Flop (didn't bet)



PokerStars Hand #254401010599:  Hold'em No Limit ($0.50/$1.00 USD) - 2025/01/16 17:43:33 WET [2025/01/16 12:43:33 ET]
Table 'Chilton III' 6-max Seat #4 is the button
Seat 1: avstero ($100 in chips) is sitting out
Seat 2: coeeeelho ($102.32 in chips) 
Seat 3: newfie2829 ($24 in chips) 
Seat 4: TheSecretCB ($150.78 in chips) 
Seat 5: z00mba ($100 in chips) 
Seat 6: Cositorto ($186.27 in chips) 
z00mba: posts small blind $0.50
Cositorto: posts big blind $1
avstero: sits out 
*** HOLE CARDS ***
coeeeelho: raises $1.20 to $2.20
newfie2829: folds 
TheSecretCB: folds 
z00mba: raises $8.80 to $11
Cositorto: folds 
coeeeelho: folds 
Uncalled bet ($8.80) returned to z00mba
z00mba collected $5.40 from pot
z00mba: doesn't show hand 
*** SUMMARY ***
Total pot $5.40 | Rake $0 
Seat 1: avstero
Seat 2: coeeeelho folded before Flop
Seat 3: newfie2829 folded before Flop (didn't bet)
Seat 4: TheSecretCB (button) folded before Flop (didn't bet)
Seat 5: z00mba (small blind) collected ($5.40)
Seat 6: Cositorto (big blind) folded before Flop



PokerStars Hand #254401016931:  Hold'em No Limit ($0.50/$1.00 USD) - 2025/01/16 17:43:57 WET [2025/01/16 12:43:57 ET]
Table 'Chilton III' 6-max Seat #5 is the button
Seat 1: avstero ($100 in chips) 
Seat 2: coeeeelho ($100.12 in chips) 
Seat 3: newfie2829 ($24 in chips) 
Seat 4: TheSecretCB ($150.78 in chips) 
Seat 5: z00mba ($103.20 in chips) 
Seat 6: Cositorto ($185.27 in chips) 
Cositorto: posts small blind $0.50
avstero: posts big blind $1
*** HOLE CARDS ***
coeeeelho: folds 
newfie2829: folds 
TheSecretCB: folds 
z00mba: raises $1.50 to $2.50
Cositorto: folds 
avstero: folds 
Uncalled bet ($1.50) returned to z00mba
z00mba collected $2.50 from pot
z00mba: doesn't show hand 
*** SUMMARY ***
Total pot $2.50 | Rake $0 
Seat 1: avstero (big blind) folded before Flop
Seat 2: coeeeelho folded before Flop (didn't bet)
Seat 3: newfie2829 folded before Flop (didn't bet)
Seat 4: TheSecretCB folded before Flop (didn't bet)
Seat 5: z00mba (button) collected ($2.50)
Seat 6: Cositorto (small blind) folded before Flop



PokerStars Hand #254401021272:  Hold'em No Limit ($0.50/$1.00 USD) - 2025/01/16 17:44:14 WET [2025/01/16 12:44:14 ET]
Table 'Chilton III' 6-max Seat #6 is the button
Seat 1: avstero ($99 in chips) 
Seat 2: coeeeelho ($100.12 in chips) 
Seat 3: newfie2829 ($24 in chips) 
Seat 4: TheSecretCB ($150.78 in chips) 
Seat 5: z00mba ($104.70 in chips) 
Seat 6: Cositorto ($184.77 in chips) 
avstero: posts small blind $0.50
coeeeelho: posts big blind $1
*** HOLE CARDS ***
newfie2829 has timed out
newfie2829: folds 
TheSecretCB: folds 
z00mba: folds 
Cositorto: raises $1.50 to $2.50
avstero: raises $9.50 to $12
coeeeelho: folds 
Cositorto: folds 
Uncalled bet ($9.50) returned to avstero
avstero collected $6 from pot
avstero: doesn't show hand 
*** SUMMARY ***
Total pot $6 | Rake $0 
Seat 1: avstero (small blind) collected ($6)
Seat 2: coeeeelho (big blind) folded before Flop
Seat 3: newfie2829 folded before Flop (didn't bet)
Seat 4: TheSecretCB folded before Flop (didn't bet)
Seat 5: z00mba folded before Flop (didn't bet)
Seat 6: Cositorto (button) folded before Flop



PokerStars Hand #254401030385:  Hold'em No Limit ($0.50/$1.00 USD) - 2025/01/16 17:44:49 WET [2025/01/16 12:44:49 ET]
Table 'Chilton III' 6-max Seat #1 is the button
Seat 1: avstero ($102.50 in chips) 
Seat 2: coeeeelho ($100 in chips) 
Seat 3: newfie2829 ($24 in chips) 
Seat 4: TheSecretCB ($150.78 in chips) 
Seat 5: z00mba ($104.70 in chips) 
Seat 6: Cositorto ($182.27 in chips) 
coeeeelho: posts small blind $0.50
newfie2829: posts big blind $1
*** HOLE CARDS ***
TheSecretCB: folds 
z00mba: folds 
Cositorto: raises $1 to $2
avstero: folds 
coeeeelho: folds 
newfie2829: calls $1
*** FLOP *** [Qc 2d Ad]
newfie2829: checks 
Cositorto: bets $4.28
newfie2829: calls $4.28
*** TURN *** [Qc 2d Ad] [Kd]
newfie2829: checks 
Cositorto: checks 
*** RIVER *** [Qc 2d Ad Kd] [9d]
newfie2829: checks 
Cositorto: checks 
*** SHOW DOWN ***
newfie2829: shows [Jc Js] (a pair of Jacks)
Cositorto: shows [5h Ah] (a pair of Aces)
Cositorto collected $12.41 from pot
*** SUMMARY ***
Total pot $13.06 | Rake $0.65 
Board [Qc 2d Ad Kd 9d]
Seat 1: avstero (button) folded before Flop (didn't bet)
Seat 2: coeeeelho (small blind) folded before Flop
Seat 3: newfie2829 (big blind) showed [Jc Js] and lost with a pair of Jacks
Seat 4: TheSecretCB folded before Flop (didn't bet)
Seat 5: z00mba folded before Flop (didn't bet)
Seat 6: Cositorto showed [5h Ah] and won ($12.41) with a pair of Aces



PokerStars Hand #254401041234:  Hold'em No Limit ($0.50/$1.00 USD) - 2025/01/16 17:45:30 WET [2025/01/16 12:45:30 ET]
Table 'Chilton III' 6-max Seat #2 is the button
Seat 1: avstero ($102.50 in chips) 
Seat 2: coeeeelho ($100 in chips) 
Seat 3: newfie2829 ($17.72 in chips) 
Seat 4: TheSecretCB ($150.78 in chips) 
Seat 5: z00mba ($104.70 in chips) 
Seat 6: Cositorto ($188.40 in chips) 
newfie2829: posts small blind $0.50
TheSecretCB: posts big blind $1
*** HOLE CARDS ***
z00mba: folds 
Cositorto: folds 
avstero: folds 
coeeeelho: folds 
newfie2829: calls $0.50
TheSecretCB: checks 
*** FLOP *** [Qc 9h As]
newfie2829: bets $1.90
TheSecretCB: folds 
Uncalled bet ($1.90) returned to newfie2829
newfie2829 collected $1.90 from pot
*** SUMMARY ***
Total pot $2 | Rake $0.10 
Board [Qc 9h As]
Seat 1: avstero folded before Flop (didn't bet)
Seat 2: coeeeelho (button) folded before Flop (didn't bet)
Seat 3: newfie2829 (small blind) collected ($1.90)
Seat 4: TheSecretCB (big blind) folded on the Flop
Seat 5: z00mba folded before Flop (didn't bet)
Seat 6: Cositorto folded before Flop (didn't bet)



PokerStars Hand #254401053910:  Hold'em No Limit ($0.50/$1.00 USD) - 2025/01/16 17:46:19 WET [2025/01/16 12:46:19 ET]
Table 'Chilton III' 6-max Seat #3 is the button
Seat 1: avstero ($102.50 in chips) 
Seat 2: coeeeelho ($100 in chips) 
Seat 3: newfie2829 ($18.62 in chips) 
Seat 4: TheSecretCB ($149.78 in chips) 
Seat 5: z00mba ($104.70 in chips) 
Seat 6: Cositorto ($188.40 in chips) 
TheSecretCB: posts small blind $0.50
z00mba: posts big blind $1
*** HOLE CARDS ***
Cositorto: folds 
avstero: folds 
coeeeelho: raises $1.30 to $2.30
newfie2829: calls $2.30
TheSecretCB: folds 
z00mba: folds 
*** FLOP *** [9s Js 3s]
coeeeelho: checks 
newfie2829: checks 
*** TURN *** [9s Js 3s] [4h]
coeeeelho: bets $4.35
newfie2829: calls $4.35
*** RIVER *** [9s Js 3s 4h] [Ac]
coeeeelho: bets $14.06
newfie2829: calls $11.97 and is all-in
Uncalled bet ($2.09) returned to coeeeelho
*** SHOW DOWN ***
coeeeelho: shows [Qs Ts] (a flush, Queen high)
newfie2829: shows [Ad 9d] (two pair, Aces and Nines)
coeeeelho collected $36.80 from pot
*** SUMMARY ***
Total pot $38.74 | Rake $1.94 
Board [9s Js 3s 4h Ac]
Seat 1: avstero folded before Flop (didn't bet)
Seat 2: coeeeelho showed [Qs Ts] and won ($36.80) with a flush, Queen high
Seat 3: newfie2829 (button) showed [Ad 9d] and lost with two pair, Aces and Nines
Seat 4: TheSecretCB (small blind) folded before Flop
Seat 5: z00mba (big blind) folded before Flop
Seat 6: Cositorto folded before Flop (didn't bet)



PokerStars Hand #254401070248:  Hold'em No Limit ($0.50/$1.00 USD) - 2025/01/16 17:47:21 WET [2025/01/16 12:47:21 ET]
Table 'Chilton III' 6-max Seat #4 is the button
Seat 3: newfie2829 ($0 in chips) is sitting out
Seat 1: avstero ($102.50 in chips) 
Seat 2: coeeeelho ($118.18 in chips) 
Seat 4: TheSecretCB ($149.28 in chips) 
Seat 5: z00mba ($103.70 in chips) 
Seat 6: Cositorto ($188.40 in chips) 
z00mba: posts small blind $0.50
Cositorto: posts big blind $1
*** HOLE CARDS ***
avstero: folds 
coeeeelho: folds 
TheSecretCB: raises $2 to $3
z00mba: folds 
Cositorto: folds 
Uncalled bet ($2) returned to TheSecretCB
TheSecretCB collected $2.50 from pot
TheSecretCB: doesn't show hand 
*** SUMMARY ***
Total pot $2.50 | Rake $0 
Seat 3: newfie2829
Seat 1: avstero folded before Flop (didn't bet)
Seat 2: coeeeelho folded before Flop (didn't bet)
Seat 4: TheSecretCB (button) collected ($2.50)
Seat 5: z00mba (small blind) folded before Flop
Seat 6: Cositorto (big blind) folded before Flop



PokerStars Hand #254401076230:  Hold'em No Limit ($0.50/$1.00 USD) - 2025/01/16 17:47:44 WET [2025/01/16 12:47:44 ET]
Table 'Chilton III' 6-max Seat #5 is the button
Seat 1: avstero ($102.50 in chips) is sitting out
Seat 3: newfie2829 ($0 in chips) is sitting out
Seat 2: coeeeelho ($118.18 in chips) 
Seat 4: TheSecretCB ($150.78 in chips) 
Seat 5: z00mba ($103.20 in chips) 
Seat 6: Cositorto ($187.40 in chips) 
Cositorto: posts small blind $0.50
avstero: is sitting out 
coeeeelho: posts big blind $1
*** HOLE CARDS ***
TheSecretCB: folds 
avstero leaves the table
GuigaMan joins the table at seat #1 
z00mba: raises $1.50 to $2.50
Cositorto: folds 
coeeeelho: folds 
Uncalled bet ($1.50) returned to z00mba
z00mba collected $2.50 from pot
z00mba: doesn't show hand 
*** SUMMARY ***
Total pot $2.50 | Rake $0 
Seat 1: avstero
Seat 3: newfie2829
Seat 2: coeeeelho (big blind) folded before Flop
Seat 4: TheSecretCB folded before Flop (didn't bet)
Seat 5: z00mba (button) collected ($2.50)
Seat 6: Cositorto (small blind) folded before Flop



PokerStars Hand #254401083711:  Hold'em No Limit ($0.50/$1.00 USD) - 2025/01/16 17:48:13 WET [2025/01/16 12:48:13 ET]
Table 'Chilton III' 6-max Seat #6 is the button
Seat 1: GuigaMan ($100 in chips) is sitting out
Seat 3: newfie2829 ($0 in chips) is sitting out
Seat 2: coeeeelho ($117.18 in chips) 
Seat 4: TheSecretCB ($150.78 in chips) 
Seat 5: z00mba ($104.70 in chips) 
Seat 6: Cositorto ($186.90 in chips) 
coeeeelho: posts small blind $0.50
TheSecretCB: posts big blind $1
*** HOLE CARDS ***
z00mba: folds 
Cositorto: raises $1.50 to $2.50
coeeeelho: folds 
TheSecretCB: folds 
Uncalled bet ($1.50) returned to Cositorto
Cositorto collected $2.50 from pot
Cositorto: doesn't show hand 
*** SUMMARY ***
Total pot $2.50 | Rake $0 
Seat 1: GuigaMan
Seat 3: newfie2829
Seat 2: coeeeelho (small blind) folded before Flop
Seat 4: TheSecretCB (big blind) folded before Flop
Seat 5: z00mba folded before Flop (didn't bet)
Seat 6: Cositorto (button) collected ($2.50)



PokerStars Hand #254401088164:  Hold'em No Limit ($0.50/$1.00 USD) - 2025/01/16 17:48:30 WET [2025/01/16 12:48:30 ET]
Table 'Chilton III' 6-max Seat #2 is the button
Seat 1: GuigaMan ($100 in chips) is sitting out
Seat 3: newfie2829 ($0 in chips) is sitting out
Seat 2: coeeeelho ($116.68 in chips) 
Seat 4: TheSecretCB ($149.78 in chips) 
Seat 5: z00mba ($104.70 in chips) 
Seat 6: Cositorto ($188.40 in chips) 
TheSecretCB: posts small blind $0.50
z00mba: posts big blind $1
GuigaMan: sits out 
*** HOLE CARDS ***
Cositorto: raises $1 to $2
coeeeelho: folds 
TheSecretCB: folds 
z00mba: folds 
Uncalled bet ($1) returned to Cositorto
Cositorto collected $2.50 from pot
Cositorto: doesn't show hand 
*** SUMMARY ***
Total pot $2.50 | Rake $0 
Seat 1: GuigaMan
Seat 3: newfie2829
Seat 2: coeeeelho (button) folded before Flop (didn't bet)
Seat 4: TheSecretCB (small blind) folded before Flop
Seat 5: z00mba (big blind) folded before Flop
Seat 6: Cositorto collected ($2.50)



PokerStars Hand #254401097213:  Hold'em No Limit ($0.50/$1.00 USD) - 2025/01/16 17:49:04 WET [2025/01/16 12:49:04 ET]
Table 'Chilton III' 6-max Seat #4 is the button
Seat 1: GuigaMan ($100 in chips) is sitting out
Seat 3: newfie2829 ($0 in chips) is sitting out
Seat 2: coeeeelho ($116.68 in chips) 
Seat 4: TheSecretCB ($149.28 in chips) 
Seat 5: z00mba ($103.70 in chips) 
Seat 6: Cositorto ($189.90 in chips) 
z00mba: posts small blind $0.50
Cositorto: posts big blind $1
GuigaMan: sits out 
*** HOLE CARDS ***
coeeeelho: folds 
TheSecretCB: folds 
z00mba: raises $2 to $3
Cositorto: folds 
Uncalled bet ($2) returned to z00mba
z00mba collected $2 from pot
z00mba: doesn't show hand 
*** SUMMARY ***
Total pot $2 | Rake $0 
Seat 1: GuigaMan
Seat 3: newfie2829
Seat 2: coeeeelho folded before Flop (didn't bet)
Seat 4: TheSecretCB (button) folded before Flop (didn't bet)
Seat 5: z00mba (small blind) collected ($2)
Seat 6: Cositorto (big blind) folded before Flop



PokerStars Hand #254401102620:  Hold'em No Limit ($0.50/$1.00 USD) - 2025/01/16 17:49:25 WET [2025/01/16 12:49:25 ET]
Table 'Chilton III' 6-max Seat #5 is the button
Seat 3: newfie2829 ($0 in chips) is sitting out
Seat 1: GuigaMan ($100 in chips) 
Seat 2: coeeeelho ($116.68 in chips) 
Seat 4: TheSecretCB ($149.28 in chips) 
Seat 5: z00mba ($104.70 in chips) 
Seat 6: Cositorto ($188.90 in chips) 
Cositorto: posts small blind $0.50
GuigaMan: posts big blind $1
*** HOLE CARDS ***
coeeeelho: folds 
TheSecretCB: folds 
z00mba: folds 
Cositorto: folds 
Uncalled bet ($0.50) returned to GuigaMan
GuigaMan collected $1 from pot
*** SUMMARY ***
Total pot $1 | Rake $0 
Seat 3: newfie2829
Seat 1: GuigaMan (big blind) collected ($1)
Seat 2: coeeeelho folded before Flop (didn't bet)
Seat 4: TheSecretCB folded before Flop (didn't bet)
Seat 5: z00mba (button) folded before Flop (didn't bet)
Seat 6: Cositorto (small blind) folded before Flop



PokerStars Hand #254401106712:  Hold'em No Limit ($0.50/$1.00 USD) - 2025/01/16 17:49:41 WET [2025/01/16 12:49:41 ET]
Table 'Chilton III' 6-max Seat #6 is the button
Seat 3: newfie2829 ($0 in chips) is sitting out
Seat 1: GuigaMan ($100.50 in chips) 
Seat 2: coeeeelho ($116.68 in chips) 
Seat 4: TheSecretCB ($149.28 in chips) 
Seat 5: z00mba ($104.70 in chips) 
Seat 6: Cositorto ($188.40 in chips) 
GuigaMan: posts small blind $0.50
coeeeelho: posts big blind $1
*** HOLE CARDS ***
TheSecretCB: raises $2 to $3
z00mba: folds 
Cositorto: folds 
GuigaMan: folds 
coeeeelho: folds 
Uncalled bet ($2) returned to TheSecretCB
TheSecretCB collected $2.50 from pot
TheSecretCB: doesn't show hand 
*** SUMMARY ***
Total pot $2.50 | Rake $0 
Seat 3: newfie2829
Seat 1: GuigaMan (small blind) folded before Flop
Seat 2: coeeeelho (big blind) folded before Flop
Seat 4: TheSecretCB collected ($2.50)
Seat 5: z00mba folded before Flop (didn't bet)
Seat 6: Cositorto (button) folded before Flop (didn't bet)



PokerStars Hand #254401114556:  Hold'em No Limit ($0.50/$1.00 USD) - 2025/01/16 17:50:11 WET [2025/01/16 12:50:11 ET]
Table 'Chilton III' 6-max Seat #1 is the button
Seat 3: newfie2829 ($0 in chips) is sitting out
Seat 4: TheSecretCB ($150.78 in chips) is sitting out
Seat 1: GuigaMan ($100 in chips) 
Seat 2: coeeeelho ($115.68 in chips) 
Seat 5: z00mba ($104.70 in chips) 
Seat 6: Cositorto ($188.40 in chips) 
coeeeelho: posts small blind $0.50
TheSecretCB: is sitting out 
z00mba: posts big blind $1
*** HOLE CARDS ***
Cositorto: raises $1 to $2
GuigaMan: folds 
coeeeelho: folds 
TheSecretCB leaves the table
z00mba: folds 
Uncalled bet ($1) returned to Cositorto
Cositorto collected $2.50 from pot
Cositorto: doesn't show hand 
*** SUMMARY ***
Total pot $2.50 | Rake $0 
Seat 3: newfie2829
Seat 4: TheSecretCB
Seat 1: GuigaMan (button) folded before Flop (didn't bet)
Seat 2: coeeeelho (small blind) folded before Flop
Seat 5: z00mba (big blind) folded before Flop
Seat 6: Cositorto collected ($2.50)



PokerStars Hand #254401118835:  Hold'em No Limit ($0.50/$1.00 USD) - 2025/01/16 17:50:27 WET [2025/01/16 12:50:27 ET]
Table 'Chilton III' 6-max Seat #2 is the button
Seat 3: newfie2829 ($0 in chips) is sitting out
Seat 1: GuigaMan ($100 in chips) 
Seat 2: coeeeelho ($115.18 in chips) 
Seat 5: z00mba ($103.70 in chips) 
Seat 6: Cositorto ($189.90 in chips) 
z00mba: posts small blind $0.50
Cositorto: posts big blind $1
*** HOLE CARDS ***
GuigaMan: raises $1.10 to $2.10
coeeeelho: folds 
z00mba: folds 
Cositorto: folds 
Uncalled bet ($1.10) returned to GuigaMan
GuigaMan collected $2.50 from pot
*** SUMMARY ***
Total pot $2.50 | Rake $0 
Seat 3: newfie2829
Seat 1: GuigaMan collected ($2.50)
Seat 2: coeeeelho (button) folded before Flop (didn't bet)
Seat 5: z00mba (small blind) folded before Flop
Seat 6: Cositorto (big blind) folded before Flop



PokerStars Hand #254401123233:  Hold'em No Limit ($0.50/$1.00 USD) - 2025/01/16 17:50:44 WET [2025/01/16 12:50:44 ET]
Table 'Chilton III' 6-max Seat #5 is the button
Seat 3: newfie2829 ($0 in chips) is sitting out
Seat 1: GuigaMan ($101.50 in chips) 
Seat 2: coeeeelho ($115.18 in chips) 
Seat 5: z00mba ($103.20 in chips) 
Seat 6: Cositorto ($188.90 in chips) 
Cositorto: posts small blind $0.50
GuigaMan: posts big blind $1
*** HOLE CARDS ***
coeeeelho: raises $1.30 to $2.30
z00mba: folds 
Cositorto: folds 
GuigaMan: folds 
Uncalled bet ($1.30) returned to coeeeelho
coeeeelho collected $2.50 from pot
*** SUMMARY ***
Total pot $2.50 | Rake $0 
Seat 3: newfie2829
Seat 1: GuigaMan (big blind) folded before Flop
Seat 2: coeeeelho collected ($2.50)
Seat 5: z00mba (button) folded before Flop (didn't bet)
Seat 6: Cositorto (small blind) folded before Flop



PokerStars Hand #254401127563:  Hold'em No Limit ($0.50/$1.00 USD) - 2025/01/16 17:51:01 WET [2025/01/16 12:51:01 ET]
Table 'Chilton III' 6-max Seat #6 is the button
Seat 3: newfie2829 ($0 in chips) is sitting out
Seat 1: GuigaMan ($100.50 in chips) 
Seat 2: coeeeelho ($116.68 in chips) 
Seat 5: z00mba ($103.20 in chips) 
Seat 6: Cositorto ($188.40 in chips) 
xcinaz joins the table at seat #4 
GuigaMan: posts small blind $0.50
coeeeelho: posts big blind $1
*** HOLE CARDS ***
z00mba: folds 
Cositorto: folds 
GuigaMan: folds 
Uncalled bet ($0.50) returned to coeeeelho
coeeeelho collected $1 from pot
*** SUMMARY ***
Total pot $1 | Rake $0 
Seat 3: newfie2829
Seat 1: GuigaMan (small blind) folded before Flop
Seat 2: coeeeelho (big blind) collected ($1)
Seat 5: z00mba folded before Flop (didn't bet)
Seat 6: Cositorto (button) folded before Flop (didn't bet)



PokerStars Hand #254401130127:  Hold'em No Limit ($0.50/$1.00 USD) - 2025/01/16 17:51:11 WET [2025/01/16 12:51:11 ET]
Table 'Chilton III' 6-max Seat #1 is the button
Seat 3: newfie2829 ($0 in chips) is sitting out
Seat 1: GuigaMan ($100 in chips) 
Seat 2: coeeeelho ($117.18 in chips) 
Seat 4: xcinaz ($100 in chips) 
Seat 5: z00mba ($103.20 in chips) 
Seat 6: Cositorto ($188.40 in chips) 
coeeeelho: posts small blind $0.50
xcinaz: posts big blind $1
*** HOLE CARDS ***
z00mba: folds 
Cositorto: folds 
GuigaMan: folds 
coeeeelho: folds 
Uncalled bet ($0.50) returned to xcinaz
xcinaz collected $1 from pot
xcinaz: doesn't show hand 
*** SUMMARY ***
Total pot $1 | Rake $0 
Seat 3: newfie2829
Seat 1: GuigaMan (button) folded before Flop (didn't bet)
Seat 2: coeeeelho (small blind) folded before Flop
Seat 4: xcinaz (big blind) collected ($1)
Seat 5: z00mba folded before Flop (didn't bet)
Seat 6: Cositorto folded before Flop (didn't bet)



PokerStars Hand #254401134860:  Hold'em No Limit ($0.50/$1.00 USD) - 2025/01/16 17:51:29 WET [2025/01/16 12:51:29 ET]
Table 'Chilton III' 6-max Seat #2 is the button
Seat 3: newfie2829 ($0 in chips) is sitting out
Seat 5: z00mba ($103.20 in chips) is sitting out
Seat 1: GuigaMan ($100 in chips) 
Seat 2: coeeeelho ($116.68 in chips) 
Seat 4: xcinaz ($100.50 in chips) 
Seat 6: Cositorto ($188.40 in chips) 
xcinaz: posts small blind $0.50
z00mba: is sitting out 
Cositorto: posts big blind $1
*** HOLE CARDS ***
GuigaMan: raises $1.10 to $2.10
coeeeelho: folds 
xcinaz: folds 
Cositorto: folds 
Uncalled bet ($1.10) returned to GuigaMan
GuigaMan collected $2.50 from pot
*** SUMMARY ***
Total pot $2.50 | Rake $0 
Seat 3: newfie2829
Seat 5: z00mba
Seat 1: GuigaMan collected ($2.50)
Seat 2: coeeeelho (button) folded before Flop (didn't bet)
Seat 4: xcinaz (small blind) folded before Flop
Seat 6: Cositorto (big blind) folded before Flop



PokerStars Hand #254401138052:  Hold'em No Limit ($0.50/$1.00 USD) - 2025/01/16 17:51:41 WET [2025/01/16 12:51:41 ET]
Table 'Chilton III' 6-max Seat #4 is the button
Seat 3: newfie2829 ($0 in chips) is sitting out
Seat 5: z00mba ($103.20 in chips) is sitting out
Seat 1: GuigaMan ($101.50 in chips) 
Seat 2: coeeeelho ($116.68 in chips) 
Seat 4: xcinaz ($100 in chips) 
Seat 6: Cositorto ($187.40 in chips) 
Cositorto: posts small blind $0.50
GuigaMan: posts big blind $1
*** HOLE CARDS ***
coeeeelho: raises $1.20 to $2.20
xcinaz: raises $5.80 to $8
Cositorto: folds 
GuigaMan: folds 
coeeeelho: folds 
Uncalled bet ($5.80) returned to xcinaz
xcinaz collected $5.90 from pot
xcinaz: doesn't show hand 
*** SUMMARY ***
Total pot $5.90 | Rake $0 
Seat 3: newfie2829
Seat 5: z00mba
Seat 1: GuigaMan (big blind) folded before Flop
Seat 2: coeeeelho folded before Flop
Seat 4: xcinaz (button) collected ($5.90)
Seat 6: Cositorto (small blind) folded before Flop



PokerStars Hand #254401151931:  Hold'em No Limit ($0.50/$1.00 USD) - 2025/01/16 17:52:34 WET [2025/01/16 12:52:34 ET]
Table 'Chilton III' 6-max Seat #6 is the button
Seat 2: coeeeelho ($114.48 in chips) is sitting out
Seat 3: newfie2829 ($0 in chips) is sitting out
Seat 5: z00mba ($103.20 in chips) is sitting out
Seat 1: GuigaMan ($100.50 in chips) 
Seat 4: xcinaz ($103.70 in chips) 
Seat 6: Cositorto ($186.90 in chips) 
GuigaMan: posts small blind $0.50
coeeeelho: is sitting out 
xcinaz: posts big blind $1
z00mba: sits out 
*** HOLE CARDS ***
Cositorto: raises $1.50 to $2.50
GuigaMan: folds 
xcinaz: calls $1.50
*** FLOP *** [Js 7c 4d]
xcinaz: checks 
Cositorto: bets $1.41
xcinaz: calls $1.41
*** TURN *** [Js 7c 4d] [6d]
xcinaz: checks 
Cositorto: checks 
*** RIVER *** [Js 7c 4d 6d] [9s]
xcinaz: bets $2.61
Cositorto: raises $6.89 to $9.50
xcinaz: folds 
Uncalled bet ($6.89) returned to Cositorto
Cositorto collected $12.86 from pot
newfie2829 leaves the table
Cositorto: doesn't show hand 
*** SUMMARY ***
Total pot $13.54 | Rake $0.68 
Board [Js 7c 4d 6d 9s]
Seat 2: coeeeelho
Seat 3: newfie2829
Seat 5: z00mba
Seat 1: GuigaMan (small blind) folded before Flop
Seat 4: xcinaz (big blind) folded on the River
Seat 6: Cositorto (button) collected ($12.86)



PokerStars Hand #254401168116:  Hold'em No Limit ($0.50/$1.00 USD) - 2025/01/16 17:53:37 WET [2025/01/16 12:53:37 ET]
Table 'Chilton III' 6-max Seat #1 is the button
Seat 2: coeeeelho ($114.48 in chips) is sitting out
Seat 5: z00mba ($103.20 in chips) is sitting out
Seat 1: GuigaMan ($100 in chips) 
Seat 4: xcinaz ($100 in chips) 
Seat 6: Cositorto ($193.24 in chips) 
xcinaz: posts small blind $0.50
z00mba: is sitting out 
Cositorto: posts big blind $1
*** HOLE CARDS ***
GuigaMan: raises $1.10 to $2.10
coeeeelho leaves the table
xcinaz: folds 
Cositorto: calls $1.10
*** FLOP *** [Jh As 3h]
Cositorto: checks 
GuigaMan: bets $3.35
Cositorto: calls $3.35
*** TURN *** [Jh As 3h] [4s]
Cositorto: checks 
z00mba leaves the table
GuigaMan: bets $12.78
Cositorto: calls $12.78
*** RIVER *** [Jh As 3h 4s] [2c]
Cositorto: checks 
GuigaMan: bets $26.97
Cositorto: calls $26.97
*** SHOW DOWN ***
GuigaMan: shows [Jc Jd] (three of a kind, Jacks)
Cositorto: mucks hand 
GuigaMan collected $89.90 from pot
*** SUMMARY ***
Total pot $90.90 | Rake $1 
Board [Jh As 3h 4s 2c]
Seat 2: coeeeelho
Seat 5: z00mba
Seat 1: GuigaMan (button) showed [Jc Jd] and won ($89.90) with three of a kind, Jacks
Seat 4: xcinaz (small blind) folded before Flop
Seat 6: Cositorto (big blind) mucked



