PokerStars Hand #254402310316:  Hold'em No Limit ($0.50/$1.00 USD) - 2025/01/16 19:06:05 WET [2025/01/16 14:06:05 ET]
Table 'Euryalos III' 6-max Seat #4 is the button
Seat 1: ImaPeppaPig ($102.25 in chips) 
Seat 4: AIien Hand ($100 in chips) 
AIien Hand: posts small blind $0.50
ImaPeppaPig: posts big blind $1
*** HOLE CARDS ***
AIien Hand: raises $1.50 to $2.50
ImaPeppaPig: folds 
Uncalled bet ($1.50) returned to AIien Hand
AIien Hand collected $2 from pot
AIien Hand: doesn't show hand 
*** SUMMARY ***
Total pot $2 | Rake $0 
Seat 1: ImaPeppaPig (big blind) folded before Flop
Seat 4: AIien Hand (button) (small blind) collected ($2)



PokerStars Hand #254402312400:  Hold'em No Limit ($0.50/$1.00 USD) - 2025/01/16 19:06:13 WET [2025/01/16 14:06:13 ET]
Table 'Euryalos III' 6-max Seat #1 is the button
Seat 1: ImaPeppaPig ($101.25 in chips) 
Seat 4: AIien Hand ($101 in chips) 
ImaPeppaPig: posts small blind $0.50
AIien Hand: posts big blind $1
*** HOLE CARDS ***
ImaPeppaPig: raises $1.50 to $2.50
AIien Hand: raises $8 to $10.50
ImaPeppaPig: calls $8
*** FLOP *** [Ac Ah 7d]
AIien Hand: checks 
ImaPeppaPig: checks 
*** TURN *** [Ac Ah 7d] [Js]
AIien Hand: bets $6
ImaPeppaPig: folds 
Uncalled bet ($6) returned to AIien Hand
AIien Hand collected $20 from pot
AIien Hand: doesn't show hand 
*** SUMMARY ***
Total pot $21 | Rake $1 
Board [Ac Ah 7d Js]
Seat 1: ImaPeppaPig (button) (small blind) folded on the Turn
Seat 4: AIien Hand (big blind) collected ($20)



PokerStars Hand #254402326965:  Hold'em No Limit ($0.50/$1.00 USD) - 2025/01/16 19:07:04 WET [2025/01/16 14:07:04 ET]
Table 'Euryalos III' 6-max Seat #4 is the button
Seat 1: ImaPeppaPig ($100 in chips) 
Seat 4: AIien Hand ($110.50 in chips) 
AIien Hand: posts small blind $0.50
ImaPeppaPig: posts big blind $1
*** HOLE CARDS ***
AIien Hand: folds 
Uncalled bet ($0.50) returned to ImaPeppaPig
ImaPeppaPig collected $1 from pot
ImaPeppaPig: doesn't show hand 
*** SUMMARY ***
Total pot $1 | Rake $0 
Seat 1: ImaPeppaPig (big blind) collected ($1)
Seat 4: AIien Hand (button) (small blind) folded before Flop



PokerStars Hand #254402329545:  Hold'em No Limit ($0.50/$1.00 USD) - 2025/01/16 19:07:13 WET [2025/01/16 14:07:13 ET]
Table 'Euryalos III' 6-max Seat #1 is the button
Seat 1: ImaPeppaPig ($100.50 in chips) 
Seat 4: AIien Hand ($110 in chips) 
ImaPeppaPig: posts small blind $0.50
AIien Hand: posts big blind $1
*** HOLE CARDS ***
ImaPeppaPig: raises $1.50 to $2.50
AIien Hand: raises $8 to $10.50
ImaPeppaPig: folds 
Uncalled bet ($8) returned to AIien Hand
AIien Hand collected $5 from pot
AIien Hand: doesn't show hand 
*** SUMMARY ***
Total pot $5 | Rake $0 
Seat 1: ImaPeppaPig (button) (small blind) folded before Flop
Seat 4: AIien Hand (big blind) collected ($5)



PokerStars Hand #254402333070:  Hold'em No Limit ($0.50/$1.00 USD) - 2025/01/16 19:07:25 WET [2025/01/16 14:07:25 ET]
Table 'Euryalos III' 6-max Seat #4 is the button
Seat 1: ImaPeppaPig ($100 in chips) 
Seat 4: AIien Hand ($112.50 in chips) 
AIien Hand: posts small blind $0.50
ImaPeppaPig: posts big blind $1
*** HOLE CARDS ***
AIien Hand: raises $1.50 to $2.50
ImaPeppaPig: folds 
Uncalled bet ($1.50) returned to AIien Hand
AIien Hand collected $2 from pot
AIien Hand: doesn't show hand 
*** SUMMARY ***
Total pot $2 | Rake $0 
Seat 1: ImaPeppaPig (big blind) folded before Flop
Seat 4: AIien Hand (button) (small blind) collected ($2)



PokerStars Hand #254402337389:  Hold'em No Limit ($0.50/$1.00 USD) - 2025/01/16 19:07:40 WET [2025/01/16 14:07:40 ET]
Table 'Euryalos III' 6-max Seat #1 is the button
Seat 1: ImaPeppaPig ($100 in chips) 
Seat 4: AIien Hand ($113.50 in chips) 
ImaPeppaPig: posts small blind $0.50
AIien Hand: posts big blind $1
*** HOLE CARDS ***
ImaPeppaPig: folds 
Uncalled bet ($0.50) returned to AIien Hand
AIien Hand collected $1 from pot
AIien Hand: doesn't show hand 
*** SUMMARY ***
Total pot $1 | Rake $0 
Seat 1: ImaPeppaPig (button) (small blind) folded before Flop
Seat 4: AIien Hand (big blind) collected ($1)



PokerStars Hand #254402339550:  Hold'em No Limit ($0.50/$1.00 USD) - 2025/01/16 19:07:48 WET [2025/01/16 14:07:48 ET]
Table 'Euryalos III' 6-max Seat #4 is the button
Seat 1: ImaPeppaPig ($100 in chips) 
Seat 4: AIien Hand ($114 in chips) 
AIien Hand: posts small blind $0.50
ImaPeppaPig: posts big blind $1
*** HOLE CARDS ***
AIien Hand: raises $1.50 to $2.50
ImaPeppaPig: calls $1.50
*** FLOP *** [Qd 8h 5s]
ImaPeppaPig: checks 
AIien Hand: checks 
*** TURN *** [Qd 8h 5s] [7d]
ImaPeppaPig: bets $1.47
AIien Hand: calls $1.47
*** RIVER *** [Qd 8h 5s 7d] [Tc]
ImaPeppaPig: checks 
AIien Hand: bets $5.43
ImaPeppaPig: folds 
Uncalled bet ($5.43) returned to AIien Hand
AIien Hand collected $7.54 from pot
AIien Hand: doesn't show hand 
*** SUMMARY ***
Total pot $7.94 | Rake $0.40 
Board [Qd 8h 5s 7d Tc]
Seat 1: ImaPeppaPig (big blind) folded on the River
Seat 4: AIien Hand (button) (small blind) collected ($7.54)



PokerStars Hand #254402356146:  Hold'em No Limit ($0.50/$1.00 USD) - 2025/01/16 19:08:47 WET [2025/01/16 14:08:47 ET]
Table 'Euryalos III' 6-max Seat #1 is the button
Seat 1: ImaPeppaPig ($100 in chips) 
Seat 4: AIien Hand ($117.57 in chips) 
ImaPeppaPig: posts small blind $0.50
AIien Hand: posts big blind $1
*** HOLE CARDS ***
ImaPeppaPig: folds 
Uncalled bet ($0.50) returned to AIien Hand
AIien Hand collected $1 from pot
AIien Hand: doesn't show hand 
*** SUMMARY ***
Total pot $1 | Rake $0 
Seat 1: ImaPeppaPig (button) (small blind) folded before Flop
Seat 4: AIien Hand (big blind) collected ($1)



PokerStars Hand #254402357638:  Hold'em No Limit ($0.50/$1.00 USD) - 2025/01/16 19:08:52 WET [2025/01/16 14:08:52 ET]
Table 'Euryalos III' 6-max Seat #4 is the button
Seat 1: ImaPeppaPig ($100 in chips) 
Seat 4: AIien Hand ($118.07 in chips) 
AIien Hand: posts small blind $0.50
ImaPeppaPig: posts big blind $1
*** HOLE CARDS ***
AIien Hand: raises $1.50 to $2.50
ImaPeppaPig: calls $1.50
*** FLOP *** [3d 6d 7h]
ImaPeppaPig: checks 
AIien Hand: checks 
*** TURN *** [3d 6d 7h] [7s]
ImaPeppaPig: checks 
AIien Hand: bets $1.90
ImaPeppaPig: raises $10.94 to $12.84
AIien Hand: calls $10.94
*** RIVER *** [3d 6d 7h 7s] [Ad]
ImaPeppaPig: bets $84.66 and is all-in
AIien Hand: folds 
Uncalled bet ($84.66) returned to ImaPeppaPig
ImaPeppaPig collected $29.68 from pot
ImaPeppaPig: doesn't show hand 
*** SUMMARY ***
Total pot $30.68 | Rake $1 
Board [3d 6d 7h 7s Ad]
Seat 1: ImaPeppaPig (big blind) collected ($29.68)
Seat 4: AIien Hand (button) (small blind) folded on the River



PokerStars Hand #254402379651:  Hold'em No Limit ($0.50/$1.00 USD) - 2025/01/16 19:10:11 WET [2025/01/16 14:10:11 ET]
Table 'Euryalos III' 6-max Seat #1 is the button
Seat 1: ImaPeppaPig ($114.34 in chips) 
Seat 4: AIien Hand ($102.73 in chips) 
ImaPeppaPig: posts small blind $0.50
AIien Hand: posts big blind $1
*** HOLE CARDS ***
ImaPeppaPig: raises $1.50 to $2.50
AIien Hand: folds 
Uncalled bet ($1.50) returned to ImaPeppaPig
ImaPeppaPig collected $2 from pot
ImaPeppaPig: doesn't show hand 
*** SUMMARY ***
Total pot $2 | Rake $0 
Seat 1: ImaPeppaPig (button) (small blind) collected ($2)
Seat 4: AIien Hand (big blind) folded before Flop



PokerStars Hand #254402383690:  Hold'em No Limit ($0.50/$1.00 USD) - 2025/01/16 19:10:25 WET [2025/01/16 14:10:25 ET]
Table 'Euryalos III' 6-max Seat #4 is the button
Seat 1: ImaPeppaPig ($115.34 in chips) 
Seat 4: AIien Hand ($101.73 in chips) 
AIien Hand: posts small blind $0.50
ImaPeppaPig: posts big blind $1
*** HOLE CARDS ***
AIien Hand: folds 
Uncalled bet ($0.50) returned to ImaPeppaPig
ImaPeppaPig collected $1 from pot
ImaPeppaPig: doesn't show hand 
*** SUMMARY ***
Total pot $1 | Rake $0 
Seat 1: ImaPeppaPig (big blind) collected ($1)
Seat 4: AIien Hand (button) (small blind) folded before Flop



PokerStars Hand #254402385344:  Hold'em No Limit ($0.50/$1.00 USD) - 2025/01/16 19:10:31 WET [2025/01/16 14:10:31 ET]
Table 'Euryalos III' 6-max Seat #1 is the button
Seat 1: ImaPeppaPig ($115.84 in chips) 
Seat 4: AIien Hand ($101.23 in chips) 
ImaPeppaPig: posts small blind $0.50
AIien Hand: posts big blind $1
*** HOLE CARDS ***
ImaPeppaPig: raises $1.50 to $2.50
AIien Hand: folds 
Uncalled bet ($1.50) returned to ImaPeppaPig
ImaPeppaPig collected $2 from pot
ImaPeppaPig: doesn't show hand 
*** SUMMARY ***
Total pot $2 | Rake $0 
Seat 1: ImaPeppaPig (button) (small blind) collected ($2)
Seat 4: AIien Hand (big blind) folded before Flop



PokerStars Hand #254402387652:  Hold'em No Limit ($0.50/$1.00 USD) - 2025/01/16 19:10:40 WET [2025/01/16 14:10:40 ET]
Table 'Euryalos III' 6-max Seat #4 is the button
Seat 1: ImaPeppaPig ($116.84 in chips) 
Seat 4: AIien Hand ($100.23 in chips) 
AIien Hand: posts small blind $0.50
ImaPeppaPig: posts big blind $1
*** HOLE CARDS ***
AIien Hand: raises $1.50 to $2.50
ImaPeppaPig: folds 
Uncalled bet ($1.50) returned to AIien Hand
AIien Hand collected $2 from pot
AIien Hand: doesn't show hand 
*** SUMMARY ***
Total pot $2 | Rake $0 
Seat 1: ImaPeppaPig (big blind) folded before Flop
Seat 4: AIien Hand (button) (small blind) collected ($2)



PokerStars Hand #254402390048:  Hold'em No Limit ($0.50/$1.00 USD) - 2025/01/16 19:10:48 WET [2025/01/16 14:10:48 ET]
Table 'Euryalos III' 6-max Seat #1 is the button
Seat 1: ImaPeppaPig ($115.84 in chips) 
Seat 4: AIien Hand ($101.23 in chips) 
ImaPeppaPig: posts small blind $0.50
AIien Hand: posts big blind $1
*** HOLE CARDS ***
ImaPeppaPig: folds 
Uncalled bet ($0.50) returned to AIien Hand
AIien Hand collected $1 from pot
AIien Hand: doesn't show hand 
*** SUMMARY ***
Total pot $1 | Rake $0 
Seat 1: ImaPeppaPig (button) (small blind) folded before Flop
Seat 4: AIien Hand (big blind) collected ($1)



PokerStars Hand #254402392290:  Hold'em No Limit ($0.50/$1.00 USD) - 2025/01/16 19:10:56 WET [2025/01/16 14:10:56 ET]
Table 'Euryalos III' 6-max Seat #4 is the button
Seat 1: ImaPeppaPig ($115.34 in chips) 
Seat 4: AIien Hand ($101.73 in chips) 
AIien Hand: posts small blind $0.50
ImaPeppaPig: posts big blind $1
*** HOLE CARDS ***
AIien Hand: raises $1.50 to $2.50
ImaPeppaPig: calls $1.50
*** FLOP *** [6d 9s 5s]
ImaPeppaPig: checks 
AIien Hand: bets $3.42
ImaPeppaPig: folds 
Uncalled bet ($3.42) returned to AIien Hand
AIien Hand collected $4.75 from pot
AIien Hand: doesn't show hand 
*** SUMMARY ***
Total pot $5 | Rake $0.25 
Board [6d 9s 5s]
Seat 1: ImaPeppaPig (big blind) folded on the Flop
Seat 4: AIien Hand (button) (small blind) collected ($4.75)



PokerStars Hand #254402401049:  Hold'em No Limit ($0.50/$1.00 USD) - 2025/01/16 19:11:27 WET [2025/01/16 14:11:27 ET]
Table 'Euryalos III' 6-max Seat #1 is the button
Seat 1: ImaPeppaPig ($112.84 in chips) 
Seat 4: AIien Hand ($103.98 in chips) 
ImaPeppaPig: posts small blind $0.50
AIien Hand: posts big blind $1
*** HOLE CARDS ***
ImaPeppaPig: folds 
Uncalled bet ($0.50) returned to AIien Hand
AIien Hand collected $1 from pot
AIien Hand: doesn't show hand 
*** SUMMARY ***
Total pot $1 | Rake $0 
Seat 1: ImaPeppaPig (button) (small blind) folded before Flop
Seat 4: AIien Hand (big blind) collected ($1)



PokerStars Hand #254402402670:  Hold'em No Limit ($0.50/$1.00 USD) - 2025/01/16 19:11:32 WET [2025/01/16 14:11:32 ET]
Table 'Euryalos III' 6-max Seat #4 is the button
Seat 1: ImaPeppaPig ($112.34 in chips) 
Seat 4: AIien Hand ($104.48 in chips) 
AIien Hand: posts small blind $0.50
ImaPeppaPig: posts big blind $1
*** HOLE CARDS ***
AIien Hand: raises $1.50 to $2.50
ImaPeppaPig: folds 
Uncalled bet ($1.50) returned to AIien Hand
AIien Hand collected $2 from pot
AIien Hand: doesn't show hand 
*** SUMMARY ***
Total pot $2 | Rake $0 
Seat 1: ImaPeppaPig (big blind) folded before Flop
Seat 4: AIien Hand (button) (small blind) collected ($2)



PokerStars Hand #254402405609:  Hold'em No Limit ($0.50/$1.00 USD) - 2025/01/16 19:11:43 WET [2025/01/16 14:11:43 ET]
Table 'Euryalos III' 6-max Seat #1 is the button
Seat 1: ImaPeppaPig ($111.34 in chips) 
Seat 4: AIien Hand ($105.48 in chips) 
ImaPeppaPig: posts small blind $0.50
AIien Hand: posts big blind $1
*** HOLE CARDS ***
ImaPeppaPig: folds 
Uncalled bet ($0.50) returned to AIien Hand
AIien Hand collected $1 from pot
AIien Hand: doesn't show hand 
*** SUMMARY ***
Total pot $1 | Rake $0 
Seat 1: ImaPeppaPig (button) (small blind) folded before Flop
Seat 4: AIien Hand (big blind) collected ($1)



PokerStars Hand #254402407690:  Hold'em No Limit ($0.50/$1.00 USD) - 2025/01/16 19:11:50 WET [2025/01/16 14:11:50 ET]
Table 'Euryalos III' 6-max Seat #4 is the button
Seat 1: ImaPeppaPig ($110.84 in chips) 
Seat 4: AIien Hand ($105.98 in chips) 
AIien Hand: posts small blind $0.50
ImaPeppaPig: posts big blind $1
*** HOLE CARDS ***
AIien Hand: raises $1.50 to $2.50
ImaPeppaPig: raises $9.50 to $12
AIien Hand: calls $9.50
*** FLOP *** [4c 5h 3c]
ImaPeppaPig: checks 
AIien Hand: checks 
*** TURN *** [4c 5h 3c] [5s]
ImaPeppaPig: bets $21
AIien Hand: folds 
Uncalled bet ($21) returned to ImaPeppaPig
ImaPeppaPig collected $23 from pot
ImaPeppaPig: doesn't show hand 
*** SUMMARY ***
Total pot $24 | Rake $1 
Board [4c 5h 3c 5s]
Seat 1: ImaPeppaPig (big blind) collected ($23)
Seat 4: AIien Hand (button) (small blind) folded on the Turn



PokerStars Hand #254402422952:  Hold'em No Limit ($0.50/$1.00 USD) - 2025/01/16 19:12:44 WET [2025/01/16 14:12:44 ET]
Table 'Euryalos III' 6-max Seat #1 is the button
Seat 1: ImaPeppaPig ($121.84 in chips) 
Seat 4: AIien Hand ($100 in chips) 
ImaPeppaPig: posts small blind $0.50
AIien Hand: posts big blind $1
*** HOLE CARDS ***
ImaPeppaPig: raises $1.50 to $2.50
AIien Hand: folds 
Uncalled bet ($1.50) returned to ImaPeppaPig
ImaPeppaPig collected $2 from pot
ImaPeppaPig: doesn't show hand 
*** SUMMARY ***
Total pot $2 | Rake $0 
Seat 1: ImaPeppaPig (button) (small blind) collected ($2)
Seat 4: AIien Hand (big blind) folded before Flop



PokerStars Hand #254402425518:  Hold'em No Limit ($0.50/$1.00 USD) - 2025/01/16 19:12:53 WET [2025/01/16 14:12:53 ET]
Table 'Euryalos III' 6-max Seat #4 is the button
Seat 1: ImaPeppaPig ($122.84 in chips) 
Seat 4: AIien Hand ($100 in chips) 
AIien Hand: posts small blind $0.50
ImaPeppaPig: posts big blind $1
*** HOLE CARDS ***
AIien Hand: raises $1.50 to $2.50
ImaPeppaPig: folds 
Uncalled bet ($1.50) returned to AIien Hand
AIien Hand collected $2 from pot
AIien Hand: doesn't show hand 
*** SUMMARY ***
Total pot $2 | Rake $0 
Seat 1: ImaPeppaPig (big blind) folded before Flop
Seat 4: AIien Hand (button) (small blind) collected ($2)



PokerStars Hand #254402430360:  Hold'em No Limit ($0.50/$1.00 USD) - 2025/01/16 19:13:10 WET [2025/01/16 14:13:10 ET]
Table 'Euryalos III' 6-max Seat #1 is the button
Seat 1: ImaPeppaPig ($121.84 in chips) 
Seat 4: AIien Hand ($101 in chips) 
ImaPeppaPig: posts small blind $0.50
AIien Hand: posts big blind $1
*** HOLE CARDS ***
ImaPeppaPig: raises $1.50 to $2.50
AIien Hand: raises $8 to $10.50
Rambo_nvd joins the table at seat #6 
ImaPeppaPig: folds 
Uncalled bet ($8) returned to AIien Hand
AIien Hand collected $5 from pot
AIien Hand: doesn't show hand 
*** SUMMARY ***
Total pot $5 | Rake $0 
Seat 1: ImaPeppaPig (button) (small blind) folded before Flop
Seat 4: AIien Hand (big blind) collected ($5)



PokerStars Hand #254402438310:  Hold'em No Limit ($0.50/$1.00 USD) - 2025/01/16 19:13:38 WET [2025/01/16 14:13:38 ET]
Table 'Euryalos III' 6-max Seat #1 is the button
Seat 1: ImaPeppaPig ($119.34 in chips) 
Seat 4: AIien Hand ($103.50 in chips) 
Seat 6: Rambo_nvd ($100 in chips) 
AIien Hand: posts small blind $0.50
Rambo_nvd: posts big blind $1
*** HOLE CARDS ***
ImaPeppaPig: raises $1.50 to $2.50
DL1B joins the table at seat #5 
AndreaBsAs joins the table at seat #3 
AIien Hand: raises $8 to $10.50
Rambo_nvd: folds 
ImaPeppaPig: folds 
Uncalled bet ($8) returned to AIien Hand
AIien Hand collected $6 from pot
AIien Hand: doesn't show hand 
*** SUMMARY ***
Total pot $6 | Rake $0 
Seat 1: ImaPeppaPig (button) folded before Flop
Seat 4: AIien Hand (small blind) collected ($6)
Seat 6: Rambo_nvd (big blind) folded before Flop



PokerStars Hand #254402443357:  Hold'em No Limit ($0.50/$1.00 USD) - 2025/01/16 19:13:56 WET [2025/01/16 14:13:56 ET]
Table 'Euryalos III' 6-max Seat #4 is the button
Seat 3: AndreaBsAs ($100 in chips) is sitting out
Seat 5: DL1B ($100 in chips) is sitting out
Seat 1: ImaPeppaPig ($116.84 in chips) 
Seat 4: AIien Hand ($107 in chips) 
Seat 6: Rambo_nvd ($100 in chips) 
Rambo_nvd: posts small blind $0.50
ImaPeppaPig: posts big blind $1
AndreaBsAs: sits out 
*** HOLE CARDS ***
AIien Hand: raises $1.50 to $2.50
Rambo_nvd: folds 
ImaPeppaPig: folds 
Uncalled bet ($1.50) returned to AIien Hand
AIien Hand collected $2.50 from pot
AIien Hand: doesn't show hand 
*** SUMMARY ***
Total pot $2.50 | Rake $0 
Seat 3: AndreaBsAs
Seat 5: DL1B
Seat 1: ImaPeppaPig (big blind) folded before Flop
Seat 4: AIien Hand (button) collected ($2.50)
Seat 6: Rambo_nvd (small blind) folded before Flop



PokerStars Hand #254402446483:  Hold'em No Limit ($0.50/$1.00 USD) - 2025/01/16 19:14:07 WET [2025/01/16 14:14:07 ET]
Table 'Euryalos III' 6-max Seat #6 is the button
Seat 5: DL1B ($100 in chips) is sitting out
Seat 1: ImaPeppaPig ($115.84 in chips) 
Seat 3: AndreaBsAs ($100 in chips) 
Seat 4: AIien Hand ($108.50 in chips) 
Seat 6: Rambo_nvd ($100 in chips) 
ImaPeppaPig: posts small blind $0.50
AndreaBsAs: posts big blind $1
DL1B: sits out 
*** HOLE CARDS ***
AIien Hand: folds 
Rambo_nvd: raises $1.50 to $2.50
ImaPeppaPig: folds 
AndreaBsAs: calls $1.50
*** FLOP *** [4h 9c Kc]
AndreaBsAs: checks 
Rambo_nvd: bets $1.62
AndreaBsAs: calls $1.62
*** TURN *** [4h 9c Kc] [8h]
Kristo 914 joins the table at seat #2 
AndreaBsAs: checks 
Rambo_nvd: checks 
*** RIVER *** [4h 9c Kc 8h] [5h]
AndreaBsAs: checks 
Rambo_nvd: checks 
*** SHOW DOWN ***
AndreaBsAs: shows [9s Jd] (a pair of Nines)
Rambo_nvd: mucks hand 
AndreaBsAs collected $8.30 from pot
*** SUMMARY ***
Total pot $8.74 | Rake $0.44 
Board [4h 9c Kc 8h 5h]
Seat 5: DL1B
Seat 1: ImaPeppaPig (small blind) folded before Flop
Seat 3: AndreaBsAs (big blind) showed [9s Jd] and won ($8.30) with a pair of Nines
Seat 4: AIien Hand folded before Flop (didn't bet)
Seat 6: Rambo_nvd (button) mucked



PokerStars Hand #254402471664:  Hold'em No Limit ($0.50/$1.00 USD) - 2025/01/16 19:15:36 WET [2025/01/16 14:15:36 ET]
Table 'Euryalos III' 6-max Seat #1 is the button
Seat 2: Kristo 914 ($100 in chips) is sitting out
Seat 5: DL1B ($100 in chips) is sitting out
Seat 1: ImaPeppaPig ($115.34 in chips) 
Seat 3: AndreaBsAs ($104.18 in chips) 
Seat 4: AIien Hand ($108.50 in chips) 
Seat 6: Rambo_nvd ($100 in chips) 
AndreaBsAs: posts small blind $0.50
AIien Hand: posts big blind $1
DL1B: sits out 
*** HOLE CARDS ***
Rambo_nvd: folds 
ImaPeppaPig: folds 
AndreaBsAs: folds 
Uncalled bet ($0.50) returned to AIien Hand
AIien Hand collected $1 from pot
AIien Hand: doesn't show hand 
*** SUMMARY ***
Total pot $1 | Rake $0 
Seat 2: Kristo 914
Seat 5: DL1B
Seat 1: ImaPeppaPig (button) folded before Flop (didn't bet)
Seat 3: AndreaBsAs (small blind) folded before Flop
Seat 4: AIien Hand (big blind) collected ($1)
Seat 6: Rambo_nvd folded before Flop (didn't bet)



PokerStars Hand #254402479178:  Hold'em No Limit ($0.50/$1.00 USD) - 2025/01/16 19:16:03 WET [2025/01/16 14:16:03 ET]
Table 'Euryalos III' 6-max Seat #3 is the button
Seat 2: Kristo 914 ($100 in chips) is sitting out
Seat 1: ImaPeppaPig ($115.34 in chips) 
Seat 3: AndreaBsAs ($103.68 in chips) 
Seat 4: AIien Hand ($109 in chips) 
Seat 5: DL1B ($100 in chips) 
Seat 6: Rambo_nvd ($100 in chips) 
AIien Hand: posts small blind $0.50
DL1B: posts big blind $1
Kristo 914: sits out 
*** HOLE CARDS ***
Rambo_nvd: raises $1.20 to $2.20
ImaPeppaPig: folds 
AndreaBsAs: folds 
AIien Hand: folds 
DL1B: folds 
Uncalled bet ($1.20) returned to Rambo_nvd
Rambo_nvd collected $2.50 from pot
Rambo_nvd: doesn't show hand 
*** SUMMARY ***
Total pot $2.50 | Rake $0 
Seat 2: Kristo 914
Seat 1: ImaPeppaPig folded before Flop (didn't bet)
Seat 3: AndreaBsAs (button) folded before Flop (didn't bet)
Seat 4: AIien Hand (small blind) folded before Flop
Seat 5: DL1B (big blind) folded before Flop
Seat 6: Rambo_nvd collected ($2.50)



PokerStars Hand #254402490369:  Hold'em No Limit ($0.50/$1.00 USD) - 2025/01/16 19:16:43 WET [2025/01/16 14:16:43 ET]
Table 'Euryalos III' 6-max Seat #4 is the button
Seat 2: Kristo 914 ($100 in chips) is sitting out
Seat 6: Rambo_nvd ($101.50 in chips) is sitting out
Seat 1: ImaPeppaPig ($115.34 in chips) 
Seat 3: AndreaBsAs ($103.68 in chips) 
Seat 4: AIien Hand ($108.50 in chips) 
Seat 5: DL1B ($100 in chips) 
DL1B: posts small blind $0.50
Rambo_nvd: is sitting out 
ImaPeppaPig: posts big blind $1
Kristo 914: sits out 
*** HOLE CARDS ***
Rambo_nvd leaves the table
AndreaBsAs: raises $1.50 to $2.50
AIien Hand: raises $5 to $7.50
DL1B: folds 
ImaPeppaPig: folds 
AndreaBsAs: calls $5
*** FLOP *** [Js 2s 2c]
AndreaBsAs: checks 
mattwut1 joins the table at seat #6 
AIien Hand: bets $4.71
AndreaBsAs: calls $4.71
*** TURN *** [Js 2s 2c] [3d]
AndreaBsAs: checks 
AIien Hand: checks 
*** RIVER *** [Js 2s 2c 3d] [Ts]
AndreaBsAs: checks 
AIien Hand: bets $17.93
AndreaBsAs: folds 
Uncalled bet ($17.93) returned to AIien Hand
AIien Hand collected $24.92 from pot
AIien Hand: doesn't show hand 
*** SUMMARY ***
Total pot $25.92 | Rake $1 
Board [Js 2s 2c 3d Ts]
Seat 2: Kristo 914
Seat 6: Rambo_nvd
Seat 1: ImaPeppaPig (big blind) folded before Flop
Seat 3: AndreaBsAs folded on the River
Seat 4: AIien Hand (button) collected ($24.92)
Seat 5: DL1B (small blind) folded before Flop



PokerStars Hand #254402522549:  Hold'em No Limit ($0.50/$1.00 USD) - 2025/01/16 19:18:37 WET [2025/01/16 14:18:37 ET]
Table 'Euryalos III' 6-max Seat #5 is the button
Seat 6: mattwut1 ($100 in chips) is sitting out
Seat 1: ImaPeppaPig ($114.34 in chips) 
Seat 2: Kristo 914 ($100 in chips) 
Seat 3: AndreaBsAs ($100 in chips) 
Seat 4: AIien Hand ($121.21 in chips) 
Seat 5: DL1B ($100 in chips) 
ImaPeppaPig: posts small blind $0.50
Kristo 914: posts big blind $1
*** HOLE CARDS ***
AndreaBsAs: folds 
AIien Hand: folds 
DL1B: raises $1.50 to $2.50
ImaPeppaPig: folds 
Kristo 914: calls $1.50
*** FLOP *** [7h Js 2s]
Kristo 914: checks 
DL1B: bets $3.97
Kristo 914: folds 
Uncalled bet ($3.97) returned to DL1B
DL1B collected $5.22 from pot
DL1B: doesn't show hand 
*** SUMMARY ***
Total pot $5.50 | Rake $0.28 
Board [7h Js 2s]
Seat 6: mattwut1
Seat 1: ImaPeppaPig (small blind) folded before Flop
Seat 2: Kristo 914 (big blind) folded on the Flop
Seat 3: AndreaBsAs folded before Flop (didn't bet)
Seat 4: AIien Hand folded before Flop (didn't bet)
Seat 5: DL1B (button) collected ($5.22)



PokerStars Hand #254402535757:  Hold'em No Limit ($0.50/$1.00 USD) - 2025/01/16 19:19:24 WET [2025/01/16 14:19:24 ET]
Table 'Euryalos III' 6-max Seat #1 is the button
Seat 3: AndreaBsAs ($100 in chips) is sitting out
Seat 6: mattwut1 ($100 in chips) is sitting out
Seat 1: ImaPeppaPig ($113.84 in chips) 
Seat 2: Kristo 914 ($100 in chips) 
Seat 4: AIien Hand ($121.21 in chips) 
Seat 5: DL1B ($102.72 in chips) 
Kristo 914: posts small blind $0.50
AndreaBsAs: is sitting out 
AIien Hand: posts big blind $1
mattwut1: sits out 
*** HOLE CARDS ***
DL1B: folds 
ImaPeppaPig: raises $1.50 to $2.50
Kristo 914: folds 
AIien Hand: folds 
Uncalled bet ($1.50) returned to ImaPeppaPig
ImaPeppaPig collected $2.50 from pot
ImaPeppaPig: doesn't show hand 
*** SUMMARY ***
Total pot $2.50 | Rake $0 
Seat 3: AndreaBsAs
Seat 6: mattwut1
Seat 1: ImaPeppaPig (button) collected ($2.50)
Seat 2: Kristo 914 (small blind) folded before Flop
Seat 4: AIien Hand (big blind) folded before Flop
Seat 5: DL1B folded before Flop (didn't bet)



PokerStars Hand #254402539461:  Hold'em No Limit ($0.50/$1.00 USD) - 2025/01/16 19:19:37 WET [2025/01/16 14:19:37 ET]
Table 'Euryalos III' 6-max Seat #2 is the button
Seat 3: AndreaBsAs ($100 in chips) is sitting out
Seat 6: mattwut1 ($100 in chips) is sitting out
Seat 1: ImaPeppaPig ($115.34 in chips) 
Seat 2: Kristo 914 ($100 in chips) 
Seat 4: AIien Hand ($120.21 in chips) 
Seat 5: DL1B ($102.72 in chips) 
AIien Hand: posts small blind $0.50
DL1B: posts big blind $1
mattwut1: sits out 
*** HOLE CARDS ***
AndreaBsAs leaves the table
ImaPeppaPig: folds 
Kristo 914: folds 
AIien Hand: raises $2 to $3
Haalleluja joins the table at seat #3 
Haalleluja is disconnected 
DL1B: raises $7 to $10
AIien Hand: folds 
Uncalled bet ($7) returned to DL1B
DL1B collected $6 from pot
DL1B: doesn't show hand 
*** SUMMARY ***
Total pot $6 | Rake $0 
Seat 3: AndreaBsAs
Seat 6: mattwut1
Seat 1: ImaPeppaPig folded before Flop (didn't bet)
Seat 2: Kristo 914 (button) folded before Flop (didn't bet)
Seat 4: AIien Hand (small blind) folded before Flop
Seat 5: DL1B (big blind) collected ($6)



PokerStars Hand #254402544253:  Hold'em No Limit ($0.50/$1.00 USD) - 2025/01/16 19:19:54 WET [2025/01/16 14:19:54 ET]
Table 'Euryalos III' 6-max Seat #4 is the button
Seat 3: Haalleluja ($100 in chips) is sitting out
Seat 1: ImaPeppaPig ($115.34 in chips) 
Seat 2: Kristo 914 ($100 in chips) 
Seat 4: AIien Hand ($117.21 in chips) 
Seat 5: DL1B ($105.72 in chips) 
Seat 6: mattwut1 ($100 in chips) 
DL1B: posts small blind $0.50
mattwut1: posts big blind $1
Haalleluja: sits out 
*** HOLE CARDS ***
ImaPeppaPig: folds 
Kristo 914: folds 
AIien Hand: raises $1.50 to $2.50
DL1B: folds 
mattwut1: folds 
Uncalled bet ($1.50) returned to AIien Hand
AIien Hand collected $2.50 from pot
AIien Hand: doesn't show hand 
*** SUMMARY ***
Total pot $2.50 | Rake $0 
Seat 3: Haalleluja
Seat 1: ImaPeppaPig folded before Flop (didn't bet)
Seat 2: Kristo 914 folded before Flop (didn't bet)
Seat 4: AIien Hand (button) collected ($2.50)
Seat 5: DL1B (small blind) folded before Flop
Seat 6: mattwut1 (big blind) folded before Flop



PokerStars Hand #254402553163:  Hold'em No Limit ($0.50/$1.00 USD) - 2025/01/16 19:20:26 WET [2025/01/16 14:20:26 ET]
Table 'Euryalos III' 6-max Seat #5 is the button
Seat 3: Haalleluja ($100 in chips) is sitting out
Seat 1: ImaPeppaPig ($115.34 in chips) 
Seat 2: Kristo 914 ($100 in chips) 
Seat 4: AIien Hand ($118.71 in chips) 
Seat 5: DL1B ($105.22 in chips) 
Seat 6: mattwut1 ($100 in chips) 
mattwut1: posts small blind $0.50
ImaPeppaPig: posts big blind $1
Haalleluja: sits out 
*** HOLE CARDS ***
Kristo 914: folds 
AIien Hand: folds 
DL1B: folds 
mattwut1: folds 
Uncalled bet ($0.50) returned to ImaPeppaPig
ImaPeppaPig collected $1 from pot
ImaPeppaPig: doesn't show hand 
*** SUMMARY ***
Total pot $1 | Rake $0 
Seat 3: Haalleluja
Seat 1: ImaPeppaPig (big blind) collected ($1)
Seat 2: Kristo 914 folded before Flop (didn't bet)
Seat 4: AIien Hand folded before Flop (didn't bet)
Seat 5: DL1B (button) folded before Flop (didn't bet)
Seat 6: mattwut1 (small blind) folded before Flop



PokerStars Hand #254402556658:  Hold'em No Limit ($0.50/$1.00 USD) - 2025/01/16 19:20:38 WET [2025/01/16 14:20:38 ET]
Table 'Euryalos III' 6-max Seat #6 is the button
Seat 3: Haalleluja ($100 in chips) is sitting out
Seat 1: ImaPeppaPig ($115.84 in chips) 
Seat 2: Kristo 914 ($100 in chips) 
Seat 4: AIien Hand ($118.71 in chips) 
Seat 5: DL1B ($105.22 in chips) 
Seat 6: mattwut1 ($100 in chips) 
ImaPeppaPig: posts small blind $0.50
Kristo 914: posts big blind $1
Haalleluja: sits out 
*** HOLE CARDS ***
AIien Hand: folds 
DL1B: raises $1.50 to $2.50
mattwut1: folds 
ImaPeppaPig: folds 
Kristo 914: folds 
Uncalled bet ($1.50) returned to DL1B
DL1B collected $2.50 from pot
DL1B: doesn't show hand 
*** SUMMARY ***
Total pot $2.50 | Rake $0 
Seat 3: Haalleluja
Seat 1: ImaPeppaPig (small blind) folded before Flop
Seat 2: Kristo 914 (big blind) folded before Flop
Seat 4: AIien Hand folded before Flop (didn't bet)
Seat 5: DL1B collected ($2.50)
Seat 6: mattwut1 (button) folded before Flop (didn't bet)



PokerStars Hand #254402560634:  Hold'em No Limit ($0.50/$1.00 USD) - 2025/01/16 19:20:53 WET [2025/01/16 14:20:53 ET]
Table 'Euryalos III' 6-max Seat #1 is the button
Seat 1: ImaPeppaPig ($115.34 in chips) 
Seat 2: Kristo 914 ($100 in chips) 
Seat 3: Haalleluja ($100 in chips) 
Seat 4: AIien Hand ($118.71 in chips) 
Seat 5: DL1B ($106.72 in chips) 
Seat 6: mattwut1 ($100 in chips) 
Kristo 914: posts small blind $0.50
Haalleluja: posts big blind $1
*** HOLE CARDS ***
AIien Hand: folds 
DL1B: raises $1 to $2
mattwut1: raises $5 to $7
ImaPeppaPig: folds 
Kristo 914: folds 
Haalleluja: folds 
DL1B: raises $16 to $23
mattwut1: folds 
Uncalled bet ($16) returned to DL1B
DL1B collected $15.50 from pot
DL1B: doesn't show hand 
*** SUMMARY ***
Total pot $15.50 | Rake $0 
Seat 1: ImaPeppaPig (button) folded before Flop (didn't bet)
Seat 2: Kristo 914 (small blind) folded before Flop
Seat 3: Haalleluja (big blind) folded before Flop
Seat 4: AIien Hand folded before Flop (didn't bet)
Seat 5: DL1B collected ($15.50)
Seat 6: mattwut1 folded before Flop



PokerStars Hand #254402568649:  Hold'em No Limit ($0.50/$1.00 USD) - 2025/01/16 19:21:21 WET [2025/01/16 14:21:21 ET]
Table 'Euryalos III' 6-max Seat #2 is the button
Seat 4: AIien Hand ($118.71 in chips) is sitting out
Seat 1: ImaPeppaPig ($115.34 in chips) 
Seat 2: Kristo 914 ($100 in chips) 
Seat 3: Haalleluja ($99 in chips) 
Seat 5: DL1B ($115.22 in chips) 
Seat 6: mattwut1 ($100 in chips) 
Haalleluja: posts small blind $0.50
AIien Hand: is sitting out 
DL1B: posts big blind $1
*** HOLE CARDS ***
mattwut1: raises $1.20 to $2.20
ImaPeppaPig: folds 
Kristo 914: folds 
Haalleluja: calls $1.70
DL1B: folds 
*** FLOP *** [9h 3h 9s]
Haalleluja: checks 
AIien Hand leaves the table
mattwut1: bets $3.39
Haalleluja: folds 
Uncalled bet ($3.39) returned to mattwut1
AndreaBsAs joins the table at seat #4 
mattwut1 collected $5.13 from pot
mattwut1: doesn't show hand 
*** SUMMARY ***
Total pot $5.40 | Rake $0.27 
Board [9h 3h 9s]
Seat 4: AIien Hand
Seat 1: ImaPeppaPig folded before Flop (didn't bet)
Seat 2: Kristo 914 (button) folded before Flop (didn't bet)
Seat 3: Haalleluja (small blind) folded on the Flop
Seat 5: DL1B (big blind) folded before Flop
Seat 6: mattwut1 collected ($5.13)



PokerStars Hand #254402575634:  Hold'em No Limit ($0.50/$1.00 USD) - 2025/01/16 19:21:46 WET [2025/01/16 14:21:46 ET]
Table 'Euryalos III' 6-max Seat #3 is the button
Seat 4: AndreaBsAs ($100 in chips) is sitting out
Seat 1: ImaPeppaPig ($115.34 in chips) 
Seat 2: Kristo 914 ($100 in chips) 
Seat 3: Haalleluja ($96.80 in chips) 
Seat 5: DL1B ($114.22 in chips) 
Seat 6: mattwut1 ($102.93 in chips) 
DL1B: posts small blind $0.50
mattwut1: posts big blind $1
*** HOLE CARDS ***
ImaPeppaPig: folds 
Kristo 914: folds 
Haalleluja: raises $1.50 to $2.50
DL1B: raises $9.50 to $12
mattwut1: folds 
Haalleluja: folds 
Uncalled bet ($9.50) returned to DL1B
DL1B collected $6 from pot
DL1B: doesn't show hand 
*** SUMMARY ***
Total pot $6 | Rake $0 
Seat 4: AndreaBsAs
Seat 1: ImaPeppaPig folded before Flop (didn't bet)
Seat 2: Kristo 914 folded before Flop (didn't bet)
Seat 3: Haalleluja (button) folded before Flop
Seat 5: DL1B (small blind) collected ($6)
Seat 6: mattwut1 (big blind) folded before Flop



PokerStars Hand #254402582714:  Hold'em No Limit ($0.50/$1.00 USD) - 2025/01/16 19:22:11 WET [2025/01/16 14:22:11 ET]
Table 'Euryalos III' 6-max Seat #5 is the button
Seat 4: AndreaBsAs ($100 in chips) is sitting out
Seat 1: ImaPeppaPig ($115.34 in chips) 
Seat 2: Kristo 914 ($100 in chips) 
Seat 3: Haalleluja ($94.30 in chips) 
Seat 5: DL1B ($117.72 in chips) 
Seat 6: mattwut1 ($101.93 in chips) 
mattwut1: posts small blind $0.50
ImaPeppaPig: posts big blind $1
AndreaBsAs: sits out 
*** HOLE CARDS ***
Kristo 914: folds 
Haalleluja: folds 
DL1B: raises $1.50 to $2.50
mattwut1: folds 
ImaPeppaPig: folds 
Uncalled bet ($1.50) returned to DL1B
DL1B collected $2.50 from pot
DL1B: doesn't show hand 
*** SUMMARY ***
Total pot $2.50 | Rake $0 
Seat 4: AndreaBsAs
Seat 1: ImaPeppaPig (big blind) folded before Flop
Seat 2: Kristo 914 folded before Flop (didn't bet)
Seat 3: Haalleluja folded before Flop (didn't bet)
Seat 5: DL1B (button) collected ($2.50)
Seat 6: mattwut1 (small blind) folded before Flop



PokerStars Hand #254402592425:  Hold'em No Limit ($0.50/$1.00 USD) - 2025/01/16 19:22:45 WET [2025/01/16 14:22:45 ET]
Table 'Euryalos III' 6-max Seat #6 is the button
Seat 4: AndreaBsAs ($100 in chips) is sitting out
Seat 1: ImaPeppaPig ($114.34 in chips) 
Seat 2: Kristo 914 ($100 in chips) 
Seat 3: Haalleluja ($99.85 in chips) 
Seat 5: DL1B ($119.22 in chips) 
Seat 6: mattwut1 ($101.43 in chips) 
ImaPeppaPig: posts small blind $0.50
Kristo 914: posts big blind $1
AndreaBsAs: sits out 
*** HOLE CARDS ***
Haalleluja: folds 
DL1B: folds 
mattwut1: folds 
ImaPeppaPig: raises $2 to $3
Kristo 914: calls $2
*** FLOP *** [Ac 7s Tc]
ImaPeppaPig: checks 
Kristo 914: checks 
*** TURN *** [Ac 7s Tc] [7d]
ImaPeppaPig: checks 
Kristo 914: checks 
*** RIVER *** [Ac 7s Tc 7d] [4c]
ImaPeppaPig: checks 
Kristo 914: checks 
*** SHOW DOWN ***
ImaPeppaPig: shows [3d 4d] (two pair, Sevens and Fours)
Kristo 914: mucks hand 
ImaPeppaPig collected $5.70 from pot
*** SUMMARY ***
Total pot $6 | Rake $0.30 
Board [Ac 7s Tc 7d 4c]
Seat 4: AndreaBsAs
Seat 1: ImaPeppaPig (small blind) showed [3d 4d] and won ($5.70) with two pair, Sevens and Fours
Seat 2: Kristo 914 (big blind) mucked
Seat 3: Haalleluja folded before Flop (didn't bet)
Seat 5: DL1B folded before Flop (didn't bet)
Seat 6: mattwut1 (button) folded before Flop (didn't bet)



PokerStars Hand #254402615634:  Hold'em No Limit ($0.50/$1.00 USD) - 2025/01/16 19:24:07 WET [2025/01/16 14:24:07 ET]
Table 'Euryalos III' 6-max Seat #1 is the button
Seat 4: AndreaBsAs ($100 in chips) is sitting out
Seat 1: ImaPeppaPig ($117.04 in chips) 
Seat 2: Kristo 914 ($100 in chips) 
Seat 3: Haalleluja ($99.85 in chips) 
Seat 5: DL1B ($119.22 in chips) 
Seat 6: mattwut1 ($101.43 in chips) 
Kristo 914: posts small blind $0.50
Haalleluja: posts big blind $1
AndreaBsAs: sits out 
*** HOLE CARDS ***
DL1B: folds 
mattwut1: folds 
ImaPeppaPig: folds 
Kristo 914: folds 
Uncalled bet ($0.50) returned to Haalleluja
Haalleluja collected $1 from pot
*** SUMMARY ***
Total pot $1 | Rake $0 
Seat 4: AndreaBsAs
Seat 1: ImaPeppaPig (button) folded before Flop (didn't bet)
Seat 2: Kristo 914 (small blind) folded before Flop
Seat 3: Haalleluja (big blind) collected ($1)
Seat 5: DL1B folded before Flop (didn't bet)
Seat 6: mattwut1 folded before Flop (didn't bet)



PokerStars Hand #254402619436:  Hold'em No Limit ($0.50/$1.00 USD) - 2025/01/16 19:24:20 WET [2025/01/16 14:24:20 ET]
Table 'Euryalos III' 6-max Seat #2 is the button
Seat 1: ImaPeppaPig ($117.04 in chips) 
Seat 2: Kristo 914 ($100 in chips) 
Seat 3: Haalleluja ($100.35 in chips) 
Seat 4: AndreaBsAs ($100 in chips) 
Seat 5: DL1B ($119.22 in chips) 
Seat 6: mattwut1 ($101.43 in chips) 
Haalleluja: posts small blind $0.50
AndreaBsAs: posts big blind $1
*** HOLE CARDS ***
DL1B: folds 
mattwut1: folds 
DL1B leaves the table
ImaPeppaPig: folds 
Kristo 914: folds 
Haalleluja: raises $1 to $2
AndreaBsAs: calls $1
*** FLOP *** [3s As 7s]
Haalleluja: checks 
AndreaBsAs: bets $1.25
Haalleluja: calls $1.25
*** TURN *** [3s As 7s] [7c]
Haalleluja: checks 
AndreaBsAs: bets $4.76
Haalleluja: calls $4.76
*** RIVER *** [3s As 7s 7c] [9h]
Haalleluja: checks 
AndreaBsAs: bets $19.24
Haalleluja: raises $23.24 to $42.48
AndreaBsAs: calls $23.24
*** SHOW DOWN ***
Haalleluja: shows [Ad Ah] (a full house, Aces full of Sevens)
dreimis190 joins the table at seat #5 
AndreaBsAs: mucks hand 
Haalleluja collected $98.48 from pot
*** SUMMARY ***
Total pot $100.98 | Rake $2.50 
Board [3s As 7s 7c 9h]
Seat 1: ImaPeppaPig folded before Flop (didn't bet)
Seat 2: Kristo 914 (button) folded before Flop (didn't bet)
Seat 3: Haalleluja (small blind) showed [Ad Ah] and won ($98.48) with a full house, Aces full of Sevens
Seat 4: AndreaBsAs (big blind) mucked
Seat 5: DL1B folded before Flop (didn't bet)
Seat 6: mattwut1 folded before Flop (didn't bet)



PokerStars Hand #254402648974:  Hold'em No Limit ($0.50/$1.00 USD) - 2025/01/16 19:26:06 WET [2025/01/16 14:26:06 ET]
Table 'Euryalos III' 6-max Seat #3 is the button
Seat 1: ImaPeppaPig ($117.04 in chips) 
Seat 2: Kristo 914 ($100 in chips) 
Seat 3: Haalleluja ($148.34 in chips) 
Seat 4: AndreaBsAs ($100 in chips) 
Seat 5: dreimis190 ($100 in chips) 
Seat 6: mattwut1 ($101.43 in chips) 
AndreaBsAs: posts small blind $0.50
dreimis190: posts big blind $1
*** HOLE CARDS ***
mattwut1: folds 
ImaPeppaPig: folds 
Kristo 914: folds 
Haalleluja: folds 
AndreaBsAs: raises $2 to $3
dreimis190: raises $6 to $9
AndreaBsAs: raises $14 to $23
dreimis190: folds 
Uncalled bet ($14) returned to AndreaBsAs
AndreaBsAs collected $18 from pot
*** SUMMARY ***
Total pot $18 | Rake $0 
Seat 1: ImaPeppaPig folded before Flop (didn't bet)
Seat 2: Kristo 914 folded before Flop (didn't bet)
Seat 3: Haalleluja (button) folded before Flop (didn't bet)
Seat 4: AndreaBsAs (small blind) collected ($18)
Seat 5: dreimis190 (big blind) folded before Flop
Seat 6: mattwut1 folded before Flop (didn't bet)



PokerStars Hand #254402658852:  Hold'em No Limit ($0.50/$1.00 USD) - 2025/01/16 19:26:40 WET [2025/01/16 14:26:40 ET]
Table 'Euryalos III' 6-max Seat #4 is the button
Seat 1: ImaPeppaPig ($117.04 in chips) 
Seat 2: Kristo 914 ($100 in chips) 
Seat 3: Haalleluja ($148.34 in chips) 
Seat 4: AndreaBsAs ($109 in chips) 
Seat 5: dreimis190 ($100 in chips) 
Seat 6: mattwut1 ($101.43 in chips) 
dreimis190: posts small blind $0.50
mattwut1: posts big blind $1
*** HOLE CARDS ***
ImaPeppaPig: raises $1.50 to $2.50
Kristo 914: folds 
Haalleluja: folds 
AndreaBsAs: folds 
dreimis190: folds 
mattwut1: folds 
Uncalled bet ($1.50) returned to ImaPeppaPig
ImaPeppaPig collected $2.50 from pot
ImaPeppaPig: doesn't show hand 
*** SUMMARY ***
Total pot $2.50 | Rake $0 
Seat 1: ImaPeppaPig collected ($2.50)
Seat 2: Kristo 914 folded before Flop (didn't bet)
Seat 3: Haalleluja folded before Flop (didn't bet)
Seat 4: AndreaBsAs (button) folded before Flop (didn't bet)
Seat 5: dreimis190 (small blind) folded before Flop
Seat 6: mattwut1 (big blind) folded before Flop



PokerStars Hand #254402665918:  Hold'em No Limit ($0.50/$1.00 USD) - 2025/01/16 19:27:05 WET [2025/01/16 14:27:05 ET]
Table 'Euryalos III' 6-max Seat #5 is the button
Seat 1: ImaPeppaPig ($118.54 in chips) 
Seat 2: Kristo 914 ($100 in chips) 
Seat 3: Haalleluja ($148.34 in chips) 
Seat 4: AndreaBsAs ($109 in chips) 
Seat 5: dreimis190 ($100 in chips) 
Seat 6: mattwut1 ($100.43 in chips) 
mattwut1: posts small blind $0.50
ImaPeppaPig: posts big blind $1
*** HOLE CARDS ***
Kristo 914: raises $1.40 to $2.40
Haalleluja: folds 
AndreaBsAs: folds 
dreimis190: folds 
mattwut1: calls $1.90
ImaPeppaPig: folds 
*** FLOP *** [Ts 3h Ad]
mattwut1: checks 
Kristo 914: bets $4.19
mattwut1: calls $4.19
*** TURN *** [Ts 3h Ad] [4s]
mattwut1: checks 
Kristo 914: bets $10.24
mattwut1: folds 
Uncalled bet ($10.24) returned to Kristo 914
Kristo 914 collected $13.47 from pot
Kristo 914: doesn't show hand 
*** SUMMARY ***
Total pot $14.18 | Rake $0.71 
Board [Ts 3h Ad 4s]
Seat 1: ImaPeppaPig (big blind) folded before Flop
Seat 2: Kristo 914 collected ($13.47)
Seat 3: Haalleluja folded before Flop (didn't bet)
Seat 4: AndreaBsAs folded before Flop (didn't bet)
Seat 5: dreimis190 (button) folded before Flop (didn't bet)
Seat 6: mattwut1 (small blind) folded on the Turn



PokerStars Hand #254402680802:  Hold'em No Limit ($0.50/$1.00 USD) - 2025/01/16 19:27:58 WET [2025/01/16 14:27:58 ET]
Table 'Euryalos III' 6-max Seat #6 is the button
Seat 1: ImaPeppaPig ($117.54 in chips) 
Seat 2: Kristo 914 ($106.88 in chips) 
Seat 3: Haalleluja ($148.34 in chips) 
Seat 4: AndreaBsAs ($109 in chips) 
Seat 5: dreimis190 ($100 in chips) 
Seat 6: mattwut1 ($100 in chips) 
ImaPeppaPig: posts small blind $0.50
Kristo 914: posts big blind $1
*** HOLE CARDS ***
Haalleluja: raises $1 to $2
AndreaBsAs: folds 
dreimis190: folds 
mattwut1: folds 
ImaPeppaPig: folds 
Kristo 914: folds 
Uncalled bet ($1) returned to Haalleluja
Haalleluja collected $2.50 from pot
*** SUMMARY ***
Total pot $2.50 | Rake $0 
Seat 1: ImaPeppaPig (small blind) folded before Flop
Seat 2: Kristo 914 (big blind) folded before Flop
Seat 3: Haalleluja collected ($2.50)
Seat 4: AndreaBsAs folded before Flop (didn't bet)
Seat 5: dreimis190 folded before Flop (didn't bet)
Seat 6: mattwut1 (button) folded before Flop (didn't bet)



PokerStars Hand #254402687570:  Hold'em No Limit ($0.50/$1.00 USD) - 2025/01/16 19:28:21 WET [2025/01/16 14:28:21 ET]
Table 'Euryalos III' 6-max Seat #1 is the button
Seat 1: ImaPeppaPig ($117.04 in chips) 
Seat 2: Kristo 914 ($105.88 in chips) 
Seat 3: Haalleluja ($149.84 in chips) 
Seat 4: AndreaBsAs ($109 in chips) 
Seat 5: dreimis190 ($100 in chips) 
Seat 6: mattwut1 ($100 in chips) 
Kristo 914: posts small blind $0.50
Haalleluja: posts big blind $1
*** HOLE CARDS ***
AndreaBsAs: folds 
dreimis190: raises $1 to $2
mattwut1: folds 
ImaPeppaPig: folds 
Kristo 914: folds 
Haalleluja: calls $1
*** FLOP *** [Qc Js 3s]
Haalleluja: checks 
dreimis190: bets $1.41
Haalleluja: calls $1.41
*** TURN *** [Qc Js 3s] [3d]
Haalleluja: checks 
dreimis190: bets $5.21
Haalleluja: folds 
Uncalled bet ($5.21) returned to dreimis190
dreimis190 collected $6.95 from pot
dreimis190: doesn't show hand 
*** SUMMARY ***
Total pot $7.32 | Rake $0.37 
Board [Qc Js 3s 3d]
Seat 1: ImaPeppaPig (button) folded before Flop (didn't bet)
Seat 2: Kristo 914 (small blind) folded before Flop
Seat 3: Haalleluja (big blind) folded on the Turn
Seat 4: AndreaBsAs folded before Flop (didn't bet)
Seat 5: dreimis190 collected ($6.95)
Seat 6: mattwut1 folded before Flop (didn't bet)



PokerStars Hand #254402703857:  Hold'em No Limit ($0.50/$1.00 USD) - 2025/01/16 19:29:19 WET [2025/01/16 14:29:19 ET]
Table 'Euryalos III' 6-max Seat #2 is the button
Seat 1: ImaPeppaPig ($117.04 in chips) 
Seat 2: Kristo 914 ($105.38 in chips) 
Seat 3: Haalleluja ($146.43 in chips) 
Seat 4: AndreaBsAs ($109 in chips) 
Seat 5: dreimis190 ($103.54 in chips) 
Seat 6: mattwut1 ($100 in chips) 
Haalleluja: posts small blind $0.50
AndreaBsAs: posts big blind $1
*** HOLE CARDS ***
dreimis190: folds 
mattwut1: folds 
ImaPeppaPig: folds 
Kristo 914: folds 
Haalleluja: raises $2 to $3
AndreaBsAs: calls $2
*** FLOP *** [8d Th 3s]
Haalleluja: checks 
AndreaBsAs: bets $1.88
Haalleluja: calls $1.88
*** TURN *** [8d Th 3s] [Js]
Haalleluja: bets $9.27
AndreaBsAs: calls $9.27
*** RIVER *** [8d Th 3s Js] [2d]
Haalleluja: checks 
AndreaBsAs: checks 
*** SHOW DOWN ***
Haalleluja: shows [9s As] (high card Ace)
AndreaBsAs: mucks hand 
Haalleluja collected $26.88 from pot
*** SUMMARY ***
Total pot $28.30 | Rake $1.42 
Board [8d Th 3s Js 2d]
Seat 1: ImaPeppaPig folded before Flop (didn't bet)
Seat 2: Kristo 914 (button) folded before Flop (didn't bet)
Seat 3: Haalleluja (small blind) showed [9s As] and won ($26.88) with high card Ace
Seat 4: AndreaBsAs (big blind) mucked
Seat 5: dreimis190 folded before Flop (didn't bet)
Seat 6: mattwut1 folded before Flop (didn't bet)



PokerStars Hand #254402730260:  Hold'em No Limit ($0.50/$1.00 USD) - 2025/01/16 19:30:52 WET [2025/01/16 14:30:52 ET]
Table 'Euryalos III' 6-max Seat #3 is the button
Seat 1: ImaPeppaPig ($117.04 in chips) 
Seat 2: Kristo 914 ($105.38 in chips) 
Seat 3: Haalleluja ($159.16 in chips) 
Seat 4: AndreaBsAs ($100 in chips) 
Seat 5: dreimis190 ($103.54 in chips) 
Seat 6: mattwut1 ($100 in chips) 
AndreaBsAs: posts small blind $0.50
dreimis190: posts big blind $1
*** HOLE CARDS ***
mattwut1: folds 
ImaPeppaPig: folds 
Kristo 914: folds 
Haalleluja: raises $1 to $2
AndreaBsAs: folds 
dreimis190: calls $1
*** FLOP *** [7s 6h Jd]
dreimis190: checks 
Haalleluja: checks 
*** TURN *** [7s 6h Jd] [Jh]
dreimis190: checks 
Haalleluja: checks 
*** RIVER *** [7s 6h Jd Jh] [Qh]
dreimis190: checks 
Haalleluja: checks 
*** SHOW DOWN ***
dreimis190: shows [2c 2d] (two pair, Jacks and Deuces)
Haalleluja: mucks hand 
dreimis190 collected $4.28 from pot
*** SUMMARY ***
Total pot $4.50 | Rake $0.22 
Board [7s 6h Jd Jh Qh]
Seat 1: ImaPeppaPig folded before Flop (didn't bet)
Seat 2: Kristo 914 folded before Flop (didn't bet)
Seat 3: Haalleluja (button) mucked
Seat 4: AndreaBsAs (small blind) folded before Flop
Seat 5: dreimis190 (big blind) showed [2c 2d] and won ($4.28) with two pair, Jacks and Deuces
Seat 6: mattwut1 folded before Flop (didn't bet)



PokerStars Hand #254402746643:  Hold'em No Limit ($0.50/$1.00 USD) - 2025/01/16 19:31:49 WET [2025/01/16 14:31:49 ET]
Table 'Euryalos III' 6-max Seat #4 is the button
Seat 1: ImaPeppaPig ($117.04 in chips) 
Seat 2: Kristo 914 ($105.38 in chips) 
Seat 3: Haalleluja ($157.16 in chips) 
Seat 4: AndreaBsAs ($100 in chips) 
Seat 5: dreimis190 ($105.82 in chips) 
Seat 6: mattwut1 ($100 in chips) 
dreimis190: posts small blind $0.50
mattwut1: posts big blind $1
*** HOLE CARDS ***
ImaPeppaPig: folds 
Kristo 914: raises $1.40 to $2.40
Haalleluja: folds 
AndreaBsAs: folds 
dreimis190: folds 
mattwut1: calls $1.40
*** FLOP *** [4s 7h 3d]
mattwut1: checks 
Kristo 914: bets $3.83
mattwut1: folds 
Uncalled bet ($3.83) returned to Kristo 914
Kristo 914 collected $5.04 from pot
Kristo 914: doesn't show hand 
*** SUMMARY ***
Total pot $5.30 | Rake $0.26 
Board [4s 7h 3d]
Seat 1: ImaPeppaPig folded before Flop (didn't bet)
Seat 2: Kristo 914 collected ($5.04)
Seat 3: Haalleluja folded before Flop (didn't bet)
Seat 4: AndreaBsAs (button) folded before Flop (didn't bet)
Seat 5: dreimis190 (small blind) folded before Flop
Seat 6: mattwut1 (big blind) folded on the Flop



PokerStars Hand #254402759756:  Hold'em No Limit ($0.50/$1.00 USD) - 2025/01/16 19:32:36 WET [2025/01/16 14:32:36 ET]
Table 'Euryalos III' 6-max Seat #5 is the button
Seat 1: ImaPeppaPig ($117.04 in chips) 
Seat 2: Kristo 914 ($108.02 in chips) 
Seat 3: Haalleluja ($157.16 in chips) 
Seat 4: AndreaBsAs ($100 in chips) 
Seat 5: dreimis190 ($105.32 in chips) 
Seat 6: mattwut1 ($100 in chips) 
mattwut1: posts small blind $0.50
ImaPeppaPig: posts big blind $1
*** HOLE CARDS ***
Kristo 914: folds 
Haalleluja: raises $1 to $2
AndreaBsAs: raises $4 to $6
dreimis190: folds 
mattwut1: folds 
ImaPeppaPig: folds 
Haalleluja: calls $4
*** FLOP *** [9h 7d Td]
Haalleluja: checks 
AndreaBsAs: bets $4.23
Haalleluja: folds 
Uncalled bet ($4.23) returned to AndreaBsAs
AndreaBsAs collected $12.82 from pot
*** SUMMARY ***
Total pot $13.50 | Rake $0.68 
Board [9h 7d Td]
Seat 1: ImaPeppaPig (big blind) folded before Flop
Seat 2: Kristo 914 folded before Flop (didn't bet)
Seat 3: Haalleluja folded on the Flop
Seat 4: AndreaBsAs collected ($12.82)
Seat 5: dreimis190 (button) folded before Flop (didn't bet)
Seat 6: mattwut1 (small blind) folded before Flop



PokerStars Hand #254402779203:  Hold'em No Limit ($0.50/$1.00 USD) - 2025/01/16 19:33:44 WET [2025/01/16 14:33:44 ET]
Table 'Euryalos III' 6-max Seat #6 is the button
Seat 1: ImaPeppaPig ($116.04 in chips) 
Seat 2: Kristo 914 ($108.02 in chips) 
Seat 3: Haalleluja ($151.16 in chips) 
Seat 4: AndreaBsAs ($106.82 in chips) 
Seat 5: dreimis190 ($105.32 in chips) 
Seat 6: mattwut1 ($100 in chips) 
ImaPeppaPig: posts small blind $0.50
Kristo 914: posts big blind $1
*** HOLE CARDS ***
Haalleluja: raises $1.50 to $2.50
AndreaBsAs: folds 
dreimis190: folds 
mattwut1: folds 
ImaPeppaPig: folds 
Kristo 914: calls $1.50
*** FLOP *** [Jd 5d 4d]
Kristo 914: checks 
Haalleluja: bets $5.22
Kristo 914: folds 
Uncalled bet ($5.22) returned to Haalleluja
Haalleluja collected $5.22 from pot
*** SUMMARY ***
Total pot $5.50 | Rake $0.28 
Board [Jd 5d 4d]
Seat 1: ImaPeppaPig (small blind) folded before Flop
Seat 2: Kristo 914 (big blind) folded on the Flop
Seat 3: Haalleluja collected ($5.22)
Seat 4: AndreaBsAs folded before Flop (didn't bet)
Seat 5: dreimis190 folded before Flop (didn't bet)
Seat 6: mattwut1 (button) folded before Flop (didn't bet)



PokerStars Hand #254402787933:  Hold'em No Limit ($0.50/$1.00 USD) - 2025/01/16 19:34:14 WET [2025/01/16 14:34:14 ET]
Table 'Euryalos III' 6-max Seat #1 is the button
Seat 1: ImaPeppaPig ($115.54 in chips) 
Seat 2: Kristo 914 ($105.52 in chips) 
Seat 3: Haalleluja ($153.88 in chips) 
Seat 4: AndreaBsAs ($106.82 in chips) 
Seat 5: dreimis190 ($105.32 in chips) 
Seat 6: mattwut1 ($100 in chips) 
Kristo 914: posts small blind $0.50
Haalleluja: posts big blind $1
*** HOLE CARDS ***
AndreaBsAs: folds 
dreimis190: folds 
mattwut1: folds 
ImaPeppaPig: raises $1.50 to $2.50
Kristo 914: raises $8.50 to $11
Haalleluja: folds 
ImaPeppaPig: folds 
Uncalled bet ($8.50) returned to Kristo 914
Kristo 914 collected $6 from pot
Kristo 914: doesn't show hand 
*** SUMMARY ***
Total pot $6 | Rake $0 
Seat 1: ImaPeppaPig (button) folded before Flop
Seat 2: Kristo 914 (small blind) collected ($6)
Seat 3: Haalleluja (big blind) folded before Flop
Seat 4: AndreaBsAs folded before Flop (didn't bet)
Seat 5: dreimis190 folded before Flop (didn't bet)
Seat 6: mattwut1 folded before Flop (didn't bet)



PokerStars Hand #254402797448:  Hold'em No Limit ($0.50/$1.00 USD) - 2025/01/16 19:34:48 WET [2025/01/16 14:34:48 ET]
Table 'Euryalos III' 6-max Seat #2 is the button
Seat 1: ImaPeppaPig ($113.04 in chips) 
Seat 2: Kristo 914 ($109.02 in chips) 
Seat 3: Haalleluja ($152.88 in chips) 
Seat 4: AndreaBsAs ($106.82 in chips) 
Seat 5: dreimis190 ($105.32 in chips) 
Seat 6: mattwut1 ($100 in chips) 
Haalleluja: posts small blind $0.50
AndreaBsAs: posts big blind $1
*** HOLE CARDS ***
dreimis190: raises $1 to $2
mattwut1: folds 
ImaPeppaPig: folds 
Kristo 914: folds 
Haalleluja: folds 
AndreaBsAs: folds 
Uncalled bet ($1) returned to dreimis190
dreimis190 collected $2.50 from pot
dreimis190: doesn't show hand 
*** SUMMARY ***
Total pot $2.50 | Rake $0 
Seat 1: ImaPeppaPig folded before Flop (didn't bet)
Seat 2: Kristo 914 (button) folded before Flop (didn't bet)
Seat 3: Haalleluja (small blind) folded before Flop
Seat 4: AndreaBsAs (big blind) folded before Flop
Seat 5: dreimis190 collected ($2.50)
Seat 6: mattwut1 folded before Flop (didn't bet)



PokerStars Hand #254402802389:  Hold'em No Limit ($0.50/$1.00 USD) - 2025/01/16 19:35:04 WET [2025/01/16 14:35:04 ET]
Table 'Euryalos III' 6-max Seat #3 is the button
Seat 1: ImaPeppaPig ($113.04 in chips) 
Seat 2: Kristo 914 ($109.02 in chips) 
Seat 3: Haalleluja ($152.38 in chips) 
Seat 4: AndreaBsAs ($105.82 in chips) 
Seat 5: dreimis190 ($106.82 in chips) 
Seat 6: mattwut1 ($100 in chips) 
AndreaBsAs: posts small blind $0.50
dreimis190: posts big blind $1
*** HOLE CARDS ***
mattwut1: folds 
ImaPeppaPig: folds 
Kristo 914: folds 
Haalleluja: folds 
AndreaBsAs: folds 
Uncalled bet ($0.50) returned to dreimis190
dreimis190 collected $1 from pot
dreimis190: doesn't show hand 
*** SUMMARY ***
Total pot $1 | Rake $0 
Seat 1: ImaPeppaPig folded before Flop (didn't bet)
Seat 2: Kristo 914 folded before Flop (didn't bet)
Seat 3: Haalleluja (button) folded before Flop (didn't bet)
Seat 4: AndreaBsAs (small blind) folded before Flop
Seat 5: dreimis190 (big blind) collected ($1)
Seat 6: mattwut1 folded before Flop (didn't bet)



PokerStars Hand #254402807725:  Hold'em No Limit ($0.50/$1.00 USD) - 2025/01/16 19:35:23 WET [2025/01/16 14:35:23 ET]
Table 'Euryalos III' 6-max Seat #4 is the button
Seat 1: ImaPeppaPig ($113.04 in chips) 
Seat 2: Kristo 914 ($109.02 in chips) 
Seat 3: Haalleluja ($152.38 in chips) 
Seat 4: AndreaBsAs ($105.32 in chips) 
Seat 5: dreimis190 ($107.32 in chips) 
Seat 6: mattwut1 ($100 in chips) 
dreimis190: posts small blind $0.50
mattwut1: posts big blind $1
*** HOLE CARDS ***
ImaPeppaPig: folds 
Kristo 914: folds 
Haalleluja: folds 
AndreaBsAs: folds 
dreimis190: raises $2 to $3
mattwut1: folds 
Uncalled bet ($2) returned to dreimis190
dreimis190 collected $2 from pot
dreimis190: doesn't show hand 
*** SUMMARY ***
Total pot $2 | Rake $0 
Seat 1: ImaPeppaPig folded before Flop (didn't bet)
Seat 2: Kristo 914 folded before Flop (didn't bet)
Seat 3: Haalleluja folded before Flop (didn't bet)
Seat 4: AndreaBsAs (button) folded before Flop (didn't bet)
Seat 5: dreimis190 (small blind) collected ($2)
Seat 6: mattwut1 (big blind) folded before Flop



PokerStars Hand #254402814807:  Hold'em No Limit ($0.50/$1.00 USD) - 2025/01/16 19:35:48 WET [2025/01/16 14:35:48 ET]
Table 'Euryalos III' 6-max Seat #5 is the button
Seat 1: ImaPeppaPig ($113.04 in chips) 
Seat 2: Kristo 914 ($109.02 in chips) 
Seat 3: Haalleluja ($152.38 in chips) 
Seat 4: AndreaBsAs ($105.32 in chips) 
Seat 5: dreimis190 ($108.32 in chips) 
Seat 6: mattwut1 ($100 in chips) 
mattwut1: posts small blind $0.50
ImaPeppaPig: posts big blind $1
*** HOLE CARDS ***
Kristo 914: folds 
Haalleluja: raises $1 to $2
AndreaBsAs: raises $4 to $6
dreimis190: folds 
mattwut1: folds 
ImaPeppaPig: folds 
Haalleluja: calls $4
*** FLOP *** [Ks 7d Kh]
Haalleluja: checks 
AndreaBsAs: bets $4.23
Haalleluja: calls $4.23
*** TURN *** [Ks 7d Kh] [Qd]
Haalleluja: checks 
AndreaBsAs: checks 
*** RIVER *** [Ks 7d Kh Qd] [9s]
Haalleluja: bets $20.86
AndreaBsAs: folds 
Uncalled bet ($20.86) returned to Haalleluja
Haalleluja collected $20.86 from pot
*** SUMMARY ***
Total pot $21.96 | Rake $1.10 
Board [Ks 7d Kh Qd 9s]
Seat 1: ImaPeppaPig (big blind) folded before Flop
Seat 2: Kristo 914 folded before Flop (didn't bet)
Seat 3: Haalleluja collected ($20.86)
Seat 4: AndreaBsAs folded on the River
Seat 5: dreimis190 (button) folded before Flop (didn't bet)
Seat 6: mattwut1 (small blind) folded before Flop



PokerStars Hand #254402829969:  Hold'em No Limit ($0.50/$1.00 USD) - 2025/01/16 19:36:41 WET [2025/01/16 14:36:41 ET]
Table 'Euryalos III' 6-max Seat #6 is the button
Seat 1: ImaPeppaPig ($112.04 in chips) 
Seat 2: Kristo 914 ($109.02 in chips) 
Seat 3: Haalleluja ($163.01 in chips) 
Seat 4: AndreaBsAs ($100 in chips) 
Seat 5: dreimis190 ($108.32 in chips) 
Seat 6: mattwut1 ($100 in chips) 
ImaPeppaPig: posts small blind $0.50
Kristo 914: posts big blind $1
*** HOLE CARDS ***
Haalleluja: folds 
AndreaBsAs: folds 
dreimis190: folds 
mattwut1: raises $1.20 to $2.20
ImaPeppaPig: folds 
Kristo 914: folds 
Uncalled bet ($1.20) returned to mattwut1
mattwut1 collected $2.50 from pot
mattwut1: doesn't show hand 
*** SUMMARY ***
Total pot $2.50 | Rake $0 
Seat 1: ImaPeppaPig (small blind) folded before Flop
Seat 2: Kristo 914 (big blind) folded before Flop
Seat 3: Haalleluja folded before Flop (didn't bet)
Seat 4: AndreaBsAs folded before Flop (didn't bet)
Seat 5: dreimis190 folded before Flop (didn't bet)
Seat 6: mattwut1 (button) collected ($2.50)



PokerStars Hand #254402835232:  Hold'em No Limit ($0.50/$1.00 USD) - 2025/01/16 19:36:59 WET [2025/01/16 14:36:59 ET]
Table 'Euryalos III' 6-max Seat #1 is the button
Seat 1: ImaPeppaPig ($111.54 in chips) 
Seat 2: Kristo 914 ($108.02 in chips) 
Seat 3: Haalleluja ($163.01 in chips) 
Seat 4: AndreaBsAs ($100 in chips) 
Seat 5: dreimis190 ($108.32 in chips) 
Seat 6: mattwut1 ($101.50 in chips) 
Kristo 914: posts small blind $0.50
Haalleluja: posts big blind $1
*** HOLE CARDS ***
AndreaBsAs: folds 
dreimis190: folds 
mattwut1: folds 
ImaPeppaPig: raises $1.50 to $2.50
Kristo 914: raises $8.50 to $11
Haalleluja: folds 
ImaPeppaPig: folds 
Uncalled bet ($8.50) returned to Kristo 914
Kristo 914 collected $6 from pot
Kristo 914: doesn't show hand 
*** SUMMARY ***
Total pot $6 | Rake $0 
Seat 1: ImaPeppaPig (button) folded before Flop
Seat 2: Kristo 914 (small blind) collected ($6)
Seat 3: Haalleluja (big blind) folded before Flop
Seat 4: AndreaBsAs folded before Flop (didn't bet)
Seat 5: dreimis190 folded before Flop (didn't bet)
Seat 6: mattwut1 folded before Flop (didn't bet)



PokerStars Hand #254402846469:  Hold'em No Limit ($0.50/$1.00 USD) - 2025/01/16 19:37:39 WET [2025/01/16 14:37:39 ET]
Table 'Euryalos III' 6-max Seat #2 is the button
Seat 1: ImaPeppaPig ($109.04 in chips) 
Seat 2: Kristo 914 ($111.52 in chips) 
Seat 3: Haalleluja ($162.01 in chips) 
Seat 4: AndreaBsAs ($100 in chips) 
Seat 5: dreimis190 ($108.32 in chips) 
Seat 6: mattwut1 ($101.50 in chips) 
Haalleluja: posts small blind $0.50
AndreaBsAs: posts big blind $1
*** HOLE CARDS ***
dreimis190: folds 
mattwut1: folds 
ImaPeppaPig: raises $1.50 to $2.50
Kristo 914: folds 
Haalleluja: calls $2
AndreaBsAs: folds 
*** FLOP *** [9h 2s 5s]
Haalleluja: checks 
ImaPeppaPig: checks 
*** TURN *** [9h 2s 5s] [As]
Haalleluja: checks 
ImaPeppaPig: checks 
*** RIVER *** [9h 2s 5s As] [Qd]
Haalleluja: checks 
ImaPeppaPig: checks 
*** SHOW DOWN ***
Haalleluja: shows [Jd 8h] (high card Ace)
ImaPeppaPig: shows [Tc Kd] (high card Ace - King kicker)
ImaPeppaPig collected $5.70 from pot
*** SUMMARY ***
Total pot $6 | Rake $0.30 
Board [9h 2s 5s As Qd]
Seat 1: ImaPeppaPig showed [Tc Kd] and won ($5.70) with high card Ace
Seat 2: Kristo 914 (button) folded before Flop (didn't bet)
Seat 3: Haalleluja (small blind) showed [Jd 8h] and lost with high card Ace
Seat 4: AndreaBsAs (big blind) folded before Flop
Seat 5: dreimis190 folded before Flop (didn't bet)
Seat 6: mattwut1 folded before Flop (didn't bet)



PokerStars Hand #254402860475:  Hold'em No Limit ($0.50/$1.00 USD) - 2025/01/16 19:38:27 WET [2025/01/16 14:38:27 ET]
Table 'Euryalos III' 6-max Seat #3 is the button
Seat 1: ImaPeppaPig ($112.24 in chips) 
Seat 2: Kristo 914 ($111.52 in chips) 
Seat 3: Haalleluja ($159.51 in chips) 
Seat 4: AndreaBsAs ($100 in chips) 
Seat 5: dreimis190 ($108.32 in chips) 
Seat 6: mattwut1 ($101.50 in chips) 
AndreaBsAs: posts small blind $0.50
dreimis190: posts big blind $1
*** HOLE CARDS ***
mattwut1: folds 
ImaPeppaPig: folds 
Kristo 914: folds 
Haalleluja: raises $1.50 to $2.50
AndreaBsAs: folds 
dreimis190: folds 
Uncalled bet ($1.50) returned to Haalleluja
Haalleluja collected $2.50 from pot
*** SUMMARY ***
Total pot $2.50 | Rake $0 
Seat 1: ImaPeppaPig folded before Flop (didn't bet)
Seat 2: Kristo 914 folded before Flop (didn't bet)
Seat 3: Haalleluja (button) collected ($2.50)
Seat 4: AndreaBsAs (small blind) folded before Flop
Seat 5: dreimis190 (big blind) folded before Flop
Seat 6: mattwut1 folded before Flop (didn't bet)



PokerStars Hand #254402871024:  Hold'em No Limit ($0.50/$1.00 USD) - 2025/01/16 19:39:04 WET [2025/01/16 14:39:04 ET]
Table 'Euryalos III' 6-max Seat #4 is the button
Seat 1: ImaPeppaPig ($112.24 in chips) 
Seat 2: Kristo 914 ($111.52 in chips) 
Seat 3: Haalleluja ($161.01 in chips) 
Seat 4: AndreaBsAs ($100 in chips) 
Seat 5: dreimis190 ($107.32 in chips) 
Seat 6: mattwut1 ($101.50 in chips) 
dreimis190: posts small blind $0.50
mattwut1: posts big blind $1
*** HOLE CARDS ***
ImaPeppaPig: folds 
Kristo 914: folds 
Haalleluja: folds 
AndreaBsAs: raises $1.50 to $2.50
dreimis190: folds 
mattwut1: folds 
Uncalled bet ($1.50) returned to AndreaBsAs
AndreaBsAs collected $2.50 from pot
*** SUMMARY ***
Total pot $2.50 | Rake $0 
Seat 1: ImaPeppaPig folded before Flop (didn't bet)
Seat 2: Kristo 914 folded before Flop (didn't bet)
Seat 3: Haalleluja folded before Flop (didn't bet)
Seat 4: AndreaBsAs (button) collected ($2.50)
Seat 5: dreimis190 (small blind) folded before Flop
Seat 6: mattwut1 (big blind) folded before Flop



PokerStars Hand #254402878473:  Hold'em No Limit ($0.50/$1.00 USD) - 2025/01/16 19:39:30 WET [2025/01/16 14:39:30 ET]
Table 'Euryalos III' 6-max Seat #5 is the button
Seat 1: ImaPeppaPig ($112.24 in chips) 
Seat 2: Kristo 914 ($111.52 in chips) 
Seat 3: Haalleluja ($161.01 in chips) 
Seat 4: AndreaBsAs ($101.50 in chips) 
Seat 5: dreimis190 ($106.82 in chips) 
Seat 6: mattwut1 ($100.50 in chips) 
mattwut1: posts small blind $0.50
ImaPeppaPig: posts big blind $1
*** HOLE CARDS ***
Kristo 914: folds 
Haalleluja: raises $1 to $2
AndreaBsAs: folds 
dreimis190: raises $5 to $7
mattwut1: folds 
ImaPeppaPig: folds 
Haalleluja: calls $5
*** FLOP *** [9s Ac Ad]
Haalleluja: checks 
dreimis190: bets $3.86
Haalleluja: calls $3.86
*** TURN *** [9s Ac Ad] [6c]
Haalleluja: checks 
dreimis190: checks 
*** RIVER *** [9s Ac Ad 6c] [2s]
Haalleluja: bets $11.03
dreimis190: folds 
Uncalled bet ($11.03) returned to Haalleluja
Haalleluja collected $22.06 from pot
*** SUMMARY ***
Total pot $23.22 | Rake $1.16 
Board [9s Ac Ad 6c 2s]
Seat 1: ImaPeppaPig (big blind) folded before Flop
Seat 2: Kristo 914 folded before Flop (didn't bet)
Seat 3: Haalleluja collected ($22.06)
Seat 4: AndreaBsAs folded before Flop (didn't bet)
Seat 5: dreimis190 (button) folded on the River
Seat 6: mattwut1 (small blind) folded before Flop



PokerStars Hand #254402906113:  Hold'em No Limit ($0.50/$1.00 USD) - 2025/01/16 19:41:06 WET [2025/01/16 14:41:06 ET]
Table 'Euryalos III' 6-max Seat #6 is the button
Seat 1: ImaPeppaPig ($111.24 in chips) 
Seat 2: Kristo 914 ($111.52 in chips) 
Seat 3: Haalleluja ($172.21 in chips) 
Seat 4: AndreaBsAs ($101.50 in chips) 
Seat 5: dreimis190 ($100 in chips) 
Seat 6: mattwut1 ($100 in chips) 
ImaPeppaPig: posts small blind $0.50
Kristo 914: posts big blind $1
*** HOLE CARDS ***
Haalleluja: folds 
AndreaBsAs: folds 
dreimis190: folds 
mattwut1: raises $1.20 to $2.20
ImaPeppaPig: folds 
Kristo 914: folds 
Uncalled bet ($1.20) returned to mattwut1
mattwut1 collected $2.50 from pot
mattwut1: doesn't show hand 
*** SUMMARY ***
Total pot $2.50 | Rake $0 
Seat 1: ImaPeppaPig (small blind) folded before Flop
Seat 2: Kristo 914 (big blind) folded before Flop
Seat 3: Haalleluja folded before Flop (didn't bet)
Seat 4: AndreaBsAs folded before Flop (didn't bet)
Seat 5: dreimis190 folded before Flop (didn't bet)
Seat 6: mattwut1 (button) collected ($2.50)



PokerStars Hand #254402913309:  Hold'em No Limit ($0.50/$1.00 USD) - 2025/01/16 19:41:31 WET [2025/01/16 14:41:31 ET]
Table 'Euryalos III' 6-max Seat #1 is the button
Seat 1: ImaPeppaPig ($110.74 in chips) 
Seat 2: Kristo 914 ($110.52 in chips) 
Seat 3: Haalleluja ($172.21 in chips) 
Seat 4: AndreaBsAs ($101.50 in chips) 
Seat 5: dreimis190 ($100 in chips) 
Seat 6: mattwut1 ($101.50 in chips) 
Kristo 914: posts small blind $0.50
Haalleluja: posts big blind $1
*** HOLE CARDS ***
AndreaBsAs: folds 
dreimis190: folds 
mattwut1: folds 
ImaPeppaPig: raises $1.50 to $2.50
Kristo 914: folds 
Haalleluja: calls $1.50
*** FLOP *** [4d Ac 8s]
Haalleluja: checks 
ImaPeppaPig: bets $1.62
Haalleluja: raises $3.62 to $5.24
ImaPeppaPig: raises $10.76 to $16
Haalleluja: calls $10.76
*** TURN *** [4d Ac 8s] [4s]
Haalleluja: checks 
ImaPeppaPig: bets $21
Haalleluja: folds 
Uncalled bet ($21) returned to ImaPeppaPig
ImaPeppaPig collected $35.62 from pot
ImaPeppaPig: doesn't show hand 
*** SUMMARY ***
Total pot $37.50 | Rake $1.88 
Board [4d Ac 8s 4s]
Seat 1: ImaPeppaPig (button) collected ($35.62)
Seat 2: Kristo 914 (small blind) folded before Flop
Seat 3: Haalleluja (big blind) folded on the Turn
Seat 4: AndreaBsAs folded before Flop (didn't bet)
Seat 5: dreimis190 folded before Flop (didn't bet)
Seat 6: mattwut1 folded before Flop (didn't bet)



PokerStars Hand #254402932467:  Hold'em No Limit ($0.50/$1.00 USD) - 2025/01/16 19:42:38 WET [2025/01/16 14:42:38 ET]
Table 'Euryalos III' 6-max Seat #2 is the button
Seat 4: AndreaBsAs ($101.50 in chips) is sitting out
Seat 1: ImaPeppaPig ($127.86 in chips) 
Seat 2: Kristo 914 ($110.02 in chips) 
Seat 3: Haalleluja ($153.71 in chips) 
Seat 5: dreimis190 ($100 in chips) 
Seat 6: mattwut1 ($101.50 in chips) 
Haalleluja: posts small blind $0.50
AndreaBsAs: is sitting out 
dreimis190: posts big blind $1
*** HOLE CARDS ***
mattwut1: folds 
ImaPeppaPig: folds 
Kristo 914: folds 
Haalleluja: raises $2 to $3
dreimis190: calls $2
*** FLOP *** [Ts Jh 7c]
Haalleluja: bets $2
dreimis190: folds 
Uncalled bet ($2) returned to Haalleluja
Haalleluja collected $5.70 from pot
*** SUMMARY ***
Total pot $6 | Rake $0.30 
Board [Ts Jh 7c]
Seat 4: AndreaBsAs
Seat 1: ImaPeppaPig folded before Flop (didn't bet)
Seat 2: Kristo 914 (button) folded before Flop (didn't bet)
Seat 3: Haalleluja (small blind) collected ($5.70)
Seat 5: dreimis190 (big blind) folded on the Flop
Seat 6: mattwut1 folded before Flop (didn't bet)



PokerStars Hand #254402944505:  Hold'em No Limit ($0.50/$1.00 USD) - 2025/01/16 19:43:20 WET [2025/01/16 14:43:20 ET]
Table 'Euryalos III' 6-max Seat #3 is the button
Seat 4: AndreaBsAs ($101.50 in chips) is sitting out
Seat 1: ImaPeppaPig ($127.86 in chips) 
Seat 2: Kristo 914 ($110.02 in chips) 
Seat 3: Haalleluja ($156.41 in chips) 
Seat 5: dreimis190 ($100 in chips) 
Seat 6: mattwut1 ($101.50 in chips) 
dreimis190: posts small blind $0.50
mattwut1: posts big blind $1
*** HOLE CARDS ***
ImaPeppaPig: folds 
Kristo 914: folds 
Haalleluja: folds 
dreimis190: folds 
Uncalled bet ($0.50) returned to mattwut1
mattwut1 collected $1 from pot
mattwut1: doesn't show hand 
*** SUMMARY ***
Total pot $1 | Rake $0 
Seat 4: AndreaBsAs
Seat 1: ImaPeppaPig folded before Flop (didn't bet)
Seat 2: Kristo 914 folded before Flop (didn't bet)
Seat 3: Haalleluja (button) folded before Flop (didn't bet)
Seat 5: dreimis190 (small blind) folded before Flop
Seat 6: mattwut1 (big blind) collected ($1)



PokerStars Hand #254402947519:  Hold'em No Limit ($0.50/$1.00 USD) - 2025/01/16 19:43:31 WET [2025/01/16 14:43:31 ET]
Table 'Euryalos III' 6-max Seat #5 is the button
Seat 4: AndreaBsAs ($101.50 in chips) is sitting out
Seat 1: ImaPeppaPig ($127.86 in chips) 
Seat 2: Kristo 914 ($110.02 in chips) 
Seat 3: Haalleluja ($156.41 in chips) 
Seat 5: dreimis190 ($100 in chips) 
Seat 6: mattwut1 ($102 in chips) 
mattwut1: posts small blind $0.50
ImaPeppaPig: posts big blind $1
*** HOLE CARDS ***
Kristo 914: folds 
Haalleluja: folds 
dreimis190: folds 
mattwut1: folds 
Uncalled bet ($0.50) returned to ImaPeppaPig
ImaPeppaPig collected $1 from pot
ImaPeppaPig: doesn't show hand 
*** SUMMARY ***
Total pot $1 | Rake $0 
Seat 4: AndreaBsAs
Seat 1: ImaPeppaPig (big blind) collected ($1)
Seat 2: Kristo 914 folded before Flop (didn't bet)
Seat 3: Haalleluja folded before Flop (didn't bet)
Seat 5: dreimis190 (button) folded before Flop (didn't bet)
Seat 6: mattwut1 (small blind) folded before Flop



PokerStars Hand #254402951723:  Hold'em No Limit ($0.50/$1.00 USD) - 2025/01/16 19:43:45 WET [2025/01/16 14:43:45 ET]
Table 'Euryalos III' 6-max Seat #6 is the button
Seat 4: AndreaBsAs ($101.50 in chips) is sitting out
Seat 1: ImaPeppaPig ($128.36 in chips) 
Seat 2: Kristo 914 ($110.02 in chips) 
Seat 3: Haalleluja ($156.41 in chips) 
Seat 5: dreimis190 ($100 in chips) 
Seat 6: mattwut1 ($101.50 in chips) 
ImaPeppaPig: posts small blind $0.50
Kristo 914: posts big blind $1
*** HOLE CARDS ***
Haalleluja: raises $1 to $2
dreimis190: raises $5 to $7
mattwut1: folds 
ImaPeppaPig: folds 
Kristo 914: folds 
Haalleluja: folds 
Uncalled bet ($5) returned to dreimis190
dreimis190 collected $5.50 from pot
dreimis190: doesn't show hand 
*** SUMMARY ***
Total pot $5.50 | Rake $0 
Seat 4: AndreaBsAs
Seat 1: ImaPeppaPig (small blind) folded before Flop
Seat 2: Kristo 914 (big blind) folded before Flop
Seat 3: Haalleluja folded before Flop
Seat 5: dreimis190 collected ($5.50)
Seat 6: mattwut1 (button) folded before Flop (didn't bet)



PokerStars Hand #254402956914:  Hold'em No Limit ($0.50/$1.00 USD) - 2025/01/16 19:44:04 WET [2025/01/16 14:44:04 ET]
Table 'Euryalos III' 6-max Seat #1 is the button
Seat 4: AndreaBsAs ($101.50 in chips) is sitting out
Seat 1: ImaPeppaPig ($127.86 in chips) 
Seat 2: Kristo 914 ($109.02 in chips) 
Seat 3: Haalleluja ($154.41 in chips) 
Seat 5: dreimis190 ($103.50 in chips) 
Seat 6: mattwut1 ($101.50 in chips) 
Kristo 914: posts small blind $0.50
Haalleluja: posts big blind $1
*** HOLE CARDS ***
dreimis190: folds 
mattwut1: folds 
ImaPeppaPig: raises $1 to $2
Kristo 914: folds 
Haalleluja: folds 
Uncalled bet ($1) returned to ImaPeppaPig
ImaPeppaPig collected $2.50 from pot
ImaPeppaPig: doesn't show hand 
*** SUMMARY ***
Total pot $2.50 | Rake $0 
Seat 4: AndreaBsAs
Seat 1: ImaPeppaPig (button) collected ($2.50)
Seat 2: Kristo 914 (small blind) folded before Flop
Seat 3: Haalleluja (big blind) folded before Flop
Seat 5: dreimis190 folded before Flop (didn't bet)
Seat 6: mattwut1 folded before Flop (didn't bet)



PokerStars Hand #254402962178:  Hold'em No Limit ($0.50/$1.00 USD) - 2025/01/16 19:44:22 WET [2025/01/16 14:44:22 ET]
Table 'Euryalos III' 6-max Seat #2 is the button
Seat 4: AndreaBsAs ($101.50 in chips) is sitting out
Seat 1: ImaPeppaPig ($129.36 in chips) 
Seat 2: Kristo 914 ($108.52 in chips) 
Seat 3: Haalleluja ($153.41 in chips) 
Seat 5: dreimis190 ($103.50 in chips) 
Seat 6: mattwut1 ($101.50 in chips) 
Haalleluja: posts small blind $0.50
dreimis190: posts big blind $1
*** HOLE CARDS ***
mattwut1: folds 
ImaPeppaPig: folds 
Kristo 914: raises $1.40 to $2.40
Haalleluja: folds 
dreimis190: folds 
Uncalled bet ($1.40) returned to Kristo 914
Kristo 914 collected $2.50 from pot
Kristo 914: doesn't show hand 
*** SUMMARY ***
Total pot $2.50 | Rake $0 
Seat 4: AndreaBsAs
Seat 1: ImaPeppaPig folded before Flop (didn't bet)
Seat 2: Kristo 914 (button) collected ($2.50)
Seat 3: Haalleluja (small blind) folded before Flop
Seat 5: dreimis190 (big blind) folded before Flop
Seat 6: mattwut1 folded before Flop (didn't bet)



PokerStars Hand #254402967978:  Hold'em No Limit ($0.50/$1.00 USD) - 2025/01/16 19:44:42 WET [2025/01/16 14:44:42 ET]
Table 'Euryalos III' 6-max Seat #3 is the button
Seat 4: AndreaBsAs ($101.50 in chips) is sitting out
Seat 1: ImaPeppaPig ($129.36 in chips) 
Seat 2: Kristo 914 ($110.02 in chips) 
Seat 3: Haalleluja ($152.91 in chips) 
Seat 5: dreimis190 ($102.50 in chips) 
Seat 6: mattwut1 ($101.50 in chips) 
dreimis190: posts small blind $0.50
mattwut1: posts big blind $1
*** HOLE CARDS ***
ImaPeppaPig: folds 
Kristo 914: folds 
Haalleluja: folds 
dreimis190: raises $2 to $3
mattwut1: folds 
Uncalled bet ($2) returned to dreimis190
dreimis190 collected $2 from pot
dreimis190: doesn't show hand 
*** SUMMARY ***
Total pot $2 | Rake $0 
Seat 4: AndreaBsAs
Seat 1: ImaPeppaPig folded before Flop (didn't bet)
Seat 2: Kristo 914 folded before Flop (didn't bet)
Seat 3: Haalleluja (button) folded before Flop (didn't bet)
Seat 5: dreimis190 (small blind) collected ($2)
Seat 6: mattwut1 (big blind) folded before Flop



PokerStars Hand #254402973355:  Hold'em No Limit ($0.50/$1.00 USD) - 2025/01/16 19:45:00 WET [2025/01/16 14:45:00 ET]
Table 'Euryalos III' 6-max Seat #5 is the button
Seat 4: AndreaBsAs ($101.50 in chips) is sitting out
Seat 1: ImaPeppaPig ($129.36 in chips) 
Seat 2: Kristo 914 ($110.02 in chips) 
Seat 3: Haalleluja ($152.91 in chips) 
Seat 5: dreimis190 ($103.50 in chips) 
Seat 6: mattwut1 ($100.50 in chips) 
mattwut1: posts small blind $0.50
ImaPeppaPig: posts big blind $1
*** HOLE CARDS ***
Kristo 914: raises $1.40 to $2.40
Haalleluja: folds 
dreimis190: raises $5.60 to $8
mattwut1: folds 
ImaPeppaPig: folds 
Kristo 914: raises $13 to $21
dreimis190: folds 
Uncalled bet ($13) returned to Kristo 914
Kristo 914 collected $17.50 from pot
Kristo 914: doesn't show hand 
*** SUMMARY ***
Total pot $17.50 | Rake $0 
Seat 4: AndreaBsAs
Seat 1: ImaPeppaPig (big blind) folded before Flop
Seat 2: Kristo 914 collected ($17.50)
Seat 3: Haalleluja folded before Flop (didn't bet)
Seat 5: dreimis190 (button) folded before Flop
Seat 6: mattwut1 (small blind) folded before Flop



PokerStars Hand #254402985266:  Hold'em No Limit ($0.50/$1.00 USD) - 2025/01/16 19:45:41 WET [2025/01/16 14:45:41 ET]
Table 'Euryalos III' 6-max Seat #6 is the button
Seat 4: AndreaBsAs ($101.50 in chips) is sitting out
Seat 1: ImaPeppaPig ($128.36 in chips) 
Seat 2: Kristo 914 ($119.52 in chips) 
Seat 3: Haalleluja ($152.91 in chips) 
Seat 5: dreimis190 ($100 in chips) 
Seat 6: mattwut1 ($100 in chips) 
ImaPeppaPig: posts small blind $0.50
Kristo 914: posts big blind $1
*** HOLE CARDS ***
Haalleluja: folds 
dreimis190: folds 
mattwut1: folds 
ImaPeppaPig: raises $2 to $3
Kristo 914: folds 
Uncalled bet ($2) returned to ImaPeppaPig
ImaPeppaPig collected $2 from pot
ImaPeppaPig: doesn't show hand 
*** SUMMARY ***
Total pot $2 | Rake $0 
Seat 4: AndreaBsAs
Seat 1: ImaPeppaPig (small blind) collected ($2)
Seat 2: Kristo 914 (big blind) folded before Flop
Seat 3: Haalleluja folded before Flop (didn't bet)
Seat 5: dreimis190 folded before Flop (didn't bet)
Seat 6: mattwut1 (button) folded before Flop (didn't bet)



PokerStars Hand #254402993380:  Hold'em No Limit ($0.50/$1.00 USD) - 2025/01/16 19:46:09 WET [2025/01/16 14:46:09 ET]
Table 'Euryalos III' 6-max Seat #1 is the button
Seat 4: AndreaBsAs ($101.50 in chips) is sitting out
Seat 1: ImaPeppaPig ($129.36 in chips) 
Seat 2: Kristo 914 ($118.52 in chips) 
Seat 3: Haalleluja ($152.91 in chips) 
Seat 5: dreimis190 ($100 in chips) 
Seat 6: mattwut1 ($100 in chips) 
Kristo 914: posts small blind $0.50
Haalleluja: posts big blind $1
*** HOLE CARDS ***
dreimis190: raises $1 to $2
mattwut1: calls $2
ImaPeppaPig: folds 
Kristo 914: folds 
Haalleluja: folds 
*** FLOP *** [4c Jd Th]
dreimis190: checks 
mattwut1: checks 
*** TURN *** [4c Jd Th] [5h]
dreimis190: checks 
mattwut1: checks 
*** RIVER *** [4c Jd Th 5h] [2d]
dreimis190: bets $7.92
mattwut1: calls $7.92
*** SHOW DOWN ***
dreimis190: shows [Tc Ac] (a pair of Tens)
mattwut1: shows [2h 2s] (three of a kind, Deuces)
mattwut1 collected $20.27 from pot
*** SUMMARY ***
Total pot $21.34 | Rake $1.07 
Board [4c Jd Th 5h 2d]
Seat 4: AndreaBsAs
Seat 1: ImaPeppaPig (button) folded before Flop (didn't bet)
Seat 2: Kristo 914 (small blind) folded before Flop
Seat 3: Haalleluja (big blind) folded before Flop
Seat 5: dreimis190 showed [Tc Ac] and lost with a pair of Tens
Seat 6: mattwut1 showed [2h 2s] and won ($20.27) with three of a kind, Deuces



PokerStars Hand #254403013435:  Hold'em No Limit ($0.50/$1.00 USD) - 2025/01/16 19:47:17 WET [2025/01/16 14:47:17 ET]
Table 'Euryalos III' 6-max Seat #2 is the button
Seat 4: AndreaBsAs ($101.50 in chips) is sitting out
Seat 1: ImaPeppaPig ($129.36 in chips) 
Seat 2: Kristo 914 ($118.02 in chips) 
Seat 3: Haalleluja ($151.91 in chips) 
Seat 5: dreimis190 ($100 in chips) 
Seat 6: mattwut1 ($110.35 in chips) 
Haalleluja: posts small blind $0.50
dreimis190: posts big blind $1
*** HOLE CARDS ***
mattwut1: folds 
ImaPeppaPig: folds 
Kristo 914: folds 
Haalleluja: folds 
Uncalled bet ($0.50) returned to dreimis190
dreimis190 collected $1 from pot
dreimis190: doesn't show hand 
*** SUMMARY ***
Total pot $1 | Rake $0 
Seat 4: AndreaBsAs
Seat 1: ImaPeppaPig folded before Flop (didn't bet)
Seat 2: Kristo 914 (button) folded before Flop (didn't bet)
Seat 3: Haalleluja (small blind) folded before Flop
Seat 5: dreimis190 (big blind) collected ($1)
Seat 6: mattwut1 folded before Flop (didn't bet)



PokerStars Hand #254403018316:  Hold'em No Limit ($0.50/$1.00 USD) - 2025/01/16 19:47:34 WET [2025/01/16 14:47:34 ET]
Table 'Euryalos III' 6-max Seat #3 is the button
Seat 4: AndreaBsAs ($101.50 in chips) is sitting out
Seat 1: ImaPeppaPig ($129.36 in chips) 
Seat 2: Kristo 914 ($118.02 in chips) 
Seat 3: Haalleluja ($151.41 in chips) 
Seat 5: dreimis190 ($100.50 in chips) 
Seat 6: mattwut1 ($110.35 in chips) 
dreimis190: posts small blind $0.50
mattwut1: posts big blind $1
*** HOLE CARDS ***
ImaPeppaPig: folds 
Kristo 914: folds 
Haalleluja: raises $1 to $2
dreimis190: raises $7 to $9
mattwut1: folds 
Haalleluja: folds 
Uncalled bet ($7) returned to dreimis190
dreimis190 collected $5 from pot
dreimis190: doesn't show hand 
*** SUMMARY ***
Total pot $5 | Rake $0 
Seat 4: AndreaBsAs
Seat 1: ImaPeppaPig folded before Flop (didn't bet)
Seat 2: Kristo 914 folded before Flop (didn't bet)
Seat 3: Haalleluja (button) folded before Flop
Seat 5: dreimis190 (small blind) collected ($5)
Seat 6: mattwut1 (big blind) folded before Flop



PokerStars Hand #254403027197:  Hold'em No Limit ($0.50/$1.00 USD) - 2025/01/16 19:48:04 WET [2025/01/16 14:48:04 ET]
Table 'Euryalos III' 6-max Seat #5 is the button
Seat 4: AndreaBsAs ($101.50 in chips) is sitting out
Seat 1: ImaPeppaPig ($129.36 in chips) 
Seat 2: Kristo 914 ($118.02 in chips) 
Seat 3: Haalleluja ($149.41 in chips) 
Seat 5: dreimis190 ($103.50 in chips) 
Seat 6: mattwut1 ($109.35 in chips) 
mattwut1: posts small blind $0.50
ImaPeppaPig: posts big blind $1
*** HOLE CARDS ***
Kristo 914: folds 
Haalleluja: raises $1.50 to $2.50
dreimis190: folds 
mattwut1: folds 
ImaPeppaPig: calls $1.50
*** FLOP *** [5d 7s 9d]
ImaPeppaPig: bets $1.62
Haalleluja: calls $1.62
*** TURN *** [5d 7s 9d] [2s]
ImaPeppaPig: checks 
Haalleluja: checks 
*** RIVER *** [5d 7s 9d 2s] [8h]
ImaPeppaPig: bets $2.57
Haalleluja: folds 
Uncalled bet ($2.57) returned to ImaPeppaPig
ImaPeppaPig collected $8.30 from pot
ImaPeppaPig: doesn't show hand 
*** SUMMARY ***
Total pot $8.74 | Rake $0.44 
Board [5d 7s 9d 2s 8h]
Seat 4: AndreaBsAs
Seat 1: ImaPeppaPig (big blind) collected ($8.30)
Seat 2: Kristo 914 folded before Flop (didn't bet)
Seat 3: Haalleluja folded on the River
Seat 5: dreimis190 (button) folded before Flop (didn't bet)
Seat 6: mattwut1 (small blind) folded before Flop



PokerStars Hand #254403040697:  Hold'em No Limit ($0.50/$1.00 USD) - 2025/01/16 19:48:50 WET [2025/01/16 14:48:50 ET]
Table 'Euryalos III' 6-max Seat #6 is the button
Seat 4: AndreaBsAs ($101.50 in chips) is sitting out
Seat 1: ImaPeppaPig ($133.54 in chips) 
Seat 2: Kristo 914 ($118.02 in chips) 
Seat 3: Haalleluja ($145.29 in chips) 
Seat 5: dreimis190 ($103.50 in chips) 
Seat 6: mattwut1 ($108.85 in chips) 
ImaPeppaPig: posts small blind $0.50
Kristo 914: posts big blind $1
*** HOLE CARDS ***
Haalleluja: folds 
dreimis190: folds 
mattwut1: folds 
ImaPeppaPig: raises $2 to $3
Kristo 914: calls $2
*** FLOP *** [9c 5s 5c]
ImaPeppaPig: checks 
Kristo 914: checks 
*** TURN *** [9c 5s 5c] [9h]
ImaPeppaPig: bets $3
Kristo 914: folds 
Uncalled bet ($3) returned to ImaPeppaPig
ImaPeppaPig collected $5.70 from pot
ImaPeppaPig: doesn't show hand 
*** SUMMARY ***
Total pot $6 | Rake $0.30 
Board [9c 5s 5c 9h]
Seat 4: AndreaBsAs
Seat 1: ImaPeppaPig (small blind) collected ($5.70)
Seat 2: Kristo 914 (big blind) folded on the Turn
Seat 3: Haalleluja folded before Flop (didn't bet)
Seat 5: dreimis190 folded before Flop (didn't bet)
Seat 6: mattwut1 (button) folded before Flop (didn't bet)



PokerStars Hand #254403050990:  Hold'em No Limit ($0.50/$1.00 USD) - 2025/01/16 19:49:25 WET [2025/01/16 14:49:25 ET]
Table 'Euryalos III' 6-max Seat #1 is the button
Seat 4: AndreaBsAs ($101.50 in chips) is sitting out
Seat 1: ImaPeppaPig ($136.24 in chips) 
Seat 2: Kristo 914 ($115.02 in chips) 
Seat 3: Haalleluja ($145.29 in chips) 
Seat 5: dreimis190 ($103.50 in chips) 
Seat 6: mattwut1 ($108.85 in chips) 
Kristo 914: posts small blind $0.50
Haalleluja: posts big blind $1
*** HOLE CARDS ***
dreimis190: folds 
mattwut1: folds 
ImaPeppaPig: raises $1.50 to $2.50
Kristo 914: folds 
Haalleluja: folds 
Uncalled bet ($1.50) returned to ImaPeppaPig
ImaPeppaPig collected $2.50 from pot
ImaPeppaPig: doesn't show hand 
*** SUMMARY ***
Total pot $2.50 | Rake $0 
Seat 4: AndreaBsAs
Seat 1: ImaPeppaPig (button) collected ($2.50)
Seat 2: Kristo 914 (small blind) folded before Flop
Seat 3: Haalleluja (big blind) folded before Flop
Seat 5: dreimis190 folded before Flop (didn't bet)
Seat 6: mattwut1 folded before Flop (didn't bet)



PokerStars Hand #254403055234:  Hold'em No Limit ($0.50/$1.00 USD) - 2025/01/16 19:49:40 WET [2025/01/16 14:49:40 ET]
Table 'Euryalos III' 6-max Seat #2 is the button
Seat 4: AndreaBsAs ($101.50 in chips) is sitting out
Seat 1: ImaPeppaPig ($137.74 in chips) 
Seat 2: Kristo 914 ($114.52 in chips) 
Seat 3: Haalleluja ($144.29 in chips) 
Seat 5: dreimis190 ($103.50 in chips) 
Seat 6: mattwut1 ($108.85 in chips) 
Haalleluja: posts small blind $0.50
dreimis190: posts big blind $1
*** HOLE CARDS ***
mattwut1: folds 
ImaPeppaPig: folds 
Kristo 914: folds 
Haalleluja: raises $2 to $3
dreimis190: folds 
Uncalled bet ($2) returned to Haalleluja
Haalleluja collected $2 from pot
AndreaBsAs leaves the table
*** SUMMARY ***
Total pot $2 | Rake $0 
Seat 4: AndreaBsAs
Seat 1: ImaPeppaPig folded before Flop (didn't bet)
Seat 2: Kristo 914 (button) folded before Flop (didn't bet)
Seat 3: Haalleluja (small blind) collected ($2)
Seat 5: dreimis190 (big blind) folded before Flop
Seat 6: mattwut1 folded before Flop (didn't bet)



PokerStars Hand #254403062416:  Hold'em No Limit ($0.50/$1.00 USD) - 2025/01/16 19:50:04 WET [2025/01/16 14:50:04 ET]
Table 'Euryalos III' 6-max Seat #3 is the button
Seat 1: ImaPeppaPig ($137.74 in chips) 
Seat 2: Kristo 914 ($114.52 in chips) 
Seat 3: Haalleluja ($145.29 in chips) 
Seat 5: dreimis190 ($102.50 in chips) 
Seat 6: mattwut1 ($108.85 in chips) 
dreimis190: posts small blind $0.50
mattwut1: posts big blind $1
*** HOLE CARDS ***
ImaPeppaPig: raises $1.50 to $2.50
Kristo 914: folds 
Haalleluja: folds 
peak joker33 joins the table at seat #4 
dreimis190: folds 
mattwut1: folds 
Uncalled bet ($1.50) returned to ImaPeppaPig
ImaPeppaPig collected $2.50 from pot
ImaPeppaPig: doesn't show hand 
*** SUMMARY ***
Total pot $2.50 | Rake $0 
Seat 1: ImaPeppaPig collected ($2.50)
Seat 2: Kristo 914 folded before Flop (didn't bet)
Seat 3: Haalleluja (button) folded before Flop (didn't bet)
Seat 5: dreimis190 (small blind) folded before Flop
Seat 6: mattwut1 (big blind) folded before Flop



PokerStars Hand #254403069226:  Hold'em No Limit ($0.50/$1.00 USD) - 2025/01/16 19:50:28 WET [2025/01/16 14:50:28 ET]
Table 'Euryalos III' 6-max Seat #5 is the button
Seat 4: peak joker33 ($100 in chips) is sitting out
Seat 1: ImaPeppaPig ($139.24 in chips) 
Seat 2: Kristo 914 ($114.52 in chips) 
Seat 3: Haalleluja ($145.29 in chips) 
Seat 5: dreimis190 ($102 in chips) 
Seat 6: mattwut1 ($107.85 in chips) 
mattwut1: posts small blind $0.50
ImaPeppaPig: posts big blind $1
peak joker33: sits out 
*** HOLE CARDS ***
Kristo 914: folds 
Haalleluja: folds 
dreimis190: raises $1.50 to $2.50
mattwut1: raises $6.50 to $9
ImaPeppaPig: folds 
dreimis190: raises $12 to $21
mattwut1: calls $12
*** FLOP *** [2c 3h 4h]
mattwut1: checks 
dreimis190: checks 
*** TURN *** [2c 3h 4h] [Jh]
mattwut1: checks 
dreimis190: bets $13.48
mattwut1: calls $13.48
*** RIVER *** [2c 3h 4h Jh] [Ac]
mattwut1: checks 
dreimis190: bets $67.52 and is all-in
mattwut1: folds 
Uncalled bet ($67.52) returned to dreimis190
dreimis190 collected $67.46 from pot
dreimis190: doesn't show hand 
*** SUMMARY ***
Total pot $69.96 | Rake $2.50 
Board [2c 3h 4h Jh Ac]
Seat 4: peak joker33
Seat 1: ImaPeppaPig (big blind) folded before Flop
Seat 2: Kristo 914 folded before Flop (didn't bet)
Seat 3: Haalleluja folded before Flop (didn't bet)
Seat 5: dreimis190 (button) collected ($67.46)
Seat 6: mattwut1 (small blind) folded on the River



PokerStars Hand #254403105936:  Hold'em No Limit ($0.50/$1.00 USD) - 2025/01/16 19:52:32 WET [2025/01/16 14:52:32 ET]
Table 'Euryalos III' 6-max Seat #6 is the button
Seat 4: peak joker33 ($100 in chips) is sitting out
Seat 1: ImaPeppaPig ($138.24 in chips) 
Seat 2: Kristo 914 ($114.52 in chips) 
Seat 3: Haalleluja ($145.29 in chips) 
Seat 5: dreimis190 ($134.98 in chips) 
Seat 6: mattwut1 ($100 in chips) 
ImaPeppaPig: posts small blind $0.50
Kristo 914: posts big blind $1
peak joker33: sits out 
*** HOLE CARDS ***
Haalleluja: folds 
dreimis190: folds 
mattwut1: raises $1.20 to $2.20
ImaPeppaPig: folds 
Kristo 914: calls $1.20
*** FLOP *** [4c 3h 3d]
Kristo 914: checks 
mattwut1: bets $1.54
Kristo 914: calls $1.54
*** TURN *** [4c 3h 3d] [6d]
Kristo 914: checks 
mattwut1: bets $5
Kristo 914: raises $13.36 to $18.36
mattwut1: calls $13.36
*** RIVER *** [4c 3h 3d 6d] [As]
Kristo 914: checks 
mattwut1: checks 
*** SHOW DOWN ***
Kristo 914: shows [8h 8s] (two pair, Eights and Threes)
mattwut1: shows [Ad 5d] (two pair, Aces and Threes)
mattwut1 collected $42.46 from pot
*** SUMMARY ***
Total pot $44.70 | Rake $2.24 
Board [4c 3h 3d 6d As]
Seat 4: peak joker33
Seat 1: ImaPeppaPig (small blind) folded before Flop
Seat 2: Kristo 914 (big blind) showed [8h 8s] and lost with two pair, Eights and Threes
Seat 3: Haalleluja folded before Flop (didn't bet)
Seat 5: dreimis190 folded before Flop (didn't bet)
Seat 6: mattwut1 (button) showed [Ad 5d] and won ($42.46) with two pair, Aces and Threes



PokerStars Hand #254403131766:  Hold'em No Limit ($0.50/$1.00 USD) - 2025/01/16 19:54:00 WET [2025/01/16 14:54:00 ET]
Table 'Euryalos III' 6-max Seat #1 is the button
Seat 4: peak joker33 ($100 in chips) is sitting out
Seat 1: ImaPeppaPig ($137.74 in chips) 
Seat 2: Kristo 914 ($100 in chips) 
Seat 3: Haalleluja ($145.29 in chips) 
Seat 5: dreimis190 ($134.98 in chips) 
Seat 6: mattwut1 ($120.36 in chips) 
Kristo 914: posts small blind $0.50
Haalleluja: posts big blind $1
peak joker33: sits out 
*** HOLE CARDS ***
dreimis190: folds 
mattwut1: folds 
ImaPeppaPig: raises $1.50 to $2.50
Kristo 914: folds 
Haalleluja: folds 
Uncalled bet ($1.50) returned to ImaPeppaPig
ImaPeppaPig collected $2.50 from pot
ImaPeppaPig: doesn't show hand 
*** SUMMARY ***
Total pot $2.50 | Rake $0 
Seat 4: peak joker33
Seat 1: ImaPeppaPig (button) collected ($2.50)
Seat 2: Kristo 914 (small blind) folded before Flop
Seat 3: Haalleluja (big blind) folded before Flop
Seat 5: dreimis190 folded before Flop (didn't bet)
Seat 6: mattwut1 folded before Flop (didn't bet)



PokerStars Hand #254403138868:  Hold'em No Limit ($0.50/$1.00 USD) - 2025/01/16 19:54:24 WET [2025/01/16 14:54:24 ET]
Table 'Euryalos III' 6-max Seat #2 is the button
Seat 1: ImaPeppaPig ($139.24 in chips) 
Seat 2: Kristo 914 ($100 in chips) 
Seat 3: Haalleluja ($144.29 in chips) 
Seat 4: peak joker33 ($100 in chips) 
Seat 5: dreimis190 ($134.98 in chips) 
Seat 6: mattwut1 ($120.36 in chips) 
Haalleluja: posts small blind $0.50
peak joker33: posts big blind $1
*** HOLE CARDS ***
dreimis190: raises $1 to $2
mattwut1: folds 
ImaPeppaPig: folds 
Kristo 914: folds 
Haalleluja: calls $1.50
peak joker33: folds 
*** FLOP *** [Js Qc Qd]
Haalleluja: checks 
dreimis190: bets $1.07
Haalleluja: calls $1.07
*** TURN *** [Js Qc Qd] [4d]
Haalleluja: bets $8.78
dreimis190: folds 
Uncalled bet ($8.78) returned to Haalleluja
Haalleluja collected $6.78 from pot
*** SUMMARY ***
Total pot $7.14 | Rake $0.36 
Board [Js Qc Qd 4d]
Seat 1: ImaPeppaPig folded before Flop (didn't bet)
Seat 2: Kristo 914 (button) folded before Flop (didn't bet)
Seat 3: Haalleluja (small blind) collected ($6.78)
Seat 4: peak joker33 (big blind) folded before Flop
Seat 5: dreimis190 folded on the Turn
Seat 6: mattwut1 folded before Flop (didn't bet)



PokerStars Hand #254403150330:  Hold'em No Limit ($0.50/$1.00 USD) - 2025/01/16 19:55:04 WET [2025/01/16 14:55:04 ET]
Table 'Euryalos III' 6-max Seat #3 is the button
Seat 1: ImaPeppaPig ($139.24 in chips) 
Seat 2: Kristo 914 ($100 in chips) 
Seat 3: Haalleluja ($148 in chips) 
Seat 4: peak joker33 ($100 in chips) 
Seat 5: dreimis190 ($131.91 in chips) 
Seat 6: mattwut1 ($120.36 in chips) 
peak joker33: posts small blind $0.50
dreimis190: posts big blind $1
*** HOLE CARDS ***
mattwut1: folds 
ImaPeppaPig: raises $1.50 to $2.50
Kristo 914: folds 
Haalleluja: folds 
peak joker33: raises $8.50 to $11
dreimis190: folds 
ImaPeppaPig: calls $8.50
*** FLOP *** [As 4c 3c]
peak joker33: checks 
ImaPeppaPig: bets $5
peak joker33: calls $5
*** TURN *** [As 4c 3c] [3d]
peak joker33: checks 
ImaPeppaPig: checks 
*** RIVER *** [As 4c 3c 3d] [Tc]
peak joker33: checks 
ImaPeppaPig: checks 
*** SHOW DOWN ***
peak joker33: shows [Ks Ts] (two pair, Tens and Threes)
ImaPeppaPig: mucks hand 
peak joker33 collected $31.35 from pot
*** SUMMARY ***
Total pot $33 | Rake $1.65 
Board [As 4c 3c 3d Tc]
Seat 1: ImaPeppaPig mucked
Seat 2: Kristo 914 folded before Flop (didn't bet)
Seat 3: Haalleluja (button) folded before Flop (didn't bet)
Seat 4: peak joker33 (small blind) showed [Ks Ts] and won ($31.35) with two pair, Tens and Threes
Seat 5: dreimis190 (big blind) folded before Flop
Seat 6: mattwut1 folded before Flop (didn't bet)



PokerStars Hand #254403168213:  Hold'em No Limit ($0.50/$1.00 USD) - 2025/01/16 19:56:26 WET [2025/01/16 14:56:26 ET]
Table 'Euryalos III' 6-max Seat #4 is the button
Seat 1: ImaPeppaPig ($123.24 in chips) 
Seat 2: Kristo 914 ($100 in chips) 
Seat 3: Haalleluja ($148 in chips) 
Seat 4: peak joker33 ($115.35 in chips) 
Seat 5: dreimis190 ($130.91 in chips) 
Seat 6: mattwut1 ($120.36 in chips) 
dreimis190: posts small blind $0.50
mattwut1: posts big blind $1
*** HOLE CARDS ***
ImaPeppaPig: folds 
Kristo 914: folds 
Haalleluja: folds 
peak joker33: folds 
dreimis190: raises $2 to $3
mattwut1: calls $2
*** FLOP *** [Qc Kc 4c]
dreimis190: checks 
mattwut1: checks 
*** TURN *** [Qc Kc 4c] [9c]
dreimis190: checks 
mattwut1: checks 
*** RIVER *** [Qc Kc 4c 9c] [Qh]
dreimis190: bets $8.78
mattwut1: folds 
Uncalled bet ($8.78) returned to dreimis190
dreimis190 collected $5.70 from pot
dreimis190: doesn't show hand 
*** SUMMARY ***
Total pot $6 | Rake $0.30 
Board [Qc Kc 4c 9c Qh]
Seat 1: ImaPeppaPig folded before Flop (didn't bet)
Seat 2: Kristo 914 folded before Flop (didn't bet)
Seat 3: Haalleluja folded before Flop (didn't bet)
Seat 4: peak joker33 (button) folded before Flop (didn't bet)
Seat 5: dreimis190 (small blind) collected ($5.70)
Seat 6: mattwut1 (big blind) folded on the River



PokerStars Hand #254403189525:  Hold'em No Limit ($0.50/$1.00 USD) - 2025/01/16 19:58:05 WET [2025/01/16 14:58:05 ET]
Table 'Euryalos III' 6-max Seat #5 is the button
Seat 1: ImaPeppaPig ($123.24 in chips) 
Seat 2: Kristo 914 ($100 in chips) 
Seat 3: Haalleluja ($148 in chips) 
Seat 4: peak joker33 ($115.35 in chips) 
Seat 5: dreimis190 ($133.61 in chips) 
Seat 6: mattwut1 ($117.36 in chips) 
mattwut1: posts small blind $0.50
ImaPeppaPig: posts big blind $1
*** HOLE CARDS ***
Kristo 914: folds 
Haalleluja: folds 
peak joker33: raises $1.50 to $2.50
dreimis190: raises $5.50 to $8
mattwut1: raises $11 to $19
ImaPeppaPig: folds 
peak joker33: folds 
dreimis190: folds 
Uncalled bet ($11) returned to mattwut1
mattwut1 collected $19.50 from pot
mattwut1: doesn't show hand 
*** SUMMARY ***
Total pot $19.50 | Rake $0 
Seat 1: ImaPeppaPig (big blind) folded before Flop
Seat 2: Kristo 914 folded before Flop (didn't bet)
Seat 3: Haalleluja folded before Flop (didn't bet)
Seat 4: peak joker33 folded before Flop
Seat 5: dreimis190 (button) folded before Flop
Seat 6: mattwut1 (small blind) collected ($19.50)



PokerStars Hand #254403196955:  Hold'em No Limit ($0.50/$1.00 USD) - 2025/01/16 19:58:39 WET [2025/01/16 14:58:39 ET]
Table 'Euryalos III' 6-max Seat #6 is the button
Seat 1: ImaPeppaPig ($122.24 in chips) 
Seat 2: Kristo 914 ($100 in chips) 
Seat 3: Haalleluja ($148 in chips) 
Seat 4: peak joker33 ($112.85 in chips) 
Seat 5: dreimis190 ($125.61 in chips) 
Seat 6: mattwut1 ($128.86 in chips) 
ImaPeppaPig: posts small blind $0.50
Kristo 914: posts big blind $1
*** HOLE CARDS ***
Haalleluja: folds 
peak joker33: raises $1.50 to $2.50
dreimis190: folds 
mattwut1: folds 
ImaPeppaPig: folds 
Kristo 914: folds 
Uncalled bet ($1.50) returned to peak joker33
peak joker33 collected $2.50 from pot
peak joker33: doesn't show hand 
*** SUMMARY ***
Total pot $2.50 | Rake $0 
Seat 1: ImaPeppaPig (small blind) folded before Flop
Seat 2: Kristo 914 (big blind) folded before Flop
Seat 3: Haalleluja folded before Flop (didn't bet)
Seat 4: peak joker33 collected ($2.50)
Seat 5: dreimis190 folded before Flop (didn't bet)
Seat 6: mattwut1 (button) folded before Flop (didn't bet)



PokerStars Hand #254403200864:  Hold'em No Limit ($0.50/$1.00 USD) - 2025/01/16 19:58:57 WET [2025/01/16 14:58:57 ET]
Table 'Euryalos III' 6-max Seat #1 is the button
Seat 1: ImaPeppaPig ($121.74 in chips) 
Seat 2: Kristo 914 ($100 in chips) 
Seat 3: Haalleluja ($148 in chips) 
Seat 4: peak joker33 ($114.35 in chips) 
Seat 5: dreimis190 ($125.61 in chips) 
Seat 6: mattwut1 ($128.86 in chips) 
Kristo 914: posts small blind $0.50
Haalleluja: posts big blind $1
*** HOLE CARDS ***
peak joker33: raises $1.50 to $2.50
dreimis190: folds 
mattwut1: raises $4.50 to $7
ImaPeppaPig: folds 
Kristo 914: folds 
Haalleluja: folds 
peak joker33: folds 
Uncalled bet ($4.50) returned to mattwut1
mattwut1 collected $6.50 from pot
mattwut1: doesn't show hand 
*** SUMMARY ***
Total pot $6.50 | Rake $0 
Seat 1: ImaPeppaPig (button) folded before Flop (didn't bet)
Seat 2: Kristo 914 (small blind) folded before Flop
Seat 3: Haalleluja (big blind) folded before Flop
Seat 4: peak joker33 folded before Flop
Seat 5: dreimis190 folded before Flop (didn't bet)
Seat 6: mattwut1 collected ($6.50)



PokerStars Hand #254403207162:  Hold'em No Limit ($0.50/$1.00 USD) - 2025/01/16 19:59:26 WET [2025/01/16 14:59:26 ET]
Table 'Euryalos III' 6-max Seat #2 is the button
Seat 1: ImaPeppaPig ($121.74 in chips) 
Seat 2: Kristo 914 ($100 in chips) 
Seat 3: Haalleluja ($147 in chips) 
Seat 4: peak joker33 ($111.85 in chips) 
Seat 5: dreimis190 ($125.61 in chips) 
Seat 6: mattwut1 ($132.86 in chips) 
Haalleluja: posts small blind $0.50
peak joker33: posts big blind $1
*** HOLE CARDS ***
dreimis190: folds 
mattwut1: folds 
ImaPeppaPig: raises $1.50 to $2.50
Kristo 914: folds 
Haalleluja: folds 
peak joker33: folds 
Uncalled bet ($1.50) returned to ImaPeppaPig
ImaPeppaPig collected $2.50 from pot
ImaPeppaPig: doesn't show hand 
*** SUMMARY ***
Total pot $2.50 | Rake $0 
Seat 1: ImaPeppaPig collected ($2.50)
Seat 2: Kristo 914 (button) folded before Flop (didn't bet)
Seat 3: Haalleluja (small blind) folded before Flop
Seat 4: peak joker33 (big blind) folded before Flop
Seat 5: dreimis190 folded before Flop (didn't bet)
Seat 6: mattwut1 folded before Flop (didn't bet)



PokerStars Hand #254403210273:  Hold'em No Limit ($0.50/$1.00 USD) - 2025/01/16 19:59:40 WET [2025/01/16 14:59:40 ET]
Table 'Euryalos III' 6-max Seat #3 is the button
Seat 1: ImaPeppaPig ($123.24 in chips) 
Seat 2: Kristo 914 ($100 in chips) 
Seat 3: Haalleluja ($146.50 in chips) 
Seat 4: peak joker33 ($110.85 in chips) 
Seat 5: dreimis190 ($125.61 in chips) 
Seat 6: mattwut1 ($132.86 in chips) 
peak joker33: posts small blind $0.50
dreimis190: posts big blind $1
*** HOLE CARDS ***
mattwut1: folds 
ImaPeppaPig: folds 
Kristo 914: folds 
Haalleluja: folds 
peak joker33: folds 
Uncalled bet ($0.50) returned to dreimis190
dreimis190 collected $1 from pot
dreimis190: doesn't show hand 
*** SUMMARY ***
Total pot $1 | Rake $0 
Seat 1: ImaPeppaPig folded before Flop (didn't bet)
Seat 2: Kristo 914 folded before Flop (didn't bet)
Seat 3: Haalleluja (button) folded before Flop (didn't bet)
Seat 4: peak joker33 (small blind) folded before Flop
Seat 5: dreimis190 (big blind) collected ($1)
Seat 6: mattwut1 folded before Flop (didn't bet)



PokerStars Hand #254403215490:  Hold'em No Limit ($0.50/$1.00 USD) - 2025/01/16 20:00:04 WET [2025/01/16 15:00:04 ET]
Table 'Euryalos III' 6-max Seat #4 is the button
Seat 1: ImaPeppaPig ($123.24 in chips) 
Seat 2: Kristo 914 ($100 in chips) 
Seat 3: Haalleluja ($146.50 in chips) 
Seat 4: peak joker33 ($110.35 in chips) 
Seat 5: dreimis190 ($126.11 in chips) 
Seat 6: mattwut1 ($132.86 in chips) 
dreimis190: posts small blind $0.50
mattwut1: posts big blind $1
*** HOLE CARDS ***
ImaPeppaPig: folds 
Kristo 914: folds 
Haalleluja: folds 
peak joker33: folds 
dreimis190: folds 
Uncalled bet ($0.50) returned to mattwut1
mattwut1 collected $1 from pot
mattwut1: doesn't show hand 
*** SUMMARY ***
Total pot $1 | Rake $0 
Seat 1: ImaPeppaPig folded before Flop (didn't bet)
Seat 2: Kristo 914 folded before Flop (didn't bet)
Seat 3: Haalleluja folded before Flop (didn't bet)
Seat 4: peak joker33 (button) folded before Flop (didn't bet)
Seat 5: dreimis190 (small blind) folded before Flop
Seat 6: mattwut1 (big blind) collected ($1)



PokerStars Hand #254403219988:  Hold'em No Limit ($0.50/$1.00 USD) - 2025/01/16 20:00:24 WET [2025/01/16 15:00:24 ET]
Table 'Euryalos III' 6-max Seat #5 is the button
Seat 1: ImaPeppaPig ($123.24 in chips) 
Seat 2: Kristo 914 ($100 in chips) 
Seat 3: Haalleluja ($146.50 in chips) 
Seat 4: peak joker33 ($110.35 in chips) 
Seat 5: dreimis190 ($125.61 in chips) 
Seat 6: mattwut1 ($133.36 in chips) 
mattwut1: posts small blind $0.50
ImaPeppaPig: posts big blind $1
*** HOLE CARDS ***
Kristo 914: folds 
Haalleluja: folds 
peak joker33: folds 
dreimis190: folds 
mattwut1: folds 
Uncalled bet ($0.50) returned to ImaPeppaPig
ImaPeppaPig collected $1 from pot
ImaPeppaPig: doesn't show hand 
*** SUMMARY ***
Total pot $1 | Rake $0 
Seat 1: ImaPeppaPig (big blind) collected ($1)
Seat 2: Kristo 914 folded before Flop (didn't bet)
Seat 3: Haalleluja folded before Flop (didn't bet)
Seat 4: peak joker33 folded before Flop (didn't bet)
Seat 5: dreimis190 (button) folded before Flop (didn't bet)
Seat 6: mattwut1 (small blind) folded before Flop



PokerStars Hand #254403222443:  Hold'em No Limit ($0.50/$1.00 USD) - 2025/01/16 20:00:35 WET [2025/01/16 15:00:35 ET]
Table 'Euryalos III' 6-max Seat #6 is the button
Seat 3: Haalleluja ($146.50 in chips) is sitting out
Seat 1: ImaPeppaPig ($123.74 in chips) 
Seat 2: Kristo 914 ($100 in chips) 
Seat 4: peak joker33 ($110.35 in chips) 
Seat 5: dreimis190 ($125.61 in chips) 
Seat 6: mattwut1 ($132.86 in chips) 
ImaPeppaPig: posts small blind $0.50
Kristo 914: posts big blind $1
*** HOLE CARDS ***
peak joker33: folds 
Haalleluja leaves the table
dreimis190: folds 
mattwut1: folds 
ImaPeppaPig: folds 
Uncalled bet ($0.50) returned to Kristo 914
Kristo 914 collected $1 from pot
Kristo 914: doesn't show hand 
*** SUMMARY ***
Total pot $1 | Rake $0 
Seat 3: Haalleluja
Seat 1: ImaPeppaPig (small blind) folded before Flop
Seat 2: Kristo 914 (big blind) collected ($1)
Seat 4: peak joker33 folded before Flop (didn't bet)
Seat 5: dreimis190 folded before Flop (didn't bet)
Seat 6: mattwut1 (button) folded before Flop (didn't bet)



PokerStars Hand #254403225172:  Hold'em No Limit ($0.50/$1.00 USD) - 2025/01/16 20:00:47 WET [2025/01/16 15:00:47 ET]
Table 'Euryalos III' 6-max Seat #1 is the button
Seat 1: ImaPeppaPig ($123.24 in chips) 
Seat 2: Kristo 914 ($100.50 in chips) 
Seat 4: peak joker33 ($110.35 in chips) 
Seat 5: dreimis190 ($125.61 in chips) 
Seat 6: mattwut1 ($132.86 in chips) 
Kristo 914: posts small blind $0.50
peak joker33: posts big blind $1
*** HOLE CARDS ***
dreimis190: folds 
mattwut1: folds 
ImaPeppaPig: raises $1.50 to $2.50
Kristo 914: folds 
peak joker33: calls $1.50
*** FLOP *** [As 9h 2d]
peak joker33: checks 
ImaPeppaPig: bets $1.62
peak joker33: calls $1.62
*** TURN *** [As 9h 2d] [Th]
peak joker33: checks 
ImaPeppaPig: bets $6.31
peak joker33: folds 
Uncalled bet ($6.31) returned to ImaPeppaPig
ImaPeppaPig collected $8.30 from pot
ImaPeppaPig: doesn't show hand 
*** SUMMARY ***
Total pot $8.74 | Rake $0.44 
Board [As 9h 2d Th]
Seat 1: ImaPeppaPig (button) collected ($8.30)
Seat 2: Kristo 914 (small blind) folded before Flop
Seat 4: peak joker33 (big blind) folded on the Turn
Seat 5: dreimis190 folded before Flop (didn't bet)
Seat 6: mattwut1 folded before Flop (didn't bet)



PokerStars Hand #254403236008:  Hold'em No Limit ($0.50/$1.00 USD) - 2025/01/16 20:01:29 WET [2025/01/16 15:01:29 ET]
Table 'Euryalos III' 6-max Seat #2 is the button
Seat 1: ImaPeppaPig ($127.42 in chips) 
Seat 2: Kristo 914 ($100 in chips) 
Seat 4: peak joker33 ($106.23 in chips) 
Seat 5: dreimis190 ($125.61 in chips) 
Seat 6: mattwut1 ($132.86 in chips) 
peak joker33: posts small blind $0.50
dreimis190: posts big blind $1
*** HOLE CARDS ***
mattwut1: folds 
ImaPeppaPig: folds 
Kristo 914: raises $1.40 to $2.40
peak joker33: folds 
dreimis190: folds 
Uncalled bet ($1.40) returned to Kristo 914
Kristo 914 collected $2.50 from pot
Kristo 914: doesn't show hand 
*** SUMMARY ***
Total pot $2.50 | Rake $0 
Seat 1: ImaPeppaPig folded before Flop (didn't bet)
Seat 2: Kristo 914 (button) collected ($2.50)
Seat 4: peak joker33 (small blind) folded before Flop
Seat 5: dreimis190 (big blind) folded before Flop
Seat 6: mattwut1 folded before Flop (didn't bet)



PokerStars Hand #254403245325:  Hold'em No Limit ($0.50/$1.00 USD) - 2025/01/16 20:02:04 WET [2025/01/16 15:02:04 ET]
Table 'Euryalos III' 6-max Seat #4 is the button
Seat 1: ImaPeppaPig ($127.42 in chips) 
Seat 2: Kristo 914 ($101.50 in chips) 
Seat 4: peak joker33 ($105.73 in chips) 
Seat 5: dreimis190 ($124.61 in chips) 
Seat 6: mattwut1 ($132.86 in chips) 
dreimis190: posts small blind $0.50
mattwut1: posts big blind $1
*** HOLE CARDS ***
ImaPeppaPig: folds 
Kristo 914: raises $1.40 to $2.40
peak joker33: folds 
dreimis190: folds 
mattwut1: folds 
Uncalled bet ($1.40) returned to Kristo 914
Kristo 914 collected $2.50 from pot
Kristo 914: doesn't show hand 
*** SUMMARY ***
Total pot $2.50 | Rake $0 
Seat 1: ImaPeppaPig folded before Flop (didn't bet)
Seat 2: Kristo 914 collected ($2.50)
Seat 4: peak joker33 (button) folded before Flop (didn't bet)
Seat 5: dreimis190 (small blind) folded before Flop
Seat 6: mattwut1 (big blind) folded before Flop



PokerStars Hand #254403250694:  Hold'em No Limit ($0.50/$1.00 USD) - 2025/01/16 20:02:23 WET [2025/01/16 15:02:23 ET]
Table 'Euryalos III' 6-max Seat #5 is the button
Seat 1: ImaPeppaPig ($127.42 in chips) 
Seat 2: Kristo 914 ($103 in chips) 
Seat 4: peak joker33 ($105.73 in chips) 
Seat 5: dreimis190 ($124.11 in chips) 
Seat 6: mattwut1 ($131.86 in chips) 
mattwut1: posts small blind $0.50
ImaPeppaPig: posts big blind $1
*** HOLE CARDS ***
Kristo 914: folds 
peak joker33: folds 
dreimis190: raises $1.50 to $2.50
mattwut1: folds 
ImaPeppaPig: folds 
Uncalled bet ($1.50) returned to dreimis190
dreimis190 collected $2.50 from pot
dreimis190: doesn't show hand 
*** SUMMARY ***
Total pot $2.50 | Rake $0 
Seat 1: ImaPeppaPig (big blind) folded before Flop
Seat 2: Kristo 914 folded before Flop (didn't bet)
Seat 4: peak joker33 folded before Flop (didn't bet)
Seat 5: dreimis190 (button) collected ($2.50)
Seat 6: mattwut1 (small blind) folded before Flop



PokerStars Hand #254403257713:  Hold'em No Limit ($0.50/$1.00 USD) - 2025/01/16 20:02:45 WET [2025/01/16 15:02:45 ET]
Table 'Euryalos III' 6-max Seat #6 is the button
Seat 1: ImaPeppaPig ($126.42 in chips) 
Seat 2: Kristo 914 ($103 in chips) 
Seat 4: peak joker33 ($105.73 in chips) 
Seat 5: dreimis190 ($125.61 in chips) 
Seat 6: mattwut1 ($131.36 in chips) 
ImaPeppaPig: posts small blind $0.50
Kristo 914: posts big blind $1
*** HOLE CARDS ***
peak joker33: folds 
dreimis190: raises $1.50 to $2.50
mattwut1: folds 
ImaPeppaPig: folds 
Kristo 914: folds 
Uncalled bet ($1.50) returned to dreimis190
dreimis190 collected $2.50 from pot
dreimis190: doesn't show hand 
*** SUMMARY ***
Total pot $2.50 | Rake $0 
Seat 1: ImaPeppaPig (small blind) folded before Flop
Seat 2: Kristo 914 (big blind) folded before Flop
Seat 4: peak joker33 folded before Flop (didn't bet)
Seat 5: dreimis190 collected ($2.50)
Seat 6: mattwut1 (button) folded before Flop (didn't bet)



PokerStars Hand #254403264725:  Hold'em No Limit ($0.50/$1.00 USD) - 2025/01/16 20:03:09 WET [2025/01/16 15:03:09 ET]
Table 'Euryalos III' 6-max Seat #1 is the button
Seat 1: ImaPeppaPig ($125.92 in chips) 
Seat 2: Kristo 914 ($102 in chips) 
Seat 4: peak joker33 ($105.73 in chips) 
Seat 5: dreimis190 ($127.11 in chips) 
Seat 6: mattwut1 ($131.36 in chips) 
Kristo 914: posts small blind $0.50
peak joker33: posts big blind $1
*** HOLE CARDS ***
dreimis190: raises $1 to $2
mattwut1: folds 
ImaPeppaPig: folds 
Kristo 914: folds 
peak joker33: calls $1
*** FLOP *** [Jh Td 4c]
peak joker33: checks 
dreimis190: bets $1.64
peak joker33: calls $1.64
*** TURN *** [Jh Td 4c] [5c]
peak joker33: checks 
Sachee46 joins the table at seat #3 
dreimis190: checks 
*** RIVER *** [Jh Td 4c 5c] [7c]
peak joker33: checks 
dreimis190: checks 
*** SHOW DOWN ***
peak joker33: shows [Ad Qh] (high card Ace)
dreimis190: shows [Ah Qd] (high card Ace)
peak joker33 collected $3.70 from pot
dreimis190 collected $3.69 from pot
*** SUMMARY ***
Total pot $7.78 | Rake $0.39 
Board [Jh Td 4c 5c 7c]
Seat 1: ImaPeppaPig (button) folded before Flop (didn't bet)
Seat 2: Kristo 914 (small blind) folded before Flop
Seat 4: peak joker33 (big blind) showed [Ad Qh] and won ($3.70) with high card Ace
Seat 5: dreimis190 showed [Ah Qd] and won ($3.69) with high card Ace
Seat 6: mattwut1 folded before Flop (didn't bet)



PokerStars Hand #254403284628:  Hold'em No Limit ($0.50/$1.00 USD) - 2025/01/16 20:04:16 WET [2025/01/16 15:04:16 ET]
Table 'Euryalos III' 6-max Seat #2 is the button
Seat 3: Sachee46 ($100 in chips) is sitting out
Seat 1: ImaPeppaPig ($125.92 in chips) 
Seat 2: Kristo 914 ($101.50 in chips) 
Seat 4: peak joker33 ($105.79 in chips) 
Seat 5: dreimis190 ($127.16 in chips) 
Seat 6: mattwut1 ($131.36 in chips) 
peak joker33: posts small blind $0.50
dreimis190: posts big blind $1
*** HOLE CARDS ***
mattwut1: raises $1.20 to $2.20
ImaPeppaPig: folds 
Kristo 914: folds 
peak joker33: folds 
dreimis190: folds 
Uncalled bet ($1.20) returned to mattwut1
mattwut1 collected $2.50 from pot
mattwut1: doesn't show hand 
*** SUMMARY ***
Total pot $2.50 | Rake $0 
Seat 3: Sachee46
Seat 1: ImaPeppaPig folded before Flop (didn't bet)
Seat 2: Kristo 914 (button) folded before Flop (didn't bet)
Seat 4: peak joker33 (small blind) folded before Flop
Seat 5: dreimis190 (big blind) folded before Flop
Seat 6: mattwut1 collected ($2.50)



PokerStars Hand #254403292631:  Hold'em No Limit ($0.50/$1.00 USD) - 2025/01/16 20:04:43 WET [2025/01/16 15:04:43 ET]
Table 'Euryalos III' 6-max Seat #4 is the button
Seat 1: ImaPeppaPig ($125.92 in chips) 
Seat 2: Kristo 914 ($101.50 in chips) 
Seat 3: Sachee46 ($100 in chips) 
Seat 4: peak joker33 ($105.29 in chips) 
Seat 5: dreimis190 ($126.16 in chips) 
Seat 6: mattwut1 ($132.86 in chips) 
dreimis190: posts small blind $0.50
mattwut1: posts big blind $1
Sachee46: posts big blind $1
*** HOLE CARDS ***
ImaPeppaPig: folds 
Kristo 914: folds 
Sachee46: checks 
peak joker33: folds 
dreimis190: raises $3 to $4
mattwut1: folds 
Sachee46: folds 
Uncalled bet ($3) returned to dreimis190
dreimis190 collected $3 from pot
dreimis190: doesn't show hand 
*** SUMMARY ***
Total pot $3 | Rake $0 
Seat 1: ImaPeppaPig folded before Flop (didn't bet)
Seat 2: Kristo 914 folded before Flop (didn't bet)
Seat 3: Sachee46 folded before Flop (didn't bet)
Seat 4: peak joker33 (button) folded before Flop (didn't bet)
Seat 5: dreimis190 (small blind) collected ($3)
Seat 6: mattwut1 (big blind) folded before Flop



PokerStars Hand #254403302449:  Hold'em No Limit ($0.50/$1.00 USD) - 2025/01/16 20:05:15 WET [2025/01/16 15:05:15 ET]
Table 'Euryalos III' 6-max Seat #5 is the button
Seat 1: ImaPeppaPig ($125.92 in chips) 
Seat 2: Kristo 914 ($101.50 in chips) 
Seat 3: Sachee46 ($99 in chips) 
Seat 4: peak joker33 ($105.29 in chips) 
Seat 5: dreimis190 ($128.16 in chips) 
Seat 6: mattwut1 ($131.86 in chips) 
mattwut1: posts small blind $0.50
ImaPeppaPig: posts big blind $1
*** HOLE CARDS ***
Kristo 914: folds 
Sachee46: raises $2 to $3
peak joker33: folds 
dreimis190: folds 
mattwut1: folds 
ImaPeppaPig: folds 
Uncalled bet ($2) returned to Sachee46
Sachee46 collected $2.50 from pot
Sachee46: doesn't show hand 
*** SUMMARY ***
Total pot $2.50 | Rake $0 
Seat 1: ImaPeppaPig (big blind) folded before Flop
Seat 2: Kristo 914 folded before Flop (didn't bet)
Seat 3: Sachee46 collected ($2.50)
Seat 4: peak joker33 folded before Flop (didn't bet)
Seat 5: dreimis190 (button) folded before Flop (didn't bet)
Seat 6: mattwut1 (small blind) folded before Flop



PokerStars Hand #254403307701:  Hold'em No Limit ($0.50/$1.00 USD) - 2025/01/16 20:05:32 WET [2025/01/16 15:05:32 ET]
Table 'Euryalos III' 6-max Seat #6 is the button
Seat 1: ImaPeppaPig ($124.92 in chips) 
Seat 2: Kristo 914 ($101.50 in chips) 
Seat 3: Sachee46 ($100.50 in chips) 
Seat 4: peak joker33 ($105.29 in chips) 
Seat 5: dreimis190 ($128.16 in chips) 
Seat 6: mattwut1 ($131.36 in chips) 
ImaPeppaPig: posts small blind $0.50
Kristo 914: posts big blind $1
*** HOLE CARDS ***
Sachee46: folds 
peak joker33: folds 
dreimis190: raises $1.50 to $2.50
mattwut1: folds 
ImaPeppaPig: folds 
Kristo 914: folds 
Uncalled bet ($1.50) returned to dreimis190
dreimis190 collected $2.50 from pot
dreimis190: doesn't show hand 
*** SUMMARY ***
Total pot $2.50 | Rake $0 
Seat 1: ImaPeppaPig (small blind) folded before Flop
Seat 2: Kristo 914 (big blind) folded before Flop
Seat 3: Sachee46 folded before Flop (didn't bet)
Seat 4: peak joker33 folded before Flop (didn't bet)
Seat 5: dreimis190 collected ($2.50)
Seat 6: mattwut1 (button) folded before Flop (didn't bet)



PokerStars Hand #254403313315:  Hold'em No Limit ($0.50/$1.00 USD) - 2025/01/16 20:05:51 WET [2025/01/16 15:05:51 ET]
Table 'Euryalos III' 6-max Seat #1 is the button
Seat 1: ImaPeppaPig ($124.42 in chips) 
Seat 2: Kristo 914 ($100.50 in chips) 
Seat 3: Sachee46 ($100.50 in chips) 
Seat 4: peak joker33 ($105.29 in chips) 
Seat 5: dreimis190 ($129.66 in chips) 
Seat 6: mattwut1 ($131.36 in chips) 
Kristo 914: posts small blind $0.50
Sachee46: posts big blind $1
*** HOLE CARDS ***
peak joker33: folds 
dreimis190: raises $1 to $2
mattwut1: folds 
ImaPeppaPig: folds 
Kristo 914: folds 
Sachee46: calls $1
*** FLOP *** [Kc As 2c]
Sachee46: bets $2
dreimis190: raises $7.21 to $9.21
Sachee46: folds 
Uncalled bet ($7.21) returned to dreimis190
dreimis190 collected $8.08 from pot
dreimis190: doesn't show hand 
*** SUMMARY ***
Total pot $8.50 | Rake $0.42 
Board [Kc As 2c]
Seat 1: ImaPeppaPig (button) folded before Flop (didn't bet)
Seat 2: Kristo 914 (small blind) folded before Flop
Seat 3: Sachee46 (big blind) folded on the Flop
Seat 4: peak joker33 folded before Flop (didn't bet)
Seat 5: dreimis190 collected ($8.08)
Seat 6: mattwut1 folded before Flop (didn't bet)



PokerStars Hand #254403324916:  Hold'em No Limit ($0.50/$1.00 USD) - 2025/01/16 20:06:29 WET [2025/01/16 15:06:29 ET]
Table 'Euryalos III' 6-max Seat #2 is the button
Seat 1: ImaPeppaPig ($124.42 in chips) 
Seat 2: Kristo 914 ($100 in chips) 
Seat 3: Sachee46 ($96.50 in chips) 
Seat 4: peak joker33 ($105.29 in chips) 
Seat 5: dreimis190 ($133.74 in chips) 
Seat 6: mattwut1 ($131.36 in chips) 
Sachee46: posts small blind $0.50
peak joker33: posts big blind $1
*** HOLE CARDS ***
dreimis190: folds 
mattwut1: folds 
ImaPeppaPig: raises $1.50 to $2.50
Kristo 914: folds 
Sachee46: calls $2
peak joker33: folds 
*** FLOP *** [4d 3d Ah]
Sachee46: checks 
ImaPeppaPig: checks 
*** TURN *** [4d 3d Ah] [5d]
Sachee46: bets $4.22
ImaPeppaPig: calls $4.22
*** RIVER *** [4d 3d Ah 5d] [7d]
Sachee46: checks 
ImaPeppaPig: bets $10.43
Sachee46: folds 
Uncalled bet ($10.43) returned to ImaPeppaPig
ImaPeppaPig collected $13.72 from pot
ImaPeppaPig: doesn't show hand 
*** SUMMARY ***
Total pot $14.44 | Rake $0.72 
Board [4d 3d Ah 5d 7d]
Seat 1: ImaPeppaPig collected ($13.72)
Seat 2: Kristo 914 (button) folded before Flop (didn't bet)
Seat 3: Sachee46 (small blind) folded on the River
Seat 4: peak joker33 (big blind) folded before Flop
Seat 5: dreimis190 folded before Flop (didn't bet)
Seat 6: mattwut1 folded before Flop (didn't bet)



PokerStars Hand #254403343500:  Hold'em No Limit ($0.50/$1.00 USD) - 2025/01/16 20:07:29 WET [2025/01/16 15:07:29 ET]
Table 'Euryalos III' 6-max Seat #3 is the button
Seat 1: ImaPeppaPig ($131.42 in chips) 
Seat 2: Kristo 914 ($100 in chips) 
Seat 3: Sachee46 ($89.78 in chips) 
Seat 4: peak joker33 ($104.29 in chips) 
Seat 5: dreimis190 ($133.74 in chips) 
Seat 6: mattwut1 ($131.36 in chips) 
peak joker33: posts small blind $0.50
dreimis190: posts big blind $1
*** HOLE CARDS ***
mattwut1: folds 
ImaPeppaPig: folds 
Kristo 914: raises $1.40 to $2.40
Sachee46: folds 
peak joker33: raises $8.60 to $11
dreimis190: folds 
Kristo 914: folds 
Uncalled bet ($8.60) returned to peak joker33
peak joker33 collected $5.80 from pot
peak joker33: doesn't show hand 
*** SUMMARY ***
Total pot $5.80 | Rake $0 
Seat 1: ImaPeppaPig folded before Flop (didn't bet)
Seat 2: Kristo 914 folded before Flop
Seat 3: Sachee46 (button) folded before Flop (didn't bet)
Seat 4: peak joker33 (small blind) collected ($5.80)
Seat 5: dreimis190 (big blind) folded before Flop
Seat 6: mattwut1 folded before Flop (didn't bet)



PokerStars Hand #254403352215:  Hold'em No Limit ($0.50/$1.00 USD) - 2025/01/16 20:07:57 WET [2025/01/16 15:07:57 ET]
Table 'Euryalos III' 6-max Seat #4 is the button
Seat 1: ImaPeppaPig ($131.42 in chips) 
Seat 2: Kristo 914 ($100 in chips) 
Seat 3: Sachee46 ($89.78 in chips) 
Seat 4: peak joker33 ($107.69 in chips) 
Seat 5: dreimis190 ($132.74 in chips) 
Seat 6: mattwut1 ($131.36 in chips) 
dreimis190: posts small blind $0.50
mattwut1: posts big blind $1
*** HOLE CARDS ***
ImaPeppaPig: folds 
Kristo 914: folds 
Sachee46: folds 
peak joker33: raises $1.50 to $2.50
dreimis190: folds 
mattwut1: folds 
Uncalled bet ($1.50) returned to peak joker33
peak joker33 collected $2.50 from pot
peak joker33: doesn't show hand 
*** SUMMARY ***
Total pot $2.50 | Rake $0 
Seat 1: ImaPeppaPig folded before Flop (didn't bet)
Seat 2: Kristo 914 folded before Flop (didn't bet)
Seat 3: Sachee46 folded before Flop (didn't bet)
Seat 4: peak joker33 (button) collected ($2.50)
Seat 5: dreimis190 (small blind) folded before Flop
Seat 6: mattwut1 (big blind) folded before Flop



PokerStars Hand #254403357829:  Hold'em No Limit ($0.50/$1.00 USD) - 2025/01/16 20:08:15 WET [2025/01/16 15:08:15 ET]
Table 'Euryalos III' 6-max Seat #5 is the button
Seat 1: ImaPeppaPig ($131.42 in chips) 
Seat 2: Kristo 914 ($100 in chips) 
Seat 3: Sachee46 ($89.78 in chips) 
Seat 4: peak joker33 ($109.19 in chips) 
Seat 5: dreimis190 ($132.24 in chips) 
Seat 6: mattwut1 ($130.36 in chips) 
mattwut1: posts small blind $0.50
ImaPeppaPig: posts big blind $1
*** HOLE CARDS ***
Kristo 914: folds 
Sachee46: raises $2 to $3
peak joker33: raises $6 to $9
dreimis190: folds 
mattwut1: folds 
ImaPeppaPig: folds 
Sachee46: calls $6
*** FLOP *** [6s Kh Jc]
Sachee46: bets $9.32
peak joker33: folds 
Uncalled bet ($9.32) returned to Sachee46
Sachee46 collected $18.52 from pot
Sachee46: doesn't show hand 
*** SUMMARY ***
Total pot $19.50 | Rake $0.98 
Board [6s Kh Jc]
Seat 1: ImaPeppaPig (big blind) folded before Flop
Seat 2: Kristo 914 folded before Flop (didn't bet)
Seat 3: Sachee46 collected ($18.52)
Seat 4: peak joker33 folded on the Flop
Seat 5: dreimis190 (button) folded before Flop (didn't bet)
Seat 6: mattwut1 (small blind) folded before Flop



PokerStars Hand #254403372391:  Hold'em No Limit ($0.50/$1.00 USD) - 2025/01/16 20:09:01 WET [2025/01/16 15:09:01 ET]
Table 'Euryalos III' 6-max Seat #6 is the button
Seat 1: ImaPeppaPig ($130.42 in chips) 
Seat 2: Kristo 914 ($100 in chips) 
Seat 3: Sachee46 ($99.30 in chips) 
Seat 4: peak joker33 ($100.19 in chips) 
Seat 5: dreimis190 ($132.24 in chips) 
Seat 6: mattwut1 ($129.86 in chips) 
ImaPeppaPig: posts small blind $0.50
Kristo 914: posts big blind $1
*** HOLE CARDS ***
Sachee46: folds 
peak joker33: folds 
dreimis190: folds 
mattwut1: folds 
ImaPeppaPig: folds 
Uncalled bet ($0.50) returned to Kristo 914
Kristo 914 collected $1 from pot
Kristo 914: doesn't show hand 
*** SUMMARY ***
Total pot $1 | Rake $0 
Seat 1: ImaPeppaPig (small blind) folded before Flop
Seat 2: Kristo 914 (big blind) collected ($1)
Seat 3: Sachee46 folded before Flop (didn't bet)
Seat 4: peak joker33 folded before Flop (didn't bet)
Seat 5: dreimis190 folded before Flop (didn't bet)
Seat 6: mattwut1 (button) folded before Flop (didn't bet)



PokerStars Hand #254403381491:  Hold'em No Limit ($0.50/$1.00 USD) - 2025/01/16 20:09:31 WET [2025/01/16 15:09:31 ET]
Table 'Euryalos III' 6-max Seat #1 is the button
Seat 1: ImaPeppaPig ($129.92 in chips) 
Seat 2: Kristo 914 ($100.50 in chips) 
Seat 3: Sachee46 ($99.30 in chips) 
Seat 4: peak joker33 ($100.19 in chips) 
Seat 5: dreimis190 ($132.24 in chips) 
Seat 6: mattwut1 ($129.86 in chips) 
Kristo 914: posts small blind $0.50
Sachee46: posts big blind $1
*** HOLE CARDS ***
peak joker33: folds 
dreimis190: raises $1 to $2
mattwut1: folds 
ImaPeppaPig: folds 
Kristo 914: raises $9 to $11
Sachee46: folds 
dreimis190: folds 
Uncalled bet ($9) returned to Kristo 914
Kristo 914 collected $5 from pot
Kristo 914: doesn't show hand 
*** SUMMARY ***
Total pot $5 | Rake $0 
Seat 1: ImaPeppaPig (button) folded before Flop (didn't bet)
Seat 2: Kristo 914 (small blind) collected ($5)
Seat 3: Sachee46 (big blind) folded before Flop
Seat 4: peak joker33 folded before Flop (didn't bet)
Seat 5: dreimis190 folded before Flop
Seat 6: mattwut1 folded before Flop (didn't bet)



PokerStars Hand #254403388490:  Hold'em No Limit ($0.50/$1.00 USD) - 2025/01/16 20:09:53 WET [2025/01/16 15:09:53 ET]
Table 'Euryalos III' 6-max Seat #2 is the button
Seat 1: ImaPeppaPig ($129.92 in chips) 
Seat 2: Kristo 914 ($103.50 in chips) 
Seat 3: Sachee46 ($98.30 in chips) 
Seat 4: peak joker33 ($100.19 in chips) 
Seat 5: dreimis190 ($130.24 in chips) 
Seat 6: mattwut1 ($129.86 in chips) 
Sachee46: posts small blind $0.50
peak joker33: posts big blind $1
*** HOLE CARDS ***
dreimis190: folds 
mattwut1: folds 
ImaPeppaPig: raises $1.50 to $2.50
Kristo 914: folds 
Sachee46: folds 
peak joker33: calls $1.50
*** FLOP *** [2h Kc 8s]
peak joker33: checks 
ImaPeppaPig: bets $2
peak joker33: calls $2
*** TURN *** [2h Kc 8s] [Js]
peak joker33: checks 
ImaPeppaPig: bets $11.55
peak joker33: folds 
Uncalled bet ($11.55) returned to ImaPeppaPig
ImaPeppaPig collected $9.02 from pot
ImaPeppaPig: doesn't show hand 
*** SUMMARY ***
Total pot $9.50 | Rake $0.48 
Board [2h Kc 8s Js]
Seat 1: ImaPeppaPig collected ($9.02)
Seat 2: Kristo 914 (button) folded before Flop (didn't bet)
Seat 3: Sachee46 (small blind) folded before Flop
Seat 4: peak joker33 (big blind) folded on the Turn
Seat 5: dreimis190 folded before Flop (didn't bet)
Seat 6: mattwut1 folded before Flop (didn't bet)



PokerStars Hand #254403405184:  Hold'em No Limit ($0.50/$1.00 USD) - 2025/01/16 20:10:46 WET [2025/01/16 15:10:46 ET]
Table 'Euryalos III' 6-max Seat #3 is the button
Seat 1: ImaPeppaPig ($134.44 in chips) 
Seat 2: Kristo 914 ($103.50 in chips) 
Seat 3: Sachee46 ($97.80 in chips) 
Seat 4: peak joker33 ($100 in chips) 
Seat 5: dreimis190 ($130.24 in chips) 
Seat 6: mattwut1 ($129.86 in chips) 
peak joker33: posts small blind $0.50
dreimis190: posts big blind $1
*** HOLE CARDS ***
mattwut1: folds 
ImaPeppaPig: raises $1.50 to $2.50
Kristo 914: folds 
Sachee46: calls $2.50
peak joker33: folds 
dreimis190: folds 
*** FLOP *** [8h Qh Ah]
ImaPeppaPig: checks 
Sachee46: bets $1.85
ImaPeppaPig: folds 
Uncalled bet ($1.85) returned to Sachee46
Sachee46 collected $6.18 from pot
Sachee46: doesn't show hand 
*** SUMMARY ***
Total pot $6.50 | Rake $0.32 
Board [8h Qh Ah]
Seat 1: ImaPeppaPig folded on the Flop
Seat 2: Kristo 914 folded before Flop (didn't bet)
Seat 3: Sachee46 (button) collected ($6.18)
Seat 4: peak joker33 (small blind) folded before Flop
Seat 5: dreimis190 (big blind) folded before Flop
Seat 6: mattwut1 folded before Flop (didn't bet)



PokerStars Hand #254403417135:  Hold'em No Limit ($0.50/$1.00 USD) - 2025/01/16 20:11:25 WET [2025/01/16 15:11:25 ET]
Table 'Euryalos III' 6-max Seat #4 is the button
Seat 1: ImaPeppaPig ($131.94 in chips) 
Seat 2: Kristo 914 ($103.50 in chips) 
Seat 3: Sachee46 ($101.48 in chips) 
Seat 4: peak joker33 ($100 in chips) 
Seat 5: dreimis190 ($129.24 in chips) 
Seat 6: mattwut1 ($129.86 in chips) 
dreimis190: posts small blind $0.50
mattwut1: posts big blind $1
*** HOLE CARDS ***
ImaPeppaPig: folds 
Kristo 914: folds 
Sachee46: raises $2 to $3
peak joker33: folds 
dreimis190: folds 
mattwut1: calls $2
*** FLOP *** [Th Qh 9h]
mattwut1: checks 
Sachee46: bets $1.85
mattwut1: calls $1.85
*** TURN *** [Th Qh 9h] [4d]
mattwut1: checks 
Sachee46: bets $7.32
mattwut1: folds 
Uncalled bet ($7.32) returned to Sachee46
Sachee46 collected $9.69 from pot
Sachee46: doesn't show hand 
*** SUMMARY ***
Total pot $10.20 | Rake $0.51 
Board [Th Qh 9h 4d]
Seat 1: ImaPeppaPig folded before Flop (didn't bet)
Seat 2: Kristo 914 folded before Flop (didn't bet)
Seat 3: Sachee46 collected ($9.69)
Seat 4: peak joker33 (button) folded before Flop (didn't bet)
Seat 5: dreimis190 (small blind) folded before Flop
Seat 6: mattwut1 (big blind) folded on the Turn



PokerStars Hand #254403436712:  Hold'em No Limit ($0.50/$1.00 USD) - 2025/01/16 20:12:27 WET [2025/01/16 15:12:27 ET]
Table 'Euryalos III' 6-max Seat #5 is the button
Seat 1: ImaPeppaPig ($131.94 in chips) 
Seat 2: Kristo 914 ($103.50 in chips) 
Seat 3: Sachee46 ($106.32 in chips) 
Seat 4: peak joker33 ($100 in chips) 
Seat 5: dreimis190 ($128.74 in chips) 
Seat 6: mattwut1 ($125.01 in chips) 
mattwut1: posts small blind $0.50
ImaPeppaPig: posts big blind $1
*** HOLE CARDS ***
Kristo 914: folds 
Sachee46: folds 
peak joker33: folds 
dreimis190: folds 
mattwut1: folds 
Uncalled bet ($0.50) returned to ImaPeppaPig
ImaPeppaPig collected $1 from pot
ImaPeppaPig: doesn't show hand 
*** SUMMARY ***
Total pot $1 | Rake $0 
Seat 1: ImaPeppaPig (big blind) collected ($1)
Seat 2: Kristo 914 folded before Flop (didn't bet)
Seat 3: Sachee46 folded before Flop (didn't bet)
Seat 4: peak joker33 folded before Flop (didn't bet)
Seat 5: dreimis190 (button) folded before Flop (didn't bet)
Seat 6: mattwut1 (small blind) folded before Flop



PokerStars Hand #254403446360:  Hold'em No Limit ($0.50/$1.00 USD) - 2025/01/16 20:12:58 WET [2025/01/16 15:12:58 ET]
Table 'Euryalos III' 6-max Seat #6 is the button
Seat 1: ImaPeppaPig ($132.44 in chips) 
Seat 2: Kristo 914 ($103.50 in chips) 
Seat 3: Sachee46 ($106.32 in chips) 
Seat 4: peak joker33 ($100 in chips) 
Seat 5: dreimis190 ($128.74 in chips) 
Seat 6: mattwut1 ($124.51 in chips) 
ImaPeppaPig: posts small blind $0.50
Kristo 914: posts big blind $1
*** HOLE CARDS ***
Sachee46: folds 
peak joker33: raises $1.50 to $2.50
dreimis190: folds 
mattwut1: folds 
ImaPeppaPig: folds 
Kristo 914: calls $1.50
*** FLOP *** [9s 9h 3d]
Kristo 914: checks 
peak joker33: bets $1.72
Kristo 914: folds 
Uncalled bet ($1.72) returned to peak joker33
peak joker33 collected $5.22 from pot
peak joker33: doesn't show hand 
*** SUMMARY ***
Total pot $5.50 | Rake $0.28 
Board [9s 9h 3d]
Seat 1: ImaPeppaPig (small blind) folded before Flop
Seat 2: Kristo 914 (big blind) folded on the Flop
Seat 3: Sachee46 folded before Flop (didn't bet)
Seat 4: peak joker33 collected ($5.22)
Seat 5: dreimis190 folded before Flop (didn't bet)
Seat 6: mattwut1 (button) folded before Flop (didn't bet)



PokerStars Hand #254403611774:  Hold'em No Limit ($0.50/$1.00 USD) - 2025/01/16 20:21:45 WET [2025/01/16 15:21:45 ET]
Table 'Euryalos III' 6-max Seat #1 is the button
Seat 4: peak joker33 ($139.64 in chips) is sitting out
Seat 1: ImaPeppaPig ($172.71 in chips) 
Seat 2: YeeesMan ($104.71 in chips) 
Seat 3: Sachee46 ($104.47 in chips) 
Seat 5: michasia ($100 in chips) 
Seat 6: mattwut1 ($101.50 in chips) 
YeeesMan: posts small blind $0.50
Sachee46: posts big blind $1
*** HOLE CARDS ***
michasia: folds 
mattwut1: folds 
ImaPeppaPig: folds 
YeeesMan: raises $2 to $3
Sachee46: folds 
Uncalled bet ($2) returned to YeeesMan
YeeesMan collected $2 from pot
YeeesMan: doesn't show hand 
*** SUMMARY ***
Total pot $2 | Rake $0 
Seat 4: peak joker33
Seat 1: ImaPeppaPig (button) folded before Flop (didn't bet)
Seat 2: YeeesMan (small blind) collected ($2)
Seat 3: Sachee46 (big blind) folded before Flop
Seat 5: michasia folded before Flop (didn't bet)
Seat 6: mattwut1 folded before Flop (didn't bet)



PokerStars Hand #254403617515:  Hold'em No Limit ($0.50/$1.00 USD) - 2025/01/16 20:22:04 WET [2025/01/16 15:22:04 ET]
Table 'Euryalos III' 6-max Seat #2 is the button
Seat 4: peak joker33 ($139.64 in chips) is sitting out
Seat 1: ImaPeppaPig ($172.71 in chips) 
Seat 2: YeeesMan ($105.71 in chips) 
Seat 3: Sachee46 ($103.47 in chips) 
Seat 5: michasia ($100 in chips) 
Seat 6: mattwut1 ($101.50 in chips) 
Sachee46: posts small blind $0.50
michasia: posts big blind $1
*** HOLE CARDS ***
mattwut1: folds 
ImaPeppaPig: folds 
YeeesMan: folds 
Sachee46: folds 
Uncalled bet ($0.50) returned to michasia
michasia collected $1 from pot
michasia: doesn't show hand 
*** SUMMARY ***
Total pot $1 | Rake $0 
Seat 4: peak joker33
Seat 1: ImaPeppaPig folded before Flop (didn't bet)
Seat 2: YeeesMan (button) folded before Flop (didn't bet)
Seat 3: Sachee46 (small blind) folded before Flop
Seat 5: michasia (big blind) collected ($1)
Seat 6: mattwut1 folded before Flop (didn't bet)



PokerStars Hand #254403621983:  Hold'em No Limit ($0.50/$1.00 USD) - 2025/01/16 20:22:18 WET [2025/01/16 15:22:18 ET]
Table 'Euryalos III' 6-max Seat #3 is the button
Seat 4: peak joker33 ($139.64 in chips) is sitting out
Seat 1: ImaPeppaPig ($172.71 in chips) 
Seat 2: YeeesMan ($105.71 in chips) 
Seat 3: Sachee46 ($102.97 in chips) 
Seat 5: michasia ($100.50 in chips) 
Seat 6: mattwut1 ($101.50 in chips) 
michasia: posts small blind $0.50
mattwut1: posts big blind $1
*** HOLE CARDS ***
ImaPeppaPig: folds 
YeeesMan: folds 
Sachee46: folds 
michasia: raises $2 to $3
mattwut1: raises $6 to $9
michasia: folds 
Uncalled bet ($6) returned to mattwut1
mattwut1 collected $6 from pot
mattwut1: doesn't show hand 
*** SUMMARY ***
Total pot $6 | Rake $0 
Seat 4: peak joker33
Seat 1: ImaPeppaPig folded before Flop (didn't bet)
Seat 2: YeeesMan folded before Flop (didn't bet)
Seat 3: Sachee46 (button) folded before Flop (didn't bet)
Seat 5: michasia (small blind) folded before Flop
Seat 6: mattwut1 (big blind) collected ($6)



PokerStars Hand #254403633051:  Hold'em No Limit ($0.50/$1.00 USD) - 2025/01/16 20:22:54 WET [2025/01/16 15:22:54 ET]
Table 'Euryalos III' 6-max Seat #5 is the button
Seat 4: peak joker33 ($139.64 in chips) is sitting out
Seat 1: ImaPeppaPig ($172.71 in chips) 
Seat 2: YeeesMan ($105.71 in chips) 
Seat 3: Sachee46 ($102.97 in chips) 
Seat 5: michasia ($100 in chips) 
Seat 6: mattwut1 ($104.50 in chips) 
mattwut1: posts small blind $0.50
ImaPeppaPig: posts big blind $1
*** HOLE CARDS ***
YeeesMan: folds 
Sachee46: raises $1 to $2
michasia: folds 
mattwut1: folds 
ImaPeppaPig: folds 
Uncalled bet ($1) returned to Sachee46
Sachee46 collected $2.50 from pot
Sachee46: doesn't show hand 
*** SUMMARY ***
Total pot $2.50 | Rake $0 
Seat 4: peak joker33
Seat 1: ImaPeppaPig (big blind) folded before Flop
Seat 2: YeeesMan folded before Flop (didn't bet)
Seat 3: Sachee46 collected ($2.50)
Seat 5: michasia (button) folded before Flop (didn't bet)
Seat 6: mattwut1 (small blind) folded before Flop



PokerStars Hand #254403637171:  Hold'em No Limit ($0.50/$1.00 USD) - 2025/01/16 20:23:07 WET [2025/01/16 15:23:07 ET]
Table 'Euryalos III' 6-max Seat #6 is the button
Seat 4: peak joker33 ($139.64 in chips) is sitting out
Seat 1: ImaPeppaPig ($171.71 in chips) 
Seat 2: YeeesMan ($105.71 in chips) 
Seat 3: Sachee46 ($104.47 in chips) 
Seat 5: michasia ($100 in chips) 
Seat 6: mattwut1 ($104 in chips) 
ImaPeppaPig: posts small blind $0.50
YeeesMan: posts big blind $1
*** HOLE CARDS ***
Sachee46: folds 
michasia: folds 
mattwut1: folds 
ImaPeppaPig: raises $2 to $3
YeeesMan: folds 
Uncalled bet ($2) returned to ImaPeppaPig
ImaPeppaPig collected $2 from pot
ImaPeppaPig: doesn't show hand 
*** SUMMARY ***
Total pot $2 | Rake $0 
Seat 4: peak joker33
Seat 1: ImaPeppaPig (small blind) collected ($2)
Seat 2: YeeesMan (big blind) folded before Flop
Seat 3: Sachee46 folded before Flop (didn't bet)
Seat 5: michasia folded before Flop (didn't bet)
Seat 6: mattwut1 (button) folded before Flop (didn't bet)



PokerStars Hand #254403641242:  Hold'em No Limit ($0.50/$1.00 USD) - 2025/01/16 20:23:20 WET [2025/01/16 15:23:20 ET]
Table 'Euryalos III' 6-max Seat #1 is the button
Seat 4: peak joker33 ($139.64 in chips) is sitting out
Seat 1: ImaPeppaPig ($172.71 in chips) 
Seat 2: YeeesMan ($104.71 in chips) 
Seat 3: Sachee46 ($104.47 in chips) 
Seat 5: michasia ($100 in chips) 
Seat 6: mattwut1 ($104 in chips) 
YeeesMan: posts small blind $0.50
Sachee46: posts big blind $1
*** HOLE CARDS ***
michasia: raises $1.60 to $2.60
mattwut1: folds 
ImaPeppaPig: folds 
YeeesMan: folds 
Sachee46: calls $1.60
*** FLOP *** [6d 8d Js]
Sachee46: bets $1.85
michasia: raises $3.70 to $5.55
Sachee46: calls $3.70
*** TURN *** [6d 8d Js] [Kh]
Sachee46: bets $9.15
michasia: folds 
Uncalled bet ($9.15) returned to Sachee46
Sachee46 collected $15.96 from pot
Sachee46: doesn't show hand 
*** SUMMARY ***
Total pot $16.80 | Rake $0.84 
Board [6d 8d Js Kh]
Seat 4: peak joker33
Seat 1: ImaPeppaPig (button) folded before Flop (didn't bet)
Seat 2: YeeesMan (small blind) folded before Flop
Seat 3: Sachee46 (big blind) collected ($15.96)
Seat 5: michasia folded on the Turn
Seat 6: mattwut1 folded before Flop (didn't bet)



PokerStars Hand #254403658336:  Hold'em No Limit ($0.50/$1.00 USD) - 2025/01/16 20:24:16 WET [2025/01/16 15:24:16 ET]
Table 'Euryalos III' 6-max Seat #2 is the button
Seat 1: ImaPeppaPig ($172.71 in chips) 
Seat 2: YeeesMan ($104.21 in chips) 
Seat 3: Sachee46 ($112.28 in chips) 
Seat 4: peak joker33 ($139.64 in chips) 
Seat 5: michasia ($100 in chips) 
Seat 6: mattwut1 ($104 in chips) 
Sachee46: posts small blind $0.50
peak joker33: posts big blind $1
*** HOLE CARDS ***
michasia: folds 
mattwut1: folds 
ImaPeppaPig: folds 
YeeesMan: raises $1.50 to $2.50
Sachee46: folds 
peak joker33: calls $1.50
*** FLOP *** [5d 3h 2h]
peak joker33: checks 
YeeesMan: checks 
*** TURN *** [5d 3h 2h] [5h]
peak joker33: checks 
YeeesMan: checks 
*** RIVER *** [5d 3h 2h 5h] [3d]
peak joker33: checks 
YeeesMan: bets $7.83
peak joker33: calls $7.83
*** SHOW DOWN ***
YeeesMan: shows [3s Ks] (a full house, Threes full of Fives)
peak joker33: mucks hand 
YeeesMan collected $20.10 from pot
*** SUMMARY ***
Total pot $21.16 | Rake $1.06 
Board [5d 3h 2h 5h 3d]
Seat 1: ImaPeppaPig folded before Flop (didn't bet)
Seat 2: YeeesMan (button) showed [3s Ks] and won ($20.10) with a full house, Threes full of Fives
Seat 3: Sachee46 (small blind) folded before Flop
Seat 4: peak joker33 (big blind) mucked
Seat 5: michasia folded before Flop (didn't bet)
Seat 6: mattwut1 folded before Flop (didn't bet)



PokerStars Hand #254403687890:  Hold'em No Limit ($0.50/$1.00 USD) - 2025/01/16 20:25:51 WET [2025/01/16 15:25:51 ET]
Table 'Euryalos III' 6-max Seat #3 is the button
Seat 1: ImaPeppaPig ($172.71 in chips) 
Seat 2: YeeesMan ($113.98 in chips) 
Seat 3: Sachee46 ($111.78 in chips) 
Seat 4: peak joker33 ($129.31 in chips) 
Seat 5: michasia ($100 in chips) 
Seat 6: mattwut1 ($104 in chips) 
peak joker33: posts small blind $0.50
michasia: posts big blind $1
*** HOLE CARDS ***
mattwut1: raises $1.20 to $2.20
ImaPeppaPig: folds 
YeeesMan: folds 
Sachee46: folds 
peak joker33: folds 
michasia: folds 
Uncalled bet ($1.20) returned to mattwut1
mattwut1 collected $2.50 from pot
mattwut1: doesn't show hand 
*** SUMMARY ***
Total pot $2.50 | Rake $0 
Seat 1: ImaPeppaPig folded before Flop (didn't bet)
Seat 2: YeeesMan folded before Flop (didn't bet)
Seat 3: Sachee46 (button) folded before Flop (didn't bet)
Seat 4: peak joker33 (small blind) folded before Flop
Seat 5: michasia (big blind) folded before Flop
Seat 6: mattwut1 collected ($2.50)



PokerStars Hand #254403692962:  Hold'em No Limit ($0.50/$1.00 USD) - 2025/01/16 20:26:08 WET [2025/01/16 15:26:08 ET]
Table 'Euryalos III' 6-max Seat #4 is the button
Seat 1: ImaPeppaPig ($172.71 in chips) 
Seat 2: YeeesMan ($113.98 in chips) 
Seat 3: Sachee46 ($111.78 in chips) 
Seat 4: peak joker33 ($128.81 in chips) 
Seat 5: michasia ($100 in chips) 
Seat 6: mattwut1 ($105.50 in chips) 
michasia: posts small blind $0.50
mattwut1: posts big blind $1
*** HOLE CARDS ***
ImaPeppaPig: folds 
YeeesMan: folds 
Sachee46: folds 
peak joker33: folds 
michasia: folds 
Uncalled bet ($0.50) returned to mattwut1
mattwut1 collected $1 from pot
mattwut1: doesn't show hand 
*** SUMMARY ***
Total pot $1 | Rake $0 
Seat 1: ImaPeppaPig folded before Flop (didn't bet)
Seat 2: YeeesMan folded before Flop (didn't bet)
Seat 3: Sachee46 folded before Flop (didn't bet)
Seat 4: peak joker33 (button) folded before Flop (didn't bet)
Seat 5: michasia (small blind) folded before Flop
Seat 6: mattwut1 (big blind) collected ($1)



PokerStars Hand #254403696739:  Hold'em No Limit ($0.50/$1.00 USD) - 2025/01/16 20:26:20 WET [2025/01/16 15:26:20 ET]
Table 'Euryalos III' 6-max Seat #5 is the button
Seat 1: ImaPeppaPig ($172.71 in chips) 
Seat 2: YeeesMan ($113.98 in chips) 
Seat 3: Sachee46 ($111.78 in chips) 
Seat 4: peak joker33 ($128.81 in chips) 
Seat 5: michasia ($100 in chips) 
Seat 6: mattwut1 ($106 in chips) 
mattwut1: posts small blind $0.50
ImaPeppaPig: posts big blind $1
*** HOLE CARDS ***
YeeesMan: raises $1.50 to $2.50
Sachee46: folds 
peak joker33: folds 
michasia: folds 
mattwut1: raises $8.50 to $11
ImaPeppaPig: folds 
YeeesMan: calls $8.50
*** FLOP *** [Jc Td Jd]
mattwut1: bets $7.21
YeeesMan: raises $14.42 to $21.63
mattwut1: calls $14.42
*** TURN *** [Jc Td Jd] [Ks]
mattwut1: checks 
YeeesMan: checks 
*** RIVER *** [Jc Td Jd Ks] [6h]
mattwut1: checks 
YeeesMan: checks 
*** SHOW DOWN ***
mattwut1: shows [Ac As] (two pair, Aces and Jacks)
YeeesMan: mucks hand 
mattwut1 collected $63.76 from pot
*** SUMMARY ***
Total pot $66.26 | Rake $2.50 
Board [Jc Td Jd Ks 6h]
Seat 1: ImaPeppaPig (big blind) folded before Flop
Seat 2: YeeesMan mucked
Seat 3: Sachee46 folded before Flop (didn't bet)
Seat 4: peak joker33 folded before Flop (didn't bet)
Seat 5: michasia (button) folded before Flop (didn't bet)
Seat 6: mattwut1 (small blind) showed [Ac As] and won ($63.76) with two pair, Aces and Jacks



PokerStars Hand #254403727378:  Hold'em No Limit ($0.50/$1.00 USD) - 2025/01/16 20:27:59 WET [2025/01/16 15:27:59 ET]
Table 'Euryalos III' 6-max Seat #6 is the button
Seat 1: ImaPeppaPig ($171.71 in chips) 
Seat 2: YeeesMan ($100 in chips) 
Seat 3: Sachee46 ($111.78 in chips) 
Seat 4: peak joker33 ($128.81 in chips) 
Seat 5: michasia ($100 in chips) 
Seat 6: mattwut1 ($137.13 in chips) 
ImaPeppaPig: posts small blind $0.50
YeeesMan: posts big blind $1
*** HOLE CARDS ***
Sachee46: folds 
peak joker33: folds 
michasia: folds 
mattwut1: folds 
ImaPeppaPig: raises $2 to $3
YeeesMan: calls $2
*** FLOP *** [Kd Jh 2s]
ImaPeppaPig: bets $1.77
YeeesMan: calls $1.77
*** TURN *** [Kd Jh 2s] [6d]
ImaPeppaPig: checks 
YeeesMan: checks 
*** RIVER *** [Kd Jh 2s 6d] [Ah]
ImaPeppaPig: checks 
YeeesMan: bets $6.79
ImaPeppaPig: folds 
Uncalled bet ($6.79) returned to YeeesMan
YeeesMan collected $9.06 from pot
YeeesMan: doesn't show hand 
*** SUMMARY ***
Total pot $9.54 | Rake $0.48 
Board [Kd Jh 2s 6d Ah]
Seat 1: ImaPeppaPig (small blind) folded on the River
Seat 2: YeeesMan (big blind) collected ($9.06)
Seat 3: Sachee46 folded before Flop (didn't bet)
Seat 4: peak joker33 folded before Flop (didn't bet)
Seat 5: michasia folded before Flop (didn't bet)
Seat 6: mattwut1 (button) folded before Flop (didn't bet)



PokerStars Hand #254403749965:  Hold'em No Limit ($0.50/$1.00 USD) - 2025/01/16 20:29:13 WET [2025/01/16 15:29:13 ET]
Table 'Euryalos III' 6-max Seat #1 is the button
Seat 1: ImaPeppaPig ($166.94 in chips) 
Seat 2: YeeesMan ($104.29 in chips) 
Seat 3: Sachee46 ($111.78 in chips) 
Seat 4: peak joker33 ($128.81 in chips) 
Seat 5: michasia ($100 in chips) 
Seat 6: mattwut1 ($137.13 in chips) 
YeeesMan: posts small blind $0.50
Sachee46: posts big blind $1
*** HOLE CARDS ***
peak joker33: folds 
michasia: folds 
mattwut1: folds 
ImaPeppaPig: folds 
YeeesMan: folds 
Uncalled bet ($0.50) returned to Sachee46
Sachee46 collected $1 from pot
Sachee46: doesn't show hand 
*** SUMMARY ***
Total pot $1 | Rake $0 
Seat 1: ImaPeppaPig (button) folded before Flop (didn't bet)
Seat 2: YeeesMan (small blind) folded before Flop
Seat 3: Sachee46 (big blind) collected ($1)
Seat 4: peak joker33 folded before Flop (didn't bet)
Seat 5: michasia folded before Flop (didn't bet)
Seat 6: mattwut1 folded before Flop (didn't bet)



PokerStars Hand #254403754940:  Hold'em No Limit ($0.50/$1.00 USD) - 2025/01/16 20:29:30 WET [2025/01/16 15:29:30 ET]
Table 'Euryalos III' 6-max Seat #2 is the button
Seat 1: ImaPeppaPig ($166.94 in chips) 
Seat 2: YeeesMan ($103.79 in chips) 
Seat 3: Sachee46 ($112.28 in chips) 
Seat 4: peak joker33 ($128.81 in chips) 
Seat 5: michasia ($100 in chips) 
Seat 6: mattwut1 ($137.13 in chips) 
Sachee46: posts small blind $0.50
peak joker33: posts big blind $1
*** HOLE CARDS ***
michasia: folds 
mattwut1: folds 
ImaPeppaPig: folds 
YeeesMan: folds 
Sachee46: folds 
Uncalled bet ($0.50) returned to peak joker33
peak joker33 collected $1 from pot
peak joker33: doesn't show hand 
*** SUMMARY ***
Total pot $1 | Rake $0 
Seat 1: ImaPeppaPig folded before Flop (didn't bet)
Seat 2: YeeesMan (button) folded before Flop (didn't bet)
Seat 3: Sachee46 (small blind) folded before Flop
Seat 4: peak joker33 (big blind) collected ($1)
Seat 5: michasia folded before Flop (didn't bet)
Seat 6: mattwut1 folded before Flop (didn't bet)



PokerStars Hand #254403759266:  Hold'em No Limit ($0.50/$1.00 USD) - 2025/01/16 20:29:44 WET [2025/01/16 15:29:44 ET]
Table 'Euryalos III' 6-max Seat #3 is the button
Seat 1: ImaPeppaPig ($166.94 in chips) 
Seat 2: YeeesMan ($103.79 in chips) 
Seat 3: Sachee46 ($111.78 in chips) 
Seat 4: peak joker33 ($129.31 in chips) 
Seat 5: michasia ($100 in chips) 
Seat 6: mattwut1 ($137.13 in chips) 
peak joker33: posts small blind $0.50
michasia: posts big blind $1
*** HOLE CARDS ***
mattwut1: raises $1.20 to $2.20
ImaPeppaPig: folds 
YeeesMan: folds 
Sachee46: folds 
peak joker33: folds 
michasia: folds 
Uncalled bet ($1.20) returned to mattwut1
mattwut1 collected $2.50 from pot
mattwut1: doesn't show hand 
*** SUMMARY ***
Total pot $2.50 | Rake $0 
Seat 1: ImaPeppaPig folded before Flop (didn't bet)
Seat 2: YeeesMan folded before Flop (didn't bet)
Seat 3: Sachee46 (button) folded before Flop (didn't bet)
Seat 4: peak joker33 (small blind) folded before Flop
Seat 5: michasia (big blind) folded before Flop
Seat 6: mattwut1 collected ($2.50)



PokerStars Hand #254403765032:  Hold'em No Limit ($0.50/$1.00 USD) - 2025/01/16 20:30:03 WET [2025/01/16 15:30:03 ET]
Table 'Euryalos III' 6-max Seat #4 is the button
Seat 1: ImaPeppaPig ($166.94 in chips) 
Seat 2: YeeesMan ($103.79 in chips) 
Seat 3: Sachee46 ($111.78 in chips) 
Seat 4: peak joker33 ($128.81 in chips) 
Seat 5: michasia ($100 in chips) 
Seat 6: mattwut1 ($138.63 in chips) 
michasia: posts small blind $0.50
mattwut1: posts big blind $1
*** HOLE CARDS ***
ImaPeppaPig: folds 
YeeesMan: folds 
Sachee46: folds 
peak joker33: folds 
michasia: folds 
Uncalled bet ($0.50) returned to mattwut1
mattwut1 collected $1 from pot
mattwut1: doesn't show hand 
*** SUMMARY ***
Total pot $1 | Rake $0 
Seat 1: ImaPeppaPig folded before Flop (didn't bet)
Seat 2: YeeesMan folded before Flop (didn't bet)
Seat 3: Sachee46 folded before Flop (didn't bet)
Seat 4: peak joker33 (button) folded before Flop (didn't bet)
Seat 5: michasia (small blind) folded before Flop
Seat 6: mattwut1 (big blind) collected ($1)



PokerStars Hand #254403767890:  Hold'em No Limit ($0.50/$1.00 USD) - 2025/01/16 20:30:12 WET [2025/01/16 15:30:12 ET]
Table 'Euryalos III' 6-max Seat #5 is the button
Seat 1: ImaPeppaPig ($166.94 in chips) 
Seat 2: YeeesMan ($103.79 in chips) 
Seat 3: Sachee46 ($111.78 in chips) 
Seat 4: peak joker33 ($128.81 in chips) 
Seat 5: michasia ($100 in chips) 
Seat 6: mattwut1 ($139.13 in chips) 
mattwut1: posts small blind $0.50
ImaPeppaPig: posts big blind $1
*** HOLE CARDS ***
YeeesMan: folds 
Sachee46: raises $2 to $3
peak joker33: folds 
michasia: folds 
mattwut1: raises $9 to $12
ImaPeppaPig: folds 
Sachee46: calls $9
*** FLOP *** [Ad 9h 4d]
mattwut1: bets $12
Sachee46: calls $12
*** TURN *** [Ad 9h 4d] [7h]
mattwut1: bets $35
Sachee46: calls $35
*** RIVER *** [Ad 9h 4d 7h] [3c]
mattwut1: bets $80.13 and is all-in
Sachee46: calls $52.78 and is all-in
Uncalled bet ($27.35) returned to mattwut1
*** SHOW DOWN ***
mattwut1: shows [Jh Th] (high card Ace)
Sachee46: shows [Ac Jc] (a pair of Aces)
Sachee46 collected $222.06 from pot
*** SUMMARY ***
Total pot $224.56 | Rake $2.50 
Board [Ad 9h 4d 7h 3c]
Seat 1: ImaPeppaPig (big blind) folded before Flop
Seat 2: YeeesMan folded before Flop (didn't bet)
Seat 3: Sachee46 showed [Ac Jc] and won ($222.06) with a pair of Aces
Seat 4: peak joker33 folded before Flop (didn't bet)
Seat 5: michasia (button) folded before Flop (didn't bet)
Seat 6: mattwut1 (small blind) showed [Jh Th] and lost with high card Ace



PokerStars Hand #254403804001:  Hold'em No Limit ($0.50/$1.00 USD) - 2025/01/16 20:32:09 WET [2025/01/16 15:32:09 ET]
Table 'Euryalos III' 6-max Seat #6 is the button
Seat 1: ImaPeppaPig ($165.94 in chips) 
Seat 2: YeeesMan ($103.79 in chips) 
Seat 3: Sachee46 ($222.06 in chips) 
Seat 4: peak joker33 ($128.81 in chips) 
Seat 5: michasia ($100 in chips) 
Seat 6: mattwut1 ($100 in chips) 
ImaPeppaPig: posts small blind $0.50
YeeesMan: posts big blind $1
*** HOLE CARDS ***
Sachee46: raises $2 to $3
peak joker33: folds 
michasia: folds 
mattwut1: folds 
ImaPeppaPig: folds 
YeeesMan: folds 
Uncalled bet ($2) returned to Sachee46
Sachee46 collected $2.50 from pot
Sachee46: doesn't show hand 
*** SUMMARY ***
Total pot $2.50 | Rake $0 
Seat 1: ImaPeppaPig (small blind) folded before Flop
Seat 2: YeeesMan (big blind) folded before Flop
Seat 3: Sachee46 collected ($2.50)
Seat 4: peak joker33 folded before Flop (didn't bet)
Seat 5: michasia folded before Flop (didn't bet)
Seat 6: mattwut1 (button) folded before Flop (didn't bet)



PokerStars Hand #254403810778:  Hold'em No Limit ($0.50/$1.00 USD) - 2025/01/16 20:32:31 WET [2025/01/16 15:32:31 ET]
Table 'Euryalos III' 6-max Seat #1 is the button
Seat 1: ImaPeppaPig ($165.44 in chips) 
Seat 2: YeeesMan ($102.79 in chips) 
Seat 3: Sachee46 ($223.56 in chips) 
Seat 4: peak joker33 ($128.81 in chips) 
Seat 5: michasia ($100 in chips) 
Seat 6: mattwut1 ($100 in chips) 
YeeesMan: posts small blind $0.50
Sachee46: posts big blind $1
*** HOLE CARDS ***
peak joker33: folds 
michasia: folds 
mattwut1: folds 
ImaPeppaPig: folds 
YeeesMan: folds 
Uncalled bet ($0.50) returned to Sachee46
Sachee46 collected $1 from pot
Sachee46: doesn't show hand 
*** SUMMARY ***
Total pot $1 | Rake $0 
Seat 1: ImaPeppaPig (button) folded before Flop (didn't bet)
Seat 2: YeeesMan (small blind) folded before Flop
Seat 3: Sachee46 (big blind) collected ($1)
Seat 4: peak joker33 folded before Flop (didn't bet)
Seat 5: michasia folded before Flop (didn't bet)
Seat 6: mattwut1 folded before Flop (didn't bet)



PokerStars Hand #254403815968:  Hold'em No Limit ($0.50/$1.00 USD) - 2025/01/16 20:32:48 WET [2025/01/16 15:32:48 ET]
Table 'Euryalos III' 6-max Seat #2 is the button
Seat 1: ImaPeppaPig ($165.44 in chips) 
Seat 2: YeeesMan ($102.29 in chips) 
Seat 3: Sachee46 ($224.06 in chips) 
Seat 4: peak joker33 ($128.81 in chips) 
Seat 5: michasia ($100 in chips) 
Seat 6: mattwut1 ($100 in chips) 
Sachee46: posts small blind $0.50
peak joker33: posts big blind $1
*** HOLE CARDS ***
michasia: folds 
mattwut1: raises $1.20 to $2.20
ImaPeppaPig: raises $4.80 to $7
YeeesMan: folds 
Sachee46: folds 
peak joker33: folds 
mattwut1: folds 
Uncalled bet ($4.80) returned to ImaPeppaPig
ImaPeppaPig collected $5.90 from pot
ImaPeppaPig: doesn't show hand 
*** SUMMARY ***
Total pot $5.90 | Rake $0 
Seat 1: ImaPeppaPig collected ($5.90)
Seat 2: YeeesMan (button) folded before Flop (didn't bet)
Seat 3: Sachee46 (small blind) folded before Flop
Seat 4: peak joker33 (big blind) folded before Flop
Seat 5: michasia folded before Flop (didn't bet)
Seat 6: mattwut1 folded before Flop



PokerStars Hand #254403823400:  Hold'em No Limit ($0.50/$1.00 USD) - 2025/01/16 20:33:13 WET [2025/01/16 15:33:13 ET]
Table 'Euryalos III' 6-max Seat #3 is the button
Seat 1: ImaPeppaPig ($169.14 in chips) 
Seat 2: YeeesMan ($102.29 in chips) 
Seat 3: Sachee46 ($223.56 in chips) 
Seat 4: peak joker33 ($127.81 in chips) 
Seat 5: michasia ($100 in chips) 
Seat 6: mattwut1 ($100 in chips) 
peak joker33: posts small blind $0.50
michasia: posts big blind $1
*** HOLE CARDS ***
mattwut1: folds 
ImaPeppaPig: raises $1.50 to $2.50
YeeesMan: folds 
Sachee46: calls $2.50
peak joker33: folds 
michasia: calls $1.50
*** FLOP *** [6c 4c 5s]
michasia: checks 
ImaPeppaPig: checks 
Sachee46: checks 
*** TURN *** [6c 4c 5s] [2s]
michasia: bets $5.07
ImaPeppaPig: calls $5.07
Sachee46: calls $5.07
*** RIVER *** [6c 4c 5s 2s] [Ac]
michasia: bets $92.43 and is all-in
ImaPeppaPig: folds 
Sachee46: folds 
Uncalled bet ($92.43) returned to michasia
michasia collected $22.05 from pot
michasia: doesn't show hand 
*** SUMMARY ***
Total pot $23.21 | Rake $1.16 
Board [6c 4c 5s 2s Ac]
Seat 1: ImaPeppaPig folded on the River
Seat 2: YeeesMan folded before Flop (didn't bet)
Seat 3: Sachee46 (button) folded on the River
Seat 4: peak joker33 (small blind) folded before Flop
Seat 5: michasia (big blind) collected ($22.05)
Seat 6: mattwut1 folded before Flop (didn't bet)



PokerStars Hand #254403842858:  Hold'em No Limit ($0.50/$1.00 USD) - 2025/01/16 20:34:16 WET [2025/01/16 15:34:16 ET]
Table 'Euryalos III' 6-max Seat #4 is the button
Seat 6: mattwut1 ($100 in chips) is sitting out
Seat 1: ImaPeppaPig ($161.57 in chips) 
Seat 2: YeeesMan ($102.29 in chips) 
Seat 3: Sachee46 ($215.99 in chips) 
Seat 4: peak joker33 ($127.31 in chips) 
Seat 5: michasia ($114.48 in chips) 
michasia: posts small blind $0.50
mattwut1: is sitting out 
ImaPeppaPig: posts big blind $1
*** HOLE CARDS ***
YeeesMan: folds 
Sachee46: folds 
peak joker33: raises $1.50 to $2.50
michasia: folds 
ImaPeppaPig: folds 
Uncalled bet ($1.50) returned to peak joker33
peak joker33 collected $2.50 from pot
peak joker33: doesn't show hand 
*** SUMMARY ***
Total pot $2.50 | Rake $0 
Seat 6: mattwut1
Seat 1: ImaPeppaPig (big blind) folded before Flop
Seat 2: YeeesMan folded before Flop (didn't bet)
Seat 3: Sachee46 folded before Flop (didn't bet)
Seat 4: peak joker33 (button) collected ($2.50)
Seat 5: michasia (small blind) folded before Flop



PokerStars Hand #254403848722:  Hold'em No Limit ($0.50/$1.00 USD) - 2025/01/16 20:34:35 WET [2025/01/16 15:34:35 ET]
Table 'Euryalos III' 6-max Seat #5 is the button
Seat 2: YeeesMan ($102.29 in chips) is sitting out
Seat 3: Sachee46 ($215.99 in chips) is sitting out
Seat 6: mattwut1 ($100 in chips) is sitting out
Seat 1: ImaPeppaPig ($160.57 in chips) 
Seat 4: peak joker33 ($128.81 in chips) 
Seat 5: michasia ($113.98 in chips) 
ImaPeppaPig: posts small blind $0.50
YeeesMan: is sitting out 
Sachee46: is sitting out 
peak joker33: posts big blind $1
*** HOLE CARDS ***
michasia: raises $1.80 to $2.80
YeeesMan leaves the table
ImaPeppaPig: folds 
Sachee46 leaves the table
peak joker33: calls $1.80
*** FLOP *** [9h 2h 6c]
peak joker33: checks 
michasia: bets $1.91
mattwut1 leaves the table
peak joker33: raises $7.22 to $9.13
michasia: raises $18.26 to $27.39
peak joker33: folds 
Uncalled bet ($18.26) returned to michasia
michasia collected $23.36 from pot
michasia: doesn't show hand 
*** SUMMARY ***
Total pot $24.36 | Rake $1 
Board [9h 2h 6c]
Seat 2: YeeesMan
Seat 3: Sachee46
Seat 6: mattwut1
Seat 1: ImaPeppaPig (small blind) folded before Flop
Seat 4: peak joker33 (big blind) folded on the Flop
Seat 5: michasia (button) collected ($23.36)



PokerStars Hand #254403868618:  Hold'em No Limit ($0.50/$1.00 USD) - 2025/01/16 20:35:40 WET [2025/01/16 15:35:40 ET]
Table 'Euryalos III' 6-max Seat #4 is the button
Seat 1: ImaPeppaPig ($160.07 in chips) 
Seat 4: peak joker33 ($116.88 in chips) 
peak joker33: posts small blind $0.50
ImaPeppaPig: posts big blind $1
*** HOLE CARDS ***
peak joker33: folds 
Uncalled bet ($0.50) returned to ImaPeppaPig
ImaPeppaPig collected $1 from pot
ImaPeppaPig: doesn't show hand 
*** SUMMARY ***
Total pot $1 | Rake $0 
Seat 1: ImaPeppaPig (big blind) collected ($1)
Seat 4: peak joker33 (button) (small blind) folded before Flop



PokerStars Hand #254403871138:  Hold'em No Limit ($0.50/$1.00 USD) - 2025/01/16 20:35:48 WET [2025/01/16 15:35:48 ET]
Table 'Euryalos III' 6-max Seat #1 is the button
Seat 1: ImaPeppaPig ($160.57 in chips) 
Seat 4: peak joker33 ($116.38 in chips) 
ImaPeppaPig: posts small blind $0.50
peak joker33: posts big blind $1
*** HOLE CARDS ***
ImaPeppaPig: raises $1.50 to $2.50
peak joker33: folds 
Uncalled bet ($1.50) returned to ImaPeppaPig
ImaPeppaPig collected $2 from pot
ImaPeppaPig: doesn't show hand 
*** SUMMARY ***
Total pot $2 | Rake $0 
Seat 1: ImaPeppaPig (button) (small blind) collected ($2)
Seat 4: peak joker33 (big blind) folded before Flop



PokerStars Hand #254403873654:  Hold'em No Limit ($0.50/$1.00 USD) - 2025/01/16 20:35:56 WET [2025/01/16 15:35:56 ET]
Table 'Euryalos III' 6-max Seat #4 is the button
Seat 1: ImaPeppaPig ($161.57 in chips) 
Seat 4: peak joker33 ($115.38 in chips) 
peak joker33: posts small blind $0.50
ImaPeppaPig: posts big blind $1
*** HOLE CARDS ***
peak joker33: raises $1.50 to $2.50
ImaPeppaPig: raises $9.50 to $12
peak joker33: folds 
Uncalled bet ($9.50) returned to ImaPeppaPig
ImaPeppaPig collected $5 from pot
ImaPeppaPig: doesn't show hand 
*** SUMMARY ***
Total pot $5 | Rake $0 
Seat 1: ImaPeppaPig (big blind) collected ($5)
Seat 4: peak joker33 (button) (small blind) folded before Flop



PokerStars Hand #254403877114:  Hold'em No Limit ($0.50/$1.00 USD) - 2025/01/16 20:36:08 WET [2025/01/16 15:36:08 ET]
Table 'Euryalos III' 6-max Seat #1 is the button
Seat 1: ImaPeppaPig ($164.07 in chips) 
Seat 4: peak joker33 ($112.88 in chips) 
ImaPeppaPig: posts small blind $0.50
peak joker33: posts big blind $1
*** HOLE CARDS ***
ImaPeppaPig: raises $1.50 to $2.50
peak joker33: folds 
Uncalled bet ($1.50) returned to ImaPeppaPig
ImaPeppaPig collected $2 from pot
ImaPeppaPig: doesn't show hand 
*** SUMMARY ***
Total pot $2 | Rake $0 
Seat 1: ImaPeppaPig (button) (small blind) collected ($2)
Seat 4: peak joker33 (big blind) folded before Flop



PokerStars Hand #254403880440:  Hold'em No Limit ($0.50/$1.00 USD) - 2025/01/16 20:36:19 WET [2025/01/16 15:36:19 ET]
Table 'Euryalos III' 6-max Seat #4 is the button
Seat 1: ImaPeppaPig ($165.07 in chips) 
Seat 4: peak joker33 ($111.88 in chips) 
peak joker33: posts small blind $0.50
ImaPeppaPig: posts big blind $1
*** HOLE CARDS ***
peak joker33: raises $1.50 to $2.50
ImaPeppaPig: folds 
Uncalled bet ($1.50) returned to peak joker33
peak joker33 collected $2 from pot
peak joker33: doesn't show hand 
*** SUMMARY ***
Total pot $2 | Rake $0 
Seat 1: ImaPeppaPig (big blind) folded before Flop
Seat 4: peak joker33 (button) (small blind) collected ($2)



PokerStars Hand #254403883221:  Hold'em No Limit ($0.50/$1.00 USD) - 2025/01/16 20:36:28 WET [2025/01/16 15:36:28 ET]
Table 'Euryalos III' 6-max Seat #1 is the button
Seat 1: ImaPeppaPig ($164.07 in chips) 
Seat 4: peak joker33 ($112.88 in chips) 
ImaPeppaPig: posts small blind $0.50
peak joker33: posts big blind $1
*** HOLE CARDS ***
ImaPeppaPig: raises $1.50 to $2.50
peak joker33: folds 
Uncalled bet ($1.50) returned to ImaPeppaPig
ImaPeppaPig collected $2 from pot
ImaPeppaPig: doesn't show hand 
*** SUMMARY ***
Total pot $2 | Rake $0 
Seat 1: ImaPeppaPig (button) (small blind) collected ($2)
Seat 4: peak joker33 (big blind) folded before Flop



PokerStars Hand #254403885713:  Hold'em No Limit ($0.50/$1.00 USD) - 2025/01/16 20:36:36 WET [2025/01/16 15:36:36 ET]
Table 'Euryalos III' 6-max Seat #4 is the button
Seat 1: ImaPeppaPig ($165.07 in chips) 
Seat 4: peak joker33 ($111.88 in chips) 
peak joker33: posts small blind $0.50
ImaPeppaPig: posts big blind $1
*** HOLE CARDS ***
peak joker33: folds 
Uncalled bet ($0.50) returned to ImaPeppaPig
ImaPeppaPig collected $1 from pot
ImaPeppaPig: doesn't show hand 
*** SUMMARY ***
Total pot $1 | Rake $0 
Seat 1: ImaPeppaPig (big blind) collected ($1)
Seat 4: peak joker33 (button) (small blind) folded before Flop



PokerStars Hand #254403888125:  Hold'em No Limit ($0.50/$1.00 USD) - 2025/01/16 20:36:44 WET [2025/01/16 15:36:44 ET]
Table 'Euryalos III' 6-max Seat #1 is the button
Seat 1: ImaPeppaPig ($165.57 in chips) 
Seat 4: peak joker33 ($111.38 in chips) 
ImaPeppaPig: posts small blind $0.50
peak joker33: posts big blind $1
*** HOLE CARDS ***
ImaPeppaPig: raises $1.50 to $2.50
peak joker33: folds 
Uncalled bet ($1.50) returned to ImaPeppaPig
ImaPeppaPig collected $2 from pot
ImaPeppaPig: doesn't show hand 
*** SUMMARY ***
Total pot $2 | Rake $0 
Seat 1: ImaPeppaPig (button) (small blind) collected ($2)
Seat 4: peak joker33 (big blind) folded before Flop



PokerStars Hand #254403891852:  Hold'em No Limit ($0.50/$1.00 USD) - 2025/01/16 20:36:56 WET [2025/01/16 15:36:56 ET]
Table 'Euryalos III' 6-max Seat #4 is the button
Seat 1: ImaPeppaPig ($166.57 in chips) 
Seat 4: peak joker33 ($110.38 in chips) 
peak joker33: posts small blind $0.50
ImaPeppaPig: posts big blind $1
*** HOLE CARDS ***
peak joker33: raises $1.50 to $2.50
ImaPeppaPig: folds 
Uncalled bet ($1.50) returned to peak joker33
peak joker33 collected $2 from pot
peak joker33: doesn't show hand 
*** SUMMARY ***
Total pot $2 | Rake $0 
Seat 1: ImaPeppaPig (big blind) folded before Flop
Seat 4: peak joker33 (button) (small blind) collected ($2)



PokerStars Hand #254403894145:  Hold'em No Limit ($0.50/$1.00 USD) - 2025/01/16 20:37:04 WET [2025/01/16 15:37:04 ET]
Table 'Euryalos III' 6-max Seat #1 is the button
Seat 1: ImaPeppaPig ($165.57 in chips) 
Seat 4: peak joker33 ($111.38 in chips) 
ImaPeppaPig: posts small blind $0.50
peak joker33: posts big blind $1
*** HOLE CARDS ***
ImaPeppaPig: raises $1.50 to $2.50
peak joker33: raises $8.50 to $11
ImaPeppaPig: calls $8.50
*** FLOP *** [3h Ks 6c]
peak joker33: bets $5.25
ImaPeppaPig: folds 
Uncalled bet ($5.25) returned to peak joker33
peak joker33 collected $21 from pot
peak joker33: doesn't show hand 
*** SUMMARY ***
Total pot $22 | Rake $1 
Board [3h Ks 6c]
Seat 1: ImaPeppaPig (button) (small blind) folded on the Flop
Seat 4: peak joker33 (big blind) collected ($21)



PokerStars Hand #254403904193:  Hold'em No Limit ($0.50/$1.00 USD) - 2025/01/16 20:37:37 WET [2025/01/16 15:37:37 ET]
Table 'Euryalos III' 6-max Seat #4 is the button
Seat 1: ImaPeppaPig ($154.57 in chips) 
Seat 4: peak joker33 ($121.38 in chips) 
peak joker33: posts small blind $0.50
ImaPeppaPig: posts big blind $1
*** HOLE CARDS ***
peak joker33: folds 
Uncalled bet ($0.50) returned to ImaPeppaPig
ImaPeppaPig collected $1 from pot
ImaPeppaPig: doesn't show hand 
*** SUMMARY ***
Total pot $1 | Rake $0 
Seat 1: ImaPeppaPig (big blind) collected ($1)
Seat 4: peak joker33 (button) (small blind) folded before Flop



PokerStars Hand #254403905778:  Hold'em No Limit ($0.50/$1.00 USD) - 2025/01/16 20:37:42 WET [2025/01/16 15:37:42 ET]
Table 'Euryalos III' 6-max Seat #1 is the button
Seat 1: ImaPeppaPig ($155.07 in chips) 
Seat 4: peak joker33 ($120.88 in chips) 
ImaPeppaPig: posts small blind $0.50
peak joker33: posts big blind $1
*** HOLE CARDS ***
ImaPeppaPig: raises $1.50 to $2.50
peak joker33: raises $8.50 to $11
ImaPeppaPig: calls $8.50
*** FLOP *** [3s Ad Jd]
peak joker33: bets $6.93
ImaPeppaPig: calls $6.93
*** TURN *** [3s Ad Jd] [6h]
peak joker33: checks 
ImaPeppaPig: checks 
*** RIVER *** [3s Ad Jd 6h] [9s]
peak joker33: checks 
ImaPeppaPig: checks 
*** SHOW DOWN ***
peak joker33: shows [Qd Qs] (a pair of Queens)
ImaPeppaPig: mucks hand 
peak joker33 collected $34.86 from pot
*** SUMMARY ***
Total pot $35.86 | Rake $1 
Board [3s Ad Jd 6h 9s]
Seat 1: ImaPeppaPig (button) (small blind) mucked
Seat 4: peak joker33 (big blind) showed [Qd Qs] and won ($34.86) with a pair of Queens



PokerStars Hand #254403925989:  Hold'em No Limit ($0.50/$1.00 USD) - 2025/01/16 20:38:47 WET [2025/01/16 15:38:47 ET]
Table 'Euryalos III' 6-max Seat #4 is the button
Seat 1: ImaPeppaPig ($137.14 in chips) 
Seat 4: peak joker33 ($137.81 in chips) 
peak joker33: posts small blind $0.50
ImaPeppaPig: posts big blind $1
*** HOLE CARDS ***
peak joker33: raises $1.50 to $2.50
ImaPeppaPig: folds 
Uncalled bet ($1.50) returned to peak joker33
peak joker33 collected $2 from pot
peak joker33: doesn't show hand 
*** SUMMARY ***
Total pot $2 | Rake $0 
Seat 1: ImaPeppaPig (big blind) folded before Flop
Seat 4: peak joker33 (button) (small blind) collected ($2)



PokerStars Hand #254403929871:  Hold'em No Limit ($0.50/$1.00 USD) - 2025/01/16 20:39:00 WET [2025/01/16 15:39:00 ET]
Table 'Euryalos III' 6-max Seat #1 is the button
Seat 1: ImaPeppaPig ($136.14 in chips) 
Seat 4: peak joker33 ($138.81 in chips) 
ImaPeppaPig: posts small blind $0.50
peak joker33: posts big blind $1
*** HOLE CARDS ***
ImaPeppaPig: raises $1.50 to $2.50
peak joker33: calls $1.50
*** FLOP *** [9c 7c 3c]
peak joker33: checks 
ImaPeppaPig: bets $1
peak joker33: calls $1
*** TURN *** [9c 7c 3c] [9d]
peak joker33: bets $2.19
ImaPeppaPig: raises $5.74 to $7.93
peak joker33: calls $5.74
*** RIVER *** [9c 7c 3c 9d] [5s]
peak joker33: checks 
ImaPeppaPig: bets $11.37
peak joker33: calls $11.37
*** SHOW DOWN ***
ImaPeppaPig: shows [Ad 9s] (three of a kind, Nines)
peak joker33: mucks hand 
ImaPeppaPig collected $44.60 from pot
*** SUMMARY ***
Total pot $45.60 | Rake $1 
Board [9c 7c 3c 9d 5s]
Seat 1: ImaPeppaPig (button) (small blind) showed [Ad 9s] and won ($44.60) with three of a kind, Nines
Seat 4: peak joker33 (big blind) mucked



