PokerStars Hand #254408982486:  Hold'em No Limit ($0.50/$1.00 USD) - 2025/01/16 1:40:37 WET [2025/01/16 20:40:37 ET]
Table 'Palma III' 6-max Seat #2 is the button
Seat 1: XneferX ($100 in chips) 
Seat 2: TELAVIE2606 ($26.11 in chips) 
Seat 3: steepfell ($100.50 in chips) 
Seat 4: ptolejmus ($14.50 in chips) 
Seat 5: Rysiff ($100 in chips) 
Seat 6: Supermegopro ($100 in chips) 
steepfell: posts small blind $0.50
ptolejmus: posts big blind $1
*** HOLE CARDS ***
Rysiff: folds 
Supermegopro: folds 
XneferX: folds 
TELAVIE2606: folds 
steepfell: raises $2 to $3
ptolejmus: folds 
Uncalled bet ($2) returned to steepfell
steepfell collected $2 from pot
steepfell: doesn't show hand 
*** SUMMARY ***
Total pot $2 | Rake $0 
Seat 1: XneferX folded before Flop (didn't bet)
Seat 2: TELAVIE2606 (button) folded before Flop (didn't bet)
Seat 3: steepfell (small blind) collected ($2)
Seat 4: ptolejmus (big blind) folded before Flop
Seat 5: Rysiff folded before Flop (didn't bet)
Seat 6: Supermegopro folded before Flop (didn't bet)



PokerStars Hand #254408987511:  Hold'em No Limit ($0.50/$1.00 USD) - 2025/01/16 1:41:07 WET [2025/01/16 20:41:07 ET]
Table 'Palma III' 6-max Seat #3 is the button
Seat 1: XneferX ($100 in chips) 
Seat 2: TELAVIE2606 ($26.11 in chips) 
Seat 3: steepfell ($101.50 in chips) 
Seat 4: ptolejmus ($13.50 in chips) 
Seat 5: Rysiff ($100 in chips) 
Seat 6: Supermegopro ($100 in chips) 
ptolejmus: posts small blind $0.50
Rysiff: posts big blind $1
*** HOLE CARDS ***
Supermegopro: folds 
XneferX: folds 
TELAVIE2606: raises $1 to $2
steepfell: raises $6 to $8
ptolejmus: folds 
Rysiff: folds 
TELAVIE2606: calls $6
*** FLOP *** [8c 6s 9d]
TELAVIE2606: checks 
steepfell: bets $19.94
TELAVIE2606: calls $18.11 and is all-in
Uncalled bet ($1.83) returned to steepfell
*** TURN *** [8c 6s 9d] [Ks]
*** RIVER *** [8c 6s 9d Ks] [Ah]
*** SHOW DOWN ***
TELAVIE2606: shows [Ad 7s] (a pair of Aces)
steepfell: shows [Jh Jc] (a pair of Jacks)
TELAVIE2606 cashed out the hand for $19.88 | Cash Out Fee $0.41
*** SUMMARY ***
Total pot $53.72 | Rake $2.50 
Board [8c 6s 9d Ks Ah]
Seat 1: XneferX folded before Flop (didn't bet)
Seat 2: TELAVIE2606 showed [Ad 7s] and won ($51.22) with a pair of Aces (pot not awarded as player cashed out)
Seat 3: steepfell (button) showed [Jh Jc] and lost with a pair of Jacks
Seat 4: ptolejmus (small blind) folded before Flop
Seat 5: Rysiff (big blind) folded before Flop
Seat 6: Supermegopro folded before Flop (didn't bet)



PokerStars Hand #254408995706:  Hold'em No Limit ($0.50/$1.00 USD) - 2025/01/16 1:41:54 WET [2025/01/16 20:41:54 ET]
Table 'Palma III' 6-max Seat #4 is the button
Seat 1: XneferX ($100 in chips) 
Seat 2: TELAVIE2606 ($19.88 in chips) 
Seat 3: steepfell ($100 in chips) 
Seat 4: ptolejmus ($13 in chips) 
Seat 5: Rysiff ($100 in chips) 
Seat 6: Supermegopro ($100 in chips) 
Rysiff: posts small blind $0.50
Supermegopro: posts big blind $1
*** HOLE CARDS ***
XneferX: folds 
TELAVIE2606: folds 
steepfell: folds 
ptolejmus: folds 
Rysiff: folds 
Uncalled bet ($0.50) returned to Supermegopro
Supermegopro collected $1 from pot
Supermegopro: doesn't show hand 
*** SUMMARY ***
Total pot $1 | Rake $0 
Seat 1: XneferX folded before Flop (didn't bet)
Seat 2: TELAVIE2606 folded before Flop (didn't bet)
Seat 3: steepfell folded before Flop (didn't bet)
Seat 4: ptolejmus (button) folded before Flop (didn't bet)
Seat 5: Rysiff (small blind) folded before Flop
Seat 6: Supermegopro (big blind) collected ($1)



PokerStars Hand #254408997604:  Hold'em No Limit ($0.50/$1.00 USD) - 2025/01/16 1:42:05 WET [2025/01/16 20:42:05 ET]
Table 'Palma III' 6-max Seat #5 is the button
Seat 1: XneferX ($100 in chips) 
Seat 2: TELAVIE2606 ($19.88 in chips) 
Seat 3: steepfell ($100 in chips) 
Seat 4: ptolejmus ($13 in chips) 
Seat 5: Rysiff ($100 in chips) 
Seat 6: Supermegopro ($100.50 in chips) 
Supermegopro: posts small blind $0.50
XneferX: posts big blind $1
*** HOLE CARDS ***
TELAVIE2606: folds 
steepfell: raises $1.50 to $2.50
ptolejmus: folds 
Rysiff: folds 
Supermegopro: folds 
XneferX: calls $1.50
*** FLOP *** [Qs 6h Kc]
XneferX: checks 
steepfell: checks 
*** TURN *** [Qs 6h Kc] [4c]
XneferX: bets $7.93
steepfell: calls $7.93
*** RIVER *** [Qs 6h Kc 4c] [5c]
XneferX: bets $15.62
steepfell: raises $73.95 to $89.57 and is all-in
XneferX: folds 
Uncalled bet ($73.95) returned to steepfell
steepfell collected $50.10 from pot
steepfell: doesn't show hand 
*** SUMMARY ***
Total pot $52.60 | Rake $2.50 
Board [Qs 6h Kc 4c 5c]
Seat 1: XneferX (big blind) folded on the River
Seat 2: TELAVIE2606 folded before Flop (didn't bet)
Seat 3: steepfell collected ($50.10)
Seat 4: ptolejmus folded before Flop (didn't bet)
Seat 5: Rysiff (button) folded before Flop (didn't bet)
Seat 6: Supermegopro (small blind) folded before Flop



PokerStars Hand #254409018097:  Hold'em No Limit ($0.50/$1.00 USD) - 2025/01/16 1:44:05 WET [2025/01/16 20:44:05 ET]
Table 'Palma III' 6-max Seat #6 is the button
Seat 1: XneferX ($100 in chips) 
Seat 2: TELAVIE2606 ($19.88 in chips) 
Seat 3: steepfell ($124.05 in chips) 
Seat 4: ptolejmus ($13 in chips) 
Seat 5: Rysiff ($100 in chips) 
Seat 6: Supermegopro ($100 in chips) 
XneferX: posts small blind $0.50
TELAVIE2606: posts big blind $1
*** HOLE CARDS ***
steepfell: folds 
ptolejmus: folds 
Rysiff: folds 
Supermegopro: raises $1.50 to $2.50
XneferX: folds 
TELAVIE2606: calls $1.50
*** FLOP *** [4d Js 9s]
TELAVIE2606: bets $5.22
Supermegopro: folds 
Uncalled bet ($5.22) returned to TELAVIE2606
TELAVIE2606 collected $5.22 from pot
*** SUMMARY ***
Total pot $5.50 | Rake $0.28 
Board [4d Js 9s]
Seat 1: XneferX (small blind) folded before Flop
Seat 2: TELAVIE2606 (big blind) collected ($5.22)
Seat 3: steepfell folded before Flop (didn't bet)
Seat 4: ptolejmus folded before Flop (didn't bet)
Seat 5: Rysiff folded before Flop (didn't bet)
Seat 6: Supermegopro (button) folded on the Flop



PokerStars Hand #254409023569:  Hold'em No Limit ($0.50/$1.00 USD) - 2025/01/16 1:44:36 WET [2025/01/16 20:44:36 ET]
Table 'Palma III' 6-max Seat #1 is the button
Seat 1: XneferX ($100 in chips) 
Seat 2: TELAVIE2606 ($22.60 in chips) 
Seat 3: steepfell ($124.05 in chips) 
Seat 4: ptolejmus ($13 in chips) 
Seat 5: Rysiff ($100 in chips) 
Seat 6: Supermegopro ($100 in chips) 
TELAVIE2606: posts small blind $0.50
steepfell: posts big blind $1
*** HOLE CARDS ***
ptolejmus: folds 
Rysiff: folds 
Supermegopro: folds 
XneferX: folds 
TELAVIE2606: raises $2 to $3
steepfell: raises $6 to $9
TELAVIE2606: raises $13.60 to $22.60 and is all-in
steepfell: calls $13.60
*** FLOP *** [9c 8d 5c]
*** TURN *** [9c 8d 5c] [Ks]
*** RIVER *** [9c 8d 5c Ks] [8h]
*** SHOW DOWN ***
TELAVIE2606: shows [Js Jc] (two pair, Jacks and Eights)
steepfell: shows [Kd Kh] (a full house, Kings full of Eights)
steepfell collected $42.94 from pot
*** SUMMARY ***
Total pot $45.20 | Rake $2.26 
Board [9c 8d 5c Ks 8h]
Seat 1: XneferX (button) folded before Flop (didn't bet)
Seat 2: TELAVIE2606 (small blind) showed [Js Jc] and lost with two pair, Jacks and Eights
Seat 3: steepfell (big blind) showed [Kd Kh] and won ($42.94) with a full house, Kings full of Eights
Seat 4: ptolejmus folded before Flop (didn't bet)
Seat 5: Rysiff folded before Flop (didn't bet)
Seat 6: Supermegopro folded before Flop (didn't bet)



PokerStars Hand #254409029486:  Hold'em No Limit ($0.50/$1.00 USD) - 2025/01/16 1:45:12 WET [2025/01/16 20:45:12 ET]
Table 'Palma III' 6-max Seat #3 is the button
Seat 2: TELAVIE2606 ($0 in chips) is sitting out
Seat 1: XneferX ($100 in chips) 
Seat 3: steepfell ($144.39 in chips) 
Seat 4: ptolejmus ($13 in chips) 
Seat 5: Rysiff ($100 in chips) 
Seat 6: Supermegopro ($100 in chips) 
ptolejmus: posts small blind $0.50
Rysiff: posts big blind $1
*** HOLE CARDS ***
Supermegopro: raises $1.50 to $2.50
XneferX: folds 
steepfell: folds 
ptolejmus: raises $10.50 to $13 and is all-in
Rysiff: folds 
Supermegopro: calls $10.50
*** FLOP *** [5h 6d Th]
*** TURN *** [5h 6d Th] [8d]
*** RIVER *** [5h 6d Th 8d] [8c]
*** SHOW DOWN ***
ptolejmus: shows [Kc Qh] (a pair of Eights)
Supermegopro: shows [Kd 3d] (a pair of Eights - lower kicker)
ptolejmus collected $25.65 from pot
*** SUMMARY ***
Total pot $27 | Rake $1.35 
Board [5h 6d Th 8d 8c]
Seat 2: TELAVIE2606
Seat 1: XneferX folded before Flop (didn't bet)
Seat 3: steepfell (button) folded before Flop (didn't bet)
Seat 4: ptolejmus (small blind) showed [Kc Qh] and won ($25.65) with a pair of Eights
Seat 5: Rysiff (big blind) folded before Flop
Seat 6: Supermegopro showed [Kd 3d] and lost with a pair of Eights



PokerStars Hand #254409037341:  Hold'em No Limit ($0.50/$1.00 USD) - 2025/01/16 1:45:58 WET [2025/01/16 20:45:58 ET]
Table 'Palma III' 6-max Seat #4 is the button
Seat 2: TELAVIE2606 ($0 in chips) is sitting out
Seat 1: XneferX ($100 in chips) 
Seat 3: steepfell ($144.39 in chips) 
Seat 4: ptolejmus ($25.65 in chips) 
Seat 5: Rysiff ($100 in chips) 
Seat 6: Supermegopro ($100 in chips) 
Rysiff: posts small blind $0.50
Supermegopro: posts big blind $1
*** HOLE CARDS ***
XneferX: folds 
steepfell: folds 
ptolejmus: raises $1 to $2
Rysiff: folds 
Supermegopro: raises $7 to $9
TELAVIE2606 is disconnected 
ptolejmus: folds 
Uncalled bet ($7) returned to Supermegopro
Supermegopro collected $4.50 from pot
Supermegopro: doesn't show hand 
*** SUMMARY ***
Total pot $4.50 | Rake $0 
Seat 2: TELAVIE2606
Seat 1: XneferX folded before Flop (didn't bet)
Seat 3: steepfell folded before Flop (didn't bet)
Seat 4: ptolejmus (button) folded before Flop
Seat 5: Rysiff (small blind) folded before Flop
Seat 6: Supermegopro (big blind) collected ($4.50)



PokerStars Hand #254409042034:  Hold'em No Limit ($0.50/$1.00 USD) - 2025/01/16 1:46:26 WET [2025/01/16 20:46:26 ET]
Table 'Palma III' 6-max Seat #5 is the button
Seat 2: TELAVIE2606 ($0 in chips) is sitting out
Seat 1: XneferX ($100 in chips) 
Seat 3: steepfell ($144.39 in chips) 
Seat 4: ptolejmus ($23.65 in chips) 
Seat 5: Rysiff ($100 in chips) 
Seat 6: Supermegopro ($102.50 in chips) 
Supermegopro: posts small blind $0.50
XneferX: posts big blind $1
*** HOLE CARDS ***
steepfell: folds 
ptolejmus: folds 
Rysiff: raises $1.50 to $2.50
Supermegopro: raises $9.50 to $12
XneferX: folds 
Rysiff: raises $13 to $25
Supermegopro: raises $77.50 to $102.50 and is all-in
Rysiff: calls $75 and is all-in
Uncalled bet ($2.50) returned to Supermegopro
*** FLOP *** [Ks 6c 4s]
*** TURN *** [Ks 6c 4s] [6h]
*** RIVER *** [Ks 6c 4s 6h] [7s]
*** SHOW DOWN ***
Supermegopro: shows [9s 9d] (two pair, Nines and Sixes)
Rysiff: shows [Ah Kh] (two pair, Kings and Sixes)
Rysiff collected $198.50 from pot
*** SUMMARY ***
Total pot $201 | Rake $2.50 
Board [Ks 6c 4s 6h 7s]
Seat 2: TELAVIE2606
Seat 1: XneferX (big blind) folded before Flop
Seat 3: steepfell folded before Flop (didn't bet)
Seat 4: ptolejmus folded before Flop (didn't bet)
Seat 5: Rysiff (button) showed [Ah Kh] and won ($198.50) with two pair, Kings and Sixes
Seat 6: Supermegopro (small blind) showed [9s 9d] and lost with two pair, Nines and Sixes



PokerStars Hand #254409050799:  Hold'em No Limit ($0.50/$1.00 USD) - 2025/01/16 1:47:17 WET [2025/01/16 20:47:17 ET]
Table 'Palma III' 6-max Seat #6 is the button
Seat 2: TELAVIE2606 ($0 in chips) is sitting out
Seat 3: steepfell ($144.39 in chips) is sitting out
Seat 4: ptolejmus ($23.65 in chips) is sitting out
Seat 1: XneferX ($100 in chips) 
Seat 5: Rysiff ($198.50 in chips) 
Seat 6: Supermegopro ($100 in chips) 
XneferX: posts small blind $0.50
steepfell: is sitting out 
ptolejmus: is sitting out 
steepfell leaves the table
Rysiff: posts big blind $1
*** HOLE CARDS ***
Supermegopro: raises $1.50 to $2.50
XneferX: folds 
Rysiff: calls $1.50
*** FLOP *** [Ks 3c 9h]
Rysiff: checks 
Supermegopro: bets $2.09
ptolejmus leaves the table
Rysiff: calls $2.09
*** TURN *** [Ks 3c 9h] [2s]
Rysiff: checks 
Supermegopro: bets $13.80
Rysiff: raises $16.20 to $30
Supermegopro: calls $16.20
*** RIVER *** [Ks 3c 9h 2s] [Jh]
Rysiff: bets $157
Supermegopro: folds 
Uncalled bet ($157) returned to Rysiff
Rysiff collected $68.68 from pot
Rysiff: doesn't show hand 
*** SUMMARY ***
Total pot $69.68 | Rake $1 
Board [Ks 3c 9h 2s Jh]
Seat 2: TELAVIE2606
Seat 3: steepfell
Seat 4: ptolejmus
Seat 1: XneferX (small blind) folded before Flop
Seat 5: Rysiff (big blind) collected ($68.68)
Seat 6: Supermegopro (button) folded on the River



PokerStars Hand #254409062916:  Hold'em No Limit ($0.50/$1.00 USD) - 2025/01/16 1:48:28 WET [2025/01/16 20:48:28 ET]
Table 'Palma III' 6-max Seat #1 is the button
Seat 2: TELAVIE2606 ($0 in chips) is sitting out
Seat 1: XneferX ($100 in chips) 
Seat 5: Rysiff ($232.59 in chips) 
Seat 6: Supermegopro ($100 in chips) 
Rysiff: posts small blind $0.50
Supermegopro: posts big blind $1
*** HOLE CARDS ***
XneferX: folds 
Rysiff: raises $2 to $3
Supermegopro: folds 
Uncalled bet ($2) returned to Rysiff
Rysiff collected $2 from pot
Rysiff: doesn't show hand 
*** SUMMARY ***
Total pot $2 | Rake $0 
Seat 2: TELAVIE2606
Seat 1: XneferX (button) folded before Flop (didn't bet)
Seat 5: Rysiff (small blind) collected ($2)
Seat 6: Supermegopro (big blind) folded before Flop



PokerStars Hand #254409128345:  Hold'em No Limit ($0.50/$1.00 USD) - 2025/01/16 1:54:58 WET [2025/01/16 20:54:58 ET]
Table 'Palma III' 6-max Seat #3 is the button
Seat 2: TELAVIE2606 ($0 in chips) is sitting out
Seat 3: equilibrium_tv ($10 in chips) 
Seat 5: XneferX ($100 in chips) 
equilibrium_tv: posts small blind $0.50
XneferX: posts big blind $1
*** HOLE CARDS ***
equilibrium_tv: calls $0.50
XneferX: checks 
*** FLOP *** [5c Ks 9h]
XneferX: checks 
equilibrium_tv: bets $1
XneferX: folds 
Uncalled bet ($1) returned to equilibrium_tv
equilibrium_tv collected $1.90 from pot
*** SUMMARY ***
Total pot $2 | Rake $0.10 
Board [5c Ks 9h]
Seat 2: TELAVIE2606
Seat 3: equilibrium_tv (button) (small blind) collected ($1.90)
Seat 5: XneferX (big blind) folded on the Flop



PokerStars Hand #254409131647:  Hold'em No Limit ($0.50/$1.00 USD) - 2025/01/16 1:55:21 WET [2025/01/16 20:55:21 ET]
Table 'Palma III' 6-max Seat #5 is the button
Seat 2: TELAVIE2606 ($0 in chips) is sitting out
Seat 3: equilibrium_tv ($10.90 in chips) 
Seat 5: XneferX ($100 in chips) 
XneferX: posts small blind $0.50
equilibrium_tv: posts big blind $1
*** HOLE CARDS ***
XneferX: raises $2 to $3
equilibrium_tv: folds 
Uncalled bet ($2) returned to XneferX
XneferX collected $2 from pot
XneferX: doesn't show hand 
*** SUMMARY ***
Total pot $2 | Rake $0 
Seat 2: TELAVIE2606
Seat 3: equilibrium_tv (big blind) folded before Flop
Seat 5: XneferX (button) (small blind) collected ($2)



PokerStars Hand #254409133336:  Hold'em No Limit ($0.50/$1.00 USD) - 2025/01/16 1:55:34 WET [2025/01/16 20:55:34 ET]
Table 'Palma III' 6-max Seat #3 is the button
Seat 2: TELAVIE2606 ($0 in chips) is sitting out
Seat 3: equilibrium_tv ($9.90 in chips) 
Seat 5: XneferX ($101 in chips) 
equilibrium_tv: posts small blind $0.50
XneferX: posts big blind $1
*** HOLE CARDS ***
equilibrium_tv: folds 
Uncalled bet ($0.50) returned to XneferX
XneferX collected $1 from pot
XneferX: doesn't show hand 
*** SUMMARY ***
Total pot $1 | Rake $0 
Seat 2: TELAVIE2606
Seat 3: equilibrium_tv (button) (small blind) folded before Flop
Seat 5: XneferX (big blind) collected ($1)



