PokerStars Hand #254399322811:  Hold'em No Limit ($0.50/$1.00 USD) - 2025/01/16 16:19:31 WET [2025/01/16 11:19:31 ET]
Table 'Ella III' 6-max Seat #3 is the button
Seat 4: z00mba ($100 in chips) is sitting out
Seat 5: ponchua ($100 in chips) is sitting out
Seat 1: PayTaxOrDie ($100 in chips) 
Seat 2: Felipe$Andre ($100 in chips) 
Seat 3: Aescul@pius ($100 in chips) 
PayTaxOrDie: posts small blind $0.50
Felipe$Andre: posts big blind $1
*** HOLE CARDS ***
Aescul@pius: folds 
PayTaxOrDie: raises $2 to $3
whitecillar3 joins the table at seat #6 
Felipe$Andre: folds 
Uncalled bet ($2) returned to PayTaxOrDie
PayTaxOrDie collected $2 from pot
PayTaxOrDie: doesn't show hand 
*** SUMMARY ***
Total pot $2 | Rake $0 
Seat 4: z00mba
Seat 5: ponchua
Seat 1: PayTaxOrDie (small blind) collected ($2)
Seat 2: Felipe$Andre (big blind) folded before Flop
Seat 3: Aescul@pius (button) folded before Flop (didn't bet)



PokerStars Hand #254399326888:  Hold'em No Limit ($0.50/$1.00 USD) - 2025/01/16 16:19:49 WET [2025/01/16 11:19:49 ET]
Table 'Ella III' 6-max Seat #1 is the button
Seat 4: z00mba ($100 in chips) is sitting out
Seat 5: ponchua ($100 in chips) is sitting out
Seat 6: whitecillar3 ($100 in chips) is sitting out
Seat 1: PayTaxOrDie ($101 in chips) 
Seat 2: Felipe$Andre ($100 in chips) 
Seat 3: Aescul@pius ($100 in chips) 
Felipe$Andre: posts small blind $0.50
Aescul@pius: posts big blind $1
whitecillar3: sits out 
*** HOLE CARDS ***
PayTaxOrDie: raises $1.50 to $2.50
Felipe$Andre: raises $8.50 to $11
Aescul@pius: folds 
PayTaxOrDie: folds 
Uncalled bet ($8.50) returned to Felipe$Andre
Felipe$Andre collected $6 from pot
Felipe$Andre: doesn't show hand 
*** SUMMARY ***
Total pot $6 | Rake $0 
Seat 4: z00mba
Seat 5: ponchua
Seat 6: whitecillar3
Seat 1: PayTaxOrDie (button) folded before Flop
Seat 2: Felipe$Andre (small blind) collected ($6)
Seat 3: Aescul@pius (big blind) folded before Flop



PokerStars Hand #254399330610:  Hold'em No Limit ($0.50/$1.00 USD) - 2025/01/16 16:20:06 WET [2025/01/16 11:20:06 ET]
Table 'Ella III' 6-max Seat #2 is the button
Seat 4: z00mba ($100 in chips) is sitting out
Seat 5: ponchua ($100 in chips) is sitting out
Seat 1: PayTaxOrDie ($100 in chips) 
Seat 2: Felipe$Andre ($103.50 in chips) 
Seat 3: Aescul@pius ($100 in chips) 
Seat 6: whitecillar3 ($100 in chips) 
Aescul@pius: posts small blind $0.50
whitecillar3: posts big blind $1
*** HOLE CARDS ***
PayTaxOrDie: folds 
Felipe$Andre: raises $1.50 to $2.50
Aescul@pius: folds 
whitecillar3: folds 
Uncalled bet ($1.50) returned to Felipe$Andre
Felipe$Andre collected $2.50 from pot
Felipe$Andre: doesn't show hand 
*** SUMMARY ***
Total pot $2.50 | Rake $0 
Seat 4: z00mba
Seat 5: ponchua
Seat 1: PayTaxOrDie folded before Flop (didn't bet)
Seat 2: Felipe$Andre (button) collected ($2.50)
Seat 3: Aescul@pius (small blind) folded before Flop
Seat 6: whitecillar3 (big blind) folded before Flop



PokerStars Hand #254399335631:  Hold'em No Limit ($0.50/$1.00 USD) - 2025/01/16 16:20:28 WET [2025/01/16 11:20:28 ET]
Table 'Ella III' 6-max Seat #3 is the button
Seat 4: z00mba ($100 in chips) is sitting out
Seat 5: ponchua ($100 in chips) is sitting out
Seat 1: PayTaxOrDie ($100 in chips) 
Seat 2: Felipe$Andre ($105 in chips) 
Seat 3: Aescul@pius ($100 in chips) 
Seat 6: whitecillar3 ($99 in chips) 
whitecillar3: posts small blind $0.50
PayTaxOrDie: posts big blind $1
*** HOLE CARDS ***
ponchua leaves the table
Felipe$Andre: folds 
Aescul@pius: folds 
whitecillar3: folds 
Uncalled bet ($0.50) returned to PayTaxOrDie
PayTaxOrDie collected $1 from pot
PayTaxOrDie: doesn't show hand 
*** SUMMARY ***
Total pot $1 | Rake $0 
Seat 4: z00mba
Seat 5: ponchua
Seat 1: PayTaxOrDie (big blind) collected ($1)
Seat 2: Felipe$Andre folded before Flop (didn't bet)
Seat 3: Aescul@pius (button) folded before Flop (didn't bet)
Seat 6: whitecillar3 (small blind) folded before Flop



PokerStars Hand #254399337407:  Hold'em No Limit ($0.50/$1.00 USD) - 2025/01/16 16:20:36 WET [2025/01/16 11:20:36 ET]
Table 'Ella III' 6-max Seat #6 is the button
Seat 4: z00mba ($100 in chips) is sitting out
Seat 1: PayTaxOrDie ($100.50 in chips) 
Seat 2: Felipe$Andre ($105 in chips) 
Seat 3: Aescul@pius ($100 in chips) 
Seat 6: whitecillar3 ($98.50 in chips) 
PayTaxOrDie: posts small blind $0.50
Felipe$Andre: posts big blind $1
z00mba: sits out 
*** HOLE CARDS ***
Aescul@pius: folds 
whitecillar3: folds 
PayTaxOrDie: folds 
Uncalled bet ($0.50) returned to Felipe$Andre
Felipe$Andre collected $1 from pot
Felipe$Andre: doesn't show hand 
*** SUMMARY ***
Total pot $1 | Rake $0 
Seat 4: z00mba
Seat 1: PayTaxOrDie (small blind) folded before Flop
Seat 2: Felipe$Andre (big blind) collected ($1)
Seat 3: Aescul@pius folded before Flop (didn't bet)
Seat 6: whitecillar3 (button) folded before Flop (didn't bet)



PokerStars Hand #254399339390:  Hold'em No Limit ($0.50/$1.00 USD) - 2025/01/16 16:20:45 WET [2025/01/16 11:20:45 ET]
Table 'Ella III' 6-max Seat #1 is the button
Seat 4: z00mba ($100 in chips) is sitting out
Seat 1: PayTaxOrDie ($100 in chips) 
Seat 2: Felipe$Andre ($105.50 in chips) 
Seat 3: Aescul@pius ($100 in chips) 
Seat 6: whitecillar3 ($98.50 in chips) 
Felipe$Andre: posts small blind $0.50
Aescul@pius: posts big blind $1
z00mba: sits out 
*** HOLE CARDS ***
whitecillar3: folds 
PayTaxOrDie: folds 
z00mba leaves the table
Felipe$Andre: folds 
Uncalled bet ($0.50) returned to Aescul@pius
Aescul@pius collected $1 from pot
Aescul@pius: doesn't show hand 
*** SUMMARY ***
Total pot $1 | Rake $0 
Seat 4: z00mba
Seat 1: PayTaxOrDie (button) folded before Flop (didn't bet)
Seat 2: Felipe$Andre (small blind) folded before Flop
Seat 3: Aescul@pius (big blind) collected ($1)
Seat 6: whitecillar3 folded before Flop (didn't bet)



PokerStars Hand #254399341832:  Hold'em No Limit ($0.50/$1.00 USD) - 2025/01/16 16:20:56 WET [2025/01/16 11:20:56 ET]
Table 'Ella III' 6-max Seat #2 is the button
Seat 1: PayTaxOrDie ($100 in chips) 
Seat 2: Felipe$Andre ($105 in chips) 
Seat 3: Aescul@pius ($100.50 in chips) 
Seat 6: whitecillar3 ($98.50 in chips) 
Aescul@pius: posts small blind $0.50
whitecillar3: posts big blind $1
*** HOLE CARDS ***
PayTaxOrDie: folds 
ponchua joins the table at seat #4 
Felipe$Andre: folds 
blistein joins the table at seat #5 
ponchua leaves the table
Aescul@pius: raises $2 to $3
whitecillar3: folds 
Uncalled bet ($2) returned to Aescul@pius
Aescul@pius collected $2 from pot
Aescul@pius: doesn't show hand 
*** SUMMARY ***
Total pot $2 | Rake $0 
Seat 1: PayTaxOrDie folded before Flop (didn't bet)
Seat 2: Felipe$Andre (button) folded before Flop (didn't bet)
Seat 3: Aescul@pius (small blind) collected ($2)
Seat 6: whitecillar3 (big blind) folded before Flop



PokerStars Hand #254399345178:  Hold'em No Limit ($0.50/$1.00 USD) - 2025/01/16 16:21:11 WET [2025/01/16 11:21:11 ET]
Table 'Ella III' 6-max Seat #3 is the button
Seat 5: blistein ($100 in chips) is sitting out
Seat 1: PayTaxOrDie ($100 in chips) 
Seat 2: Felipe$Andre ($105 in chips) 
Seat 3: Aescul@pius ($101.50 in chips) 
Seat 6: whitecillar3 ($100 in chips) 
whitecillar3: posts small blind $0.50
PayTaxOrDie: posts big blind $1
*** HOLE CARDS ***
Felipe$Andre: folds 
Aescul@pius: folds 
whitecillar3: folds 
Uncalled bet ($0.50) returned to PayTaxOrDie
PayTaxOrDie collected $1 from pot
PayTaxOrDie: doesn't show hand 
*** SUMMARY ***
Total pot $1 | Rake $0 
Seat 5: blistein
Seat 1: PayTaxOrDie (big blind) collected ($1)
Seat 2: Felipe$Andre folded before Flop (didn't bet)
Seat 3: Aescul@pius (button) folded before Flop (didn't bet)
Seat 6: whitecillar3 (small blind) folded before Flop



PokerStars Hand #254399347841:  Hold'em No Limit ($0.50/$1.00 USD) - 2025/01/16 16:21:23 WET [2025/01/16 11:21:23 ET]
Table 'Ella III' 6-max Seat #6 is the button
Seat 5: blistein ($100 in chips) is sitting out
Seat 1: PayTaxOrDie ($100.50 in chips) 
Seat 2: Felipe$Andre ($105 in chips) 
Seat 3: Aescul@pius ($101.50 in chips) 
Seat 6: whitecillar3 ($99.50 in chips) 
PayTaxOrDie: posts small blind $0.50
Felipe$Andre: posts big blind $1
blistein: sits out 
*** HOLE CARDS ***
Aescul@pius: raises $1.20 to $2.20
whitecillar3: folds 
PayTaxOrDie: folds 
Felipe$Andre: folds 
Uncalled bet ($1.20) returned to Aescul@pius
Aescul@pius collected $2.50 from pot
Aescul@pius: doesn't show hand 
*** SUMMARY ***
Total pot $2.50 | Rake $0 
Seat 5: blistein
Seat 1: PayTaxOrDie (small blind) folded before Flop
Seat 2: Felipe$Andre (big blind) folded before Flop
Seat 3: Aescul@pius collected ($2.50)
Seat 6: whitecillar3 (button) folded before Flop (didn't bet)



PokerStars Hand #254399350907:  Hold'em No Limit ($0.50/$1.00 USD) - 2025/01/16 16:21:37 WET [2025/01/16 11:21:37 ET]
Table 'Ella III' 6-max Seat #1 is the button
Seat 5: blistein ($100 in chips) is sitting out
Seat 1: PayTaxOrDie ($100 in chips) 
Seat 2: Felipe$Andre ($104 in chips) 
Seat 3: Aescul@pius ($103 in chips) 
Seat 6: whitecillar3 ($99.50 in chips) 
Felipe$Andre: posts small blind $0.50
Aescul@pius: posts big blind $1
blistein: sits out 
*** HOLE CARDS ***
whitecillar3: folds 
PayTaxOrDie: folds 
Felipe$Andre: folds 
Uncalled bet ($0.50) returned to Aescul@pius
Aescul@pius collected $1 from pot
Aescul@pius: doesn't show hand 
*** SUMMARY ***
Total pot $1 | Rake $0 
Seat 5: blistein
Seat 1: PayTaxOrDie (button) folded before Flop (didn't bet)
Seat 2: Felipe$Andre (small blind) folded before Flop
Seat 3: Aescul@pius (big blind) collected ($1)
Seat 6: whitecillar3 folded before Flop (didn't bet)



PokerStars Hand #254399352845:  Hold'em No Limit ($0.50/$1.00 USD) - 2025/01/16 16:21:45 WET [2025/01/16 11:21:45 ET]
Table 'Ella III' 6-max Seat #2 is the button
Seat 1: PayTaxOrDie ($100 in chips) 
Seat 2: Felipe$Andre ($103.50 in chips) 
Seat 3: Aescul@pius ($103.50 in chips) 
Seat 5: blistein ($100 in chips) 
Seat 6: whitecillar3 ($99.50 in chips) 
Aescul@pius: posts small blind $0.50
blistein: posts big blind $1
*** HOLE CARDS ***
whitecillar3: folds 
PayTaxOrDie: folds 
Felipe$Andre: folds 
Aescul@pius: raises $2 to $3
blistein: folds 
Uncalled bet ($2) returned to Aescul@pius
Aescul@pius collected $2 from pot
Aescul@pius: doesn't show hand 
*** SUMMARY ***
Total pot $2 | Rake $0 
Seat 1: PayTaxOrDie folded before Flop (didn't bet)
Seat 2: Felipe$Andre (button) folded before Flop (didn't bet)
Seat 3: Aescul@pius (small blind) collected ($2)
Seat 5: blistein (big blind) folded before Flop
Seat 6: whitecillar3 folded before Flop (didn't bet)



PokerStars Hand #254399356174:  Hold'em No Limit ($0.50/$1.00 USD) - 2025/01/16 16:22:00 WET [2025/01/16 11:22:00 ET]
Table 'Ella III' 6-max Seat #3 is the button
Seat 1: PayTaxOrDie ($100 in chips) 
Seat 2: Felipe$Andre ($103.50 in chips) 
Seat 3: Aescul@pius ($104.50 in chips) 
Seat 5: blistein ($100 in chips) 
Seat 6: whitecillar3 ($99.50 in chips) 
blistein: posts small blind $0.50
whitecillar3: posts big blind $1
*** HOLE CARDS ***
PayTaxOrDie: raises $1 to $2
Felipe$Andre: folds 
Aescul@pius: folds 
blistein: folds 
whitecillar3: calls $1
*** FLOP *** [3d 6h 6d]
whitecillar3: checks 
PayTaxOrDie: checks 
*** TURN *** [3d 6h 6d] [Ts]
whitecillar3: bets $3.25
PayTaxOrDie: folds 
Uncalled bet ($3.25) returned to whitecillar3
whitecillar3 collected $4.28 from pot
*** SUMMARY ***
Total pot $4.50 | Rake $0.22 
Board [3d 6h 6d Ts]
Seat 1: PayTaxOrDie folded on the Turn
Seat 2: Felipe$Andre folded before Flop (didn't bet)
Seat 3: Aescul@pius (button) folded before Flop (didn't bet)
Seat 5: blistein (small blind) folded before Flop
Seat 6: whitecillar3 (big blind) collected ($4.28)



PokerStars Hand #254399364910:  Hold'em No Limit ($0.50/$1.00 USD) - 2025/01/16 16:22:39 WET [2025/01/16 11:22:39 ET]
Table 'Ella III' 6-max Seat #5 is the button
Seat 1: PayTaxOrDie ($100 in chips) 
Seat 2: Felipe$Andre ($103.50 in chips) 
Seat 3: Aescul@pius ($104.50 in chips) 
Seat 5: blistein ($100 in chips) 
Seat 6: whitecillar3 ($101.78 in chips) 
whitecillar3: posts small blind $0.50
PayTaxOrDie: posts big blind $1
*** HOLE CARDS ***
Felipe$Andre: folds 
Aescul@pius: folds 
blistein: folds 
whitecillar3: folds 
Uncalled bet ($0.50) returned to PayTaxOrDie
ddyyjj joins the table at seat #4 
PayTaxOrDie collected $1 from pot
PayTaxOrDie: doesn't show hand 
*** SUMMARY ***
Total pot $1 | Rake $0 
Seat 1: PayTaxOrDie (big blind) collected ($1)
Seat 2: Felipe$Andre folded before Flop (didn't bet)
Seat 3: Aescul@pius folded before Flop (didn't bet)
Seat 5: blistein (button) folded before Flop (didn't bet)
Seat 6: whitecillar3 (small blind) folded before Flop



PokerStars Hand #254399367309:  Hold'em No Limit ($0.50/$1.00 USD) - 2025/01/16 16:22:50 WET [2025/01/16 11:22:50 ET]
Table 'Ella III' 6-max Seat #6 is the button
Seat 2: Felipe$Andre ($103.50 in chips) is sitting out
Seat 4: ddyyjj ($100 in chips) is sitting out
Seat 1: PayTaxOrDie ($100.50 in chips) 
Seat 3: Aescul@pius ($104.50 in chips) 
Seat 5: blistein ($100 in chips) 
Seat 6: whitecillar3 ($101.28 in chips) 
PayTaxOrDie: posts small blind $0.50
Felipe$Andre: is sitting out 
Aescul@pius: posts big blind $1
ddyyjj: sits out 
*** HOLE CARDS ***
Felipe$Andre leaves the table
blistein: raises $1.30 to $2.30
whitecillar3: folds 
PayTaxOrDie: folds 
Aescul@pius: folds 
Uncalled bet ($1.30) returned to blistein
PayTaxOrDie leaves the table
blistein collected $2.50 from pot
blistein: doesn't show hand 
*** SUMMARY ***
Total pot $2.50 | Rake $0 
Seat 2: Felipe$Andre
Seat 4: ddyyjj
Seat 1: PayTaxOrDie (small blind) folded before Flop
Seat 3: Aescul@pius (big blind) folded before Flop
Seat 5: blistein collected ($2.50)
Seat 6: whitecillar3 (button) folded before Flop (didn't bet)



PokerStars Hand #254399372420:  Hold'em No Limit ($0.50/$1.00 USD) - 2025/01/16 16:23:13 WET [2025/01/16 11:23:13 ET]
Table 'Ella III' 6-max Seat #3 is the button
Seat 4: ddyyjj ($100 in chips) is sitting out
Seat 3: Aescul@pius ($103.50 in chips) 
Seat 5: blistein ($101.50 in chips) 
Seat 6: whitecillar3 ($101.28 in chips) 
blistein: posts small blind $0.50
whitecillar3: posts big blind $1
*** HOLE CARDS ***
Aescul@pius: folds 
blistein: folds 
Uncalled bet ($0.50) returned to whitecillar3
whitecillar3 collected $1 from pot
*** SUMMARY ***
Total pot $1 | Rake $0 
Seat 4: ddyyjj
Seat 3: Aescul@pius (button) folded before Flop (didn't bet)
Seat 5: blistein (small blind) folded before Flop
Seat 6: whitecillar3 (big blind) collected ($1)



PokerStars Hand #254399373973:  Hold'em No Limit ($0.50/$1.00 USD) - 2025/01/16 16:23:20 WET [2025/01/16 11:23:20 ET]
Table 'Ella III' 6-max Seat #5 is the button
Seat 4: ddyyjj ($100 in chips) is sitting out
Seat 3: Aescul@pius ($103.50 in chips) 
Seat 5: blistein ($101 in chips) 
Seat 6: whitecillar3 ($101.78 in chips) 
whitecillar3: posts small blind $0.50
Aescul@pius: posts big blind $1
ddyyjj: sits out 
*** HOLE CARDS ***
blistein: folds 
whitecillar3: folds 
Uncalled bet ($0.50) returned to Aescul@pius
Aescul@pius collected $1 from pot
Aescul@pius: doesn't show hand 
*** SUMMARY ***
Total pot $1 | Rake $0 
Seat 4: ddyyjj
Seat 3: Aescul@pius (big blind) collected ($1)
Seat 5: blistein (button) folded before Flop (didn't bet)
Seat 6: whitecillar3 (small blind) folded before Flop



PokerStars Hand #254399376058:  Hold'em No Limit ($0.50/$1.00 USD) - 2025/01/16 16:23:29 WET [2025/01/16 11:23:29 ET]
Table 'Ella III' 6-max Seat #6 is the button
Seat 3: Aescul@pius ($104 in chips) 
Seat 4: ddyyjj ($100 in chips) 
Seat 5: blistein ($101 in chips) 
Seat 6: whitecillar3 ($101.28 in chips) 
Aescul@pius: posts small blind $0.50
ddyyjj: posts big blind $1
*** HOLE CARDS ***
blistein: folds 
whitecillar3: raises $1.50 to $2.50
Aescul@pius: folds 
ddyyjj: calls $1.50
*** FLOP *** [3c 4s 4h]
ddyyjj: checks 
whitecillar3: bets $1.62
ddyyjj: folds 
Uncalled bet ($1.62) returned to whitecillar3
whitecillar3 collected $5.22 from pot
*** SUMMARY ***
Total pot $5.50 | Rake $0.28 
Board [3c 4s 4h]
Seat 3: Aescul@pius (small blind) folded before Flop
Seat 4: ddyyjj (big blind) folded on the Flop
Seat 5: blistein folded before Flop (didn't bet)
Seat 6: whitecillar3 (button) collected ($5.22)



PokerStars Hand #254399383026:  Hold'em No Limit ($0.50/$1.00 USD) - 2025/01/16 16:24:00 WET [2025/01/16 11:24:00 ET]
Table 'Ella III' 6-max Seat #3 is the button
Seat 5: blistein ($101 in chips) is sitting out
Seat 3: Aescul@pius ($103.50 in chips) 
Seat 4: ddyyjj ($97.50 in chips) 
Seat 6: whitecillar3 ($104 in chips) 
ddyyjj: posts small blind $0.50
blistein: is sitting out 
whitecillar3: posts big blind $1
*** HOLE CARDS ***
blistein leaves the table
Aescul@pius: raises $1.50 to $2.50
ddyyjj: folds 
whitecillar3: folds 
Uncalled bet ($1.50) returned to Aescul@pius
Aescul@pius collected $2.50 from pot
Aescul@pius: doesn't show hand 
*** SUMMARY ***
Total pot $2.50 | Rake $0 
Seat 5: blistein
Seat 3: Aescul@pius (button) collected ($2.50)
Seat 4: ddyyjj (small blind) folded before Flop
Seat 6: whitecillar3 (big blind) folded before Flop



PokerStars Hand #254399385867:  Hold'em No Limit ($0.50/$1.00 USD) - 2025/01/16 16:24:13 WET [2025/01/16 11:24:13 ET]
Table 'Ella III' 6-max Seat #4 is the button
Seat 3: Aescul@pius ($105 in chips) 
Seat 4: ddyyjj ($97 in chips) 
Seat 6: whitecillar3 ($103 in chips) 
whitecillar3: posts small blind $0.50
Aescul@pius: posts big blind $1
*** HOLE CARDS ***
ddyyjj: folds 
whitecillar3: folds 
Uncalled bet ($0.50) returned to Aescul@pius
Aescul@pius collected $1 from pot
Aescul@pius: doesn't show hand 
AIien Hand joins the table at seat #1 
*** SUMMARY ***
Total pot $1 | Rake $0 
Seat 3: Aescul@pius (big blind) collected ($1)
Seat 4: ddyyjj (button) folded before Flop (didn't bet)
Seat 6: whitecillar3 (small blind) folded before Flop



PokerStars Hand #254399387822:  Hold'em No Limit ($0.50/$1.00 USD) - 2025/01/16 16:24:21 WET [2025/01/16 11:24:21 ET]
Table 'Ella III' 6-max Seat #6 is the button
Seat 1: AIien Hand ($100 in chips) is sitting out
Seat 3: Aescul@pius ($105.50 in chips) 
Seat 4: ddyyjj ($97 in chips) 
Seat 6: whitecillar3 ($102.50 in chips) 
Aescul@pius: posts small blind $0.50
ddyyjj: posts big blind $1
*** HOLE CARDS ***
whitecillar3: folds 
Aescul@pius: raises $2 to $3
ddyyjj: calls $2
*** FLOP *** [Jd Qd 2h]
Aescul@pius: checks 
ddyyjj: bets $2.57
Aescul@pius: calls $2.57
*** TURN *** [Jd Qd 2h] [Qh]
Aescul@pius: checks 
ddyyjj: checks 
*** RIVER *** [Jd Qd 2h Qh] [As]
Aescul@pius: checks 
ddyyjj: checks 
*** SHOW DOWN ***
Aescul@pius: shows [Jc Kh] (two pair, Queens and Jacks)
ddyyjj: mucks hand 
Aescul@pius collected $10.58 from pot
*** SUMMARY ***
Total pot $11.14 | Rake $0.56 
Board [Jd Qd 2h Qh As]
Seat 1: AIien Hand
Seat 3: Aescul@pius (small blind) showed [Jc Kh] and won ($10.58) with two pair, Queens and Jacks
Seat 4: ddyyjj (big blind) mucked
Seat 6: whitecillar3 (button) folded before Flop (didn't bet)



PokerStars Hand #254399400031:  Hold'em No Limit ($0.50/$1.00 USD) - 2025/01/16 16:25:16 WET [2025/01/16 11:25:16 ET]
Table 'Ella III' 6-max Seat #3 is the button
Seat 1: AIien Hand ($100 in chips) is sitting out
Seat 3: Aescul@pius ($110.51 in chips) 
Seat 4: ddyyjj ($91.43 in chips) 
Seat 6: whitecillar3 ($102.50 in chips) 
ddyyjj: posts small blind $0.50
whitecillar3: posts big blind $1
AIien Hand: sits out 
*** HOLE CARDS ***
Aescul@pius: raises $1.50 to $2.50
ddyyjj: folds 
whitecillar3: folds 
Uncalled bet ($1.50) returned to Aescul@pius
Aescul@pius collected $2.50 from pot
Aescul@pius: doesn't show hand 
*** SUMMARY ***
Total pot $2.50 | Rake $0 
Seat 1: AIien Hand
Seat 3: Aescul@pius (button) collected ($2.50)
Seat 4: ddyyjj (small blind) folded before Flop
Seat 6: whitecillar3 (big blind) folded before Flop



PokerStars Hand #254399403743:  Hold'em No Limit ($0.50/$1.00 USD) - 2025/01/16 16:25:32 WET [2025/01/16 11:25:32 ET]
Table 'Ella III' 6-max Seat #4 is the button
Seat 1: AIien Hand ($100 in chips) 
Seat 3: Aescul@pius ($112.01 in chips) 
Seat 4: ddyyjj ($90.93 in chips) 
Seat 6: whitecillar3 ($101.50 in chips) 
whitecillar3: posts small blind $0.50
AIien Hand: posts big blind $1
*** HOLE CARDS ***
Aescul@pius: raises $1.20 to $2.20
ddyyjj: raises $4.80 to $7
whitecillar3: folds 
AIien Hand: folds 
Aescul@pius: raises $14 to $21
ddyyjj: calls $14
*** FLOP *** [2c Kc 5s]
Aescul@pius: bets $10.63
ddyyjj: raises $20.37 to $31
Aescul@pius: calls $20.37
*** TURN *** [2c Kc 5s] [Ah]
Aescul@pius: checks 
ddyyjj: checks 
*** RIVER *** [2c Kc 5s Ah] [9h]
BGS013 joins the table at seat #5 
Aescul@pius: bets $60.01 and is all-in
ddyyjj: folds 
Uncalled bet ($60.01) returned to Aescul@pius
Aescul@pius collected $104.50 from pot
Aescul@pius: doesn't show hand 
*** SUMMARY ***
Total pot $105.50 | Rake $1 
Board [2c Kc 5s Ah 9h]
Seat 1: AIien Hand (big blind) folded before Flop
Seat 3: Aescul@pius collected ($104.50)
Seat 4: ddyyjj (button) folded on the River
Seat 6: whitecillar3 (small blind) folded before Flop



PokerStars Hand #254399421824:  Hold'em No Limit ($0.50/$1.00 USD) - 2025/01/16 16:26:53 WET [2025/01/16 11:26:53 ET]
Table 'Ella III' 6-max Seat #6 is the button
Seat 5: BGS013 ($100 in chips) is sitting out
Seat 1: AIien Hand ($100 in chips) 
Seat 3: Aescul@pius ($164.51 in chips) 
Seat 4: ddyyjj ($100 in chips) 
Seat 6: whitecillar3 ($101 in chips) 
AIien Hand: posts small blind $0.50
Aescul@pius: posts big blind $1
BGS013: sits out 
*** HOLE CARDS ***
ddyyjj: folds 
whitecillar3: raises $1.50 to $2.50
AIien Hand: folds 
Aescul@pius: folds 
Uncalled bet ($1.50) returned to whitecillar3
whitecillar3 collected $2.50 from pot
*** SUMMARY ***
Total pot $2.50 | Rake $0 
Seat 5: BGS013
Seat 1: AIien Hand (small blind) folded before Flop
Seat 3: Aescul@pius (big blind) folded before Flop
Seat 4: ddyyjj folded before Flop (didn't bet)
Seat 6: whitecillar3 (button) collected ($2.50)



PokerStars Hand #254399425570:  Hold'em No Limit ($0.50/$1.00 USD) - 2025/01/16 16:27:09 WET [2025/01/16 11:27:09 ET]
Table 'Ella III' 6-max Seat #1 is the button
Seat 5: BGS013 ($100 in chips) is sitting out
Seat 1: AIien Hand ($100 in chips) 
Seat 3: Aescul@pius ($163.51 in chips) 
Seat 4: ddyyjj ($100 in chips) 
Seat 6: whitecillar3 ($102.50 in chips) 
Aescul@pius: posts small blind $0.50
ddyyjj: posts big blind $1
BGS013: sits out 
*** HOLE CARDS ***
whitecillar3: raises $1.50 to $2.50
AIien Hand: raises $5 to $7.50
Aescul@pius: folds 
ddyyjj: raises $18 to $25.50
whitecillar3: folds 
AIien Hand: folds 
Uncalled bet ($18) returned to ddyyjj
ddyyjj collected $18 from pot
ddyyjj: doesn't show hand 
*** SUMMARY ***
Total pot $18 | Rake $0 
Seat 5: BGS013
Seat 1: AIien Hand (button) folded before Flop
Seat 3: Aescul@pius (small blind) folded before Flop
Seat 4: ddyyjj (big blind) collected ($18)
Seat 6: whitecillar3 folded before Flop



PokerStars Hand #254399434647:  Hold'em No Limit ($0.50/$1.00 USD) - 2025/01/16 16:27:49 WET [2025/01/16 11:27:49 ET]
Table 'Ella III' 6-max Seat #3 is the button
Seat 1: AIien Hand ($100 in chips) 
Seat 3: Aescul@pius ($163.01 in chips) 
Seat 4: ddyyjj ($110.50 in chips) 
Seat 5: BGS013 ($100 in chips) 
Seat 6: whitecillar3 ($100 in chips) 
ddyyjj: posts small blind $0.50
BGS013: posts big blind $1
*** HOLE CARDS ***
whitecillar3: folds 
AIien Hand: folds 
Aescul@pius: raises $1.50 to $2.50
ddyyjj: folds 
BGS013: calls $1.50
*** FLOP *** [Ah 3c 9c]
BGS013: checks 
Aescul@pius: checks 
*** TURN *** [Ah 3c 9c] [6h]
BGS013: bets $7.50
Aescul@pius: folds 
Uncalled bet ($7.50) returned to BGS013
BGS013 collected $5.22 from pot
BGS013: doesn't show hand 
*** SUMMARY ***
Total pot $5.50 | Rake $0.28 
Board [Ah 3c 9c 6h]
Seat 1: AIien Hand folded before Flop (didn't bet)
Seat 3: Aescul@pius (button) folded on the Turn
Seat 4: ddyyjj (small blind) folded before Flop
Seat 5: BGS013 (big blind) collected ($5.22)
Seat 6: whitecillar3 folded before Flop (didn't bet)



PokerStars Hand #254399448422:  Hold'em No Limit ($0.50/$1.00 USD) - 2025/01/16 16:28:50 WET [2025/01/16 11:28:50 ET]
Table 'Ella III' 6-max Seat #4 is the button
Seat 1: AIien Hand ($100 in chips) 
Seat 3: Aescul@pius ($160.51 in chips) 
Seat 4: ddyyjj ($110 in chips) 
Seat 6: whitecillar3 ($100 in chips) 
whitecillar3: posts small blind $0.50
AIien Hand: posts big blind $1
*** HOLE CARDS ***
Aescul@pius: raises $1.20 to $2.20
ddyyjj: folds 
whitecillar3: folds 
AIien Hand: folds 
Uncalled bet ($1.20) returned to Aescul@pius
Aescul@pius collected $2.50 from pot
Aescul@pius: doesn't show hand 
*** SUMMARY ***
Total pot $2.50 | Rake $0 
Seat 1: AIien Hand (big blind) folded before Flop
Seat 3: Aescul@pius collected ($2.50)
Seat 4: ddyyjj (button) folded before Flop (didn't bet)
Seat 6: whitecillar3 (small blind) folded before Flop



PokerStars Hand #254399454186:  Hold'em No Limit ($0.50/$1.00 USD) - 2025/01/16 16:29:15 WET [2025/01/16 11:29:15 ET]
Table 'Ella III' 6-max Seat #6 is the button
Seat 1: AIien Hand ($100 in chips) 
Seat 3: Aescul@pius ($162.01 in chips) 
Seat 4: ddyyjj ($110 in chips) 
Seat 6: whitecillar3 ($99.50 in chips) 
AIien Hand: posts small blind $0.50
Aescul@pius: posts big blind $1
*** HOLE CARDS ***
ddyyjj: raises $1.50 to $2.50
whitecillar3: folds 
AIien Hand: folds 
Aescul@pius: folds 
Uncalled bet ($1.50) returned to ddyyjj
ddyyjj collected $2.50 from pot
ddyyjj: doesn't show hand 
*** SUMMARY ***
Total pot $2.50 | Rake $0 
Seat 1: AIien Hand (small blind) folded before Flop
Seat 3: Aescul@pius (big blind) folded before Flop
Seat 4: ddyyjj collected ($2.50)
Seat 6: whitecillar3 (button) folded before Flop (didn't bet)



PokerStars Hand #254399457888:  Hold'em No Limit ($0.50/$1.00 USD) - 2025/01/16 16:29:32 WET [2025/01/16 11:29:32 ET]
Table 'Ella III' 6-max Seat #1 is the button
Seat 1: AIien Hand ($100 in chips) 
Seat 3: Aescul@pius ($161.01 in chips) 
Seat 4: ddyyjj ($111.50 in chips) 
Seat 6: whitecillar3 ($99.50 in chips) 
Aescul@pius: posts small blind $0.50
ddyyjj: posts big blind $1
*** HOLE CARDS ***
whitecillar3: folds 
AIien Hand: folds 
Aescul@pius: raises $2 to $3
ddyyjj: calls $2
*** FLOP *** [Qc 8h 7c]
Aescul@pius: checks 
ddyyjj: bets $2.57
Aescul@pius: folds 
Uncalled bet ($2.57) returned to ddyyjj
ddyyjj collected $5.70 from pot
ddyyjj: doesn't show hand 
*** SUMMARY ***
Total pot $6 | Rake $0.30 
Board [Qc 8h 7c]
Seat 1: AIien Hand (button) folded before Flop (didn't bet)
Seat 3: Aescul@pius (small blind) folded on the Flop
Seat 4: ddyyjj (big blind) collected ($5.70)
Seat 6: whitecillar3 folded before Flop (didn't bet)



PokerStars Hand #254399465908:  Hold'em No Limit ($0.50/$1.00 USD) - 2025/01/16 16:30:06 WET [2025/01/16 11:30:06 ET]
Table 'Ella III' 6-max Seat #3 is the button
Seat 1: AIien Hand ($100 in chips) 
Seat 3: Aescul@pius ($158.01 in chips) 
Seat 4: ddyyjj ($114.20 in chips) 
Seat 6: whitecillar3 ($99.50 in chips) 
ddyyjj: posts small blind $0.50
whitecillar3: posts big blind $1
*** HOLE CARDS ***
AIien Hand: folds 
Aescul@pius: folds 
ddyyjj: folds 
Uncalled bet ($0.50) returned to whitecillar3
whitecillar3 collected $1 from pot
*** SUMMARY ***
Total pot $1 | Rake $0 
Seat 1: AIien Hand folded before Flop (didn't bet)
Seat 3: Aescul@pius (button) folded before Flop (didn't bet)
Seat 4: ddyyjj (small blind) folded before Flop
Seat 6: whitecillar3 (big blind) collected ($1)



PokerStars Hand #254399468097:  Hold'em No Limit ($0.50/$1.00 USD) - 2025/01/16 16:30:15 WET [2025/01/16 11:30:15 ET]
Table 'Ella III' 6-max Seat #4 is the button
Seat 1: AIien Hand ($100 in chips) 
Seat 3: Aescul@pius ($158.01 in chips) 
Seat 4: ddyyjj ($113.70 in chips) 
Seat 6: whitecillar3 ($100 in chips) 
whitecillar3: posts small blind $0.50
AIien Hand: posts big blind $1
*** HOLE CARDS ***
Aescul@pius: raises $1.20 to $2.20
ddyyjj: folds 
whitecillar3: folds 
AIien Hand: folds 
Uncalled bet ($1.20) returned to Aescul@pius
Aescul@pius collected $2.50 from pot
Aescul@pius: doesn't show hand 
*** SUMMARY ***
Total pot $2.50 | Rake $0 
Seat 1: AIien Hand (big blind) folded before Flop
Seat 3: Aescul@pius collected ($2.50)
Seat 4: ddyyjj (button) folded before Flop (didn't bet)
Seat 6: whitecillar3 (small blind) folded before Flop



PokerStars Hand #254399470654:  Hold'em No Limit ($0.50/$1.00 USD) - 2025/01/16 16:30:27 WET [2025/01/16 11:30:27 ET]
Table 'Ella III' 6-max Seat #6 is the button
Seat 1: AIien Hand ($100 in chips) 
Seat 3: Aescul@pius ($159.51 in chips) 
Seat 4: ddyyjj ($113.70 in chips) 
Seat 6: whitecillar3 ($99.50 in chips) 
AIien Hand: posts small blind $0.50
Aescul@pius: posts big blind $1
*** HOLE CARDS ***
ddyyjj: raises $1.50 to $2.50
whitecillar3: folds 
AIien Hand: folds 
BGS013 joins the table at seat #5 
blistein joins the table at seat #2 
Aescul@pius: folds 
Uncalled bet ($1.50) returned to ddyyjj
ddyyjj collected $2.50 from pot
ddyyjj: doesn't show hand 
*** SUMMARY ***
Total pot $2.50 | Rake $0 
Seat 1: AIien Hand (small blind) folded before Flop
Seat 3: Aescul@pius (big blind) folded before Flop
Seat 4: ddyyjj collected ($2.50)
Seat 6: whitecillar3 (button) folded before Flop (didn't bet)



PokerStars Hand #254399475810:  Hold'em No Limit ($0.50/$1.00 USD) - 2025/01/16 16:30:49 WET [2025/01/16 11:30:49 ET]
Table 'Ella III' 6-max Seat #1 is the button
Seat 2: blistein ($101 in chips) is sitting out
Seat 5: BGS013 ($102.72 in chips) is sitting out
Seat 1: AIien Hand ($100 in chips) 
Seat 3: Aescul@pius ($158.51 in chips) 
Seat 4: ddyyjj ($115.20 in chips) 
Seat 6: whitecillar3 ($99.50 in chips) 
Aescul@pius: posts small blind $0.50
ddyyjj: posts big blind $1
BGS013: sits out 
*** HOLE CARDS ***
whitecillar3: folds 
AIien Hand: raises $1.50 to $2.50
Aescul@pius: folds 
ddyyjj: calls $1.50
*** FLOP *** [Ad Qs 3s]
ddyyjj: checks 
AIien Hand: bets $7.52
ddyyjj: folds 
Uncalled bet ($7.52) returned to AIien Hand
AIien Hand collected $5.22 from pot
AIien Hand: doesn't show hand 
*** SUMMARY ***
Total pot $5.50 | Rake $0.28 
Board [Ad Qs 3s]
Seat 2: blistein
Seat 5: BGS013
Seat 1: AIien Hand (button) collected ($5.22)
Seat 3: Aescul@pius (small blind) folded before Flop
Seat 4: ddyyjj (big blind) folded on the Flop
Seat 6: whitecillar3 folded before Flop (didn't bet)



PokerStars Hand #254399483682:  Hold'em No Limit ($0.50/$1.00 USD) - 2025/01/16 16:31:24 WET [2025/01/16 11:31:24 ET]
Table 'Ella III' 6-max Seat #3 is the button
Seat 2: blistein ($101 in chips) is sitting out
Seat 1: AIien Hand ($102.72 in chips) 
Seat 3: Aescul@pius ($158.01 in chips) 
Seat 4: ddyyjj ($112.70 in chips) 
Seat 5: BGS013 ($102.72 in chips) 
Seat 6: whitecillar3 ($99.50 in chips) 
ddyyjj: posts small blind $0.50
BGS013: posts big blind $1
blistein: sits out 
*** HOLE CARDS ***
whitecillar3: folds 
AIien Hand: folds 
Aescul@pius: folds 
ddyyjj: raises $2 to $3
BGS013: calls $2
*** FLOP *** [2h 7d 6d]
ddyyjj: checks 
BGS013: bets $1.48
ddyyjj: calls $1.48
*** TURN *** [2h 7d 6d] [3c]
ddyyjj: checks 
BGS013: checks 
*** RIVER *** [2h 7d 6d 3c] [2d]
ddyyjj: checks 
BGS013: checks 
*** SHOW DOWN ***
ddyyjj: shows [7s 8d] (two pair, Sevens and Deuces)
BGS013: mucks hand 
ddyyjj collected $8.51 from pot
*** SUMMARY ***
Total pot $8.96 | Rake $0.45 
Board [2h 7d 6d 3c 2d]
Seat 2: blistein
Seat 1: AIien Hand folded before Flop (didn't bet)
Seat 3: Aescul@pius (button) folded before Flop (didn't bet)
Seat 4: ddyyjj (small blind) showed [7s 8d] and won ($8.51) with two pair, Sevens and Deuces
Seat 5: BGS013 (big blind) mucked
Seat 6: whitecillar3 folded before Flop (didn't bet)



PokerStars Hand #254399493769:  Hold'em No Limit ($0.50/$1.00 USD) - 2025/01/16 16:32:08 WET [2025/01/16 11:32:08 ET]
Table 'Ella III' 6-max Seat #4 is the button
Seat 2: blistein ($101 in chips) is sitting out
Seat 1: AIien Hand ($102.72 in chips) 
Seat 3: Aescul@pius ($158.01 in chips) 
Seat 4: ddyyjj ($116.73 in chips) 
Seat 5: BGS013 ($100 in chips) 
Seat 6: whitecillar3 ($99.50 in chips) 
BGS013: posts small blind $0.50
whitecillar3: posts big blind $1
blistein: sits out 
*** HOLE CARDS ***
AIien Hand: folds 
Aescul@pius: raises $1.20 to $2.20
ddyyjj: folds 
BGS013: folds 
whitecillar3: calls $1.20
*** FLOP *** [7c 2s Jc]
whitecillar3: checks 
Aescul@pius: bets $1.54
whitecillar3: calls $1.54
*** TURN *** [7c 2s Jc] [Jd]
whitecillar3: checks 
Aescul@pius: checks 
*** RIVER *** [7c 2s Jc Jd] [8h]
whitecillar3: bets $5.76
Aescul@pius: folds 
Uncalled bet ($5.76) returned to whitecillar3
whitecillar3 collected $7.58 from pot
*** SUMMARY ***
Total pot $7.98 | Rake $0.40 
Board [7c 2s Jc Jd 8h]
Seat 2: blistein
Seat 1: AIien Hand folded before Flop (didn't bet)
Seat 3: Aescul@pius folded on the River
Seat 4: ddyyjj (button) folded before Flop (didn't bet)
Seat 5: BGS013 (small blind) folded before Flop
Seat 6: whitecillar3 (big blind) collected ($7.58)



PokerStars Hand #254399510518:  Hold'em No Limit ($0.50/$1.00 USD) - 2025/01/16 16:33:21 WET [2025/01/16 11:33:21 ET]
Table 'Ella III' 6-max Seat #5 is the button
Seat 2: blistein ($101 in chips) is sitting out
Seat 1: AIien Hand ($102.72 in chips) 
Seat 3: Aescul@pius ($154.27 in chips) 
Seat 4: ddyyjj ($116.73 in chips) 
Seat 5: BGS013 ($100 in chips) 
Seat 6: whitecillar3 ($103.34 in chips) 
whitecillar3: posts small blind $0.50
AIien Hand: posts big blind $1
blistein: sits out 
*** HOLE CARDS ***
Aescul@pius: folds 
ddyyjj: folds 
BGS013: folds 
whitecillar3: folds 
Uncalled bet ($0.50) returned to AIien Hand
AIien Hand collected $1 from pot
AIien Hand: doesn't show hand 
*** SUMMARY ***
Total pot $1 | Rake $0 
Seat 2: blistein
Seat 1: AIien Hand (big blind) collected ($1)
Seat 3: Aescul@pius folded before Flop (didn't bet)
Seat 4: ddyyjj folded before Flop (didn't bet)
Seat 5: BGS013 (button) folded before Flop (didn't bet)
Seat 6: whitecillar3 (small blind) folded before Flop



PokerStars Hand #254399514001:  Hold'em No Limit ($0.50/$1.00 USD) - 2025/01/16 16:33:36 WET [2025/01/16 11:33:36 ET]
Table 'Ella III' 6-max Seat #6 is the button
Seat 1: AIien Hand ($103.22 in chips) 
Seat 2: blistein ($101 in chips) 
Seat 3: Aescul@pius ($154.27 in chips) 
Seat 4: ddyyjj ($116.73 in chips) 
Seat 5: BGS013 ($100 in chips) 
Seat 6: whitecillar3 ($102.84 in chips) 
AIien Hand: posts small blind $0.50
blistein: posts big blind $1
*** HOLE CARDS ***
Aescul@pius: folds 
ddyyjj: raises $1.50 to $2.50
BGS013: folds 
whitecillar3: folds 
AIien Hand: folds 
blistein: folds 
Uncalled bet ($1.50) returned to ddyyjj
ddyyjj collected $2.50 from pot
ddyyjj: doesn't show hand 
*** SUMMARY ***
Total pot $2.50 | Rake $0 
Seat 1: AIien Hand (small blind) folded before Flop
Seat 2: blistein (big blind) folded before Flop
Seat 3: Aescul@pius folded before Flop (didn't bet)
Seat 4: ddyyjj collected ($2.50)
Seat 5: BGS013 folded before Flop (didn't bet)
Seat 6: whitecillar3 (button) folded before Flop (didn't bet)



PokerStars Hand #254399518008:  Hold'em No Limit ($0.50/$1.00 USD) - 2025/01/16 16:33:54 WET [2025/01/16 11:33:54 ET]
Table 'Ella III' 6-max Seat #1 is the button
Seat 1: AIien Hand ($102.72 in chips) 
Seat 2: blistein ($100 in chips) 
Seat 3: Aescul@pius ($154.27 in chips) 
Seat 4: ddyyjj ($118.23 in chips) 
Seat 5: BGS013 ($100 in chips) 
Seat 6: whitecillar3 ($102.84 in chips) 
blistein: posts small blind $0.50
Aescul@pius: posts big blind $1
*** HOLE CARDS ***
ddyyjj: folds 
BGS013: folds 
whitecillar3: raises $1.50 to $2.50
AIien Hand: raises $5 to $7.50
blistein: folds 
Aescul@pius: folds 
whitecillar3: raises $15.50 to $23
AIien Hand: folds 
Uncalled bet ($15.50) returned to whitecillar3
whitecillar3 collected $16.50 from pot
*** SUMMARY ***
Total pot $16.50 | Rake $0 
Seat 1: AIien Hand (button) folded before Flop
Seat 2: blistein (small blind) folded before Flop
Seat 3: Aescul@pius (big blind) folded before Flop
Seat 4: ddyyjj folded before Flop (didn't bet)
Seat 5: BGS013 folded before Flop (didn't bet)
Seat 6: whitecillar3 collected ($16.50)



PokerStars Hand #254399524644:  Hold'em No Limit ($0.50/$1.00 USD) - 2025/01/16 16:34:23 WET [2025/01/16 11:34:23 ET]
Table 'Ella III' 6-max Seat #2 is the button
Seat 1: AIien Hand ($100 in chips) 
Seat 2: blistein ($100 in chips) 
Seat 3: Aescul@pius ($153.27 in chips) 
Seat 4: ddyyjj ($118.23 in chips) 
Seat 5: BGS013 ($100 in chips) 
Seat 6: whitecillar3 ($111.84 in chips) 
Aescul@pius: posts small blind $0.50
ddyyjj: posts big blind $1
*** HOLE CARDS ***
BGS013: folds 
whitecillar3: folds 
AIien Hand: folds 
blistein: folds 
Aescul@pius: raises $2 to $3
ddyyjj: folds 
Uncalled bet ($2) returned to Aescul@pius
Aescul@pius collected $2 from pot
Aescul@pius: doesn't show hand 
*** SUMMARY ***
Total pot $2 | Rake $0 
Seat 1: AIien Hand folded before Flop (didn't bet)
Seat 2: blistein (button) folded before Flop (didn't bet)
Seat 3: Aescul@pius (small blind) collected ($2)
Seat 4: ddyyjj (big blind) folded before Flop
Seat 5: BGS013 folded before Flop (didn't bet)
Seat 6: whitecillar3 folded before Flop (didn't bet)



PokerStars Hand #254399528164:  Hold'em No Limit ($0.50/$1.00 USD) - 2025/01/16 16:34:38 WET [2025/01/16 11:34:38 ET]
Table 'Ella III' 6-max Seat #3 is the button
Seat 1: AIien Hand ($100 in chips) 
Seat 2: blistein ($100 in chips) 
Seat 3: Aescul@pius ($154.27 in chips) 
Seat 4: ddyyjj ($117.23 in chips) 
Seat 5: BGS013 ($100 in chips) 
Seat 6: whitecillar3 ($111.84 in chips) 
ddyyjj: posts small blind $0.50
BGS013: posts big blind $1
*** HOLE CARDS ***
whitecillar3: folds 
AIien Hand: folds 
blistein: raises $1.30 to $2.30
Aescul@pius: folds 
ddyyjj: folds 
BGS013: calls $1.30
*** FLOP *** [9d 8s Ad]
BGS013: checks 
blistein: bets $2.42
BGS013: folds 
Uncalled bet ($2.42) returned to blistein
blistein collected $4.84 from pot
blistein: doesn't show hand 
*** SUMMARY ***
Total pot $5.10 | Rake $0.26 
Board [9d 8s Ad]
Seat 1: AIien Hand folded before Flop (didn't bet)
Seat 2: blistein collected ($4.84)
Seat 3: Aescul@pius (button) folded before Flop (didn't bet)
Seat 4: ddyyjj (small blind) folded before Flop
Seat 5: BGS013 (big blind) folded on the Flop
Seat 6: whitecillar3 folded before Flop (didn't bet)



PokerStars Hand #254399537884:  Hold'em No Limit ($0.50/$1.00 USD) - 2025/01/16 16:35:20 WET [2025/01/16 11:35:20 ET]
Table 'Ella III' 6-max Seat #4 is the button
Seat 1: AIien Hand ($100 in chips) 
Seat 2: blistein ($102.54 in chips) 
Seat 3: Aescul@pius ($154.27 in chips) 
Seat 4: ddyyjj ($116.73 in chips) 
Seat 5: BGS013 ($100 in chips) 
Seat 6: whitecillar3 ($111.84 in chips) 
BGS013: posts small blind $0.50
whitecillar3: posts big blind $1
*** HOLE CARDS ***
AIien Hand: folds 
blistein: raises $1.20 to $2.20
Aescul@pius: folds 
ddyyjj: folds 
BGS013: raises $8.80 to $11
whitecillar3: folds 
blistein: folds 
Uncalled bet ($8.80) returned to BGS013
BGS013 collected $5.40 from pot
BGS013: doesn't show hand 
*** SUMMARY ***
Total pot $5.40 | Rake $0 
Seat 1: AIien Hand folded before Flop (didn't bet)
Seat 2: blistein folded before Flop
Seat 3: Aescul@pius folded before Flop (didn't bet)
Seat 4: ddyyjj (button) folded before Flop (didn't bet)
Seat 5: BGS013 (small blind) collected ($5.40)
Seat 6: whitecillar3 (big blind) folded before Flop



PokerStars Hand #254399542620:  Hold'em No Limit ($0.50/$1.00 USD) - 2025/01/16 16:35:40 WET [2025/01/16 11:35:40 ET]
Table 'Ella III' 6-max Seat #5 is the button
Seat 1: AIien Hand ($100 in chips) 
Seat 2: blistein ($100.34 in chips) 
Seat 3: Aescul@pius ($154.27 in chips) 
Seat 4: ddyyjj ($116.73 in chips) 
Seat 5: BGS013 ($103.20 in chips) 
Seat 6: whitecillar3 ($110.84 in chips) 
whitecillar3: posts small blind $0.50
AIien Hand: posts big blind $1
*** HOLE CARDS ***
blistein: folds 
blistein leaves the table
Aescul@pius: raises $1.20 to $2.20
ddyyjj: folds 
BGS013: raises $5.80 to $8
whitecillar3: folds 
AIien Hand: folds 
Aescul@pius: folds 
Uncalled bet ($5.80) returned to BGS013
BGS013 collected $5.90 from pot
BGS013: doesn't show hand 
*** SUMMARY ***
Total pot $5.90 | Rake $0 
Seat 1: AIien Hand (big blind) folded before Flop
Seat 2: blistein folded before Flop (didn't bet)
Seat 3: Aescul@pius folded before Flop
Seat 4: ddyyjj folded before Flop (didn't bet)
Seat 5: BGS013 (button) collected ($5.90)
Seat 6: whitecillar3 (small blind) folded before Flop



PokerStars Hand #254399551206:  Hold'em No Limit ($0.50/$1.00 USD) - 2025/01/16 16:36:17 WET [2025/01/16 11:36:17 ET]
Table 'Ella III' 6-max Seat #6 is the button
Seat 1: AIien Hand ($100 in chips) 
Seat 3: Aescul@pius ($152.07 in chips) 
Seat 4: ddyyjj ($116.73 in chips) 
Seat 5: BGS013 ($106.90 in chips) 
Seat 6: whitecillar3 ($110.34 in chips) 
AIien Hand: posts small blind $0.50
Aescul@pius: posts big blind $1
*** HOLE CARDS ***
ddyyjj: folds 
BGS013: folds 
whitecillar3: folds 
AIien Hand: raises $2 to $3
Aescul@pius: folds 
Uncalled bet ($2) returned to AIien Hand
AIien Hand collected $2 from pot
AIien Hand: doesn't show hand 
*** SUMMARY ***
Total pot $2 | Rake $0 
Seat 1: AIien Hand (small blind) collected ($2)
Seat 3: Aescul@pius (big blind) folded before Flop
Seat 4: ddyyjj folded before Flop (didn't bet)
Seat 5: BGS013 folded before Flop (didn't bet)
Seat 6: whitecillar3 (button) folded before Flop (didn't bet)



PokerStars Hand #254399554587:  Hold'em No Limit ($0.50/$1.00 USD) - 2025/01/16 16:36:31 WET [2025/01/16 11:36:31 ET]
Table 'Ella III' 6-max Seat #1 is the button
Seat 1: AIien Hand ($101 in chips) 
Seat 3: Aescul@pius ($151.07 in chips) 
Seat 4: ddyyjj ($116.73 in chips) 
Seat 5: BGS013 ($106.90 in chips) 
Seat 6: whitecillar3 ($110.34 in chips) 
Aescul@pius: posts small blind $0.50
ddyyjj: posts big blind $1
*** HOLE CARDS ***
BGS013: folds 
whitecillar3: folds 
AIien Hand: folds 
Aescul@pius: raises $2 to $3
ddyyjj: folds 
Uncalled bet ($2) returned to Aescul@pius
dpd1964 joins the table at seat #2 
dpd1964 is disconnected 
Aescul@pius collected $2 from pot
Aescul@pius: doesn't show hand 
*** SUMMARY ***
Total pot $2 | Rake $0 
Seat 1: AIien Hand (button) folded before Flop (didn't bet)
Seat 3: Aescul@pius (small blind) collected ($2)
Seat 4: ddyyjj (big blind) folded before Flop
Seat 5: BGS013 folded before Flop (didn't bet)
Seat 6: whitecillar3 folded before Flop (didn't bet)



PokerStars Hand #254399558442:  Hold'em No Limit ($0.50/$1.00 USD) - 2025/01/16 16:36:48 WET [2025/01/16 11:36:48 ET]
Table 'Ella III' 6-max Seat #3 is the button
Seat 2: dpd1964 ($100 in chips) is sitting out
Seat 1: AIien Hand ($101 in chips) 
Seat 3: Aescul@pius ($152.07 in chips) 
Seat 4: ddyyjj ($115.73 in chips) 
Seat 5: BGS013 ($106.90 in chips) 
Seat 6: whitecillar3 ($110.34 in chips) 
ddyyjj: posts small blind $0.50
BGS013: posts big blind $1
dpd1964: sits out 
*** HOLE CARDS ***
whitecillar3: folds 
AIien Hand: folds 
Aescul@pius: raises $1.50 to $2.50
ddyyjj: raises $7.50 to $10
BGS013: folds 
Aescul@pius: calls $7.50
*** FLOP *** [2s 7c Qd]
ddyyjj: bets $12.97
Aescul@pius: calls $12.97
*** TURN *** [2s 7c Qd] [6c]
ddyyjj: bets $28.98
Aescul@pius: calls $28.98
*** RIVER *** [2s 7c Qd 6c] [7s]
ddyyjj: checks 
Aescul@pius: checks 
*** SHOW DOWN ***
ddyyjj: shows [Kd Jc] (a pair of Sevens)
Aescul@pius: shows [8h 8d] (two pair, Eights and Sevens)
Aescul@pius collected $102.40 from pot
*** SUMMARY ***
Total pot $104.90 | Rake $2.50 
Board [2s 7c Qd 6c 7s]
Seat 2: dpd1964
Seat 1: AIien Hand folded before Flop (didn't bet)
Seat 3: Aescul@pius (button) showed [8h 8d] and won ($102.40) with two pair, Eights and Sevens
Seat 4: ddyyjj (small blind) showed [Kd Jc] and lost with a pair of Sevens
Seat 5: BGS013 (big blind) folded before Flop
Seat 6: whitecillar3 folded before Flop (didn't bet)



PokerStars Hand #254399574547:  Hold'em No Limit ($0.50/$1.00 USD) - 2025/01/16 16:37:58 WET [2025/01/16 11:37:58 ET]
Table 'Ella III' 6-max Seat #4 is the button
Seat 1: AIien Hand ($101 in chips) 
Seat 2: dpd1964 ($100 in chips) 
Seat 3: Aescul@pius ($202.52 in chips) 
Seat 4: ddyyjj ($100 in chips) 
Seat 5: BGS013 ($105.90 in chips) 
Seat 6: whitecillar3 ($110.34 in chips) 
BGS013: posts small blind $0.50
whitecillar3: posts big blind $1
dpd1964: posts big blind $1
*** HOLE CARDS ***
AIien Hand: raises $2 to $3
dpd1964: calls $2
Aescul@pius: folds 
ddyyjj: folds 
BGS013: folds 
whitecillar3: folds 
*** FLOP *** [9h Ts 3s]
AIien Hand: bets $2.14
dpd1964: calls $2.14
*** TURN *** [9h Ts 3s] [7d]
AIien Hand: bets $3.36
dpd1964: calls $3.36
*** RIVER *** [9h Ts 3s 7d] [Th]
AIien Hand: checks 
dpd1964: bets $9
AIien Hand: calls $9
*** SHOW DOWN ***
dpd1964: shows [Ac Tc] (three of a kind, Tens)
AIien Hand: mucks hand 
dpd1964 collected $34.68 from pot
*** SUMMARY ***
Total pot $36.50 | Rake $1.82 
Board [9h Ts 3s 7d Th]
Seat 1: AIien Hand mucked
Seat 2: dpd1964 showed [Ac Tc] and won ($34.68) with three of a kind, Tens
Seat 3: Aescul@pius folded before Flop (didn't bet)
Seat 4: ddyyjj (button) folded before Flop (didn't bet)
Seat 5: BGS013 (small blind) folded before Flop
Seat 6: whitecillar3 (big blind) folded before Flop



PokerStars Hand #254399586741:  Hold'em No Limit ($0.50/$1.00 USD) - 2025/01/16 16:38:50 WET [2025/01/16 11:38:50 ET]
Table 'Ella III' 6-max Seat #5 is the button
Seat 1: AIien Hand ($100 in chips) 
Seat 2: dpd1964 ($117.18 in chips) 
Seat 3: Aescul@pius ($202.52 in chips) 
Seat 4: ddyyjj ($100 in chips) 
Seat 5: BGS013 ($105.40 in chips) 
Seat 6: whitecillar3 ($109.34 in chips) 
whitecillar3: posts small blind $0.50
AIien Hand: posts big blind $1
*** HOLE CARDS ***
dpd1964: folds 
Aescul@pius: raises $1.20 to $2.20
ddyyjj: folds 
BGS013: folds 
whitecillar3: folds 
AIien Hand: folds 
Uncalled bet ($1.20) returned to Aescul@pius
Aescul@pius collected $2.50 from pot
Aescul@pius: doesn't show hand 
*** SUMMARY ***
Total pot $2.50 | Rake $0 
Seat 1: AIien Hand (big blind) folded before Flop
Seat 2: dpd1964 folded before Flop (didn't bet)
Seat 3: Aescul@pius collected ($2.50)
Seat 4: ddyyjj folded before Flop (didn't bet)
Seat 5: BGS013 (button) folded before Flop (didn't bet)
Seat 6: whitecillar3 (small blind) folded before Flop



PokerStars Hand #254399594824:  Hold'em No Limit ($0.50/$1.00 USD) - 2025/01/16 16:39:24 WET [2025/01/16 11:39:24 ET]
Table 'Ella III' 6-max Seat #6 is the button
Seat 1: AIien Hand ($100 in chips) 
Seat 2: dpd1964 ($117.18 in chips) 
Seat 3: Aescul@pius ($204.02 in chips) 
Seat 4: ddyyjj ($100 in chips) 
Seat 5: BGS013 ($105.40 in chips) 
Seat 6: whitecillar3 ($108.84 in chips) 
AIien Hand: posts small blind $0.50
dpd1964: posts big blind $1
*** HOLE CARDS ***
Aescul@pius: folds 
ddyyjj: folds 
BGS013: raises $1.50 to $2.50
whitecillar3: folds 
AIien Hand: folds 
dpd1964: calls $1.50
*** FLOP *** [4c 7d 3d]
dpd1964: checks 
BGS013: bets $1.36
dpd1964: calls $1.36
*** TURN *** [4c 7d 3d] [6s]
dpd1964: checks 
BGS013: checks 
*** RIVER *** [4c 7d 3d 6s] [Td]
dpd1964: bets $2
BGS013: raises $99.54 to $101.54 and is all-in
dpd1964: folds 
Uncalled bet ($99.54) returned to BGS013
BGS013 collected $11.61 from pot
BGS013: doesn't show hand 
*** SUMMARY ***
Total pot $12.22 | Rake $0.61 
Board [4c 7d 3d 6s Td]
Seat 1: AIien Hand (small blind) folded before Flop
Seat 2: dpd1964 (big blind) folded on the River
Seat 3: Aescul@pius folded before Flop (didn't bet)
Seat 4: ddyyjj folded before Flop (didn't bet)
Seat 5: BGS013 collected ($11.61)
Seat 6: whitecillar3 (button) folded before Flop (didn't bet)



PokerStars Hand #254399605910:  Hold'em No Limit ($0.50/$1.00 USD) - 2025/01/16 16:40:12 WET [2025/01/16 11:40:12 ET]
Table 'Ella III' 6-max Seat #1 is the button
Seat 1: AIien Hand ($100 in chips) 
Seat 2: dpd1964 ($111.32 in chips) 
Seat 3: Aescul@pius ($204.02 in chips) 
Seat 4: ddyyjj ($100 in chips) 
Seat 5: BGS013 ($111.15 in chips) 
Seat 6: whitecillar3 ($108.84 in chips) 
dpd1964: posts small blind $0.50
Aescul@pius: posts big blind $1
*** HOLE CARDS ***
ddyyjj: folds 
BGS013: folds 
whitecillar3: raises $1.50 to $2.50
AIien Hand: raises $5 to $7.50
dpd1964: folds 
Aescul@pius: folds 
whitecillar3: folds 
Uncalled bet ($5) returned to AIien Hand
AIien Hand collected $6.50 from pot
AIien Hand: doesn't show hand 
*** SUMMARY ***
Total pot $6.50 | Rake $0 
Seat 1: AIien Hand (button) collected ($6.50)
Seat 2: dpd1964 (small blind) folded before Flop
Seat 3: Aescul@pius (big blind) folded before Flop
Seat 4: ddyyjj folded before Flop (didn't bet)
Seat 5: BGS013 folded before Flop (didn't bet)
Seat 6: whitecillar3 folded before Flop



PokerStars Hand #254399613332:  Hold'em No Limit ($0.50/$1.00 USD) - 2025/01/16 16:40:44 WET [2025/01/16 11:40:44 ET]
Table 'Ella III' 6-max Seat #2 is the button
Seat 1: AIien Hand ($104 in chips) 
Seat 2: dpd1964 ($110.82 in chips) 
Seat 3: Aescul@pius ($203.02 in chips) 
Seat 4: ddyyjj ($100 in chips) 
Seat 5: BGS013 ($111.15 in chips) 
Seat 6: whitecillar3 ($106.34 in chips) 
Aescul@pius: posts small blind $0.50
ddyyjj: posts big blind $1
*** HOLE CARDS ***
BGS013: folds 
whitecillar3: folds 
AIien Hand: folds 
dpd1964: calls $1
Aescul@pius: calls $0.50
ddyyjj: checks 
*** FLOP *** [7d 9h 3s]
Aescul@pius: checks 
ddyyjj: checks 
dpd1964: checks 
*** TURN *** [7d 9h 3s] [Ac]
Aescul@pius: checks 
ddyyjj: checks 
dpd1964: checks 
*** RIVER *** [7d 9h 3s Ac] [Jh]
Aescul@pius: checks 
ddyyjj: checks 
dpd1964: checks 
*** SHOW DOWN ***
Aescul@pius: shows [Kd 4d] (high card Ace)
ddyyjj: shows [Ks Jc] (a pair of Jacks)
dpd1964: mucks hand 
ddyyjj collected $2.85 from pot
*** SUMMARY ***
Total pot $3 | Rake $0.15 
Board [7d 9h 3s Ac Jh]
Seat 1: AIien Hand folded before Flop (didn't bet)
Seat 2: dpd1964 (button) mucked
Seat 3: Aescul@pius (small blind) showed [Kd 4d] and lost with high card Ace
Seat 4: ddyyjj (big blind) showed [Ks Jc] and won ($2.85) with a pair of Jacks
Seat 5: BGS013 folded before Flop (didn't bet)
Seat 6: whitecillar3 folded before Flop (didn't bet)



PokerStars Hand #254399621346:  Hold'em No Limit ($0.50/$1.00 USD) - 2025/01/16 16:41:18 WET [2025/01/16 11:41:18 ET]
Table 'Ella III' 6-max Seat #3 is the button
Seat 5: BGS013 ($111.15 in chips) is sitting out
Seat 1: AIien Hand ($104 in chips) 
Seat 2: dpd1964 ($109.82 in chips) 
Seat 3: Aescul@pius ($202.02 in chips) 
Seat 4: ddyyjj ($101.85 in chips) 
Seat 6: whitecillar3 ($106.34 in chips) 
ddyyjj: posts small blind $0.50
BGS013: is sitting out 
whitecillar3: posts big blind $1
*** HOLE CARDS ***
BGS013 leaves the table
AIien Hand: folds 
dpd1964: folds 
Aescul@pius: folds 
mr.Jckpot joins the table at seat #5 
ddyyjj: folds 
Uncalled bet ($0.50) returned to whitecillar3
whitecillar3 collected $1 from pot
*** SUMMARY ***
Total pot $1 | Rake $0 
Seat 5: BGS013
Seat 1: AIien Hand folded before Flop (didn't bet)
Seat 2: dpd1964 folded before Flop (didn't bet)
Seat 3: Aescul@pius (button) folded before Flop (didn't bet)
Seat 4: ddyyjj (small blind) folded before Flop
Seat 6: whitecillar3 (big blind) collected ($1)



PokerStars Hand #254399625354:  Hold'em No Limit ($0.50/$1.00 USD) - 2025/01/16 16:41:35 WET [2025/01/16 11:41:35 ET]
Table 'Ella III' 6-max Seat #4 is the button
Seat 5: mr.Jckpot ($100 in chips) is sitting out
Seat 1: AIien Hand ($104 in chips) 
Seat 2: dpd1964 ($109.82 in chips) 
Seat 3: Aescul@pius ($202.02 in chips) 
Seat 4: ddyyjj ($101.35 in chips) 
Seat 6: whitecillar3 ($106.84 in chips) 
whitecillar3: posts small blind $0.50
AIien Hand: posts big blind $1
*** HOLE CARDS ***
dpd1964: folds 
Aescul@pius: raises $1.20 to $2.20
ddyyjj: folds 
whitecillar3: folds 
AIien Hand: calls $1.20
*** FLOP *** [Kh 4c Ks]
AIien Hand: checks 
Aescul@pius: bets $1.54
AIien Hand: calls $1.54
*** TURN *** [Kh 4c Ks] [Td]
AIien Hand: checks 
Aescul@pius: checks 
*** RIVER *** [Kh 4c Ks Td] [5d]
AIien Hand: bets $2.27
Aescul@pius: calls $2.27
*** SHOW DOWN ***
AIien Hand: shows [Kd 9h] (three of a kind, Kings)
Aescul@pius: mucks hand 
AIien Hand collected $11.89 from pot
*** SUMMARY ***
Total pot $12.52 | Rake $0.63 
Board [Kh 4c Ks Td 5d]
Seat 5: mr.Jckpot
Seat 1: AIien Hand (big blind) showed [Kd 9h] and won ($11.89) with three of a kind, Kings
Seat 2: dpd1964 folded before Flop (didn't bet)
Seat 3: Aescul@pius mucked
Seat 4: ddyyjj (button) folded before Flop (didn't bet)
Seat 6: whitecillar3 (small blind) folded before Flop



PokerStars Hand #254399643249:  Hold'em No Limit ($0.50/$1.00 USD) - 2025/01/16 16:42:52 WET [2025/01/16 11:42:52 ET]
Table 'Ella III' 6-max Seat #6 is the button
Seat 5: mr.Jckpot ($100 in chips) is sitting out
Seat 1: AIien Hand ($109.88 in chips) 
Seat 2: dpd1964 ($109.82 in chips) 
Seat 3: Aescul@pius ($196.01 in chips) 
Seat 4: ddyyjj ($101.35 in chips) 
Seat 6: whitecillar3 ($106.34 in chips) 
AIien Hand: posts small blind $0.50
dpd1964: posts big blind $1
mr.Jckpot: sits out 
*** HOLE CARDS ***
Aescul@pius: folds 
ddyyjj: folds 
whitecillar3: raises $1.50 to $2.50
AIien Hand: folds 
dpd1964: folds 
Uncalled bet ($1.50) returned to whitecillar3
whitecillar3 collected $2.50 from pot
*** SUMMARY ***
Total pot $2.50 | Rake $0 
Seat 5: mr.Jckpot
Seat 1: AIien Hand (small blind) folded before Flop
Seat 2: dpd1964 (big blind) folded before Flop
Seat 3: Aescul@pius folded before Flop (didn't bet)
Seat 4: ddyyjj folded before Flop (didn't bet)
Seat 6: whitecillar3 (button) collected ($2.50)



PokerStars Hand #254399648335:  Hold'em No Limit ($0.50/$1.00 USD) - 2025/01/16 16:43:14 WET [2025/01/16 11:43:14 ET]
Table 'Ella III' 6-max Seat #1 is the button
Seat 5: mr.Jckpot ($100 in chips) is sitting out
Seat 1: AIien Hand ($109.38 in chips) 
Seat 2: dpd1964 ($108.82 in chips) 
Seat 3: Aescul@pius ($196.01 in chips) 
Seat 4: ddyyjj ($101.35 in chips) 
Seat 6: whitecillar3 ($107.84 in chips) 
dpd1964: posts small blind $0.50
Aescul@pius: posts big blind $1
mr.Jckpot: sits out 
*** HOLE CARDS ***
ddyyjj: raises $1.50 to $2.50
whitecillar3: folds 
AIien Hand: folds 
dpd1964: calls $2
Aescul@pius: folds 
*** FLOP *** [6s 7h Kd]
dpd1964: checks 
ddyyjj: checks 
*** TURN *** [6s 7h Kd] [9c]
dpd1964: checks 
ddyyjj: bets $2.57
dpd1964: folds 
Uncalled bet ($2.57) returned to ddyyjj
ddyyjj collected $5.70 from pot
ddyyjj: doesn't show hand 
*** SUMMARY ***
Total pot $6 | Rake $0.30 
Board [6s 7h Kd 9c]
Seat 5: mr.Jckpot
Seat 1: AIien Hand (button) folded before Flop (didn't bet)
Seat 2: dpd1964 (small blind) folded on the Turn
Seat 3: Aescul@pius (big blind) folded before Flop
Seat 4: ddyyjj collected ($5.70)
Seat 6: whitecillar3 folded before Flop (didn't bet)



PokerStars Hand #254399756768:  Hold'em No Limit ($0.50/$1.00 USD) - 2025/01/16 16:51:03 WET [2025/01/16 11:51:03 ET]
Table 'Ella III' 6-max Seat #6 is the button
Seat 1: AIien Hand ($118.38 in chips) 
Seat 2: dpd1964 ($48.77 in chips) 
Seat 3: Aescul@pius ($187.46 in chips) 
Seat 4: ddyyjj ($121.47 in chips) 
Seat 5: mr.Jckpot ($179.12 in chips) 
Seat 6: whitecillar3 ($103.38 in chips) 
AIien Hand: posts small blind $0.50
dpd1964: posts big blind $1
*** HOLE CARDS ***
Aescul@pius: folds 
ddyyjj: folds 
mr.Jckpot: raises $1.50 to $2.50
whitecillar3: folds 
AIien Hand: folds 
dpd1964: calls $1.50
*** FLOP *** [Qc 6d 3d]
dpd1964: checks 
mr.Jckpot: bets $1.72
dpd1964: folds 
Uncalled bet ($1.72) returned to mr.Jckpot
mr.Jckpot collected $5.22 from pot
mr.Jckpot: doesn't show hand 
*** SUMMARY ***
Total pot $5.50 | Rake $0.28 
Board [Qc 6d 3d]
Seat 1: AIien Hand (small blind) folded before Flop
Seat 2: dpd1964 (big blind) folded on the Flop
Seat 3: Aescul@pius folded before Flop (didn't bet)
Seat 4: ddyyjj folded before Flop (didn't bet)
Seat 5: mr.Jckpot collected ($5.22)
Seat 6: whitecillar3 (button) folded before Flop (didn't bet)



PokerStars Hand #254399764835:  Hold'em No Limit ($0.50/$1.00 USD) - 2025/01/16 16:51:38 WET [2025/01/16 11:51:38 ET]
Table 'Ella III' 6-max Seat #1 is the button
Seat 1: AIien Hand ($117.88 in chips) 
Seat 2: dpd1964 ($46.27 in chips) 
Seat 3: Aescul@pius ($187.46 in chips) 
Seat 4: ddyyjj ($121.47 in chips) 
Seat 5: mr.Jckpot ($181.84 in chips) 
Seat 6: whitecillar3 ($103.38 in chips) 
dpd1964: posts small blind $0.50
Aescul@pius: posts big blind $1
*** HOLE CARDS ***
ddyyjj: raises $1.50 to $2.50
mr.Jckpot: folds 
whitecillar3: folds 
AIien Hand: folds 
dpd1964: calls $2
Aescul@pius: calls $1.50
*** FLOP *** [8d Kd Js]
dpd1964: checks 
Aescul@pius: checks 
ddyyjj: checks 
*** TURN *** [8d Kd Js] [6d]
dpd1964: checks 
Aescul@pius: checks 
ddyyjj: checks 
*** RIVER *** [8d Kd Js 6d] [7s]
dpd1964: bets $1
Aescul@pius: raises $11.18 to $12.18
ddyyjj: folds 
dpd1964: folds 
Uncalled bet ($11.18) returned to Aescul@pius
Aescul@pius collected $9.02 from pot
Aescul@pius: doesn't show hand 
*** SUMMARY ***
Total pot $9.50 | Rake $0.48 
Board [8d Kd Js 6d 7s]
Seat 1: AIien Hand (button) folded before Flop (didn't bet)
Seat 2: dpd1964 (small blind) folded on the River
Seat 3: Aescul@pius (big blind) collected ($9.02)
Seat 4: ddyyjj folded on the River
Seat 5: mr.Jckpot folded before Flop (didn't bet)
Seat 6: whitecillar3 folded before Flop (didn't bet)



PokerStars Hand #254399782847:  Hold'em No Limit ($0.50/$1.00 USD) - 2025/01/16 16:52:57 WET [2025/01/16 11:52:57 ET]
Table 'Ella III' 6-max Seat #2 is the button
Seat 1: AIien Hand ($117.88 in chips) 
Seat 2: dpd1964 ($42.77 in chips) 
Seat 3: Aescul@pius ($192.98 in chips) 
Seat 4: ddyyjj ($118.97 in chips) 
Seat 5: mr.Jckpot ($181.84 in chips) 
Seat 6: whitecillar3 ($103.38 in chips) 
Aescul@pius: posts small blind $0.50
ddyyjj: posts big blind $1
*** HOLE CARDS ***
mr.Jckpot: folds 
whitecillar3: folds 
AIien Hand: folds 
dpd1964: folds 
Aescul@pius: folds 
Uncalled bet ($0.50) returned to ddyyjj
ddyyjj collected $1 from pot
ddyyjj: doesn't show hand 
*** SUMMARY ***
Total pot $1 | Rake $0 
Seat 1: AIien Hand folded before Flop (didn't bet)
Seat 2: dpd1964 (button) folded before Flop (didn't bet)
Seat 3: Aescul@pius (small blind) folded before Flop
Seat 4: ddyyjj (big blind) collected ($1)
Seat 5: mr.Jckpot folded before Flop (didn't bet)
Seat 6: whitecillar3 folded before Flop (didn't bet)



PokerStars Hand #254399788048:  Hold'em No Limit ($0.50/$1.00 USD) - 2025/01/16 16:53:20 WET [2025/01/16 11:53:20 ET]
Table 'Ella III' 6-max Seat #3 is the button
Seat 1: AIien Hand ($117.88 in chips) 
Seat 2: dpd1964 ($42.77 in chips) 
Seat 3: Aescul@pius ($192.48 in chips) 
Seat 4: ddyyjj ($119.47 in chips) 
Seat 5: mr.Jckpot ($181.84 in chips) 
Seat 6: whitecillar3 ($103.38 in chips) 
ddyyjj: posts small blind $0.50
mr.Jckpot: posts big blind $1
*** HOLE CARDS ***
whitecillar3: folds 
AIien Hand: raises $1.20 to $2.20
dpd1964: folds 
Aescul@pius: folds 
ddyyjj: folds 
mr.Jckpot: folds 
Uncalled bet ($1.20) returned to AIien Hand
AIien Hand collected $2.50 from pot
AIien Hand: doesn't show hand 
*** SUMMARY ***
Total pot $2.50 | Rake $0 
Seat 1: AIien Hand collected ($2.50)
Seat 2: dpd1964 folded before Flop (didn't bet)
Seat 3: Aescul@pius (button) folded before Flop (didn't bet)
Seat 4: ddyyjj (small blind) folded before Flop
Seat 5: mr.Jckpot (big blind) folded before Flop
Seat 6: whitecillar3 folded before Flop (didn't bet)



PokerStars Hand #254399791835:  Hold'em No Limit ($0.50/$1.00 USD) - 2025/01/16 16:53:36 WET [2025/01/16 11:53:36 ET]
Table 'Ella III' 6-max Seat #4 is the button
Seat 1: AIien Hand ($119.38 in chips) 
Seat 2: dpd1964 ($42.77 in chips) 
Seat 3: Aescul@pius ($192.48 in chips) 
Seat 4: ddyyjj ($118.97 in chips) 
Seat 5: mr.Jckpot ($180.84 in chips) 
Seat 6: whitecillar3 ($103.38 in chips) 
mr.Jckpot: posts small blind $0.50
whitecillar3: posts big blind $1
*** HOLE CARDS ***
AIien Hand: folds 
dpd1964: calls $1
Aescul@pius: folds 
ddyyjj: folds 
mr.Jckpot: folds 
whitecillar3: checks 
*** FLOP *** [Jd 9c Jh]
whitecillar3: checks 
dpd1964: checks 
*** TURN *** [Jd 9c Jh] [2c]
whitecillar3: checks 
dpd1964: bets $2
whitecillar3: folds 
Uncalled bet ($2) returned to dpd1964
dpd1964 collected $2.38 from pot
*** SUMMARY ***
Total pot $2.50 | Rake $0.12 
Board [Jd 9c Jh 2c]
Seat 1: AIien Hand folded before Flop (didn't bet)
Seat 2: dpd1964 collected ($2.38)
Seat 3: Aescul@pius folded before Flop (didn't bet)
Seat 4: ddyyjj (button) folded before Flop (didn't bet)
Seat 5: mr.Jckpot (small blind) folded before Flop
Seat 6: whitecillar3 (big blind) folded on the Turn



PokerStars Hand #254399798354:  Hold'em No Limit ($0.50/$1.00 USD) - 2025/01/16 16:54:04 WET [2025/01/16 11:54:04 ET]
Table 'Ella III' 6-max Seat #5 is the button
Seat 1: AIien Hand ($119.38 in chips) 
Seat 2: dpd1964 ($44.15 in chips) 
Seat 3: Aescul@pius ($192.48 in chips) 
Seat 4: ddyyjj ($118.97 in chips) 
Seat 5: mr.Jckpot ($180.34 in chips) 
Seat 6: whitecillar3 ($102.38 in chips) 
whitecillar3: posts small blind $0.50
AIien Hand: posts big blind $1
*** HOLE CARDS ***
dpd1964: folds 
Aescul@pius: folds 
ddyyjj: raises $1.50 to $2.50
mr.Jckpot: folds 
whitecillar3: folds 
AIien Hand: folds 
Uncalled bet ($1.50) returned to ddyyjj
ddyyjj collected $2.50 from pot
ddyyjj: doesn't show hand 
*** SUMMARY ***
Total pot $2.50 | Rake $0 
Seat 1: AIien Hand (big blind) folded before Flop
Seat 2: dpd1964 folded before Flop (didn't bet)
Seat 3: Aescul@pius folded before Flop (didn't bet)
Seat 4: ddyyjj collected ($2.50)
Seat 5: mr.Jckpot (button) folded before Flop (didn't bet)
Seat 6: whitecillar3 (small blind) folded before Flop



PokerStars Hand #254399802771:  Hold'em No Limit ($0.50/$1.00 USD) - 2025/01/16 16:54:23 WET [2025/01/16 11:54:23 ET]
Table 'Ella III' 6-max Seat #6 is the button
Seat 1: AIien Hand ($118.38 in chips) 
Seat 2: dpd1964 ($44.15 in chips) 
Seat 3: Aescul@pius ($192.48 in chips) 
Seat 4: ddyyjj ($120.47 in chips) 
Seat 5: mr.Jckpot ($180.34 in chips) 
Seat 6: whitecillar3 ($101.88 in chips) 
AIien Hand: posts small blind $0.50
dpd1964: posts big blind $1
*** HOLE CARDS ***
Aescul@pius: folds 
ddyyjj: folds 
mr.Jckpot: folds 
whitecillar3: folds 
AIien Hand: folds 
Uncalled bet ($0.50) returned to dpd1964
dpd1964 collected $1 from pot
*** SUMMARY ***
Total pot $1 | Rake $0 
Seat 1: AIien Hand (small blind) folded before Flop
Seat 2: dpd1964 (big blind) collected ($1)
Seat 3: Aescul@pius folded before Flop (didn't bet)
Seat 4: ddyyjj folded before Flop (didn't bet)
Seat 5: mr.Jckpot folded before Flop (didn't bet)
Seat 6: whitecillar3 (button) folded before Flop (didn't bet)



PokerStars Hand #254399807345:  Hold'em No Limit ($0.50/$1.00 USD) - 2025/01/16 16:54:43 WET [2025/01/16 11:54:43 ET]
Table 'Ella III' 6-max Seat #1 is the button
Seat 1: AIien Hand ($117.88 in chips) 
Seat 2: dpd1964 ($44.65 in chips) 
Seat 3: Aescul@pius ($192.48 in chips) 
Seat 4: ddyyjj ($120.47 in chips) 
Seat 5: mr.Jckpot ($180.34 in chips) 
Seat 6: whitecillar3 ($101.88 in chips) 
dpd1964: posts small blind $0.50
Aescul@pius: posts big blind $1
*** HOLE CARDS ***
ddyyjj: folds 
mr.Jckpot: folds 
whitecillar3: raises $1.50 to $2.50
AIien Hand: folds 
dpd1964: folds 
Aescul@pius: folds 
Uncalled bet ($1.50) returned to whitecillar3
whitecillar3 collected $2.50 from pot
*** SUMMARY ***
Total pot $2.50 | Rake $0 
Seat 1: AIien Hand (button) folded before Flop (didn't bet)
Seat 2: dpd1964 (small blind) folded before Flop
Seat 3: Aescul@pius (big blind) folded before Flop
Seat 4: ddyyjj folded before Flop (didn't bet)
Seat 5: mr.Jckpot folded before Flop (didn't bet)
Seat 6: whitecillar3 collected ($2.50)



PokerStars Hand #254399812462:  Hold'em No Limit ($0.50/$1.00 USD) - 2025/01/16 16:55:06 WET [2025/01/16 11:55:06 ET]
Table 'Ella III' 6-max Seat #2 is the button
Seat 1: AIien Hand ($117.88 in chips) 
Seat 2: dpd1964 ($44.15 in chips) 
Seat 3: Aescul@pius ($191.48 in chips) 
Seat 4: ddyyjj ($120.47 in chips) 
Seat 5: mr.Jckpot ($180.34 in chips) 
Seat 6: whitecillar3 ($103.38 in chips) 
Aescul@pius: posts small blind $0.50
ddyyjj: posts big blind $1
*** HOLE CARDS ***
mr.Jckpot: folds 
whitecillar3: folds 
AIien Hand: folds 
dpd1964: folds 
Aescul@pius: raises $2 to $3
ddyyjj: raises $6 to $9
Aescul@pius: calls $6
*** FLOP *** [8h Ad 9h]
Aescul@pius: checks 
ddyyjj: bets $11.12
Aescul@pius: raises $19.12 to $30.24
ddyyjj: calls $19.12
*** TURN *** [8h Ad 9h] [5h]
Aescul@pius: checks 
ddyyjj: bets $34.19
Aescul@pius: calls $34.19
*** RIVER *** [8h Ad 9h 5h] [Jc]
Aescul@pius: checks 
ddyyjj: bets $47.04 and is all-in
Aescul@pius: folds 
Uncalled bet ($47.04) returned to ddyyjj
ddyyjj collected $144.36 from pot
ddyyjj: doesn't show hand 
*** SUMMARY ***
Total pot $146.86 | Rake $2.50 
Board [8h Ad 9h 5h Jc]
Seat 1: AIien Hand folded before Flop (didn't bet)
Seat 2: dpd1964 (button) folded before Flop (didn't bet)
Seat 3: Aescul@pius (small blind) folded on the River
Seat 4: ddyyjj (big blind) collected ($144.36)
Seat 5: mr.Jckpot folded before Flop (didn't bet)
Seat 6: whitecillar3 folded before Flop (didn't bet)



PokerStars Hand #254399839011:  Hold'em No Limit ($0.50/$1.00 USD) - 2025/01/16 16:57:35 WET [2025/01/16 11:57:35 ET]
Table 'Ella III' 6-max Seat #3 is the button
Seat 1: AIien Hand ($117.88 in chips) 
Seat 2: dpd1964 ($100 in chips) 
Seat 3: Aescul@pius ($118.05 in chips) 
Seat 4: ddyyjj ($191.40 in chips) 
Seat 5: mr.Jckpot ($180.34 in chips) 
Seat 6: whitecillar3 ($103.38 in chips) 
ddyyjj: posts small blind $0.50
mr.Jckpot: posts big blind $1
*** HOLE CARDS ***
whitecillar3: folds 
AIien Hand: raises $1.20 to $2.20
dpd1964: folds 
Aescul@pius: calls $2.20
ddyyjj: folds 
mr.Jckpot: folds 
*** FLOP *** [3s Jd Kh]
AIien Hand: checks 
Aescul@pius: bets $1.40
AIien Hand: calls $1.40
*** TURN *** [3s Jd Kh] [3h]
AIien Hand: checks 
Aescul@pius: bets $2.73
AIien Hand: calls $2.73
*** RIVER *** [3s Jd Kh 3h] [Kc]
AIien Hand: checks 
Aescul@pius: bets $9.95
AIien Hand: calls $9.95
*** SHOW DOWN ***
Aescul@pius: shows [Qd Qc] (two pair, Kings and Queens)
AIien Hand: mucks hand 
Aescul@pius collected $32.36 from pot
*** SUMMARY ***
Total pot $34.06 | Rake $1.70 
Board [3s Jd Kh 3h Kc]
Seat 1: AIien Hand mucked
Seat 2: dpd1964 folded before Flop (didn't bet)
Seat 3: Aescul@pius (button) showed [Qd Qc] and won ($32.36) with two pair, Kings and Queens
Seat 4: ddyyjj (small blind) folded before Flop
Seat 5: mr.Jckpot (big blind) folded before Flop
Seat 6: whitecillar3 folded before Flop (didn't bet)



PokerStars Hand #254399855509:  Hold'em No Limit ($0.50/$1.00 USD) - 2025/01/16 16:59:07 WET [2025/01/16 11:59:07 ET]
Table 'Ella III' 6-max Seat #4 is the button
Seat 1: AIien Hand ($101.60 in chips) 
Seat 2: dpd1964 ($100 in chips) 
Seat 3: Aescul@pius ($134.13 in chips) 
Seat 4: ddyyjj ($190.90 in chips) 
Seat 5: mr.Jckpot ($179.34 in chips) 
Seat 6: whitecillar3 ($103.38 in chips) 
mr.Jckpot: posts small blind $0.50
whitecillar3: posts big blind $1
*** HOLE CARDS ***
AIien Hand: raises $1.20 to $2.20
dpd1964: folds 
Aescul@pius: folds 
ddyyjj: folds 
mr.Jckpot: folds 
whitecillar3: folds 
Uncalled bet ($1.20) returned to AIien Hand
AIien Hand collected $2.50 from pot
AIien Hand: doesn't show hand 
*** SUMMARY ***
Total pot $2.50 | Rake $0 
Seat 1: AIien Hand collected ($2.50)
Seat 2: dpd1964 folded before Flop (didn't bet)
Seat 3: Aescul@pius folded before Flop (didn't bet)
Seat 4: ddyyjj (button) folded before Flop (didn't bet)
Seat 5: mr.Jckpot (small blind) folded before Flop
Seat 6: whitecillar3 (big blind) folded before Flop



PokerStars Hand #254399858975:  Hold'em No Limit ($0.50/$1.00 USD) - 2025/01/16 16:59:26 WET [2025/01/16 11:59:26 ET]
Table 'Ella III' 6-max Seat #5 is the button
Seat 1: AIien Hand ($103.10 in chips) 
Seat 2: dpd1964 ($100 in chips) 
Seat 3: Aescul@pius ($134.13 in chips) 
Seat 4: ddyyjj ($190.90 in chips) 
Seat 5: mr.Jckpot ($178.84 in chips) 
Seat 6: whitecillar3 ($102.38 in chips) 
whitecillar3: posts small blind $0.50
AIien Hand: posts big blind $1
*** HOLE CARDS ***
dpd1964: folds 
Aescul@pius: folds 
ddyyjj: folds 
mr.Jckpot: folds 
whitecillar3: folds 
Uncalled bet ($0.50) returned to AIien Hand
AIien Hand collected $1 from pot
AIien Hand: doesn't show hand 
*** SUMMARY ***
Total pot $1 | Rake $0 
Seat 1: AIien Hand (big blind) collected ($1)
Seat 2: dpd1964 folded before Flop (didn't bet)
Seat 3: Aescul@pius folded before Flop (didn't bet)
Seat 4: ddyyjj folded before Flop (didn't bet)
Seat 5: mr.Jckpot (button) folded before Flop (didn't bet)
Seat 6: whitecillar3 (small blind) folded before Flop



PokerStars Hand #254399862425:  Hold'em No Limit ($0.50/$1.00 USD) - 2025/01/16 16:59:45 WET [2025/01/16 11:59:45 ET]
Table 'Ella III' 6-max Seat #6 is the button
Seat 1: AIien Hand ($103.60 in chips) 
Seat 2: dpd1964 ($100 in chips) 
Seat 3: Aescul@pius ($134.13 in chips) 
Seat 4: ddyyjj ($190.90 in chips) 
Seat 5: mr.Jckpot ($178.84 in chips) 
Seat 6: whitecillar3 ($101.88 in chips) 
AIien Hand: posts small blind $0.50
dpd1964: posts big blind $1
*** HOLE CARDS ***
Aescul@pius: folds 
ddyyjj: raises $1.50 to $2.50
mr.Jckpot: folds 
whitecillar3: folds 
AIien Hand: folds 
dpd1964: raises $1.50 to $4
ddyyjj: raises $8.50 to $12.50
dpd1964: calls $8.50
*** FLOP *** [8c 3c Qs]
dpd1964: checks 
ddyyjj: bets $15.74
dpd1964: calls $15.74
*** TURN *** [8c 3c Qs] [3d]
dpd1964: checks 
ddyyjj: bets $35.41
dpd1964: calls $35.41
*** RIVER *** [8c 3c Qs 3d] [6h]
dpd1964: checks 
ddyyjj: bets $56.39
dpd1964: calls $36.35 and is all-in
Uncalled bet ($20.04) returned to ddyyjj
*** SHOW DOWN ***
ddyyjj: shows [Ah As] (two pair, Aces and Threes)
dpd1964: shows [Kd Qd] (two pair, Queens and Threes)
ddyyjj collected $198 from pot
*** SUMMARY ***
Total pot $200.50 | Rake $2.50 
Board [8c 3c Qs 3d 6h]
Seat 1: AIien Hand (small blind) folded before Flop
Seat 2: dpd1964 (big blind) showed [Kd Qd] and lost with two pair, Queens and Threes
Seat 3: Aescul@pius folded before Flop (didn't bet)
Seat 4: ddyyjj showed [Ah As] and won ($198) with two pair, Aces and Threes
Seat 5: mr.Jckpot folded before Flop (didn't bet)
Seat 6: whitecillar3 (button) folded before Flop (didn't bet)



PokerStars Hand #254399871323:  Hold'em No Limit ($0.50/$1.00 USD) - 2025/01/16 17:00:32 WET [2025/01/16 12:00:32 ET]
Table 'Ella III' 6-max Seat #1 is the button
Seat 2: dpd1964 ($0 in chips) is sitting out
Seat 1: AIien Hand ($103.10 in chips) 
Seat 3: Aescul@pius ($134.13 in chips) 
Seat 4: ddyyjj ($288.90 in chips) 
Seat 5: mr.Jckpot ($178.84 in chips) 
Seat 6: whitecillar3 ($101.88 in chips) 
Aescul@pius: posts small blind $0.50
ddyyjj: posts big blind $1
*** HOLE CARDS ***
mr.Jckpot: raises $1.50 to $2.50
whitecillar3: folds 
AIien Hand: folds 
Aescul@pius: folds 
ddyyjj: folds 
Uncalled bet ($1.50) returned to mr.Jckpot
mr.Jckpot collected $2.50 from pot
mr.Jckpot: doesn't show hand 
*** SUMMARY ***
Total pot $2.50 | Rake $0 
Seat 2: dpd1964
Seat 1: AIien Hand (button) folded before Flop (didn't bet)
Seat 3: Aescul@pius (small blind) folded before Flop
Seat 4: ddyyjj (big blind) folded before Flop
Seat 5: mr.Jckpot collected ($2.50)
Seat 6: whitecillar3 folded before Flop (didn't bet)



PokerStars Hand #254399874816:  Hold'em No Limit ($0.50/$1.00 USD) - 2025/01/16 17:00:50 WET [2025/01/16 12:00:50 ET]
Table 'Ella III' 6-max Seat #3 is the button
Seat 1: AIien Hand ($103.10 in chips) 
Seat 2: dpd1964 ($62.82 in chips) 
Seat 3: Aescul@pius ($133.63 in chips) 
Seat 4: ddyyjj ($287.90 in chips) 
Seat 5: mr.Jckpot ($180.34 in chips) 
Seat 6: whitecillar3 ($101.88 in chips) 
ddyyjj: posts small blind $0.50
mr.Jckpot: posts big blind $1
dpd1964: posts small blind $0.50
*** HOLE CARDS ***
whitecillar3: folds 
AIien Hand: raises $1.20 to $2.20
dpd1964: raises $2.20 to $4.40
Aescul@pius: folds 
ddyyjj: folds 
mr.Jckpot: folds 
AIien Hand: calls $2.20
*** FLOP *** [5h 8s 9h]
ddyyjj leaves the table
Felipe$Andre joins the table at seat #4 
AIien Hand: checks 
dpd1964: bets $5
AIien Hand: calls $5
*** TURN *** [5h 8s 9h] [4c]
AIien Hand: checks 
dpd1964: checks 
*** RIVER *** [5h 8s 9h 4c] [7c]
AIien Hand: checks 
dpd1964: checks 
*** SHOW DOWN ***
AIien Hand: shows [Js Jc] (a pair of Jacks)
dpd1964: mucks hand 
AIien Hand collected $19.76 from pot
*** SUMMARY ***
Total pot $20.80 | Rake $1.04 
Board [5h 8s 9h 4c 7c]
Seat 1: AIien Hand showed [Js Jc] and won ($19.76) with a pair of Jacks
Seat 2: dpd1964 mucked
Seat 3: Aescul@pius (button) folded before Flop (didn't bet)
Seat 4: ddyyjj (small blind) folded before Flop
Seat 5: mr.Jckpot (big blind) folded before Flop
Seat 6: whitecillar3 folded before Flop (didn't bet)



PokerStars Hand #254399891133:  Hold'em No Limit ($0.50/$1.00 USD) - 2025/01/16 17:02:07 WET [2025/01/16 12:02:07 ET]
Table 'Ella III' 6-max Seat #5 is the button
Seat 4: Felipe$Andre ($103.50 in chips) is sitting out
Seat 1: AIien Hand ($113.46 in chips) 
Seat 2: dpd1964 ($52.92 in chips) 
Seat 3: Aescul@pius ($133.63 in chips) 
Seat 5: mr.Jckpot ($179.34 in chips) 
Seat 6: whitecillar3 ($101.88 in chips) 
whitecillar3: posts small blind $0.50
AIien Hand: posts big blind $1
Felipe$Andre: sits out 
*** HOLE CARDS ***
dpd1964: calls $1
Aescul@pius: folds 
mr.Jckpot: folds 
whitecillar3: folds 
AIien Hand: checks 
*** FLOP *** [Ah 8c 8d]
AIien Hand: checks 
dpd1964: checks 
*** TURN *** [Ah 8c 8d] [Qs]
AIien Hand: checks 
dpd1964: checks 
*** RIVER *** [Ah 8c 8d Qs] [8s]
AIien Hand: bets $4.21
dpd1964: calls $4.21
*** SHOW DOWN ***
AIien Hand: shows [6d 5h] (three of a kind, Eights)
dpd1964: shows [Kc 3c] (three of a kind, Eights - Ace+King kicker)
dpd1964 collected $10.37 from pot
*** SUMMARY ***
Total pot $10.92 | Rake $0.55 
Board [Ah 8c 8d Qs 8s]
Seat 4: Felipe$Andre
Seat 1: AIien Hand (big blind) showed [6d 5h] and lost with three of a kind, Eights
Seat 2: dpd1964 showed [Kc 3c] and won ($10.37) with three of a kind, Eights
Seat 3: Aescul@pius folded before Flop (didn't bet)
Seat 5: mr.Jckpot (button) folded before Flop (didn't bet)
Seat 6: whitecillar3 (small blind) folded before Flop



PokerStars Hand #254399906760:  Hold'em No Limit ($0.50/$1.00 USD) - 2025/01/16 17:03:16 WET [2025/01/16 12:03:16 ET]
Table 'Ella III' 6-max Seat #6 is the button
Seat 4: Felipe$Andre ($103.50 in chips) is sitting out
Seat 1: AIien Hand ($108.25 in chips) 
Seat 2: dpd1964 ($58.08 in chips) 
Seat 3: Aescul@pius ($133.63 in chips) 
Seat 5: mr.Jckpot ($179.34 in chips) 
Seat 6: whitecillar3 ($101.38 in chips) 
AIien Hand: posts small blind $0.50
dpd1964: posts big blind $1
Felipe$Andre: sits out 
*** HOLE CARDS ***
Aescul@pius: folds 
mr.Jckpot: folds 
whitecillar3: folds 
AIien Hand: raises $2 to $3
dpd1964: calls $2
*** FLOP *** [Qh 4h 3s]
AIien Hand: bets $1.25
dpd1964: calls $1.25
*** TURN *** [Qh 4h 3s] [Jd]
AIien Hand: bets $5.82
dpd1964: calls $5.82
*** RIVER *** [Qh 4h 3s Jd] [6s]
AIien Hand: bets $13.75
dpd1964: calls $13.75
*** SHOW DOWN ***
AIien Hand: shows [Kh 7s] (high card King)
dpd1964: shows [Qs 5s] (a pair of Queens)
dpd1964 collected $45.26 from pot
*** SUMMARY ***
Total pot $47.64 | Rake $2.38 
Board [Qh 4h 3s Jd 6s]
Seat 4: Felipe$Andre
Seat 1: AIien Hand (small blind) showed [Kh 7s] and lost with high card King
Seat 2: dpd1964 (big blind) showed [Qs 5s] and won ($45.26) with a pair of Queens
Seat 3: Aescul@pius folded before Flop (didn't bet)
Seat 5: mr.Jckpot folded before Flop (didn't bet)
Seat 6: whitecillar3 (button) folded before Flop (didn't bet)



PokerStars Hand #254399918399:  Hold'em No Limit ($0.50/$1.00 USD) - 2025/01/16 17:04:07 WET [2025/01/16 12:04:07 ET]
Table 'Ella III' 6-max Seat #1 is the button
Seat 4: Felipe$Andre ($103.50 in chips) is sitting out
Seat 1: AIien Hand ($100 in chips) 
Seat 2: dpd1964 ($79.52 in chips) 
Seat 3: Aescul@pius ($133.63 in chips) 
Seat 5: mr.Jckpot ($179.34 in chips) 
Seat 6: whitecillar3 ($101.38 in chips) 
dpd1964: posts small blind $0.50
Aescul@pius: posts big blind $1
Felipe$Andre: sits out 
*** HOLE CARDS ***
mr.Jckpot: folds 
whitecillar3: folds 
AIien Hand: raises $1.50 to $2.50
dpd1964: calls $2
Aescul@pius: folds 
*** FLOP *** [7d 4s 8d]
dpd1964: bets $2
AIien Hand: calls $2
*** TURN *** [7d 4s 8d] [7s]
dpd1964: bets $2
AIien Hand: raises $14 to $16
dpd1964: folds 
Uncalled bet ($14) returned to AIien Hand
AIien Hand collected $13.30 from pot
AIien Hand: doesn't show hand 
*** SUMMARY ***
Total pot $14 | Rake $0.70 
Board [7d 4s 8d 7s]
Seat 4: Felipe$Andre
Seat 1: AIien Hand (button) collected ($13.30)
Seat 2: dpd1964 (small blind) folded on the Turn
Seat 3: Aescul@pius (big blind) folded before Flop
Seat 5: mr.Jckpot folded before Flop (didn't bet)
Seat 6: whitecillar3 folded before Flop (didn't bet)



PokerStars Hand #254399929582:  Hold'em No Limit ($0.50/$1.00 USD) - 2025/01/16 17:04:56 WET [2025/01/16 12:04:56 ET]
Table 'Ella III' 6-max Seat #2 is the button
Seat 1: AIien Hand ($106.80 in chips) 
Seat 2: dpd1964 ($73.02 in chips) 
Seat 3: Aescul@pius ($132.63 in chips) 
Seat 4: Felipe$Andre ($103.50 in chips) 
Seat 5: mr.Jckpot ($179.34 in chips) 
Seat 6: whitecillar3 ($101.38 in chips) 
Aescul@pius: posts small blind $0.50
Felipe$Andre: posts big blind $1
*** HOLE CARDS ***
mr.Jckpot: raises $1.50 to $2.50
whitecillar3: raises $5.50 to $8
AIien Hand: folds 
dpd1964: folds 
Aescul@pius: folds 
Felipe$Andre: folds 
mr.Jckpot: calls $5.50
*** FLOP *** [Th 7c 5d]
mr.Jckpot: checks 
whitecillar3: bets $12.63
mr.Jckpot: folds 
Uncalled bet ($12.63) returned to whitecillar3
whitecillar3 collected $16.62 from pot
*** SUMMARY ***
Total pot $17.50 | Rake $0.88 
Board [Th 7c 5d]
Seat 1: AIien Hand folded before Flop (didn't bet)
Seat 2: dpd1964 (button) folded before Flop (didn't bet)
Seat 3: Aescul@pius (small blind) folded before Flop
Seat 4: Felipe$Andre (big blind) folded before Flop
Seat 5: mr.Jckpot folded on the Flop
Seat 6: whitecillar3 collected ($16.62)



PokerStars Hand #254399939126:  Hold'em No Limit ($0.50/$1.00 USD) - 2025/01/16 17:05:36 WET [2025/01/16 12:05:36 ET]
Table 'Ella III' 6-max Seat #3 is the button
Seat 1: AIien Hand ($106.80 in chips) 
Seat 2: dpd1964 ($73.02 in chips) 
Seat 3: Aescul@pius ($132.13 in chips) 
Seat 4: Felipe$Andre ($102.50 in chips) 
Seat 5: mr.Jckpot ($171.34 in chips) 
Seat 6: whitecillar3 ($110 in chips) 
Felipe$Andre: posts small blind $0.50
mr.Jckpot: posts big blind $1
*** HOLE CARDS ***
whitecillar3: folds 
AIien Hand: folds 
dpd1964: folds 
Aescul@pius: raises $1.50 to $2.50
Felipe$Andre: folds 
mr.Jckpot: folds 
Uncalled bet ($1.50) returned to Aescul@pius
Aescul@pius collected $2.50 from pot
Aescul@pius: doesn't show hand 
*** SUMMARY ***
Total pot $2.50 | Rake $0 
Seat 1: AIien Hand folded before Flop (didn't bet)
Seat 2: dpd1964 folded before Flop (didn't bet)
Seat 3: Aescul@pius (button) collected ($2.50)
Seat 4: Felipe$Andre (small blind) folded before Flop
Seat 5: mr.Jckpot (big blind) folded before Flop
Seat 6: whitecillar3 folded before Flop (didn't bet)



PokerStars Hand #254399943461:  Hold'em No Limit ($0.50/$1.00 USD) - 2025/01/16 17:05:55 WET [2025/01/16 12:05:55 ET]
Table 'Ella III' 6-max Seat #4 is the button
Seat 1: AIien Hand ($106.80 in chips) 
Seat 2: dpd1964 ($73.02 in chips) 
Seat 3: Aescul@pius ($133.63 in chips) 
Seat 4: Felipe$Andre ($102 in chips) 
Seat 5: mr.Jckpot ($170.34 in chips) 
Seat 6: whitecillar3 ($110 in chips) 
mr.Jckpot: posts small blind $0.50
whitecillar3: posts big blind $1
*** HOLE CARDS ***
AIien Hand: raises $1.20 to $2.20
dpd1964: folds 
Aescul@pius: folds 
Felipe$Andre: folds 
mr.Jckpot: folds 
whitecillar3: folds 
Uncalled bet ($1.20) returned to AIien Hand
AIien Hand collected $2.50 from pot
AIien Hand: doesn't show hand 
*** SUMMARY ***
Total pot $2.50 | Rake $0 
Seat 1: AIien Hand collected ($2.50)
Seat 2: dpd1964 folded before Flop (didn't bet)
Seat 3: Aescul@pius folded before Flop (didn't bet)
Seat 4: Felipe$Andre (button) folded before Flop (didn't bet)
Seat 5: mr.Jckpot (small blind) folded before Flop
Seat 6: whitecillar3 (big blind) folded before Flop



PokerStars Hand #254399946680:  Hold'em No Limit ($0.50/$1.00 USD) - 2025/01/16 17:06:08 WET [2025/01/16 12:06:08 ET]
Table 'Ella III' 6-max Seat #5 is the button
Seat 1: AIien Hand ($108.30 in chips) 
Seat 2: dpd1964 ($73.02 in chips) 
Seat 3: Aescul@pius ($133.63 in chips) 
Seat 4: Felipe$Andre ($102 in chips) 
Seat 5: mr.Jckpot ($169.84 in chips) 
Seat 6: whitecillar3 ($109 in chips) 
whitecillar3: posts small blind $0.50
AIien Hand: posts big blind $1
*** HOLE CARDS ***
dpd1964: folds 
Aescul@pius: folds 
Felipe$Andre: folds 
mr.Jckpot: folds 
whitecillar3: folds 
Uncalled bet ($0.50) returned to AIien Hand
AIien Hand collected $1 from pot
AIien Hand: doesn't show hand 
*** SUMMARY ***
Total pot $1 | Rake $0 
Seat 1: AIien Hand (big blind) collected ($1)
Seat 2: dpd1964 folded before Flop (didn't bet)
Seat 3: Aescul@pius folded before Flop (didn't bet)
Seat 4: Felipe$Andre folded before Flop (didn't bet)
Seat 5: mr.Jckpot (button) folded before Flop (didn't bet)
Seat 6: whitecillar3 (small blind) folded before Flop



PokerStars Hand #254399951384:  Hold'em No Limit ($0.50/$1.00 USD) - 2025/01/16 17:06:28 WET [2025/01/16 12:06:28 ET]
Table 'Ella III' 6-max Seat #6 is the button
Seat 1: AIien Hand ($108.80 in chips) 
Seat 2: dpd1964 ($73.02 in chips) 
Seat 3: Aescul@pius ($133.63 in chips) 
Seat 4: Felipe$Andre ($102 in chips) 
Seat 5: mr.Jckpot ($169.84 in chips) 
Seat 6: whitecillar3 ($108.50 in chips) 
AIien Hand: posts small blind $0.50
dpd1964: posts big blind $1
*** HOLE CARDS ***
Aescul@pius: raises $1 to $2
Felipe$Andre: folds 
mr.Jckpot: folds 
whitecillar3: folds 
AIien Hand: folds 
dpd1964: calls $1
*** FLOP *** [2h Qd 7h]
dpd1964: checks 
Aescul@pius: bets $1.41
dpd1964: calls $1.41
*** TURN *** [2h Qd 7h] [4h]
dpd1964: checks 
Aescul@pius: checks 
*** RIVER *** [2h Qd 7h 4h] [5h]
dpd1964: bets $2
Aescul@pius: folds 
Uncalled bet ($2) returned to dpd1964
dpd1964 collected $6.95 from pot
*** SUMMARY ***
Total pot $7.32 | Rake $0.37 
Board [2h Qd 7h 4h 5h]
Seat 1: AIien Hand (small blind) folded before Flop
Seat 2: dpd1964 (big blind) collected ($6.95)
Seat 3: Aescul@pius folded on the River
Seat 4: Felipe$Andre folded before Flop (didn't bet)
Seat 5: mr.Jckpot folded before Flop (didn't bet)
Seat 6: whitecillar3 (button) folded before Flop (didn't bet)



PokerStars Hand #254399965367:  Hold'em No Limit ($0.50/$1.00 USD) - 2025/01/16 17:07:28 WET [2025/01/16 12:07:28 ET]
Table 'Ella III' 6-max Seat #1 is the button
Seat 1: AIien Hand ($108.30 in chips) 
Seat 2: dpd1964 ($76.56 in chips) 
Seat 3: Aescul@pius ($130.22 in chips) 
Seat 4: Felipe$Andre ($102 in chips) 
Seat 5: mr.Jckpot ($169.84 in chips) 
Seat 6: whitecillar3 ($108.50 in chips) 
dpd1964: posts small blind $0.50
Aescul@pius: posts big blind $1
*** HOLE CARDS ***
Felipe$Andre: folds 
mr.Jckpot: folds 
whitecillar3: folds 
AIien Hand: raises $1.50 to $2.50
dpd1964: folds 
Aescul@pius: folds 
Uncalled bet ($1.50) returned to AIien Hand
AIien Hand collected $2.50 from pot
AIien Hand: doesn't show hand 
*** SUMMARY ***
Total pot $2.50 | Rake $0 
Seat 1: AIien Hand (button) collected ($2.50)
Seat 2: dpd1964 (small blind) folded before Flop
Seat 3: Aescul@pius (big blind) folded before Flop
Seat 4: Felipe$Andre folded before Flop (didn't bet)
Seat 5: mr.Jckpot folded before Flop (didn't bet)
Seat 6: whitecillar3 folded before Flop (didn't bet)



PokerStars Hand #254399968685:  Hold'em No Limit ($0.50/$1.00 USD) - 2025/01/16 17:07:42 WET [2025/01/16 12:07:42 ET]
Table 'Ella III' 6-max Seat #2 is the button
Seat 1: AIien Hand ($109.80 in chips) 
Seat 2: dpd1964 ($76.06 in chips) 
Seat 3: Aescul@pius ($129.22 in chips) 
Seat 4: Felipe$Andre ($102 in chips) 
Seat 5: mr.Jckpot ($169.84 in chips) 
Seat 6: whitecillar3 ($108.50 in chips) 
Aescul@pius: posts small blind $0.50
Felipe$Andre: posts big blind $1
*** HOLE CARDS ***
mr.Jckpot: raises $1.50 to $2.50
whitecillar3: folds 
AIien Hand: folds 
dpd1964: folds 
Aescul@pius: folds 
Felipe$Andre: folds 
Uncalled bet ($1.50) returned to mr.Jckpot
mr.Jckpot collected $2.50 from pot
mr.Jckpot: doesn't show hand 
*** SUMMARY ***
Total pot $2.50 | Rake $0 
Seat 1: AIien Hand folded before Flop (didn't bet)
Seat 2: dpd1964 (button) folded before Flop (didn't bet)
Seat 3: Aescul@pius (small blind) folded before Flop
Seat 4: Felipe$Andre (big blind) folded before Flop
Seat 5: mr.Jckpot collected ($2.50)
Seat 6: whitecillar3 folded before Flop (didn't bet)



PokerStars Hand #254399973108:  Hold'em No Limit ($0.50/$1.00 USD) - 2025/01/16 17:08:00 WET [2025/01/16 12:08:00 ET]
Table 'Ella III' 6-max Seat #3 is the button
Seat 1: AIien Hand ($109.80 in chips) 
Seat 2: dpd1964 ($76.06 in chips) 
Seat 3: Aescul@pius ($128.72 in chips) 
Seat 4: Felipe$Andre ($101 in chips) 
Seat 5: mr.Jckpot ($171.34 in chips) 
Seat 6: whitecillar3 ($108.50 in chips) 
Felipe$Andre: posts small blind $0.50
mr.Jckpot: posts big blind $1
*** HOLE CARDS ***
whitecillar3: folds 
AIien Hand: raises $1.20 to $2.20
dpd1964: folds 
Aescul@pius: folds 
Felipe$Andre: folds 
mr.Jckpot: folds 
Uncalled bet ($1.20) returned to AIien Hand
AIien Hand collected $2.50 from pot
AIien Hand: doesn't show hand 
*** SUMMARY ***
Total pot $2.50 | Rake $0 
Seat 1: AIien Hand collected ($2.50)
Seat 2: dpd1964 folded before Flop (didn't bet)
Seat 3: Aescul@pius (button) folded before Flop (didn't bet)
Seat 4: Felipe$Andre (small blind) folded before Flop
Seat 5: mr.Jckpot (big blind) folded before Flop
Seat 6: whitecillar3 folded before Flop (didn't bet)



PokerStars Hand #254399976144:  Hold'em No Limit ($0.50/$1.00 USD) - 2025/01/16 17:08:14 WET [2025/01/16 12:08:14 ET]
Table 'Ella III' 6-max Seat #4 is the button
Seat 1: AIien Hand ($111.30 in chips) 
Seat 2: dpd1964 ($76.06 in chips) 
Seat 3: Aescul@pius ($128.72 in chips) 
Seat 4: Felipe$Andre ($100.50 in chips) 
Seat 5: mr.Jckpot ($170.34 in chips) 
Seat 6: whitecillar3 ($108.50 in chips) 
mr.Jckpot: posts small blind $0.50
whitecillar3: posts big blind $1
*** HOLE CARDS ***
AIien Hand: folds 
dpd1964: raises $1 to $2
Aescul@pius: folds 
Felipe$Andre: folds 
mr.Jckpot: folds 
whitecillar3: folds 
Uncalled bet ($1) returned to dpd1964
dpd1964 collected $2.50 from pot
*** SUMMARY ***
Total pot $2.50 | Rake $0 
Seat 1: AIien Hand folded before Flop (didn't bet)
Seat 2: dpd1964 collected ($2.50)
Seat 3: Aescul@pius folded before Flop (didn't bet)
Seat 4: Felipe$Andre (button) folded before Flop (didn't bet)
Seat 5: mr.Jckpot (small blind) folded before Flop
Seat 6: whitecillar3 (big blind) folded before Flop



PokerStars Hand #254399980505:  Hold'em No Limit ($0.50/$1.00 USD) - 2025/01/16 17:08:32 WET [2025/01/16 12:08:32 ET]
Table 'Ella III' 6-max Seat #5 is the button
Seat 1: AIien Hand ($111.30 in chips) 
Seat 2: dpd1964 ($77.56 in chips) 
Seat 3: Aescul@pius ($128.72 in chips) 
Seat 4: Felipe$Andre ($100.50 in chips) 
Seat 5: mr.Jckpot ($169.84 in chips) 
Seat 6: whitecillar3 ($107.50 in chips) 
whitecillar3: posts small blind $0.50
AIien Hand: posts big blind $1
*** HOLE CARDS ***
dpd1964: folds 
Aescul@pius: raises $1.20 to $2.20
Felipe$Andre: folds 
mr.Jckpot: folds 
whitecillar3: folds 
AIien Hand: raises $10.30 to $12.50
Aescul@pius: folds 
Uncalled bet ($10.30) returned to AIien Hand
AIien Hand collected $4.90 from pot
AIien Hand: doesn't show hand 
*** SUMMARY ***
Total pot $4.90 | Rake $0 
Seat 1: AIien Hand (big blind) collected ($4.90)
Seat 2: dpd1964 folded before Flop (didn't bet)
Seat 3: Aescul@pius folded before Flop
Seat 4: Felipe$Andre folded before Flop (didn't bet)
Seat 5: mr.Jckpot (button) folded before Flop (didn't bet)
Seat 6: whitecillar3 (small blind) folded before Flop



PokerStars Hand #254399988614:  Hold'em No Limit ($0.50/$1.00 USD) - 2025/01/16 17:09:06 WET [2025/01/16 12:09:06 ET]
Table 'Ella III' 6-max Seat #6 is the button
Seat 1: AIien Hand ($114 in chips) 
Seat 2: dpd1964 ($77.56 in chips) 
Seat 3: Aescul@pius ($126.52 in chips) 
Seat 4: Felipe$Andre ($100.50 in chips) 
Seat 5: mr.Jckpot ($169.84 in chips) 
Seat 6: whitecillar3 ($107 in chips) 
AIien Hand: posts small blind $0.50
dpd1964: posts big blind $1
*** HOLE CARDS ***
Aescul@pius: folds 
Felipe$Andre: folds 
mr.Jckpot: folds 
whitecillar3: folds 
AIien Hand: folds 
Uncalled bet ($0.50) returned to dpd1964
dpd1964 collected $1 from pot
*** SUMMARY ***
Total pot $1 | Rake $0 
Seat 1: AIien Hand (small blind) folded before Flop
Seat 2: dpd1964 (big blind) collected ($1)
Seat 3: Aescul@pius folded before Flop (didn't bet)
Seat 4: Felipe$Andre folded before Flop (didn't bet)
Seat 5: mr.Jckpot folded before Flop (didn't bet)
Seat 6: whitecillar3 (button) folded before Flop (didn't bet)



PokerStars Hand #254399991234:  Hold'em No Limit ($0.50/$1.00 USD) - 2025/01/16 17:09:17 WET [2025/01/16 12:09:17 ET]
Table 'Ella III' 6-max Seat #1 is the button
Seat 1: AIien Hand ($113.50 in chips) 
Seat 2: dpd1964 ($78.06 in chips) 
Seat 3: Aescul@pius ($126.52 in chips) 
Seat 4: Felipe$Andre ($100.50 in chips) 
Seat 5: mr.Jckpot ($169.84 in chips) 
Seat 6: whitecillar3 ($107 in chips) 
dpd1964: posts small blind $0.50
Aescul@pius: posts big blind $1
*** HOLE CARDS ***
Felipe$Andre: folds 
mr.Jckpot: raises $1.50 to $2.50
whitecillar3: folds 
AIien Hand: folds 
dpd1964: folds 
Aescul@pius: calls $1.50
*** FLOP *** [4h 2s 7c]
Aescul@pius: checks 
mr.Jckpot: bets $1.72
Aescul@pius: raises $5.42 to $7.14
mr.Jckpot: calls $5.42
*** TURN *** [4h 2s 7c] [9s]
Aescul@pius: bets $13.81
mr.Jckpot: calls $13.81
*** RIVER *** [4h 2s 7c 9s] [6c]
Aescul@pius: checks 
mr.Jckpot: checks 
*** SHOW DOWN ***
Aescul@pius: shows [Jh Jd] (a pair of Jacks)
mr.Jckpot: shows [Ac As] (a pair of Aces)
mr.Jckpot collected $45.03 from pot
*** SUMMARY ***
Total pot $47.40 | Rake $2.37 
Board [4h 2s 7c 9s 6c]
Seat 1: AIien Hand (button) folded before Flop (didn't bet)
Seat 2: dpd1964 (small blind) folded before Flop
Seat 3: Aescul@pius (big blind) showed [Jh Jd] and lost with a pair of Jacks
Seat 4: Felipe$Andre folded before Flop (didn't bet)
Seat 5: mr.Jckpot showed [Ac As] and won ($45.03) with a pair of Aces
Seat 6: whitecillar3 folded before Flop (didn't bet)



PokerStars Hand #254400011272:  Hold'em No Limit ($0.50/$1.00 USD) - 2025/01/16 17:10:41 WET [2025/01/16 12:10:41 ET]
Table 'Ella III' 6-max Seat #2 is the button
Seat 1: AIien Hand ($113.50 in chips) 
Seat 2: dpd1964 ($77.56 in chips) 
Seat 3: Aescul@pius ($103.07 in chips) 
Seat 4: Felipe$Andre ($100.50 in chips) 
Seat 5: mr.Jckpot ($191.42 in chips) 
Seat 6: whitecillar3 ($107 in chips) 
Aescul@pius: posts small blind $0.50
Felipe$Andre: posts big blind $1
*** HOLE CARDS ***
mr.Jckpot: folds 
whitecillar3: folds 
AIien Hand: raises $1.20 to $2.20
dpd1964: folds 
Aescul@pius: folds 
Felipe$Andre: raises $9.80 to $12
AIien Hand: folds 
Uncalled bet ($9.80) returned to Felipe$Andre
Felipe$Andre collected $4.90 from pot
Felipe$Andre: doesn't show hand 
*** SUMMARY ***
Total pot $4.90 | Rake $0 
Seat 1: AIien Hand folded before Flop
Seat 2: dpd1964 (button) folded before Flop (didn't bet)
Seat 3: Aescul@pius (small blind) folded before Flop
Seat 4: Felipe$Andre (big blind) collected ($4.90)
Seat 5: mr.Jckpot folded before Flop (didn't bet)
Seat 6: whitecillar3 folded before Flop (didn't bet)



PokerStars Hand #254400016994:  Hold'em No Limit ($0.50/$1.00 USD) - 2025/01/16 17:11:05 WET [2025/01/16 12:11:05 ET]
Table 'Ella III' 6-max Seat #3 is the button
Seat 1: AIien Hand ($111.30 in chips) 
Seat 2: dpd1964 ($77.56 in chips) 
Seat 3: Aescul@pius ($102.57 in chips) 
Seat 4: Felipe$Andre ($103.20 in chips) 
Seat 5: mr.Jckpot ($191.42 in chips) 
Seat 6: whitecillar3 ($107 in chips) 
Felipe$Andre: posts small blind $0.50
mr.Jckpot: posts big blind $1
*** HOLE CARDS ***
whitecillar3: folds 
AIien Hand: folds 
dpd1964: folds 
Aescul@pius: folds 
Felipe$Andre: folds 
Uncalled bet ($0.50) returned to mr.Jckpot
mr.Jckpot collected $1 from pot
mr.Jckpot: doesn't show hand 
*** SUMMARY ***
Total pot $1 | Rake $0 
Seat 1: AIien Hand folded before Flop (didn't bet)
Seat 2: dpd1964 folded before Flop (didn't bet)
Seat 3: Aescul@pius (button) folded before Flop (didn't bet)
Seat 4: Felipe$Andre (small blind) folded before Flop
Seat 5: mr.Jckpot (big blind) collected ($1)
Seat 6: whitecillar3 folded before Flop (didn't bet)



PokerStars Hand #254400020309:  Hold'em No Limit ($0.50/$1.00 USD) - 2025/01/16 17:11:18 WET [2025/01/16 12:11:18 ET]
Table 'Ella III' 6-max Seat #4 is the button
Seat 1: AIien Hand ($111.30 in chips) 
Seat 2: dpd1964 ($77.56 in chips) 
Seat 3: Aescul@pius ($102.57 in chips) 
Seat 4: Felipe$Andre ($102.70 in chips) 
Seat 5: mr.Jckpot ($191.92 in chips) 
Seat 6: whitecillar3 ($107 in chips) 
mr.Jckpot: posts small blind $0.50
whitecillar3: posts big blind $1
*** HOLE CARDS ***
AIien Hand: raises $1.20 to $2.20
dpd1964: folds 
Aescul@pius: folds 
Felipe$Andre: folds 
mr.Jckpot: folds 
whitecillar3: folds 
Uncalled bet ($1.20) returned to AIien Hand
AIien Hand collected $2.50 from pot
AIien Hand: doesn't show hand 
*** SUMMARY ***
Total pot $2.50 | Rake $0 
Seat 1: AIien Hand collected ($2.50)
Seat 2: dpd1964 folded before Flop (didn't bet)
Seat 3: Aescul@pius folded before Flop (didn't bet)
Seat 4: Felipe$Andre (button) folded before Flop (didn't bet)
Seat 5: mr.Jckpot (small blind) folded before Flop
Seat 6: whitecillar3 (big blind) folded before Flop



PokerStars Hand #254400023377:  Hold'em No Limit ($0.50/$1.00 USD) - 2025/01/16 17:11:31 WET [2025/01/16 12:11:31 ET]
Table 'Ella III' 6-max Seat #5 is the button
Seat 1: AIien Hand ($112.80 in chips) 
Seat 2: dpd1964 ($77.56 in chips) 
Seat 3: Aescul@pius ($102.57 in chips) 
Seat 4: Felipe$Andre ($102.70 in chips) 
Seat 5: mr.Jckpot ($191.42 in chips) 
Seat 6: whitecillar3 ($106 in chips) 
whitecillar3: posts small blind $0.50
AIien Hand: posts big blind $1
*** HOLE CARDS ***
dpd1964: folds 
Aescul@pius: raises $1.20 to $2.20
Felipe$Andre: folds 
mr.Jckpot: raises $5.30 to $7.50
whitecillar3: folds 
AIien Hand: raises $14 to $21.50
Aescul@pius: folds 
mr.Jckpot: folds 
Uncalled bet ($14) returned to AIien Hand
AIien Hand collected $17.70 from pot
AIien Hand: doesn't show hand 
*** SUMMARY ***
Total pot $17.70 | Rake $0 
Seat 1: AIien Hand (big blind) collected ($17.70)
Seat 2: dpd1964 folded before Flop (didn't bet)
Seat 3: Aescul@pius folded before Flop
Seat 4: Felipe$Andre folded before Flop (didn't bet)
Seat 5: mr.Jckpot (button) folded before Flop
Seat 6: whitecillar3 (small blind) folded before Flop



PokerStars Hand #254400030677:  Hold'em No Limit ($0.50/$1.00 USD) - 2025/01/16 17:12:01 WET [2025/01/16 12:12:01 ET]
Table 'Ella III' 6-max Seat #6 is the button
Seat 1: AIien Hand ($123 in chips) 
Seat 2: dpd1964 ($77.56 in chips) 
Seat 3: Aescul@pius ($100.37 in chips) 
Seat 4: Felipe$Andre ($102.70 in chips) 
Seat 5: mr.Jckpot ($183.92 in chips) 
Seat 6: whitecillar3 ($105.50 in chips) 
AIien Hand: posts small blind $0.50
dpd1964: posts big blind $1
*** HOLE CARDS ***
Aescul@pius: folds 
Felipe$Andre: folds 
mr.Jckpot: folds 
whitecillar3: raises $1.50 to $2.50
AIien Hand: folds 
dpd1964: folds 
Uncalled bet ($1.50) returned to whitecillar3
Aescul@pius leaves the table
whitecillar3 collected $2.50 from pot
*** SUMMARY ***
Total pot $2.50 | Rake $0 
Seat 1: AIien Hand (small blind) folded before Flop
Seat 2: dpd1964 (big blind) folded before Flop
Seat 3: Aescul@pius folded before Flop (didn't bet)
Seat 4: Felipe$Andre folded before Flop (didn't bet)
Seat 5: mr.Jckpot folded before Flop (didn't bet)
Seat 6: whitecillar3 (button) collected ($2.50)



PokerStars Hand #254400033614:  Hold'em No Limit ($0.50/$1.00 USD) - 2025/01/16 17:12:13 WET [2025/01/16 12:12:13 ET]
Table 'Ella III' 6-max Seat #1 is the button
Seat 1: AIien Hand ($122.50 in chips) 
Seat 2: dpd1964 ($76.56 in chips) 
Seat 4: Felipe$Andre ($102.70 in chips) 
Seat 5: mr.Jckpot ($183.92 in chips) 
Seat 6: whitecillar3 ($107 in chips) 
dpd1964: posts small blind $0.50
Felipe$Andre: posts big blind $1
*** HOLE CARDS ***
GlebanuZZ joins the table at seat #3 
mr.Jckpot: raises $1.50 to $2.50
whitecillar3: folds 
AIien Hand: folds 
dpd1964: folds 
Felipe$Andre: folds 
Uncalled bet ($1.50) returned to mr.Jckpot
mr.Jckpot collected $2.50 from pot
mr.Jckpot: doesn't show hand 
*** SUMMARY ***
Total pot $2.50 | Rake $0 
Seat 1: AIien Hand (button) folded before Flop (didn't bet)
Seat 2: dpd1964 (small blind) folded before Flop
Seat 4: Felipe$Andre (big blind) folded before Flop
Seat 5: mr.Jckpot collected ($2.50)
Seat 6: whitecillar3 folded before Flop (didn't bet)



PokerStars Hand #254400040274:  Hold'em No Limit ($0.50/$1.00 USD) - 2025/01/16 17:12:40 WET [2025/01/16 12:12:40 ET]
Table 'Ella III' 6-max Seat #2 is the button
Seat 3: GlebanuZZ ($100 in chips) is sitting out
Seat 1: AIien Hand ($122.50 in chips) 
Seat 2: dpd1964 ($76.06 in chips) 
Seat 4: Felipe$Andre ($101.70 in chips) 
Seat 5: mr.Jckpot ($185.42 in chips) 
Seat 6: whitecillar3 ($107 in chips) 
Felipe$Andre: posts small blind $0.50
mr.Jckpot: posts big blind $1
*** HOLE CARDS ***
whitecillar3: folds 
AIien Hand: folds 
dpd1964: folds 
Felipe$Andre: folds 
Uncalled bet ($0.50) returned to mr.Jckpot
mr.Jckpot collected $1 from pot
mr.Jckpot: doesn't show hand 
*** SUMMARY ***
Total pot $1 | Rake $0 
Seat 3: GlebanuZZ
Seat 1: AIien Hand folded before Flop (didn't bet)
Seat 2: dpd1964 (button) folded before Flop (didn't bet)
Seat 4: Felipe$Andre (small blind) folded before Flop
Seat 5: mr.Jckpot (big blind) collected ($1)
Seat 6: whitecillar3 folded before Flop (didn't bet)



PokerStars Hand #254400044030:  Hold'em No Limit ($0.50/$1.00 USD) - 2025/01/16 17:12:55 WET [2025/01/16 12:12:55 ET]
Table 'Ella III' 6-max Seat #4 is the button
Seat 3: GlebanuZZ ($100 in chips) is sitting out
Seat 1: AIien Hand ($122.50 in chips) 
Seat 2: dpd1964 ($76.06 in chips) 
Seat 4: Felipe$Andre ($101.20 in chips) 
Seat 5: mr.Jckpot ($185.92 in chips) 
Seat 6: whitecillar3 ($107 in chips) 
mr.Jckpot: posts small blind $0.50
whitecillar3: posts big blind $1
GlebanuZZ: sits out 
*** HOLE CARDS ***
AIien Hand: folds 
dpd1964: folds 
Felipe$Andre: raises $1.50 to $2.50
mr.Jckpot: folds 
whitecillar3: folds 
Uncalled bet ($1.50) returned to Felipe$Andre
Felipe$Andre collected $2.50 from pot
Felipe$Andre: doesn't show hand 
*** SUMMARY ***
Total pot $2.50 | Rake $0 
Seat 3: GlebanuZZ
Seat 1: AIien Hand folded before Flop (didn't bet)
Seat 2: dpd1964 folded before Flop (didn't bet)
Seat 4: Felipe$Andre (button) collected ($2.50)
Seat 5: mr.Jckpot (small blind) folded before Flop
Seat 6: whitecillar3 (big blind) folded before Flop



PokerStars Hand #254400047342:  Hold'em No Limit ($0.50/$1.00 USD) - 2025/01/16 17:13:09 WET [2025/01/16 12:13:09 ET]
Table 'Ella III' 6-max Seat #5 is the button
Seat 3: GlebanuZZ ($100 in chips) is sitting out
Seat 1: AIien Hand ($122.50 in chips) 
Seat 2: dpd1964 ($76.06 in chips) 
Seat 4: Felipe$Andre ($102.70 in chips) 
Seat 5: mr.Jckpot ($185.42 in chips) 
Seat 6: whitecillar3 ($106 in chips) 
whitecillar3: posts small blind $0.50
AIien Hand: posts big blind $1
GlebanuZZ: sits out 
*** HOLE CARDS ***
dpd1964: folds 
Felipe$Andre: folds 
mr.Jckpot: folds 
whitecillar3: folds 
Uncalled bet ($0.50) returned to AIien Hand
AIien Hand collected $1 from pot
AIien Hand: doesn't show hand 
*** SUMMARY ***
Total pot $1 | Rake $0 
Seat 3: GlebanuZZ
Seat 1: AIien Hand (big blind) collected ($1)
Seat 2: dpd1964 folded before Flop (didn't bet)
Seat 4: Felipe$Andre folded before Flop (didn't bet)
Seat 5: mr.Jckpot (button) folded before Flop (didn't bet)
Seat 6: whitecillar3 (small blind) folded before Flop



PokerStars Hand #254400052768:  Hold'em No Limit ($0.50/$1.00 USD) - 2025/01/16 17:13:31 WET [2025/01/16 12:13:31 ET]
Table 'Ella III' 6-max Seat #6 is the button
Seat 3: GlebanuZZ ($100 in chips) is sitting out
Seat 1: AIien Hand ($123 in chips) 
Seat 2: dpd1964 ($76.06 in chips) 
Seat 4: Felipe$Andre ($102.70 in chips) 
Seat 5: mr.Jckpot ($185.42 in chips) 
Seat 6: whitecillar3 ($105.50 in chips) 
AIien Hand: posts small blind $0.50
dpd1964: posts big blind $1
GlebanuZZ: sits out 
*** HOLE CARDS ***
Felipe$Andre: raises $1.20 to $2.20
mr.Jckpot: folds 
whitecillar3: folds 
AIien Hand: folds 
dpd1964: folds 
Uncalled bet ($1.20) returned to Felipe$Andre
Felipe$Andre collected $2.50 from pot
Felipe$Andre: doesn't show hand 
*** SUMMARY ***
Total pot $2.50 | Rake $0 
Seat 3: GlebanuZZ
Seat 1: AIien Hand (small blind) folded before Flop
Seat 2: dpd1964 (big blind) folded before Flop
Seat 4: Felipe$Andre collected ($2.50)
Seat 5: mr.Jckpot folded before Flop (didn't bet)
Seat 6: whitecillar3 (button) folded before Flop (didn't bet)



PokerStars Hand #254400055092:  Hold'em No Limit ($0.50/$1.00 USD) - 2025/01/16 17:13:40 WET [2025/01/16 12:13:40 ET]
Table 'Ella III' 6-max Seat #1 is the button
Seat 1: AIien Hand ($122.50 in chips) 
Seat 2: dpd1964 ($75.06 in chips) 
Seat 3: GlebanuZZ ($100 in chips) 
Seat 4: Felipe$Andre ($104.20 in chips) 
Seat 5: mr.Jckpot ($185.42 in chips) 
Seat 6: whitecillar3 ($105.50 in chips) 
dpd1964: posts small blind $0.50
GlebanuZZ: posts big blind $1
*** HOLE CARDS ***
Felipe$Andre: folds 
mr.Jckpot: folds 
whitecillar3: folds 
AIien Hand: raises $1.50 to $2.50
dpd1964: folds 
GlebanuZZ: calls $1.50
*** FLOP *** [6h 8c Th]
GlebanuZZ: checks 
AIien Hand: bets $5.59
GlebanuZZ: calls $5.59
*** TURN *** [6h 8c Th] [7d]
GlebanuZZ: checks 
AIien Hand: checks 
*** RIVER *** [6h 8c Th 7d] [4s]
GlebanuZZ: checks 
AIien Hand: checks 
*** SHOW DOWN ***
GlebanuZZ: shows [Ts Qh] (a pair of Tens)
AIien Hand: shows [6s 8s] (two pair, Eights and Sixes)
AIien Hand collected $15.85 from pot
*** SUMMARY ***
Total pot $16.68 | Rake $0.83 
Board [6h 8c Th 7d 4s]
Seat 1: AIien Hand (button) showed [6s 8s] and won ($15.85) with two pair, Eights and Sixes
Seat 2: dpd1964 (small blind) folded before Flop
Seat 3: GlebanuZZ (big blind) showed [Ts Qh] and lost with a pair of Tens
Seat 4: Felipe$Andre folded before Flop (didn't bet)
Seat 5: mr.Jckpot folded before Flop (didn't bet)
Seat 6: whitecillar3 folded before Flop (didn't bet)



PokerStars Hand #254400070982:  Hold'em No Limit ($0.50/$1.00 USD) - 2025/01/16 17:14:45 WET [2025/01/16 12:14:45 ET]
Table 'Ella III' 6-max Seat #2 is the button
Seat 1: AIien Hand ($130.26 in chips) 
Seat 2: dpd1964 ($74.56 in chips) 
Seat 3: GlebanuZZ ($100 in chips) 
Seat 4: Felipe$Andre ($104.20 in chips) 
Seat 5: mr.Jckpot ($185.42 in chips) 
Seat 6: whitecillar3 ($105.50 in chips) 
GlebanuZZ: posts small blind $0.50
Felipe$Andre: posts big blind $1
*** HOLE CARDS ***
mr.Jckpot: folds 
whitecillar3: folds 
AIien Hand: folds 
dpd1964: raises $1 to $2
GlebanuZZ: raises $8 to $10
Felipe$Andre: folds 
dpd1964: folds 
Uncalled bet ($8) returned to GlebanuZZ
GlebanuZZ collected $5 from pot
GlebanuZZ: doesn't show hand 
*** SUMMARY ***
Total pot $5 | Rake $0 
Seat 1: AIien Hand folded before Flop (didn't bet)
Seat 2: dpd1964 (button) folded before Flop
Seat 3: GlebanuZZ (small blind) collected ($5)
Seat 4: Felipe$Andre (big blind) folded before Flop
Seat 5: mr.Jckpot folded before Flop (didn't bet)
Seat 6: whitecillar3 folded before Flop (didn't bet)



PokerStars Hand #254400079130:  Hold'em No Limit ($0.50/$1.00 USD) - 2025/01/16 17:15:18 WET [2025/01/16 12:15:18 ET]
Table 'Ella III' 6-max Seat #3 is the button
Seat 1: AIien Hand ($130.26 in chips) 
Seat 2: dpd1964 ($72.56 in chips) 
Seat 3: GlebanuZZ ($103 in chips) 
Seat 4: Felipe$Andre ($103.20 in chips) 
Seat 5: mr.Jckpot ($185.42 in chips) 
Seat 6: whitecillar3 ($105.50 in chips) 
Felipe$Andre: posts small blind $0.50
mr.Jckpot: posts big blind $1
*** HOLE CARDS ***
whitecillar3: folds 
AIien Hand: folds 
dpd1964: folds 
GlebanuZZ: raises $2 to $3
Felipe$Andre: folds 
mr.Jckpot: folds 
Uncalled bet ($2) returned to GlebanuZZ
GlebanuZZ collected $2.50 from pot
GlebanuZZ: doesn't show hand 
*** SUMMARY ***
Total pot $2.50 | Rake $0 
Seat 1: AIien Hand folded before Flop (didn't bet)
Seat 2: dpd1964 folded before Flop (didn't bet)
Seat 3: GlebanuZZ (button) collected ($2.50)
Seat 4: Felipe$Andre (small blind) folded before Flop
Seat 5: mr.Jckpot (big blind) folded before Flop
Seat 6: whitecillar3 folded before Flop (didn't bet)



PokerStars Hand #254400084792:  Hold'em No Limit ($0.50/$1.00 USD) - 2025/01/16 17:15:41 WET [2025/01/16 12:15:41 ET]
Table 'Ella III' 6-max Seat #4 is the button
Seat 1: AIien Hand ($130.26 in chips) 
Seat 2: dpd1964 ($72.56 in chips) 
Seat 3: GlebanuZZ ($104.50 in chips) 
Seat 4: Felipe$Andre ($102.70 in chips) 
Seat 5: mr.Jckpot ($184.42 in chips) 
Seat 6: whitecillar3 ($105.50 in chips) 
mr.Jckpot: posts small blind $0.50
whitecillar3: posts big blind $1
*** HOLE CARDS ***
AIien Hand: folds 
dpd1964: folds 
GlebanuZZ: folds 
Felipe$Andre: folds 
mr.Jckpot: folds 
Uncalled bet ($0.50) returned to whitecillar3
whitecillar3 collected $1 from pot
*** SUMMARY ***
Total pot $1 | Rake $0 
Seat 1: AIien Hand folded before Flop (didn't bet)
Seat 2: dpd1964 folded before Flop (didn't bet)
Seat 3: GlebanuZZ folded before Flop (didn't bet)
Seat 4: Felipe$Andre (button) folded before Flop (didn't bet)
Seat 5: mr.Jckpot (small blind) folded before Flop
Seat 6: whitecillar3 (big blind) collected ($1)



PokerStars Hand #254400087712:  Hold'em No Limit ($0.50/$1.00 USD) - 2025/01/16 17:15:53 WET [2025/01/16 12:15:53 ET]
Table 'Ella III' 6-max Seat #5 is the button
Seat 1: AIien Hand ($130.26 in chips) 
Seat 2: dpd1964 ($72.56 in chips) 
Seat 3: GlebanuZZ ($104.50 in chips) 
Seat 4: Felipe$Andre ($102.70 in chips) 
Seat 5: mr.Jckpot ($183.92 in chips) 
Seat 6: whitecillar3 ($106 in chips) 
whitecillar3: posts small blind $0.50
AIien Hand: posts big blind $1
*** HOLE CARDS ***
dpd1964: folds 
GlebanuZZ: folds 
Felipe$Andre: raises $1.30 to $2.30
mr.Jckpot: folds 
whitecillar3: folds 
AIien Hand: folds 
Uncalled bet ($1.30) returned to Felipe$Andre
Felipe$Andre collected $2.50 from pot
Felipe$Andre: doesn't show hand 
*** SUMMARY ***
Total pot $2.50 | Rake $0 
Seat 1: AIien Hand (big blind) folded before Flop
Seat 2: dpd1964 folded before Flop (didn't bet)
Seat 3: GlebanuZZ folded before Flop (didn't bet)
Seat 4: Felipe$Andre collected ($2.50)
Seat 5: mr.Jckpot (button) folded before Flop (didn't bet)
Seat 6: whitecillar3 (small blind) folded before Flop



PokerStars Hand #254400093141:  Hold'em No Limit ($0.50/$1.00 USD) - 2025/01/16 17:16:15 WET [2025/01/16 12:16:15 ET]
Table 'Ella III' 6-max Seat #6 is the button
Seat 1: AIien Hand ($129.26 in chips) 
Seat 2: dpd1964 ($72.56 in chips) 
Seat 3: GlebanuZZ ($104.50 in chips) 
Seat 4: Felipe$Andre ($104.20 in chips) 
Seat 5: mr.Jckpot ($183.92 in chips) 
Seat 6: whitecillar3 ($105.50 in chips) 
AIien Hand: posts small blind $0.50
dpd1964: posts big blind $1
*** HOLE CARDS ***
GlebanuZZ: folds 
Felipe$Andre: raises $1.20 to $2.20
mr.Jckpot: folds 
whitecillar3: folds 
AIien Hand: folds 
dpd1964: folds 
Uncalled bet ($1.20) returned to Felipe$Andre
Felipe$Andre collected $2.50 from pot
Felipe$Andre: doesn't show hand 
*** SUMMARY ***
Total pot $2.50 | Rake $0 
Seat 1: AIien Hand (small blind) folded before Flop
Seat 2: dpd1964 (big blind) folded before Flop
Seat 3: GlebanuZZ folded before Flop (didn't bet)
Seat 4: Felipe$Andre collected ($2.50)
Seat 5: mr.Jckpot folded before Flop (didn't bet)
Seat 6: whitecillar3 (button) folded before Flop (didn't bet)



PokerStars Hand #254400095595:  Hold'em No Limit ($0.50/$1.00 USD) - 2025/01/16 17:16:25 WET [2025/01/16 12:16:25 ET]
Table 'Ella III' 6-max Seat #1 is the button
Seat 3: GlebanuZZ ($104.50 in chips) is sitting out
Seat 1: AIien Hand ($128.76 in chips) 
Seat 2: dpd1964 ($71.56 in chips) 
Seat 4: Felipe$Andre ($105.70 in chips) 
Seat 5: mr.Jckpot ($183.92 in chips) 
Seat 6: whitecillar3 ($105.50 in chips) 
dpd1964: posts small blind $0.50
GlebanuZZ: is sitting out 
Felipe$Andre: posts big blind $1
*** HOLE CARDS ***
mr.Jckpot: folds 
whitecillar3: raises $1.50 to $2.50
AIien Hand: folds 
dpd1964: folds 
Felipe$Andre: folds 
Uncalled bet ($1.50) returned to whitecillar3
whitecillar3 collected $2.50 from pot
*** SUMMARY ***
Total pot $2.50 | Rake $0 
Seat 3: GlebanuZZ
Seat 1: AIien Hand (button) folded before Flop (didn't bet)
Seat 2: dpd1964 (small blind) folded before Flop
Seat 4: Felipe$Andre (big blind) folded before Flop
Seat 5: mr.Jckpot folded before Flop (didn't bet)
Seat 6: whitecillar3 collected ($2.50)



PokerStars Hand #254400098023:  Hold'em No Limit ($0.50/$1.00 USD) - 2025/01/16 17:16:34 WET [2025/01/16 12:16:34 ET]
Table 'Ella III' 6-max Seat #2 is the button
Seat 3: GlebanuZZ ($104.50 in chips) is sitting out
Seat 1: AIien Hand ($128.76 in chips) 
Seat 2: dpd1964 ($71.06 in chips) 
Seat 4: Felipe$Andre ($104.70 in chips) 
Seat 5: mr.Jckpot ($183.92 in chips) 
Seat 6: whitecillar3 ($107 in chips) 
Felipe$Andre: posts small blind $0.50
mr.Jckpot: posts big blind $1
*** HOLE CARDS ***
whitecillar3: folds 
AIien Hand: folds 
dpd1964: folds 
Felipe$Andre: raises $2 to $3
mr.Jckpot: folds 
Uncalled bet ($2) returned to Felipe$Andre
Felipe$Andre collected $2 from pot
Felipe$Andre: doesn't show hand 
*** SUMMARY ***
Total pot $2 | Rake $0 
Seat 3: GlebanuZZ
Seat 1: AIien Hand folded before Flop (didn't bet)
Seat 2: dpd1964 (button) folded before Flop (didn't bet)
Seat 4: Felipe$Andre (small blind) collected ($2)
Seat 5: mr.Jckpot (big blind) folded before Flop
Seat 6: whitecillar3 folded before Flop (didn't bet)



PokerStars Hand #254400100987:  Hold'em No Limit ($0.50/$1.00 USD) - 2025/01/16 17:16:46 WET [2025/01/16 12:16:46 ET]
Table 'Ella III' 6-max Seat #4 is the button
Seat 3: GlebanuZZ ($104.50 in chips) is sitting out
Seat 1: AIien Hand ($128.76 in chips) 
Seat 2: dpd1964 ($71.06 in chips) 
Seat 4: Felipe$Andre ($105.70 in chips) 
Seat 5: mr.Jckpot ($182.92 in chips) 
Seat 6: whitecillar3 ($107 in chips) 
mr.Jckpot: posts small blind $0.50
whitecillar3: posts big blind $1
*** HOLE CARDS ***
GlebanuZZ leaves the table
AIien Hand: folds 
b2k-Snick joins the table at seat #3 
dpd1964: raises $2 to $3
Felipe$Andre: folds 
mr.Jckpot: raises $8 to $11
whitecillar3: folds 
dpd1964: calls $8
*** FLOP *** [Jd Kc 4c]
mr.Jckpot: checks 
dpd1964: checks 
*** TURN *** [Jd Kc 4c] [Kh]
mr.Jckpot: bets $4.81
dpd1964: calls $4.81
*** RIVER *** [Jd Kc 4c Kh] [2h]
mr.Jckpot: bets $17.04
dpd1964: folds 
Uncalled bet ($17.04) returned to mr.Jckpot
mr.Jckpot collected $30.99 from pot
mr.Jckpot: doesn't show hand 
*** SUMMARY ***
Total pot $32.62 | Rake $1.63 
Board [Jd Kc 4c Kh 2h]
Seat 3: GlebanuZZ
Seat 1: AIien Hand folded before Flop (didn't bet)
Seat 2: dpd1964 folded on the River
Seat 4: Felipe$Andre (button) folded before Flop (didn't bet)
Seat 5: mr.Jckpot (small blind) collected ($30.99)
Seat 6: whitecillar3 (big blind) folded before Flop



PokerStars Hand #254400110463:  Hold'em No Limit ($0.50/$1.00 USD) - 2025/01/16 17:17:24 WET [2025/01/16 12:17:24 ET]
Table 'Ella III' 6-max Seat #5 is the button
Seat 3: b2k-Snick ($100 in chips) is sitting out
Seat 1: AIien Hand ($128.76 in chips) 
Seat 2: dpd1964 ($55.25 in chips) 
Seat 4: Felipe$Andre ($105.70 in chips) 
Seat 5: mr.Jckpot ($198.10 in chips) 
Seat 6: whitecillar3 ($106 in chips) 
whitecillar3: posts small blind $0.50
AIien Hand: posts big blind $1
b2k-Snick: sits out 
*** HOLE CARDS ***
dpd1964: folds 
Felipe$Andre: folds 
mr.Jckpot: folds 
whitecillar3: raises $2 to $3
AIien Hand: folds 
Uncalled bet ($2) returned to whitecillar3
whitecillar3 collected $2 from pot
*** SUMMARY ***
Total pot $2 | Rake $0 
Seat 3: b2k-Snick
Seat 1: AIien Hand (big blind) folded before Flop
Seat 2: dpd1964 folded before Flop (didn't bet)
Seat 4: Felipe$Andre folded before Flop (didn't bet)
Seat 5: mr.Jckpot (button) folded before Flop (didn't bet)
Seat 6: whitecillar3 (small blind) collected ($2)



PokerStars Hand #254400113770:  Hold'em No Limit ($0.50/$1.00 USD) - 2025/01/16 17:17:38 WET [2025/01/16 12:17:38 ET]
Table 'Ella III' 6-max Seat #6 is the button
Seat 3: b2k-Snick ($100 in chips) is sitting out
Seat 1: AIien Hand ($127.76 in chips) 
Seat 2: dpd1964 ($55.25 in chips) 
Seat 4: Felipe$Andre ($105.70 in chips) 
Seat 5: mr.Jckpot ($198.10 in chips) 
Seat 6: whitecillar3 ($107 in chips) 
AIien Hand: posts small blind $0.50
dpd1964: posts big blind $1
b2k-Snick: sits out 
*** HOLE CARDS ***
Felipe$Andre: raises $1.20 to $2.20
mr.Jckpot: folds 
whitecillar3: raises $5.30 to $7.50
AIien Hand: folds 
dpd1964: folds 
Felipe$Andre: calls $5.30
*** FLOP *** [Ts Jd 8c]
Felipe$Andre: bets $3.92
whitecillar3: calls $3.92
*** TURN *** [Ts Jd 8c] [4h]
Felipe$Andre: bets $17.34
whitecillar3: calls $17.34
*** RIVER *** [Ts Jd 8c 4h] [2d]
Felipe$Andre: bets $14.13
whitecillar3: calls $14.13
*** SHOW DOWN ***
Felipe$Andre: shows [Jc Tc] (two pair, Jacks and Tens)
whitecillar3: mucks hand 
Felipe$Andre collected $84.78 from pot
*** SUMMARY ***
Total pot $87.28 | Rake $2.50 
Board [Ts Jd 8c 4h 2d]
Seat 3: b2k-Snick
Seat 1: AIien Hand (small blind) folded before Flop
Seat 2: dpd1964 (big blind) folded before Flop
Seat 4: Felipe$Andre showed [Jc Tc] and won ($84.78) with two pair, Jacks and Tens
Seat 5: mr.Jckpot folded before Flop (didn't bet)
Seat 6: whitecillar3 (button) mucked



PokerStars Hand #254400145869:  Hold'em No Limit ($0.50/$1.00 USD) - 2025/01/16 17:19:45 WET [2025/01/16 12:19:45 ET]
Table 'Ella III' 6-max Seat #1 is the button
Seat 1: AIien Hand ($127.26 in chips) 
Seat 2: dpd1964 ($54.25 in chips) 
Seat 3: b2k-Snick ($100 in chips) 
Seat 4: Felipe$Andre ($147.59 in chips) 
Seat 5: mr.Jckpot ($198.10 in chips) 
Seat 6: whitecillar3 ($100 in chips) 
dpd1964: posts small blind $0.50
b2k-Snick: posts big blind $1
*** HOLE CARDS ***
Felipe$Andre: folds 
mr.Jckpot: folds 
whitecillar3: raises $1.50 to $2.50
AIien Hand: folds 
dpd1964: calls $2
b2k-Snick: folds 
*** FLOP *** [6s 5s 5h]
dpd1964: checks 
whitecillar3: checks 
*** TURN *** [6s 5s 5h] [8d]
dpd1964: bets $3
whitecillar3: folds 
Uncalled bet ($3) returned to dpd1964
dpd1964 collected $5.70 from pot
*** SUMMARY ***
Total pot $6 | Rake $0.30 
Board [6s 5s 5h 8d]
Seat 1: AIien Hand (button) folded before Flop (didn't bet)
Seat 2: dpd1964 (small blind) collected ($5.70)
Seat 3: b2k-Snick (big blind) folded before Flop
Seat 4: Felipe$Andre folded before Flop (didn't bet)
Seat 5: mr.Jckpot folded before Flop (didn't bet)
Seat 6: whitecillar3 folded on the Turn



PokerStars Hand #254400153921:  Hold'em No Limit ($0.50/$1.00 USD) - 2025/01/16 17:20:18 WET [2025/01/16 12:20:18 ET]
Table 'Ella III' 6-max Seat #2 is the button
Seat 4: Felipe$Andre ($147.59 in chips) is sitting out
Seat 1: AIien Hand ($127.26 in chips) 
Seat 2: dpd1964 ($57.45 in chips) 
Seat 3: b2k-Snick ($100 in chips) 
Seat 5: mr.Jckpot ($198.10 in chips) 
Seat 6: whitecillar3 ($100 in chips) 
b2k-Snick: posts small blind $0.50
Felipe$Andre: is sitting out 
mr.Jckpot: posts big blind $1
*** HOLE CARDS ***
Felipe$Andre leaves the table
whitecillar3: folds 
AIien Hand: folds 
dpd1964: calls $1
b2k-Snick: calls $0.50
mr.Jckpot: checks 
*** FLOP *** [Kh 8s 4s]
BumHuntKing joins the table at seat #4 
whitecillar3 leaves the table
b2k-Snick: checks 
mr.Jckpot: checks 
dpd1964: bets $2
b2k-Snick: folds 
mr.Jckpot: folds 
Uncalled bet ($2) returned to dpd1964
dpd1964 collected $2.85 from pot
*** SUMMARY ***
Total pot $3 | Rake $0.15 
Board [Kh 8s 4s]
Seat 4: Felipe$Andre
Seat 1: AIien Hand folded before Flop (didn't bet)
Seat 2: dpd1964 (button) collected ($2.85)
Seat 3: b2k-Snick (small blind) folded on the Flop
Seat 5: mr.Jckpot (big blind) folded on the Flop
Seat 6: whitecillar3 folded before Flop (didn't bet)



PokerStars Hand #254400164560:  Hold'em No Limit ($0.50/$1.00 USD) - 2025/01/16 17:21:00 WET [2025/01/16 12:21:00 ET]
Table 'Ella III' 6-max Seat #3 is the button
Seat 1: AIien Hand ($127.26 in chips) is sitting out
Seat 4: BumHuntKing ($100 in chips) is sitting out
Seat 2: dpd1964 ($59.30 in chips) 
Seat 3: b2k-Snick ($100 in chips) 
Seat 5: mr.Jckpot ($197.10 in chips) 
mr.Jckpot: posts small blind $0.50
AIien Hand: is sitting out 
dpd1964: posts big blind $1
*** HOLE CARDS ***
b2k-Snick: folds 
crist_89870 joins the table at seat #6 
mr.Jckpot: raises $2 to $3
dpd1964: calls $2
*** FLOP *** [9d 6h Th]
mr.Jckpot: checks 
dpd1964: bets $2
mr.Jckpot: calls $2
*** TURN *** [9d 6h Th] [Ks]
mr.Jckpot: checks 
dpd1964: bets $4
mr.Jckpot: calls $4
*** RIVER *** [9d 6h Th Ks] [Qc]
mr.Jckpot: checks 
dpd1964: bets $7
mr.Jckpot: calls $7
*** SHOW DOWN ***
dpd1964: shows [Jd Kh] (a straight, Nine to King)
mr.Jckpot: mucks hand 
dpd1964 collected $31 from pot
*** SUMMARY ***
Total pot $32 | Rake $1 
Board [9d 6h Th Ks Qc]
Seat 1: AIien Hand
Seat 4: BumHuntKing
Seat 2: dpd1964 (big blind) showed [Jd Kh] and won ($31) with a straight, Nine to King
Seat 3: b2k-Snick (button) folded before Flop (didn't bet)
Seat 5: mr.Jckpot (small blind) mucked



PokerStars Hand #254400175219:  Hold'em No Limit ($0.50/$1.00 USD) - 2025/01/16 17:21:43 WET [2025/01/16 12:21:43 ET]
Table 'Ella III' 6-max Seat #5 is the button
Seat 1: AIien Hand ($127.26 in chips) is sitting out
Seat 4: BumHuntKing ($100 in chips) is sitting out
Seat 6: crist_89870 ($100 in chips) is sitting out
Seat 2: dpd1964 ($74.30 in chips) 
Seat 3: b2k-Snick ($100 in chips) 
Seat 5: mr.Jckpot ($181.10 in chips) 
dpd1964: posts small blind $0.50
b2k-Snick: posts big blind $1
BumHuntKing: sits out 
*** HOLE CARDS ***
mr.Jckpot: folds 
dpd1964: folds 
Uncalled bet ($0.50) returned to b2k-Snick
b2k-Snick collected $1 from pot
b2k-Snick: doesn't show hand 
*** SUMMARY ***
Total pot $1 | Rake $0 
Seat 1: AIien Hand
Seat 4: BumHuntKing
Seat 6: crist_89870
Seat 2: dpd1964 (small blind) folded before Flop
Seat 3: b2k-Snick (big blind) collected ($1)
Seat 5: mr.Jckpot (button) folded before Flop (didn't bet)



PokerStars Hand #254400177200:  Hold'em No Limit ($0.50/$1.00 USD) - 2025/01/16 17:21:51 WET [2025/01/16 12:21:51 ET]
Table 'Ella III' 6-max Seat #2 is the button
Seat 1: AIien Hand ($127.26 in chips) is sitting out
Seat 6: crist_89870 ($100 in chips) is sitting out
Seat 2: dpd1964 ($73.80 in chips) 
Seat 3: b2k-Snick ($100.50 in chips) 
Seat 4: BumHuntKing ($100 in chips) 
Seat 5: mr.Jckpot ($181.10 in chips) 
b2k-Snick: posts small blind $0.50
BumHuntKing: posts big blind $1
crist_89870: sits out 
*** HOLE CARDS ***
mr.Jckpot: folds 
dpd1964: folds 
b2k-Snick: raises $2 to $3
BumHuntKing: raises $6 to $9
b2k-Snick: folds 
Uncalled bet ($6) returned to BumHuntKing
BumHuntKing collected $6 from pot
BumHuntKing: doesn't show hand 
*** SUMMARY ***
Total pot $6 | Rake $0 
Seat 1: AIien Hand
Seat 6: crist_89870
Seat 2: dpd1964 (button) folded before Flop (didn't bet)
Seat 3: b2k-Snick (small blind) folded before Flop
Seat 4: BumHuntKing (big blind) collected ($6)
Seat 5: mr.Jckpot folded before Flop (didn't bet)



PokerStars Hand #254400182395:  Hold'em No Limit ($0.50/$1.00 USD) - 2025/01/16 17:22:11 WET [2025/01/16 12:22:11 ET]
Table 'Ella III' 6-max Seat #3 is the button
Seat 1: AIien Hand ($127.26 in chips) is sitting out
Seat 6: crist_89870 ($100 in chips) is sitting out
Seat 2: dpd1964 ($73.80 in chips) 
Seat 3: b2k-Snick ($100 in chips) 
Seat 4: BumHuntKing ($103 in chips) 
Seat 5: mr.Jckpot ($181.10 in chips) 
BumHuntKing: posts small blind $0.50
mr.Jckpot: posts big blind $1
crist_89870: sits out 
*** HOLE CARDS ***
dpd1964: folds 
b2k-Snick: raises $1.50 to $2.50
BumHuntKing: folds 
mr.Jckpot: calls $1.50
*** FLOP *** [5c 2d Ah]
mr.Jckpot: checks 
b2k-Snick: bets $1.72
mr.Jckpot: folds 
Uncalled bet ($1.72) returned to b2k-Snick
b2k-Snick collected $5.22 from pot
b2k-Snick: doesn't show hand 
*** SUMMARY ***
Total pot $5.50 | Rake $0.28 
Board [5c 2d Ah]
Seat 1: AIien Hand
Seat 6: crist_89870
Seat 2: dpd1964 folded before Flop (didn't bet)
Seat 3: b2k-Snick (button) collected ($5.22)
Seat 4: BumHuntKing (small blind) folded before Flop
Seat 5: mr.Jckpot (big blind) folded on the Flop



PokerStars Hand #254400188813:  Hold'em No Limit ($0.50/$1.00 USD) - 2025/01/16 17:22:37 WET [2025/01/16 12:22:37 ET]
Table 'Ella III' 6-max Seat #4 is the button
Seat 1: AIien Hand ($127.26 in chips) is sitting out
Seat 2: dpd1964 ($73.80 in chips) 
Seat 3: b2k-Snick ($102.72 in chips) 
Seat 4: BumHuntKing ($102.50 in chips) 
Seat 5: mr.Jckpot ($178.60 in chips) 
Seat 6: crist_89870 ($100 in chips) 
mr.Jckpot: posts small blind $0.50
crist_89870: posts big blind $1
*** HOLE CARDS ***
dpd1964: raises $1 to $2
b2k-Snick: folds 
BumHuntKing: folds 
mr.Jckpot: folds 
crist_89870: folds 
Uncalled bet ($1) returned to dpd1964
dpd1964 collected $2.50 from pot
*** SUMMARY ***
Total pot $2.50 | Rake $0 
Seat 1: AIien Hand
Seat 2: dpd1964 collected ($2.50)
Seat 3: b2k-Snick folded before Flop (didn't bet)
Seat 4: BumHuntKing (button) folded before Flop (didn't bet)
Seat 5: mr.Jckpot (small blind) folded before Flop
Seat 6: crist_89870 (big blind) folded before Flop



PokerStars Hand #254400194881:  Hold'em No Limit ($0.50/$1.00 USD) - 2025/01/16 17:23:01 WET [2025/01/16 12:23:01 ET]
Table 'Ella III' 6-max Seat #5 is the button
Seat 1: AIien Hand ($127.26 in chips) is sitting out
Seat 2: dpd1964 ($75.30 in chips) 
Seat 3: b2k-Snick ($102.72 in chips) 
Seat 4: BumHuntKing ($102.50 in chips) 
Seat 5: mr.Jckpot ($178.10 in chips) 
Seat 6: crist_89870 ($100 in chips) 
crist_89870: posts small blind $0.50
dpd1964: posts big blind $1
*** HOLE CARDS ***
b2k-Snick: folds 
BumHuntKing: folds 
mr.Jckpot: raises $1.50 to $2.50
crist_89870: folds 
dpd1964: folds 
Uncalled bet ($1.50) returned to mr.Jckpot
mr.Jckpot collected $2.50 from pot
mr.Jckpot: doesn't show hand 
*** SUMMARY ***
Total pot $2.50 | Rake $0 
Seat 1: AIien Hand
Seat 2: dpd1964 (big blind) folded before Flop
Seat 3: b2k-Snick folded before Flop (didn't bet)
Seat 4: BumHuntKing folded before Flop (didn't bet)
Seat 5: mr.Jckpot (button) collected ($2.50)
Seat 6: crist_89870 (small blind) folded before Flop



PokerStars Hand #254400200181:  Hold'em No Limit ($0.50/$1.00 USD) - 2025/01/16 17:23:22 WET [2025/01/16 12:23:22 ET]
Table 'Ella III' 6-max Seat #6 is the button
Seat 1: AIien Hand ($127.26 in chips) is sitting out
Seat 2: dpd1964 ($74.30 in chips) 
Seat 3: b2k-Snick ($102.72 in chips) 
Seat 4: BumHuntKing ($102.50 in chips) 
Seat 5: mr.Jckpot ($179.60 in chips) 
Seat 6: crist_89870 ($100 in chips) 
dpd1964: posts small blind $0.50
b2k-Snick: posts big blind $1
*** HOLE CARDS ***
BumHuntKing: folds 
mr.Jckpot: raises $1.50 to $2.50
crist_89870: folds 
dpd1964: folds 
b2k-Snick: calls $1.50
*** FLOP *** [Qh 8d As]
b2k-Snick: checks 
mr.Jckpot: bets $1.72
b2k-Snick: folds 
Uncalled bet ($1.72) returned to mr.Jckpot
mr.Jckpot collected $5.22 from pot
mr.Jckpot: doesn't show hand 
*** SUMMARY ***
Total pot $5.50 | Rake $0.28 
Board [Qh 8d As]
Seat 1: AIien Hand
Seat 2: dpd1964 (small blind) folded before Flop
Seat 3: b2k-Snick (big blind) folded on the Flop
Seat 4: BumHuntKing folded before Flop (didn't bet)
Seat 5: mr.Jckpot collected ($5.22)
Seat 6: crist_89870 (button) folded before Flop (didn't bet)



PokerStars Hand #254400207077:  Hold'em No Limit ($0.50/$1.00 USD) - 2025/01/16 17:23:49 WET [2025/01/16 12:23:49 ET]
Table 'Ella III' 6-max Seat #2 is the button
Seat 1: AIien Hand ($127.26 in chips) is sitting out
Seat 2: dpd1964 ($73.80 in chips) 
Seat 3: b2k-Snick ($100.22 in chips) 
Seat 4: BumHuntKing ($102.50 in chips) 
Seat 5: mr.Jckpot ($182.32 in chips) 
Seat 6: crist_89870 ($100 in chips) 
b2k-Snick: posts small blind $0.50
BumHuntKing: posts big blind $1
*** HOLE CARDS ***
mr.Jckpot: raises $1.50 to $2.50
crist_89870: folds 
dpd1964: folds 
b2k-Snick: folds 
BumHuntKing: folds 
Uncalled bet ($1.50) returned to mr.Jckpot
mr.Jckpot collected $2.50 from pot
mr.Jckpot: doesn't show hand 
*** SUMMARY ***
Total pot $2.50 | Rake $0 
Seat 1: AIien Hand
Seat 2: dpd1964 (button) folded before Flop (didn't bet)
Seat 3: b2k-Snick (small blind) folded before Flop
Seat 4: BumHuntKing (big blind) folded before Flop
Seat 5: mr.Jckpot collected ($2.50)
Seat 6: crist_89870 folded before Flop (didn't bet)



PokerStars Hand #254400210932:  Hold'em No Limit ($0.50/$1.00 USD) - 2025/01/16 17:24:04 WET [2025/01/16 12:24:04 ET]
Table 'Ella III' 6-max Seat #3 is the button
Seat 1: AIien Hand ($127.26 in chips) is sitting out
Seat 2: dpd1964 ($73.80 in chips) 
Seat 3: b2k-Snick ($100 in chips) 
Seat 4: BumHuntKing ($101.50 in chips) 
Seat 5: mr.Jckpot ($183.82 in chips) 
Seat 6: crist_89870 ($100 in chips) 
BumHuntKing: posts small blind $0.50
mr.Jckpot: posts big blind $1
*** HOLE CARDS ***
crist_89870: folds 
dpd1964: raises $2 to $3
b2k-Snick: folds 
BumHuntKing: raises $9 to $12
mr.Jckpot: folds 
dpd1964: calls $9
*** FLOP *** [7d Qh Ts]
BumHuntKing: bets $3.50
dpd1964: calls $3.50
*** TURN *** [7d Qh Ts] [5s]
BumHuntKing: checks 
dpd1964: checks 
*** RIVER *** [7d Qh Ts 5s] [4s]
BumHuntKing: checks 
dpd1964: checks 
*** SHOW DOWN ***
BumHuntKing: shows [Jd Jh] (a pair of Jacks)
dpd1964: mucks hand 
BumHuntKing collected $30.40 from pot
*** SUMMARY ***
Total pot $32 | Rake $1.60 
Board [7d Qh Ts 5s 4s]
Seat 1: AIien Hand
Seat 2: dpd1964 mucked
Seat 3: b2k-Snick (button) folded before Flop (didn't bet)
Seat 4: BumHuntKing (small blind) showed [Jd Jh] and won ($30.40) with a pair of Jacks
Seat 5: mr.Jckpot (big blind) folded before Flop
Seat 6: crist_89870 folded before Flop (didn't bet)



PokerStars Hand #254400219988:  Hold'em No Limit ($0.50/$1.00 USD) - 2025/01/16 17:24:39 WET [2025/01/16 12:24:39 ET]
Table 'Ella III' 6-max Seat #4 is the button
Seat 1: AIien Hand ($127.26 in chips) is sitting out
Seat 2: dpd1964 ($58.30 in chips) 
Seat 3: b2k-Snick ($100 in chips) 
Seat 4: BumHuntKing ($116.40 in chips) 
Seat 5: mr.Jckpot ($182.82 in chips) 
Seat 6: crist_89870 ($100 in chips) 
mr.Jckpot: posts small blind $0.50
crist_89870: posts big blind $1
*** HOLE CARDS ***
dpd1964: calls $1
b2k-Snick: raises $3 to $4
BumHuntKing: folds 
mr.Jckpot: folds 
crist_89870: folds 
dpd1964: calls $3
*** FLOP *** [Tc Th 9d]
dpd1964: checks 
b2k-Snick: bets $2.98
dpd1964: calls $2.98
*** TURN *** [Tc Th 9d] [9c]
dpd1964: checks 
b2k-Snick: checks 
*** RIVER *** [Tc Th 9d 9c] [Ah]
dpd1964: bets $51.32 and is all-in
b2k-Snick: folds 
Uncalled bet ($51.32) returned to dpd1964
dpd1964 collected $14.69 from pot
*** SUMMARY ***
Total pot $15.46 | Rake $0.77 
Board [Tc Th 9d 9c Ah]
Seat 1: AIien Hand
Seat 2: dpd1964 collected ($14.69)
Seat 3: b2k-Snick folded on the River
Seat 4: BumHuntKing (button) folded before Flop (didn't bet)
Seat 5: mr.Jckpot (small blind) folded before Flop
Seat 6: crist_89870 (big blind) folded before Flop



PokerStars Hand #254400234006:  Hold'em No Limit ($0.50/$1.00 USD) - 2025/01/16 17:25:35 WET [2025/01/16 12:25:35 ET]
Table 'Ella III' 6-max Seat #5 is the button
Seat 1: AIien Hand ($127.26 in chips) is sitting out
Seat 2: dpd1964 ($66.01 in chips) 
Seat 3: b2k-Snick ($100 in chips) 
Seat 4: BumHuntKing ($116.40 in chips) 
Seat 5: mr.Jckpot ($182.32 in chips) 
Seat 6: crist_89870 ($100 in chips) 
crist_89870: posts small blind $0.50
dpd1964: posts big blind $1
*** HOLE CARDS ***
b2k-Snick: folds 
BumHuntKing: folds 
mr.Jckpot: raises $1.50 to $2.50
crist_89870: folds 
dpd1964: raises $2.50 to $5
mr.Jckpot: calls $2.50
*** FLOP *** [5h Kd 6s]
dpd1964: bets $2
mr.Jckpot: folds 
Uncalled bet ($2) returned to dpd1964
dpd1964 collected $9.98 from pot
*** SUMMARY ***
Total pot $10.50 | Rake $0.52 
Board [5h Kd 6s]
Seat 1: AIien Hand
Seat 2: dpd1964 (big blind) collected ($9.98)
Seat 3: b2k-Snick folded before Flop (didn't bet)
Seat 4: BumHuntKing folded before Flop (didn't bet)
Seat 5: mr.Jckpot (button) folded on the Flop
Seat 6: crist_89870 (small blind) folded before Flop



PokerStars Hand #254400240274:  Hold'em No Limit ($0.50/$1.00 USD) - 2025/01/16 17:26:00 WET [2025/01/16 12:26:00 ET]
Table 'Ella III' 6-max Seat #6 is the button
Seat 1: AIien Hand ($127.26 in chips) is sitting out
Seat 2: dpd1964 ($70.99 in chips) 
Seat 3: b2k-Snick ($100 in chips) 
Seat 4: BumHuntKing ($116.40 in chips) 
Seat 5: mr.Jckpot ($177.32 in chips) 
Seat 6: crist_89870 ($100 in chips) 
dpd1964: posts small blind $0.50
b2k-Snick: posts big blind $1
*** HOLE CARDS ***
BumHuntKing: raises $1.20 to $2.20
mr.Jckpot: folds 
crist_89870: calls $2.20
dpd1964: calls $1.70
b2k-Snick: folds 
*** FLOP *** [7s Ad 9d]
dpd1964: checks 
BumHuntKing: bets $2.38
crist_89870: folds 
dpd1964: folds 
Uncalled bet ($2.38) returned to BumHuntKing
BumHuntKing collected $7.22 from pot
BumHuntKing: doesn't show hand 
*** SUMMARY ***
Total pot $7.60 | Rake $0.38 
Board [7s Ad 9d]
Seat 1: AIien Hand
Seat 2: dpd1964 (small blind) folded on the Flop
Seat 3: b2k-Snick (big blind) folded before Flop
Seat 4: BumHuntKing collected ($7.22)
Seat 5: mr.Jckpot folded before Flop (didn't bet)
Seat 6: crist_89870 (button) folded on the Flop



PokerStars Hand #254400249638:  Hold'em No Limit ($0.50/$1.00 USD) - 2025/01/16 17:26:37 WET [2025/01/16 12:26:37 ET]
Table 'Ella III' 6-max Seat #2 is the button
Seat 1: AIien Hand ($127.26 in chips) is sitting out
Seat 2: dpd1964 ($68.79 in chips) 
Seat 3: b2k-Snick ($100 in chips) 
Seat 4: BumHuntKing ($121.42 in chips) 
Seat 5: mr.Jckpot ($177.32 in chips) 
Seat 6: crist_89870 ($100 in chips) 
b2k-Snick: posts small blind $0.50
BumHuntKing: posts big blind $1
*** HOLE CARDS ***
mr.Jckpot: raises $1.50 to $2.50
crist_89870: folds 
dpd1964: folds 
b2k-Snick: folds 
BumHuntKing: folds 
Uncalled bet ($1.50) returned to mr.Jckpot
mr.Jckpot collected $2.50 from pot
mr.Jckpot: doesn't show hand 
*** SUMMARY ***
Total pot $2.50 | Rake $0 
Seat 1: AIien Hand
Seat 2: dpd1964 (button) folded before Flop (didn't bet)
Seat 3: b2k-Snick (small blind) folded before Flop
Seat 4: BumHuntKing (big blind) folded before Flop
Seat 5: mr.Jckpot collected ($2.50)
Seat 6: crist_89870 folded before Flop (didn't bet)



PokerStars Hand #254400253811:  Hold'em No Limit ($0.50/$1.00 USD) - 2025/01/16 17:26:54 WET [2025/01/16 12:26:54 ET]
Table 'Ella III' 6-max Seat #3 is the button
Seat 1: AIien Hand ($127.26 in chips) is sitting out
Seat 2: dpd1964 ($68.79 in chips) 
Seat 3: b2k-Snick ($100 in chips) 
Seat 4: BumHuntKing ($120.42 in chips) 
Seat 5: mr.Jckpot ($178.82 in chips) 
Seat 6: crist_89870 ($100 in chips) 
BumHuntKing: posts small blind $0.50
mr.Jckpot: posts big blind $1
*** HOLE CARDS ***
crist_89870: folds 
dpd1964: folds 
b2k-Snick: raises $1.50 to $2.50
BumHuntKing: folds 
mr.Jckpot: calls $1.50
*** FLOP *** [7d 6c Qs]
BumHuntKing leaves the table
mr.Jckpot: checks 
b2k-Snick: bets $2.30
mr.Jckpot: folds 
Uncalled bet ($2.30) returned to b2k-Snick
b2k-Snick collected $5.22 from pot
b2k-Snick: doesn't show hand 
*** SUMMARY ***
Total pot $5.50 | Rake $0.28 
Board [7d 6c Qs]
Seat 1: AIien Hand
Seat 2: dpd1964 folded before Flop (didn't bet)
Seat 3: b2k-Snick (button) collected ($5.22)
Seat 4: BumHuntKing (small blind) folded before Flop
Seat 5: mr.Jckpot (big blind) folded on the Flop
Seat 6: crist_89870 folded before Flop (didn't bet)



PokerStars Hand #254400762995:  Hold'em No Limit ($0.50/$1.00 USD) - 2025/01/16 17:27:30 WET [2025/01/16 12:27:30 ET]
Table 'Ella III' 6-max Seat #5 is the button
Seat 1: AIien Hand ($127.26 in chips) is sitting out
Seat 2: dpd1964 ($68.79 in chips) 
Seat 3: b2k-Snick ($102.72 in chips) 
Seat 5: mr.Jckpot ($176.32 in chips) 
Seat 6: crist_89870 ($100 in chips) 
crist_89870: posts small blind $0.50
dpd1964: posts big blind $1
*** HOLE CARDS ***
Cositorto joins the table at seat #4 
b2k-Snick: folds 
mr.Jckpot: folds 
crist_89870: raises $2 to $3
dpd1964: calls $2
*** FLOP *** [9h 5d 5s]
crist_89870: bets $1.71
dpd1964: folds 
Uncalled bet ($1.71) returned to crist_89870
crist_89870 collected $5.70 from pot
AIien Hand leaves the table
crist_89870: doesn't show hand 
*** SUMMARY ***
Total pot $6 | Rake $0.30 
Board [9h 5d 5s]
Seat 1: AIien Hand
Seat 2: dpd1964 (big blind) folded on the Flop
Seat 3: b2k-Snick folded before Flop (didn't bet)
Seat 5: mr.Jckpot (button) folded before Flop (didn't bet)
Seat 6: crist_89870 (small blind) collected ($5.70)



PokerStars Hand #254400769517:  Hold'em No Limit ($0.50/$1.00 USD) - 2025/01/16 17:27:56 WET [2025/01/16 12:27:56 ET]
Table 'Ella III' 6-max Seat #6 is the button
Seat 4: Cositorto ($100 in chips) is sitting out
Seat 2: dpd1964 ($65.79 in chips) 
Seat 3: b2k-Snick ($102.72 in chips) 
Seat 5: mr.Jckpot ($176.32 in chips) 
Seat 6: crist_89870 ($102.70 in chips) 
dpd1964: posts small blind $0.50
b2k-Snick: posts big blind $1
Cositorto: sits out 
*** HOLE CARDS ***
mr.Jckpot: folds 
crist_89870: raises $1.50 to $2.50
dpd1964: calls $2
b2k-Snick: calls $1.50
*** FLOP *** [3c 6h 9s]
dpd1964: checks 
b2k-Snick: checks 
crist_89870: checks 
*** TURN *** [3c 6h 9s] [6d]
dpd1964: checks 
b2k-Snick: bets $3.92
crist_89870: calls $3.92
dpd1964: calls $3.92
*** RIVER *** [3c 6h 9s 6d] [Js]
dpd1964: checks 
z00mba joins the table at seat #1 
b2k-Snick: checks 
crist_89870: checks 
*** SHOW DOWN ***
dpd1964: shows [Th 8d] (a pair of Sixes)
b2k-Snick: shows [7s Kh] (a pair of Sixes - King kicker)
crist_89870: shows [9c 8h] (two pair, Nines and Sixes)
crist_89870 collected $18.30 from pot
*** SUMMARY ***
Total pot $19.26 | Rake $0.96 
Board [3c 6h 9s 6d Js]
Seat 4: Cositorto
Seat 2: dpd1964 (small blind) showed [Th 8d] and lost with a pair of Sixes
Seat 3: b2k-Snick (big blind) showed [7s Kh] and lost with a pair of Sixes
Seat 5: mr.Jckpot folded before Flop (didn't bet)
Seat 6: crist_89870 (button) showed [9c 8h] and won ($18.30) with two pair, Nines and Sixes



PokerStars Hand #254400787511:  Hold'em No Limit ($0.50/$1.00 USD) - 2025/01/16 17:29:08 WET [2025/01/16 12:29:08 ET]
Table 'Ella III' 6-max Seat #2 is the button
Seat 1: z00mba ($100 in chips) is sitting out
Seat 2: dpd1964 ($59.37 in chips) 
Seat 3: b2k-Snick ($100 in chips) 
Seat 4: Cositorto ($100 in chips) 
Seat 5: mr.Jckpot ($176.32 in chips) 
Seat 6: crist_89870 ($114.58 in chips) 
b2k-Snick: posts small blind $0.50
Cositorto: posts big blind $1
z00mba: sits out 
*** HOLE CARDS ***
mr.Jckpot: folds 
crist_89870: folds 
dpd1964: folds 
b2k-Snick: folds 
Uncalled bet ($0.50) returned to Cositorto
Cositorto collected $1 from pot
Cositorto: doesn't show hand 
*** SUMMARY ***
Total pot $1 | Rake $0 
Seat 1: z00mba
Seat 2: dpd1964 (button) folded before Flop (didn't bet)
Seat 3: b2k-Snick (small blind) folded before Flop
Seat 4: Cositorto (big blind) collected ($1)
Seat 5: mr.Jckpot folded before Flop (didn't bet)
Seat 6: crist_89870 folded before Flop (didn't bet)



PokerStars Hand #254400790166:  Hold'em No Limit ($0.50/$1.00 USD) - 2025/01/16 17:29:19 WET [2025/01/16 12:29:19 ET]
Table 'Ella III' 6-max Seat #3 is the button
Seat 1: z00mba ($100 in chips) is sitting out
Seat 2: dpd1964 ($59.37 in chips) 
Seat 3: b2k-Snick ($100 in chips) 
Seat 4: Cositorto ($100.50 in chips) 
Seat 5: mr.Jckpot ($176.32 in chips) 
Seat 6: crist_89870 ($114.58 in chips) 
Cositorto: posts small blind $0.50
mr.Jckpot: posts big blind $1
z00mba: sits out 
*** HOLE CARDS ***
crist_89870: folds 
dpd1964: folds 
b2k-Snick: raises $1.50 to $2.50
Cositorto: folds 
mr.Jckpot: folds 
Uncalled bet ($1.50) returned to b2k-Snick
b2k-Snick collected $2.50 from pot
b2k-Snick: doesn't show hand 
*** SUMMARY ***
Total pot $2.50 | Rake $0 
Seat 1: z00mba
Seat 2: dpd1964 folded before Flop (didn't bet)
Seat 3: b2k-Snick (button) collected ($2.50)
Seat 4: Cositorto (small blind) folded before Flop
Seat 5: mr.Jckpot (big blind) folded before Flop
Seat 6: crist_89870 folded before Flop (didn't bet)



PokerStars Hand #254400793900:  Hold'em No Limit ($0.50/$1.00 USD) - 2025/01/16 17:29:34 WET [2025/01/16 12:29:34 ET]
Table 'Ella III' 6-max Seat #4 is the button
Seat 1: z00mba ($100 in chips) is sitting out
Seat 2: dpd1964 ($59.37 in chips) 
Seat 3: b2k-Snick ($101.50 in chips) 
Seat 4: Cositorto ($100 in chips) 
Seat 5: mr.Jckpot ($175.32 in chips) 
Seat 6: crist_89870 ($114.58 in chips) 
mr.Jckpot: posts small blind $0.50
crist_89870: posts big blind $1
z00mba: sits out 
*** HOLE CARDS ***
dpd1964: folds 
b2k-Snick: folds 
Cositorto: folds 
mr.Jckpot: raises $2 to $3
crist_89870: folds 
Uncalled bet ($2) returned to mr.Jckpot
mr.Jckpot collected $2 from pot
mr.Jckpot: doesn't show hand 
*** SUMMARY ***
Total pot $2 | Rake $0 
Seat 1: z00mba
Seat 2: dpd1964 folded before Flop (didn't bet)
Seat 3: b2k-Snick folded before Flop (didn't bet)
Seat 4: Cositorto (button) folded before Flop (didn't bet)
Seat 5: mr.Jckpot (small blind) collected ($2)
Seat 6: crist_89870 (big blind) folded before Flop



PokerStars Hand #254400797202:  Hold'em No Limit ($0.50/$1.00 USD) - 2025/01/16 17:29:47 WET [2025/01/16 12:29:47 ET]
Table 'Ella III' 6-max Seat #5 is the button
Seat 1: z00mba ($100 in chips) 
Seat 2: dpd1964 ($59.37 in chips) 
Seat 3: b2k-Snick ($101.50 in chips) 
Seat 4: Cositorto ($100 in chips) 
Seat 5: mr.Jckpot ($176.32 in chips) 
Seat 6: crist_89870 ($113.58 in chips) 
crist_89870: posts small blind $0.50
z00mba: posts big blind $1
*** HOLE CARDS ***
dpd1964: calls $1
b2k-Snick: folds 
Cositorto: folds 
mr.Jckpot: folds 
crist_89870: folds 
z00mba: raises $3.50 to $4.50
dpd1964: calls $3.50
*** FLOP *** [6d 5d Qh]
z00mba: checks 
dpd1964: checks 
*** TURN *** [6d 5d Qh] [9c]
z00mba: checks 
dpd1964: checks 
*** RIVER *** [6d 5d Qh 9c] [6s]
z00mba: checks 
dpd1964: checks 
*** SHOW DOWN ***
z00mba: shows [Ac Kh] (a pair of Sixes)
dpd1964: mucks hand 
z00mba collected $9.02 from pot
*** SUMMARY ***
Total pot $9.50 | Rake $0.48 
Board [6d 5d Qh 9c 6s]
Seat 1: z00mba (big blind) showed [Ac Kh] and won ($9.02) with a pair of Sixes
Seat 2: dpd1964 mucked
Seat 3: b2k-Snick folded before Flop (didn't bet)
Seat 4: Cositorto folded before Flop (didn't bet)
Seat 5: mr.Jckpot (button) folded before Flop (didn't bet)
Seat 6: crist_89870 (small blind) folded before Flop



PokerStars Hand #254400808182:  Hold'em No Limit ($0.50/$1.00 USD) - 2025/01/16 17:30:30 WET [2025/01/16 12:30:30 ET]
Table 'Ella III' 6-max Seat #6 is the button
Seat 1: z00mba ($104.52 in chips) 
Seat 2: dpd1964 ($54.87 in chips) 
Seat 3: b2k-Snick ($101.50 in chips) 
Seat 4: Cositorto ($100 in chips) 
Seat 5: mr.Jckpot ($176.32 in chips) 
Seat 6: crist_89870 ($113.08 in chips) 
z00mba: posts small blind $0.50
dpd1964: posts big blind $1
*** HOLE CARDS ***
b2k-Snick: folds 
Cositorto: raises $1 to $2
mr.Jckpot: folds 
crist_89870: calls $2
z00mba: folds 
dpd1964: calls $1
*** FLOP *** [Qc 7d 8d]
dpd1964: checks 
Cositorto: checks 
crist_89870: checks 
*** TURN *** [Qc 7d 8d] [Jd]
dpd1964: checks 
Cositorto: bets $2.50
crist_89870: calls $2.50
dpd1964: folds 
*** RIVER *** [Qc 7d 8d Jd] [Qs]
Cositorto: bets $16.38
crist_89870: calls $16.38
*** SHOW DOWN ***
Cositorto: shows [7h 7s] (a full house, Sevens full of Queens)
crist_89870: mucks hand 
Cositorto collected $42.05 from pot
*** SUMMARY ***
Total pot $44.26 | Rake $2.21 
Board [Qc 7d 8d Jd Qs]
Seat 1: z00mba (small blind) folded before Flop
Seat 2: dpd1964 (big blind) folded on the Turn
Seat 3: b2k-Snick folded before Flop (didn't bet)
Seat 4: Cositorto showed [7h 7s] and won ($42.05) with a full house, Sevens full of Queens
Seat 5: mr.Jckpot folded before Flop (didn't bet)
Seat 6: crist_89870 (button) mucked



PokerStars Hand #254400830473:  Hold'em No Limit ($0.50/$1.00 USD) - 2025/01/16 17:31:57 WET [2025/01/16 12:31:57 ET]
Table 'Ella III' 6-max Seat #1 is the button
Seat 1: z00mba ($104.02 in chips) 
Seat 2: dpd1964 ($52.87 in chips) 
Seat 3: b2k-Snick ($101.50 in chips) 
Seat 4: Cositorto ($121.17 in chips) 
Seat 5: mr.Jckpot ($176.32 in chips) 
Seat 6: crist_89870 ($100 in chips) 
dpd1964: posts small blind $0.50
b2k-Snick: posts big blind $1
*** HOLE CARDS ***
Cositorto: folds 
mr.Jckpot: folds 
crist_89870: raises $1.50 to $2.50
z00mba: folds 
dpd1964: calls $2
b2k-Snick: folds 
*** FLOP *** [Kd Jh 2d]
dpd1964: checks 
crist_89870: bets $1.71
dpd1964: calls $1.71
*** TURN *** [Kd Jh 2d] [6s]
dpd1964: checks 
crist_89870: checks 
*** RIVER *** [Kd Jh 2d 6s] [4c]
dpd1964: bets $5
crist_89870: calls $5
*** SHOW DOWN ***
dpd1964: shows [Ks 5s] (a pair of Kings)
crist_89870: mucks hand 
dpd1964 collected $18.45 from pot
*** SUMMARY ***
Total pot $19.42 | Rake $0.97 
Board [Kd Jh 2d 6s 4c]
Seat 1: z00mba (button) folded before Flop (didn't bet)
Seat 2: dpd1964 (small blind) showed [Ks 5s] and won ($18.45) with a pair of Kings
Seat 3: b2k-Snick (big blind) folded before Flop
Seat 4: Cositorto folded before Flop (didn't bet)
Seat 5: mr.Jckpot folded before Flop (didn't bet)
Seat 6: crist_89870 mucked



PokerStars Hand #254400840165:  Hold'em No Limit ($0.50/$1.00 USD) - 2025/01/16 17:32:35 WET [2025/01/16 12:32:35 ET]
Table 'Ella III' 6-max Seat #2 is the button
Seat 1: z00mba ($104.02 in chips) 
Seat 2: dpd1964 ($62.11 in chips) 
Seat 3: b2k-Snick ($100.50 in chips) 
Seat 4: Cositorto ($121.17 in chips) 
Seat 5: mr.Jckpot ($176.32 in chips) 
Seat 6: crist_89870 ($100 in chips) 
b2k-Snick: posts small blind $0.50
Cositorto: posts big blind $1
*** HOLE CARDS ***
mr.Jckpot: folds 
crist_89870: folds 
z00mba: raises $1.50 to $2.50
dpd1964: calls $2.50
b2k-Snick: folds 
Cositorto: calls $1.50
*** FLOP *** [9d Jh Js]
Cositorto: checks 
z00mba: bets $3.88
dpd1964: folds 
Cositorto: calls $3.88
*** TURN *** [9d Jh Js] [Ad]
Cositorto: checks 
z00mba: bets $7.63
Cositorto: calls $7.63
*** RIVER *** [9d Jh Js Ad] [Td]
Cositorto: checks 
z00mba: bets $21.51
Cositorto: calls $21.51
*** SHOW DOWN ***
z00mba: shows [Tc Jc] (a full house, Jacks full of Tens)
Cositorto: mucks hand 
z00mba collected $71.54 from pot
*** SUMMARY ***
Total pot $74.04 | Rake $2.50 
Board [9d Jh Js Ad Td]
Seat 1: z00mba showed [Tc Jc] and won ($71.54) with a full house, Jacks full of Tens
Seat 2: dpd1964 (button) folded on the Flop
Seat 3: b2k-Snick (small blind) folded before Flop
Seat 4: Cositorto (big blind) mucked
Seat 5: mr.Jckpot folded before Flop (didn't bet)
Seat 6: crist_89870 folded before Flop (didn't bet)



PokerStars Hand #254400857669:  Hold'em No Limit ($0.50/$1.00 USD) - 2025/01/16 17:33:43 WET [2025/01/16 12:33:43 ET]
Table 'Ella III' 6-max Seat #3 is the button
Seat 1: z00mba ($140.04 in chips) 
Seat 2: dpd1964 ($59.61 in chips) 
Seat 3: b2k-Snick ($100 in chips) 
Seat 4: Cositorto ($100 in chips) 
Seat 5: mr.Jckpot ($176.32 in chips) 
Seat 6: crist_89870 ($100 in chips) 
Cositorto: posts small blind $0.50
mr.Jckpot: posts big blind $1
*** HOLE CARDS ***
crist_89870: folds 
z00mba: raises $1.50 to $2.50
dpd1964: calls $2.50
b2k-Snick: calls $2.50
Cositorto: folds 
mr.Jckpot: folds 
*** FLOP *** [9h Kd Js]
z00mba: checks 
dpd1964: checks 
b2k-Snick: checks 
*** TURN *** [9h Kd Js] [Qc]
z00mba: checks 
dpd1964: bets $7
b2k-Snick: folds 
z00mba: folds 
Uncalled bet ($7) returned to dpd1964
dpd1964 collected $8.55 from pot
*** SUMMARY ***
Total pot $9 | Rake $0.45 
Board [9h Kd Js Qc]
Seat 1: z00mba folded on the Turn
Seat 2: dpd1964 collected ($8.55)
Seat 3: b2k-Snick (button) folded on the Turn
Seat 4: Cositorto (small blind) folded before Flop
Seat 5: mr.Jckpot (big blind) folded before Flop
Seat 6: crist_89870 folded before Flop (didn't bet)



PokerStars Hand #254400874638:  Hold'em No Limit ($0.50/$1.00 USD) - 2025/01/16 17:34:47 WET [2025/01/16 12:34:47 ET]
Table 'Ella III' 6-max Seat #4 is the button
Seat 1: z00mba ($137.54 in chips) 
Seat 2: dpd1964 ($65.66 in chips) 
Seat 3: b2k-Snick ($100 in chips) 
Seat 4: Cositorto ($100 in chips) 
Seat 5: mr.Jckpot ($175.32 in chips) 
Seat 6: crist_89870 ($100 in chips) 
mr.Jckpot: posts small blind $0.50
crist_89870: posts big blind $1
*** HOLE CARDS ***
z00mba: folds 
dpd1964: calls $1
b2k-Snick: raises $3 to $4
Cositorto: folds 
mr.Jckpot: folds 
crist_89870: folds 
dpd1964: calls $3
*** FLOP *** [3s 7h 4d]
dpd1964: checks 
b2k-Snick: bets $2.98
dpd1964: folds 
Uncalled bet ($2.98) returned to b2k-Snick
b2k-Snick collected $9.02 from pot
b2k-Snick: doesn't show hand 
*** SUMMARY ***
Total pot $9.50 | Rake $0.48 
Board [3s 7h 4d]
Seat 1: z00mba folded before Flop (didn't bet)
Seat 2: dpd1964 folded on the Flop
Seat 3: b2k-Snick collected ($9.02)
Seat 4: Cositorto (button) folded before Flop (didn't bet)
Seat 5: mr.Jckpot (small blind) folded before Flop
Seat 6: crist_89870 (big blind) folded before Flop



PokerStars Hand #254400885174:  Hold'em No Limit ($0.50/$1.00 USD) - 2025/01/16 17:35:28 WET [2025/01/16 12:35:28 ET]
Table 'Ella III' 6-max Seat #5 is the button
Seat 1: z00mba ($137.54 in chips) 
Seat 2: dpd1964 ($61.66 in chips) 
Seat 3: b2k-Snick ($105.02 in chips) 
Seat 4: Cositorto ($100 in chips) 
Seat 5: mr.Jckpot ($174.82 in chips) 
Seat 6: crist_89870 ($100 in chips) 
crist_89870: posts small blind $0.50
z00mba: posts big blind $1
*** HOLE CARDS ***
dpd1964: calls $1
b2k-Snick: folds 
Cositorto: folds 
mr.Jckpot: folds 
crist_89870: folds 
z00mba: checks 
*** FLOP *** [Jc 7d 3c]
z00mba: checks 
dpd1964: checks 
*** TURN *** [Jc 7d 3c] [5d]
z00mba: checks 
dpd1964: bets $2
z00mba: folds 
Uncalled bet ($2) returned to dpd1964
dpd1964 collected $2.38 from pot
*** SUMMARY ***
Total pot $2.50 | Rake $0.12 
Board [Jc 7d 3c 5d]
Seat 1: z00mba (big blind) folded on the Turn
Seat 2: dpd1964 collected ($2.38)
Seat 3: b2k-Snick folded before Flop (didn't bet)
Seat 4: Cositorto folded before Flop (didn't bet)
Seat 5: mr.Jckpot (button) folded before Flop (didn't bet)
Seat 6: crist_89870 (small blind) folded before Flop



PokerStars Hand #254400900019:  Hold'em No Limit ($0.50/$1.00 USD) - 2025/01/16 17:36:26 WET [2025/01/16 12:36:26 ET]
Table 'Ella III' 6-max Seat #6 is the button
Seat 1: z00mba ($136.54 in chips) 
Seat 2: dpd1964 ($63.04 in chips) 
Seat 3: b2k-Snick ($105.02 in chips) 
Seat 4: Cositorto ($100 in chips) 
Seat 5: mr.Jckpot ($174.82 in chips) 
Seat 6: crist_89870 ($100 in chips) 
z00mba: posts small blind $0.50
dpd1964: posts big blind $1
*** HOLE CARDS ***
b2k-Snick: folds 
Cositorto: folds 
mr.Jckpot: raises $1.50 to $2.50
crist_89870: raises $5 to $7.50
z00mba: folds 
dpd1964: folds 
mr.Jckpot: calls $5
*** FLOP *** [Jh 5h Kh]
mr.Jckpot: checks 
crist_89870: checks 
*** TURN *** [Jh 5h Kh] [7s]
mr.Jckpot: checks 
crist_89870: bets $4.70
mr.Jckpot: calls $4.70
*** RIVER *** [Jh 5h Kh 7s] [9d]
mr.Jckpot: checks 
crist_89870: bets $18.45
mr.Jckpot: folds 
Uncalled bet ($18.45) returned to crist_89870
crist_89870 collected $24.60 from pot
crist_89870: doesn't show hand 
*** SUMMARY ***
Total pot $25.90 | Rake $1.30 
Board [Jh 5h Kh 7s 9d]
Seat 1: z00mba (small blind) folded before Flop
Seat 2: dpd1964 (big blind) folded before Flop
Seat 3: b2k-Snick folded before Flop (didn't bet)
Seat 4: Cositorto folded before Flop (didn't bet)
Seat 5: mr.Jckpot folded on the River
Seat 6: crist_89870 (button) collected ($24.60)



PokerStars Hand #254400914354:  Hold'em No Limit ($0.50/$1.00 USD) - 2025/01/16 17:37:22 WET [2025/01/16 12:37:22 ET]
Table 'Ella III' 6-max Seat #1 is the button
Seat 3: b2k-Snick ($105.02 in chips) is sitting out
Seat 1: z00mba ($136.04 in chips) 
Seat 2: dpd1964 ($62.04 in chips) 
Seat 4: Cositorto ($100 in chips) 
Seat 5: mr.Jckpot ($162.62 in chips) 
Seat 6: crist_89870 ($112.40 in chips) 
dpd1964: posts small blind $0.50
b2k-Snick: is sitting out 
Cositorto: posts big blind $1
*** HOLE CARDS ***
b2k-Snick leaves the table
mr.Jckpot: folds 
crist_89870: folds 
z00mba: folds 
dpd1964: calls $0.50
Cositorto: checks 
*** FLOP *** [4d 2s 9s]
dpd1964: checks 
Cositorto: bets $1
dpd1964: calls $1
*** TURN *** [4d 2s 9s] [Ah]
coeeeelho joins the table at seat #3 
dpd1964: checks 
Cositorto: checks 
*** RIVER *** [4d 2s 9s Ah] [Td]
dpd1964: checks 
Cositorto: bets $5.70
dpd1964: folds 
Uncalled bet ($5.70) returned to Cositorto
Cositorto collected $3.80 from pot
Cositorto: doesn't show hand 
*** SUMMARY ***
Total pot $4 | Rake $0.20 
Board [4d 2s 9s Ah Td]
Seat 3: b2k-Snick
Seat 1: z00mba (button) folded before Flop (didn't bet)
Seat 2: dpd1964 (small blind) folded on the River
Seat 4: Cositorto (big blind) collected ($3.80)
Seat 5: mr.Jckpot folded before Flop (didn't bet)
Seat 6: crist_89870 folded before Flop (didn't bet)



PokerStars Hand #254400928500:  Hold'em No Limit ($0.50/$1.00 USD) - 2025/01/16 17:38:17 WET [2025/01/16 12:38:17 ET]
Table 'Ella III' 6-max Seat #2 is the button
Seat 3: coeeeelho ($100 in chips) is sitting out
Seat 1: z00mba ($136.04 in chips) 
Seat 2: dpd1964 ($60.04 in chips) 
Seat 4: Cositorto ($101.80 in chips) 
Seat 5: mr.Jckpot ($162.62 in chips) 
Seat 6: crist_89870 ($112.40 in chips) 
Cositorto: posts small blind $0.50
mr.Jckpot: posts big blind $1
*** HOLE CARDS ***
crist_89870: raises $1.50 to $2.50
z00mba: folds 
dpd1964: calls $2.50
Cositorto: folds 
mr.Jckpot: folds 
*** FLOP *** [4d 3c 3h]
crist_89870: bets $3.09
dpd1964: folds 
Uncalled bet ($3.09) returned to crist_89870
crist_89870 collected $6.18 from pot
crist_89870: doesn't show hand 
*** SUMMARY ***
Total pot $6.50 | Rake $0.32 
Board [4d 3c 3h]
Seat 3: coeeeelho
Seat 1: z00mba folded before Flop (didn't bet)
Seat 2: dpd1964 (button) folded on the Flop
Seat 4: Cositorto (small blind) folded before Flop
Seat 5: mr.Jckpot (big blind) folded before Flop
Seat 6: crist_89870 collected ($6.18)



PokerStars Hand #254400938788:  Hold'em No Limit ($0.50/$1.00 USD) - 2025/01/16 17:38:56 WET [2025/01/16 12:38:56 ET]
Table 'Ella III' 6-max Seat #4 is the button
Seat 3: coeeeelho ($100 in chips) is sitting out
Seat 1: z00mba ($136.04 in chips) 
Seat 2: dpd1964 ($57.54 in chips) 
Seat 4: Cositorto ($101.30 in chips) 
Seat 5: mr.Jckpot ($161.62 in chips) 
Seat 6: crist_89870 ($116.08 in chips) 
mr.Jckpot: posts small blind $0.50
crist_89870: posts big blind $1
coeeeelho: sits out 
*** HOLE CARDS ***
z00mba: folds 
dpd1964: folds 
Cositorto: raises $1.50 to $2.50
mr.Jckpot: folds 
dpd1964 leaves the table
crist_89870: folds 
Uncalled bet ($1.50) returned to Cositorto
Cositorto collected $2.50 from pot
Cositorto: doesn't show hand 
*** SUMMARY ***
Total pot $2.50 | Rake $0 
Seat 3: coeeeelho
Seat 1: z00mba folded before Flop (didn't bet)
Seat 2: dpd1964 folded before Flop (didn't bet)
Seat 4: Cositorto (button) collected ($2.50)
Seat 5: mr.Jckpot (small blind) folded before Flop
Seat 6: crist_89870 (big blind) folded before Flop



PokerStars Hand #254400943758:  Hold'em No Limit ($0.50/$1.00 USD) - 2025/01/16 17:39:16 WET [2025/01/16 12:39:16 ET]
Table 'Ella III' 6-max Seat #5 is the button
Seat 3: coeeeelho ($100 in chips) is sitting out
Seat 1: z00mba ($136.04 in chips) 
Seat 4: Cositorto ($102.80 in chips) 
Seat 5: mr.Jckpot ($161.12 in chips) 
Seat 6: crist_89870 ($115.08 in chips) 
crist_89870: posts small blind $0.50
z00mba: posts big blind $1
coeeeelho: sits out 
*** HOLE CARDS ***
coeeeelho leaves the table
GuigaMan joins the table at seat #2 
Cositorto: folds 
mr.Jckpot: folds 
crist_89870: raises $2 to $3
z00mba: calls $2
*** FLOP *** [5d Qc Ah]
crist_89870: bets $1.71
z00mba: calls $1.71
*** TURN *** [5d Qc Ah] [3h]
crist_89870: bets $6.71
z00mba: folds 
Uncalled bet ($6.71) returned to crist_89870
crist_89870 collected $8.95 from pot
crist_89870: doesn't show hand 
*** SUMMARY ***
Total pot $9.42 | Rake $0.47 
Board [5d Qc Ah 3h]
Seat 3: coeeeelho
Seat 1: z00mba (big blind) folded on the Turn
Seat 4: Cositorto folded before Flop (didn't bet)
Seat 5: mr.Jckpot (button) folded before Flop (didn't bet)
Seat 6: crist_89870 (small blind) collected ($8.95)



PokerStars Hand #254400953978:  Hold'em No Limit ($0.50/$1.00 USD) - 2025/01/16 17:39:55 WET [2025/01/16 12:39:55 ET]
Table 'Ella III' 6-max Seat #6 is the button
Seat 1: z00mba ($131.33 in chips) 
Seat 2: GuigaMan ($100 in chips) 
Seat 4: Cositorto ($102.80 in chips) 
Seat 5: mr.Jckpot ($161.12 in chips) 
Seat 6: crist_89870 ($119.32 in chips) 
z00mba: posts small blind $0.50
GuigaMan: posts big blind $1
*** HOLE CARDS ***
Cositorto: folds 
mr.Jckpot: folds 
crist_89870: raises $1.50 to $2.50
z00mba: folds 
GuigaMan: folds 
Uncalled bet ($1.50) returned to crist_89870
crist_89870 collected $2.50 from pot
crist_89870: doesn't show hand 
*** SUMMARY ***
Total pot $2.50 | Rake $0 
Seat 1: z00mba (small blind) folded before Flop
Seat 2: GuigaMan (big blind) folded before Flop
Seat 4: Cositorto folded before Flop (didn't bet)
Seat 5: mr.Jckpot folded before Flop (didn't bet)
Seat 6: crist_89870 (button) collected ($2.50)



PokerStars Hand #254400958808:  Hold'em No Limit ($0.50/$1.00 USD) - 2025/01/16 17:40:13 WET [2025/01/16 12:40:13 ET]
Table 'Ella III' 6-max Seat #1 is the button
Seat 1: z00mba ($130.83 in chips) 
Seat 2: GuigaMan ($100 in chips) 
Seat 4: Cositorto ($102.80 in chips) 
Seat 5: mr.Jckpot ($161.12 in chips) 
Seat 6: crist_89870 ($120.82 in chips) 
GuigaMan: posts small blind $0.50
Cositorto: posts big blind $1
*** HOLE CARDS ***
mr.Jckpot: folds 
crist_89870: folds 
z00mba: folds 
GuigaMan: folds 
Uncalled bet ($0.50) returned to Cositorto
Cositorto collected $1 from pot
Cositorto: doesn't show hand 
*** SUMMARY ***
Total pot $1 | Rake $0 
Seat 1: z00mba (button) folded before Flop (didn't bet)
Seat 2: GuigaMan (small blind) folded before Flop
Seat 4: Cositorto (big blind) collected ($1)
Seat 5: mr.Jckpot folded before Flop (didn't bet)
Seat 6: crist_89870 folded before Flop (didn't bet)



PokerStars Hand #254400960956:  Hold'em No Limit ($0.50/$1.00 USD) - 2025/01/16 17:40:22 WET [2025/01/16 12:40:22 ET]
Table 'Ella III' 6-max Seat #2 is the button
Seat 1: z00mba ($130.83 in chips) 
Seat 2: GuigaMan ($100 in chips) 
Seat 4: Cositorto ($103.30 in chips) 
Seat 5: mr.Jckpot ($161.12 in chips) 
Seat 6: crist_89870 ($120.82 in chips) 
Cositorto: posts small blind $0.50
mr.Jckpot: posts big blind $1
*** HOLE CARDS ***
crist_89870: folds 
z00mba: folds 
GuigaMan: folds 
Cositorto: folds 
Uncalled bet ($0.50) returned to mr.Jckpot
mr.Jckpot collected $1 from pot
mr.Jckpot: doesn't show hand 
*** SUMMARY ***
Total pot $1 | Rake $0 
Seat 1: z00mba folded before Flop (didn't bet)
Seat 2: GuigaMan (button) folded before Flop (didn't bet)
Seat 4: Cositorto (small blind) folded before Flop
Seat 5: mr.Jckpot (big blind) collected ($1)
Seat 6: crist_89870 folded before Flop (didn't bet)



PokerStars Hand #254400963678:  Hold'em No Limit ($0.50/$1.00 USD) - 2025/01/16 17:40:32 WET [2025/01/16 12:40:32 ET]
Table 'Ella III' 6-max Seat #4 is the button
Seat 1: z00mba ($130.83 in chips) 
Seat 2: GuigaMan ($100 in chips) 
Seat 4: Cositorto ($102.80 in chips) 
Seat 5: mr.Jckpot ($161.62 in chips) 
Seat 6: crist_89870 ($120.82 in chips) 
mr.Jckpot: posts small blind $0.50
crist_89870: posts big blind $1
*** HOLE CARDS ***
z00mba: raises $1.50 to $2.50
GuigaMan: folds 
Cositorto: folds 
mr.Jckpot: folds 
crist_89870: folds 
Uncalled bet ($1.50) returned to z00mba
z00mba collected $2.50 from pot
z00mba: doesn't show hand 
*** SUMMARY ***
Total pot $2.50 | Rake $0 
Seat 1: z00mba collected ($2.50)
Seat 2: GuigaMan folded before Flop (didn't bet)
Seat 4: Cositorto (button) folded before Flop (didn't bet)
Seat 5: mr.Jckpot (small blind) folded before Flop
Seat 6: crist_89870 (big blind) folded before Flop



PokerStars Hand #254400966333:  Hold'em No Limit ($0.50/$1.00 USD) - 2025/01/16 17:40:43 WET [2025/01/16 12:40:43 ET]
Table 'Ella III' 6-max Seat #5 is the button
Seat 1: z00mba ($132.33 in chips) is sitting out
Seat 2: GuigaMan ($100 in chips) 
Seat 4: Cositorto ($102.80 in chips) 
Seat 5: mr.Jckpot ($161.12 in chips) 
Seat 6: crist_89870 ($119.82 in chips) 
crist_89870: posts small blind $0.50
z00mba: is sitting out 
GuigaMan: posts big blind $1
*** HOLE CARDS ***
Cositorto: folds 
mr.Jckpot: folds 
crist_89870: folds 
Uncalled bet ($0.50) returned to GuigaMan
GuigaMan collected $1 from pot
*** SUMMARY ***
Total pot $1 | Rake $0 
Seat 1: z00mba
Seat 2: GuigaMan (big blind) collected ($1)
Seat 4: Cositorto folded before Flop (didn't bet)
Seat 5: mr.Jckpot (button) folded before Flop (didn't bet)
Seat 6: crist_89870 (small blind) folded before Flop



PokerStars Hand #254400968301:  Hold'em No Limit ($0.50/$1.00 USD) - 2025/01/16 17:40:50 WET [2025/01/16 12:40:50 ET]
Table 'Ella III' 6-max Seat #6 is the button
Seat 1: z00mba ($132.33 in chips) is sitting out
Seat 2: GuigaMan ($100.50 in chips) 
Seat 4: Cositorto ($102.80 in chips) 
Seat 5: mr.Jckpot ($161.12 in chips) 
Seat 6: crist_89870 ($119.32 in chips) 
GuigaMan: posts small blind $0.50
Cositorto: posts big blind $1
*** HOLE CARDS ***
mr.Jckpot: folds 
crist_89870: folds 
GuigaMan: folds 
Uncalled bet ($0.50) returned to Cositorto
Cositorto collected $1 from pot
Cositorto: doesn't show hand 
z00mba leaves the table
*** SUMMARY ***
Total pot $1 | Rake $0 
Seat 1: z00mba
Seat 2: GuigaMan (small blind) folded before Flop
Seat 4: Cositorto (big blind) collected ($1)
Seat 5: mr.Jckpot folded before Flop (didn't bet)
Seat 6: crist_89870 (button) folded before Flop (didn't bet)



PokerStars Hand #254400970875:  Hold'em No Limit ($0.50/$1.00 USD) - 2025/01/16 17:41:00 WET [2025/01/16 12:41:00 ET]
Table 'Ella III' 6-max Seat #2 is the button
Seat 5: mr.Jckpot ($161.12 in chips) is sitting out
Seat 2: GuigaMan ($100 in chips) 
Seat 4: Cositorto ($103.30 in chips) 
Seat 6: crist_89870 ($119.32 in chips) 
Cositorto: posts small blind $0.50
mr.Jckpot: is sitting out 
crist_89870: posts big blind $1
*** HOLE CARDS ***
mr.Jckpot leaves the table
GuigaMan: raises $1.10 to $2.10
Cositorto: folds 
crist_89870: calls $1.10
*** FLOP *** [Tc Qh 6d]
crist_89870: checks 
GuigaMan: bets $1.34
crist_89870: raises $5.16 to $6.50
GuigaMan: calls $5.16
*** TURN *** [Tc Qh 6d] [3d]
crist_89870: bets $12.62
GuigaMan: calls $12.62
*** RIVER *** [Tc Qh 6d 3d] [Kc]
crist_89870: bets $41.94
GuigaMan: folds 
Uncalled bet ($41.94) returned to crist_89870
crist_89870 collected $41.94 from pot
crist_89870: doesn't show hand 
*** SUMMARY ***
Total pot $42.94 | Rake $1 
Board [Tc Qh 6d 3d Kc]
Seat 5: mr.Jckpot
Seat 2: GuigaMan (button) folded on the River
Seat 4: Cositorto (small blind) folded before Flop
Seat 6: crist_89870 (big blind) collected ($41.94)



PokerStars Hand #254400985791:  Hold'em No Limit ($0.50/$1.00 USD) - 2025/01/16 17:41:57 WET [2025/01/16 12:41:57 ET]
Table 'Ella III' 6-max Seat #6 is the button
Seat 2: GuigaMan ($100 in chips) is sitting out
Seat 4: Cositorto ($102.80 in chips) 
Seat 6: crist_89870 ($140.04 in chips) 
crist_89870: posts small blind $0.50
GuigaMan: is sitting out 
Cositorto: posts big blind $1
*** HOLE CARDS ***
crist_89870: raises $1.50 to $2.50
Cositorto: raises $6 to $8.50
crist_89870: calls $6
*** FLOP *** [Kh 3s Jd]
Cositorto: bets $8.07
GuigaMan leaves the table
crist_89870: calls $8.07
*** TURN *** [Kh 3s Jd] [6d]
Cositorto: bets $24.10
crist_89870: calls $24.10
*** RIVER *** [Kh 3s Jd 6d] [Jh]
Cositorto: checks 
crist_89870: checks 
*** SHOW DOWN ***
Cositorto: shows [Qh Ad] (a pair of Jacks)
crist_89870: shows [Td Ks] (two pair, Kings and Jacks)
crist_89870 collected $80.34 from pot
*** SUMMARY ***
Total pot $81.34 | Rake $1 
Board [Kh 3s Jd 6d Jh]
Seat 2: GuigaMan
Seat 4: Cositorto (big blind) showed [Qh Ad] and lost with a pair of Jacks
Seat 6: crist_89870 (button) (small blind) showed [Td Ks] and won ($80.34) with two pair, Kings and Jacks



