PokerStars Hand #254401904326:  Hold'em No Limit ($0.50/$1.00 USD) - 2025/01/16 18:40:18 WET [2025/01/16 13:40:18 ET]
Table 'Kanda III' 6-max Seat #1 is the button
Seat 1: AIien Hand ($100 in chips) 
Seat 4: michasia ($100 in chips) 
Seat 6: BoyLoc0 ($100 in chips) 
michasia: posts small blind $0.50
BoyLoc0: posts big blind $1
*** HOLE CARDS ***
AIien Hand: folds 
michasia: raises $2 to $3
BoyLoc0: folds 
Uncalled bet ($2) returned to michasia
michasia collected $2 from pot
michasia: doesn't show hand 
*** SUMMARY ***
Total pot $2 | Rake $0 
Seat 1: AIien Hand (button) folded before Flop (didn't bet)
Seat 4: michasia (small blind) collected ($2)
Seat 6: BoyLoc0 (big blind) folded before Flop



PokerStars Hand #254401912947:  Hold'em No Limit ($0.50/$1.00 USD) - 2025/01/16 18:40:48 WET [2025/01/16 13:40:48 ET]
Table 'Kanda III' 6-max Seat #4 is the button
Seat 1: AIien Hand ($100 in chips) 
Seat 4: michasia ($101 in chips) 
Seat 6: BoyLoc0 ($100 in chips) 
BoyLoc0: posts small blind $0.50
AIien Hand: posts big blind $1
*** HOLE CARDS ***
michasia: folds 
BoyLoc0: folds 
Uncalled bet ($0.50) returned to AIien Hand
AIien Hand collected $1 from pot
AIien Hand: doesn't show hand 
*** SUMMARY ***
Total pot $1 | Rake $0 
Seat 1: AIien Hand (big blind) collected ($1)
Seat 4: michasia (button) folded before Flop (didn't bet)
Seat 6: BoyLoc0 (small blind) folded before Flop



PokerStars Hand #254401915069:  Hold'em No Limit ($0.50/$1.00 USD) - 2025/01/16 18:40:55 WET [2025/01/16 13:40:55 ET]
Table 'Kanda III' 6-max Seat #6 is the button
Seat 1: AIien Hand ($100.50 in chips) 
Seat 4: michasia ($101 in chips) 
Seat 6: BoyLoc0 ($100 in chips) 
AIien Hand: posts small blind $0.50
michasia: posts big blind $1
*** HOLE CARDS ***
BoyLoc0: folds 
AIien Hand: folds 
Uncalled bet ($0.50) returned to michasia
michasia collected $1 from pot
michasia: doesn't show hand 
*** SUMMARY ***
Total pot $1 | Rake $0 
Seat 1: AIien Hand (small blind) folded before Flop
Seat 4: michasia (big blind) collected ($1)
Seat 6: BoyLoc0 (button) folded before Flop (didn't bet)



PokerStars Hand #254401920174:  Hold'em No Limit ($0.50/$1.00 USD) - 2025/01/16 18:41:14 WET [2025/01/16 13:41:14 ET]
Table 'Kanda III' 6-max Seat #1 is the button
Seat 1: AIien Hand ($100 in chips) 
Seat 4: michasia ($101.50 in chips) 
Seat 6: BoyLoc0 ($100 in chips) 
michasia: posts small blind $0.50
BoyLoc0: posts big blind $1
*** HOLE CARDS ***
AIien Hand: folds 
michasia: folds 
Uncalled bet ($0.50) returned to BoyLoc0
BoyLoc0 collected $1 from pot
BoyLoc0: doesn't show hand 
*** SUMMARY ***
Total pot $1 | Rake $0 
Seat 1: AIien Hand (button) folded before Flop (didn't bet)
Seat 4: michasia (small blind) folded before Flop
Seat 6: BoyLoc0 (big blind) collected ($1)



PokerStars Hand #254401922423:  Hold'em No Limit ($0.50/$1.00 USD) - 2025/01/16 18:41:22 WET [2025/01/16 13:41:22 ET]
Table 'Kanda III' 6-max Seat #4 is the button
Seat 1: AIien Hand ($100 in chips) 
Seat 4: michasia ($101 in chips) 
Seat 6: BoyLoc0 ($100.50 in chips) 
BoyLoc0: posts small blind $0.50
AIien Hand: posts big blind $1
*** HOLE CARDS ***
michasia: raises $1.80 to $2.80
Pon4uk.ua joins the table at seat #3 
BoyLoc0: folds 
AIien Hand: folds 
Uncalled bet ($1.80) returned to michasia
michasia collected $2.50 from pot
michasia: doesn't show hand 
*** SUMMARY ***
Total pot $2.50 | Rake $0 
Seat 1: AIien Hand (big blind) folded before Flop
Seat 4: michasia (button) collected ($2.50)
Seat 6: BoyLoc0 (small blind) folded before Flop



PokerStars Hand #254401926697:  Hold'em No Limit ($0.50/$1.00 USD) - 2025/01/16 18:41:37 WET [2025/01/16 13:41:37 ET]
Table 'Kanda III' 6-max Seat #6 is the button
Seat 1: AIien Hand ($100 in chips) 
Seat 3: Pon4uk.ua ($100 in chips) 
Seat 4: michasia ($102.50 in chips) 
Seat 6: BoyLoc0 ($100 in chips) 
AIien Hand: posts small blind $0.50
Pon4uk.ua: posts big blind $1
*** HOLE CARDS ***
michasia: raises $1.80 to $2.80
BoyLoc0: folds 
AIien Hand: folds 
Pon4uk.ua: folds 
Uncalled bet ($1.80) returned to michasia
michasia collected $2.50 from pot
michasia: doesn't show hand 
*** SUMMARY ***
Total pot $2.50 | Rake $0 
Seat 1: AIien Hand (small blind) folded before Flop
Seat 3: Pon4uk.ua (big blind) folded before Flop
Seat 4: michasia collected ($2.50)
Seat 6: BoyLoc0 (button) folded before Flop (didn't bet)



PokerStars Hand #254401931566:  Hold'em No Limit ($0.50/$1.00 USD) - 2025/01/16 18:41:54 WET [2025/01/16 13:41:54 ET]
Table 'Kanda III' 6-max Seat #1 is the button
Seat 1: AIien Hand ($100 in chips) 
Seat 3: Pon4uk.ua ($100 in chips) 
Seat 4: michasia ($104 in chips) 
Seat 6: BoyLoc0 ($100 in chips) 
Pon4uk.ua: posts small blind $0.50
michasia: posts big blind $1
*** HOLE CARDS ***
BoyLoc0: raises $1.50 to $2.50
AIien Hand: raises $5 to $7.50
Pon4uk.ua: folds 
michasia: folds 
BoyLoc0: calls $5
*** FLOP *** [Kd Ah Ac]
BoyLoc0: checks 
AIien Hand: checks 
*** TURN *** [Kd Ah Ac] [Js]
BoyLoc0: checks 
AIien Hand: checks 
*** RIVER *** [Kd Ah Ac Js] [5h]
BoyLoc0: checks 
AIien Hand: checks 
*** SHOW DOWN ***
BoyLoc0: shows [4d 5d] (two pair, Aces and Fives)
AIien Hand: shows [9d 9h] (two pair, Aces and Nines)
AIien Hand collected $15.68 from pot
*** SUMMARY ***
Total pot $16.50 | Rake $0.82 
Board [Kd Ah Ac Js 5h]
Seat 1: AIien Hand (button) showed [9d 9h] and won ($15.68) with two pair, Aces and Nines
Seat 3: Pon4uk.ua (small blind) folded before Flop
Seat 4: michasia (big blind) folded before Flop
Seat 6: BoyLoc0 showed [4d 5d] and lost with two pair, Aces and Fives



PokerStars Hand #254401946500:  Hold'em No Limit ($0.50/$1.00 USD) - 2025/01/16 18:42:47 WET [2025/01/16 13:42:47 ET]
Table 'Kanda III' 6-max Seat #3 is the button
Seat 1: AIien Hand ($108.18 in chips) 
Seat 3: Pon4uk.ua ($100 in chips) 
Seat 4: michasia ($103 in chips) 
Seat 6: BoyLoc0 ($100 in chips) 
michasia: posts small blind $0.50
BoyLoc0: posts big blind $1
*** HOLE CARDS ***
AIien Hand: folds 
Pon4uk.ua: folds 
michasia: folds 
Uncalled bet ($0.50) returned to BoyLoc0
BoyLoc0 collected $1 from pot
BoyLoc0: doesn't show hand 
*** SUMMARY ***
Total pot $1 | Rake $0 
Seat 1: AIien Hand folded before Flop (didn't bet)
Seat 3: Pon4uk.ua (button) folded before Flop (didn't bet)
Seat 4: michasia (small blind) folded before Flop
Seat 6: BoyLoc0 (big blind) collected ($1)



PokerStars Hand #254401950516:  Hold'em No Limit ($0.50/$1.00 USD) - 2025/01/16 18:43:01 WET [2025/01/16 13:43:01 ET]
Table 'Kanda III' 6-max Seat #4 is the button
Seat 1: AIien Hand ($108.18 in chips) 
Seat 3: Pon4uk.ua ($100 in chips) 
Seat 4: michasia ($102.50 in chips) 
Seat 6: BoyLoc0 ($100.50 in chips) 
BoyLoc0: posts small blind $0.50
AIien Hand: posts big blind $1
*** HOLE CARDS ***
Pon4uk.ua: folds 
michasia: folds 
BoyLoc0: raises $2 to $3
AIien Hand: folds 
Uncalled bet ($2) returned to BoyLoc0
BoyLoc0 collected $2 from pot
BoyLoc0: doesn't show hand 
*** SUMMARY ***
Total pot $2 | Rake $0 
Seat 1: AIien Hand (big blind) folded before Flop
Seat 3: Pon4uk.ua folded before Flop (didn't bet)
Seat 4: michasia (button) folded before Flop (didn't bet)
Seat 6: BoyLoc0 (small blind) collected ($2)



PokerStars Hand #254401954614:  Hold'em No Limit ($0.50/$1.00 USD) - 2025/01/16 18:43:16 WET [2025/01/16 13:43:16 ET]
Table 'Kanda III' 6-max Seat #6 is the button
Seat 1: AIien Hand ($107.18 in chips) 
Seat 3: Pon4uk.ua ($100 in chips) 
Seat 4: michasia ($102.50 in chips) 
Seat 6: BoyLoc0 ($101.50 in chips) 
AIien Hand: posts small blind $0.50
Pon4uk.ua: posts big blind $1
*** HOLE CARDS ***
michasia: folds 
BoyLoc0: raises $1.50 to $2.50
AIien Hand: raises $8 to $10.50
Pon4uk.ua: folds 
BoyLoc0: folds 
Uncalled bet ($8) returned to AIien Hand
AIien Hand collected $6 from pot
AIien Hand: doesn't show hand 
*** SUMMARY ***
Total pot $6 | Rake $0 
Seat 1: AIien Hand (small blind) collected ($6)
Seat 3: Pon4uk.ua (big blind) folded before Flop
Seat 4: michasia folded before Flop (didn't bet)
Seat 6: BoyLoc0 (button) folded before Flop



PokerStars Hand #254401961377:  Hold'em No Limit ($0.50/$1.00 USD) - 2025/01/16 18:43:39 WET [2025/01/16 13:43:39 ET]
Table 'Kanda III' 6-max Seat #1 is the button
Seat 1: AIien Hand ($110.68 in chips) 
Seat 3: Pon4uk.ua ($100 in chips) 
Seat 4: michasia ($102.50 in chips) 
Seat 6: BoyLoc0 ($100 in chips) 
Pon4uk.ua: posts small blind $0.50
michasia: posts big blind $1
*** HOLE CARDS ***
BoyLoc0: folds 
AIien Hand: folds 
Pon4uk.ua: raises $1.75 to $2.75
michasia: calls $1.75
*** FLOP *** [5d Jc 5c]
Pon4uk.ua: bets $1.72
michasia: calls $1.72
*** TURN *** [5d Jc 5c] [3s]
Pon4uk.ua: checks 
michasia: bets $5.66
Pon4uk.ua: calls $5.66
*** RIVER *** [5d Jc 5c 3s] [Ad]
Pon4uk.ua: checks 
michasia: bets $12.84
Pon4uk.ua: folds 
Uncalled bet ($12.84) returned to michasia
michasia collected $19.26 from pot
michasia: doesn't show hand 
*** SUMMARY ***
Total pot $20.26 | Rake $1 
Board [5d Jc 5c 3s Ad]
Seat 1: AIien Hand (button) folded before Flop (didn't bet)
Seat 3: Pon4uk.ua (small blind) folded on the River
Seat 4: michasia (big blind) collected ($19.26)
Seat 6: BoyLoc0 folded before Flop (didn't bet)



PokerStars Hand #254401978438:  Hold'em No Limit ($0.50/$1.00 USD) - 2025/01/16 18:44:40 WET [2025/01/16 13:44:40 ET]
Table 'Kanda III' 6-max Seat #3 is the button
Seat 1: AIien Hand ($110.68 in chips) 
Seat 3: Pon4uk.ua ($100 in chips) 
Seat 4: michasia ($111.63 in chips) 
Seat 6: BoyLoc0 ($100 in chips) 
michasia: posts small blind $0.50
BoyLoc0: posts big blind $1
*** HOLE CARDS ***
AIien Hand: folds 
Pon4uk.ua: raises $1.50 to $2.50
michasia: folds 
BoyLoc0: calls $1.50
*** FLOP *** [6s Jc 9d]
BoyLoc0: checks 
Pon4uk.ua: bets $2.61
BoyLoc0: calls $2.61
*** TURN *** [6s Jc 9d] [5h]
BoyLoc0: checks 
Pon4uk.ua: bets $7.64
BoyLoc0: calls $7.64
*** RIVER *** [6s Jc 9d 5h] [7s]
BoyLoc0: bets $8.25
Pon4uk.ua: folds 
Uncalled bet ($8.25) returned to BoyLoc0
BoyLoc0 collected $25 from pot
BoyLoc0: doesn't show hand 
*** SUMMARY ***
Total pot $26 | Rake $1 
Board [6s Jc 9d 5h 7s]
Seat 1: AIien Hand folded before Flop (didn't bet)
Seat 3: Pon4uk.ua (button) folded on the River
Seat 4: michasia (small blind) folded before Flop
Seat 6: BoyLoc0 (big blind) collected ($25)



PokerStars Hand #254401996664:  Hold'em No Limit ($0.50/$1.00 USD) - 2025/01/16 18:45:44 WET [2025/01/16 13:45:44 ET]
Table 'Kanda III' 6-max Seat #4 is the button
Seat 1: AIien Hand ($110.68 in chips) 
Seat 3: Pon4uk.ua ($100 in chips) 
Seat 4: michasia ($111.13 in chips) 
Seat 6: BoyLoc0 ($112.25 in chips) 
BoyLoc0: posts small blind $0.50
AIien Hand: posts big blind $1
*** HOLE CARDS ***
Pon4uk.ua: folds 
michasia: raises $1.80 to $2.80
BoyLoc0: folds 
AIien Hand: raises $10.20 to $13
michasia: folds 
Uncalled bet ($10.20) returned to AIien Hand
AIien Hand collected $6.10 from pot
AIien Hand: doesn't show hand 
*** SUMMARY ***
Total pot $6.10 | Rake $0 
Seat 1: AIien Hand (big blind) collected ($6.10)
Seat 3: Pon4uk.ua folded before Flop (didn't bet)
Seat 4: michasia (button) folded before Flop
Seat 6: BoyLoc0 (small blind) folded before Flop



PokerStars Hand #254402003204:  Hold'em No Limit ($0.50/$1.00 USD) - 2025/01/16 18:46:07 WET [2025/01/16 13:46:07 ET]
Table 'Kanda III' 6-max Seat #6 is the button
Seat 3: Pon4uk.ua ($100 in chips) is sitting out
Seat 1: AIien Hand ($113.98 in chips) 
Seat 4: michasia ($108.33 in chips) 
Seat 6: BoyLoc0 ($111.75 in chips) 
AIien Hand: posts small blind $0.50
Pon4uk.ua: is sitting out 
michasia: posts big blind $1
*** HOLE CARDS ***
Pon4uk.ua leaves the table
BoyLoc0: folds 
AIien Hand: folds 
Uncalled bet ($0.50) returned to michasia
michasia collected $1 from pot
michasia: doesn't show hand 
*** SUMMARY ***
Total pot $1 | Rake $0 
Seat 3: Pon4uk.ua
Seat 1: AIien Hand (small blind) folded before Flop
Seat 4: michasia (big blind) collected ($1)
Seat 6: BoyLoc0 (button) folded before Flop (didn't bet)



PokerStars Hand #254402008298:  Hold'em No Limit ($0.50/$1.00 USD) - 2025/01/16 18:46:25 WET [2025/01/16 13:46:25 ET]
Table 'Kanda III' 6-max Seat #1 is the button
Seat 1: AIien Hand ($113.48 in chips) 
Seat 4: michasia ($108.83 in chips) 
Seat 6: BoyLoc0 ($111.75 in chips) 
michasia: posts small blind $0.50
BoyLoc0: posts big blind $1
*** HOLE CARDS ***
AIien Hand: folds 
michasia: folds 
Uncalled bet ($0.50) returned to BoyLoc0
BoyLoc0 collected $1 from pot
BoyLoc0: doesn't show hand 
*** SUMMARY ***
Total pot $1 | Rake $0 
Seat 1: AIien Hand (button) folded before Flop (didn't bet)
Seat 4: michasia (small blind) folded before Flop
Seat 6: BoyLoc0 (big blind) collected ($1)



PokerStars Hand #254402010373:  Hold'em No Limit ($0.50/$1.00 USD) - 2025/01/16 18:46:33 WET [2025/01/16 13:46:33 ET]
Table 'Kanda III' 6-max Seat #4 is the button
Seat 1: AIien Hand ($113.48 in chips) 
Seat 4: michasia ($108.33 in chips) 
Seat 6: BoyLoc0 ($112.25 in chips) 
BoyLoc0: posts small blind $0.50
AIien Hand: posts big blind $1
*** HOLE CARDS ***
michasia: folds 
BoyLoc0: folds 
Uncalled bet ($0.50) returned to AIien Hand
AIien Hand collected $1 from pot
AIien Hand: doesn't show hand 
*** SUMMARY ***
Total pot $1 | Rake $0 
Seat 1: AIien Hand (big blind) collected ($1)
Seat 4: michasia (button) folded before Flop (didn't bet)
Seat 6: BoyLoc0 (small blind) folded before Flop



PokerStars Hand #254402012914:  Hold'em No Limit ($0.50/$1.00 USD) - 2025/01/16 18:46:41 WET [2025/01/16 13:46:41 ET]
Table 'Kanda III' 6-max Seat #6 is the button
Seat 1: AIien Hand ($113.98 in chips) 
Seat 4: michasia ($108.33 in chips) 
Seat 6: BoyLoc0 ($111.75 in chips) 
AIien Hand: posts small blind $0.50
michasia: posts big blind $1
*** HOLE CARDS ***
BoyLoc0: folds 
AIien Hand: folds 
Uncalled bet ($0.50) returned to michasia
michasia collected $1 from pot
michasia: doesn't show hand 
*** SUMMARY ***
Total pot $1 | Rake $0 
Seat 1: AIien Hand (small blind) folded before Flop
Seat 4: michasia (big blind) collected ($1)
Seat 6: BoyLoc0 (button) folded before Flop (didn't bet)



PokerStars Hand #254402015382:  Hold'em No Limit ($0.50/$1.00 USD) - 2025/01/16 18:46:50 WET [2025/01/16 13:46:50 ET]
Table 'Kanda III' 6-max Seat #1 is the button
Seat 1: AIien Hand ($113.48 in chips) 
Seat 4: michasia ($108.83 in chips) 
Seat 6: BoyLoc0 ($111.75 in chips) 
michasia: posts small blind $0.50
BoyLoc0: posts big blind $1
*** HOLE CARDS ***
AIien Hand: folds 
michasia: raises $2 to $3
BoyLoc0: folds 
Uncalled bet ($2) returned to michasia
michasia collected $2 from pot
michasia: doesn't show hand 
*** SUMMARY ***
Total pot $2 | Rake $0 
Seat 1: AIien Hand (button) folded before Flop (didn't bet)
Seat 4: michasia (small blind) collected ($2)
Seat 6: BoyLoc0 (big blind) folded before Flop



PokerStars Hand #254402018646:  Hold'em No Limit ($0.50/$1.00 USD) - 2025/01/16 18:47:02 WET [2025/01/16 13:47:02 ET]
Table 'Kanda III' 6-max Seat #4 is the button
Seat 1: AIien Hand ($113.48 in chips) 
Seat 4: michasia ($109.83 in chips) 
Seat 6: BoyLoc0 ($110.75 in chips) 
BoyLoc0: posts small blind $0.50
AIien Hand: posts big blind $1
*** HOLE CARDS ***
michasia: raises $1.80 to $2.80
BoyLoc0: folds 
AIien Hand: folds 
Uncalled bet ($1.80) returned to michasia
michasia collected $2.50 from pot
michasia: doesn't show hand 
*** SUMMARY ***
Total pot $2.50 | Rake $0 
Seat 1: AIien Hand (big blind) folded before Flop
Seat 4: michasia (button) collected ($2.50)
Seat 6: BoyLoc0 (small blind) folded before Flop



PokerStars Hand #254402024213:  Hold'em No Limit ($0.50/$1.00 USD) - 2025/01/16 18:47:21 WET [2025/01/16 13:47:21 ET]
Table 'Kanda III' 6-max Seat #6 is the button
Seat 1: AIien Hand ($112.48 in chips) 
Seat 4: michasia ($111.33 in chips) 
Seat 6: BoyLoc0 ($110.25 in chips) 
AIien Hand: posts small blind $0.50
michasia: posts big blind $1
*** HOLE CARDS ***
BoyLoc0: raises $1.50 to $2.50
AIien Hand: folds 
michasia: folds 
Uncalled bet ($1.50) returned to BoyLoc0
BoyLoc0 collected $2.50 from pot
BoyLoc0: doesn't show hand 
*** SUMMARY ***
Total pot $2.50 | Rake $0 
Seat 1: AIien Hand (small blind) folded before Flop
Seat 4: michasia (big blind) folded before Flop
Seat 6: BoyLoc0 (button) collected ($2.50)



PokerStars Hand #254402029954:  Hold'em No Limit ($0.50/$1.00 USD) - 2025/01/16 18:47:42 WET [2025/01/16 13:47:42 ET]
Table 'Kanda III' 6-max Seat #1 is the button
Seat 1: AIien Hand ($111.98 in chips) 
Seat 4: michasia ($110.33 in chips) 
Seat 6: BoyLoc0 ($111.75 in chips) 
michasia: posts small blind $0.50
BoyLoc0: posts big blind $1
*** HOLE CARDS ***
AIien Hand: folds 
michasia: folds 
Uncalled bet ($0.50) returned to BoyLoc0
BoyLoc0 collected $1 from pot
BoyLoc0: doesn't show hand 
*** SUMMARY ***
Total pot $1 | Rake $0 
Seat 1: AIien Hand (button) folded before Flop (didn't bet)
Seat 4: michasia (small blind) folded before Flop
Seat 6: BoyLoc0 (big blind) collected ($1)



PokerStars Hand #254402032553:  Hold'em No Limit ($0.50/$1.00 USD) - 2025/01/16 18:47:51 WET [2025/01/16 13:47:51 ET]
Table 'Kanda III' 6-max Seat #4 is the button
Seat 1: AIien Hand ($111.98 in chips) 
Seat 4: michasia ($109.83 in chips) 
Seat 6: BoyLoc0 ($112.25 in chips) 
BoyLoc0: posts small blind $0.50
AIien Hand: posts big blind $1
*** HOLE CARDS ***
michasia: folds 
BoyLoc0: raises $2 to $3
AIien Hand: folds 
Uncalled bet ($2) returned to BoyLoc0
BoyLoc0 collected $2 from pot
BoyLoc0: doesn't show hand 
*** SUMMARY ***
Total pot $2 | Rake $0 
Seat 1: AIien Hand (big blind) folded before Flop
Seat 4: michasia (button) folded before Flop (didn't bet)
Seat 6: BoyLoc0 (small blind) collected ($2)



PokerStars Hand #254402038384:  Hold'em No Limit ($0.50/$1.00 USD) - 2025/01/16 18:48:12 WET [2025/01/16 13:48:12 ET]
Table 'Kanda III' 6-max Seat #6 is the button
Seat 1: AIien Hand ($110.98 in chips) 
Seat 4: michasia ($109.83 in chips) 
Seat 6: BoyLoc0 ($113.25 in chips) 
AIien Hand: posts small blind $0.50
michasia: posts big blind $1
*** HOLE CARDS ***
BoyLoc0: folds 
AIien Hand: folds 
Uncalled bet ($0.50) returned to michasia
michasia collected $1 from pot
michasia: doesn't show hand 
*** SUMMARY ***
Total pot $1 | Rake $0 
Seat 1: AIien Hand (small blind) folded before Flop
Seat 4: michasia (big blind) collected ($1)
Seat 6: BoyLoc0 (button) folded before Flop (didn't bet)



PokerStars Hand #254402041314:  Hold'em No Limit ($0.50/$1.00 USD) - 2025/01/16 18:48:22 WET [2025/01/16 13:48:22 ET]
Table 'Kanda III' 6-max Seat #1 is the button
Seat 1: AIien Hand ($110.48 in chips) 
Seat 4: michasia ($110.33 in chips) 
Seat 6: BoyLoc0 ($113.25 in chips) 
michasia: posts small blind $0.50
BoyLoc0: posts big blind $1
*** HOLE CARDS ***
AIien Hand: folds 
michasia: folds 
Uncalled bet ($0.50) returned to BoyLoc0
BoyLoc0 collected $1 from pot
BoyLoc0: doesn't show hand 
*** SUMMARY ***
Total pot $1 | Rake $0 
Seat 1: AIien Hand (button) folded before Flop (didn't bet)
Seat 4: michasia (small blind) folded before Flop
Seat 6: BoyLoc0 (big blind) collected ($1)



PokerStars Hand #254402043200:  Hold'em No Limit ($0.50/$1.00 USD) - 2025/01/16 18:48:29 WET [2025/01/16 13:48:29 ET]
Table 'Kanda III' 6-max Seat #4 is the button
Seat 1: AIien Hand ($110.48 in chips) 
Seat 4: michasia ($109.83 in chips) 
Seat 6: BoyLoc0 ($113.75 in chips) 
BoyLoc0: posts small blind $0.50
AIien Hand: posts big blind $1
*** HOLE CARDS ***
worker0k joins the table at seat #5 
DL1B joins the table at seat #2 
michasia: folds 
BoyLoc0: raises $2 to $3
AIien Hand: folds 
Uncalled bet ($2) returned to BoyLoc0
BoyLoc0 collected $2 from pot
BoyLoc0: doesn't show hand 
*** SUMMARY ***
Total pot $2 | Rake $0 
Seat 1: AIien Hand (big blind) folded before Flop
Seat 4: michasia (button) folded before Flop (didn't bet)
Seat 6: BoyLoc0 (small blind) collected ($2)



PokerStars Hand #254402046719:  Hold'em No Limit ($0.50/$1.00 USD) - 2025/01/16 18:48:42 WET [2025/01/16 13:48:42 ET]
Table 'Kanda III' 6-max Seat #6 is the button
Seat 5: worker0k ($100 in chips) is sitting out
Seat 1: AIien Hand ($109.48 in chips) 
Seat 2: DL1B ($100 in chips) 
Seat 4: michasia ($109.83 in chips) 
Seat 6: BoyLoc0 ($114.75 in chips) 
AIien Hand: posts small blind $0.50
DL1B: posts big blind $1
worker0k: sits out 
*** HOLE CARDS ***
michasia: folds 
BoyLoc0: raises $1.50 to $2.50
Ates606_23 joins the table at seat #3 
Ates606_23 is disconnected 
AIien Hand: folds 
DL1B: folds 
Uncalled bet ($1.50) returned to BoyLoc0
BoyLoc0 collected $2.50 from pot
BoyLoc0: doesn't show hand 
*** SUMMARY ***
Total pot $2.50 | Rake $0 
Seat 5: worker0k
Seat 1: AIien Hand (small blind) folded before Flop
Seat 2: DL1B (big blind) folded before Flop
Seat 4: michasia folded before Flop (didn't bet)
Seat 6: BoyLoc0 (button) collected ($2.50)



PokerStars Hand #254402052794:  Hold'em No Limit ($0.50/$1.00 USD) - 2025/01/16 18:49:03 WET [2025/01/16 13:49:03 ET]
Table 'Kanda III' 6-max Seat #1 is the button
Seat 5: worker0k ($100 in chips) is sitting out
Seat 1: AIien Hand ($108.98 in chips) 
Seat 2: DL1B ($100 in chips) 
Seat 3: Ates606_23 ($51.49 in chips) 
Seat 4: michasia ($109.83 in chips) 
Seat 6: BoyLoc0 ($116.25 in chips) 
DL1B: posts small blind $0.50
Ates606_23: posts big blind $1
worker0k: sits out 
*** HOLE CARDS ***
michasia: folds 
BoyLoc0: folds 
AIien Hand: raises $1.50 to $2.50
DL1B: folds 
Ates606_23: raises $1.50 to $4
AIien Hand: calls $1.50
*** FLOP *** [Jc Ts Jd]
Ates606_23: bets $4.04
AIien Hand: folds 
Uncalled bet ($4.04) returned to Ates606_23
Ates606_23 collected $7.98 from pot
*** SUMMARY ***
Total pot $8.50 | Rake $0.52 
Board [Jc Ts Jd]
Seat 5: worker0k
Seat 1: AIien Hand (button) folded on the Flop
Seat 2: DL1B (small blind) folded before Flop
Seat 3: Ates606_23 (big blind) collected ($7.98)
Seat 4: michasia folded before Flop (didn't bet)
Seat 6: BoyLoc0 folded before Flop (didn't bet)



PokerStars Hand #254402063503:  Hold'em No Limit ($0.50/$1.00 USD) - 2025/01/16 18:49:42 WET [2025/01/16 13:49:42 ET]
Table 'Kanda III' 6-max Seat #2 is the button
Seat 5: worker0k ($100 in chips) is sitting out
Seat 1: AIien Hand ($104.98 in chips) 
Seat 2: DL1B ($100 in chips) 
Seat 3: Ates606_23 ($55.47 in chips) 
Seat 4: michasia ($109.83 in chips) 
Seat 6: BoyLoc0 ($116.25 in chips) 
Ates606_23: posts small blind $0.50
michasia: posts big blind $1
worker0k: sits out 
*** HOLE CARDS ***
BoyLoc0: folds 
AIien Hand: folds 
DL1B: raises $1.50 to $2.50
Ates606_23: calls $2
michasia: folds 
*** FLOP *** [3d 8h 4c]
Ates606_23: checks 
DL1B: bets $4.33
Ates606_23: folds 
Uncalled bet ($4.33) returned to DL1B
DL1B collected $5.70 from pot
DL1B: doesn't show hand 
*** SUMMARY ***
Total pot $6 | Rake $0.30 
Board [3d 8h 4c]
Seat 5: worker0k
Seat 1: AIien Hand folded before Flop (didn't bet)
Seat 2: DL1B (button) collected ($5.70)
Seat 3: Ates606_23 (small blind) folded on the Flop
Seat 4: michasia (big blind) folded before Flop
Seat 6: BoyLoc0 folded before Flop (didn't bet)



PokerStars Hand #254402074238:  Hold'em No Limit ($0.50/$1.00 USD) - 2025/01/16 18:50:20 WET [2025/01/16 13:50:20 ET]
Table 'Kanda III' 6-max Seat #3 is the button
Seat 1: AIien Hand ($104.98 in chips) 
Seat 2: DL1B ($103.20 in chips) 
Seat 3: Ates606_23 ($52.97 in chips) 
Seat 4: michasia ($108.83 in chips) 
Seat 5: worker0k ($100 in chips) 
Seat 6: BoyLoc0 ($116.25 in chips) 
michasia: posts small blind $0.50
worker0k: posts big blind $1
*** HOLE CARDS ***
BoyLoc0: folds 
AIien Hand: folds 
DL1B: folds 
Ates606_23: calls $1
michasia: folds 
worker0k: checks 
*** FLOP *** [Jc 6h 3s]
worker0k: checks 
Ates606_23: bets $1
worker0k: folds 
Uncalled bet ($1) returned to Ates606_23
Ates606_23 collected $2.35 from pot
*** SUMMARY ***
Total pot $2.50 | Rake $0.15 
Board [Jc 6h 3s]
Seat 1: AIien Hand folded before Flop (didn't bet)
Seat 2: DL1B folded before Flop (didn't bet)
Seat 3: Ates606_23 (button) collected ($2.35)
Seat 4: michasia (small blind) folded before Flop
Seat 5: worker0k (big blind) folded on the Flop
Seat 6: BoyLoc0 folded before Flop (didn't bet)



PokerStars Hand #254402080851:  Hold'em No Limit ($0.50/$1.00 USD) - 2025/01/16 18:50:44 WET [2025/01/16 13:50:44 ET]
Table 'Kanda III' 6-max Seat #4 is the button
Seat 1: AIien Hand ($104.98 in chips) 
Seat 2: DL1B ($103.20 in chips) 
Seat 3: Ates606_23 ($54.32 in chips) 
Seat 4: michasia ($108.33 in chips) 
Seat 5: worker0k ($100 in chips) 
Seat 6: BoyLoc0 ($116.25 in chips) 
worker0k: posts small blind $0.50
BoyLoc0: posts big blind $1
*** HOLE CARDS ***
AIien Hand: folds 
DL1B: folds 
Ates606_23: calls $1
michasia: raises $2.50 to $3.50
worker0k: folds 
BoyLoc0: calls $2.50
Ates606_23: calls $2.50
*** FLOP *** [As 6c 6d]
BoyLoc0: checks 
Ates606_23: checks 
michasia: bets $3.45
BoyLoc0: folds 
Ates606_23: folds 
Uncalled bet ($3.45) returned to michasia
michasia collected $10.45 from pot
michasia: doesn't show hand 
*** SUMMARY ***
Total pot $11 | Rake $0.55 
Board [As 6c 6d]
Seat 1: AIien Hand folded before Flop (didn't bet)
Seat 2: DL1B folded before Flop (didn't bet)
Seat 3: Ates606_23 folded on the Flop
Seat 4: michasia (button) collected ($10.45)
Seat 5: worker0k (small blind) folded before Flop
Seat 6: BoyLoc0 (big blind) folded on the Flop



PokerStars Hand #254402095493:  Hold'em No Limit ($0.50/$1.00 USD) - 2025/01/16 18:51:37 WET [2025/01/16 13:51:37 ET]
Table 'Kanda III' 6-max Seat #5 is the button
Seat 1: AIien Hand ($104.98 in chips) 
Seat 2: DL1B ($103.20 in chips) 
Seat 3: Ates606_23 ($50.82 in chips) 
Seat 4: michasia ($115.28 in chips) 
Seat 5: worker0k ($100 in chips) 
Seat 6: BoyLoc0 ($112.75 in chips) 
BoyLoc0: posts small blind $0.50
AIien Hand: posts big blind $1
*** HOLE CARDS ***
DL1B: folds 
Ates606_23: raises $1 to $2
michasia: folds 
worker0k: folds 
BoyLoc0: folds 
AIien Hand: calls $1
*** FLOP *** [5h 8c 4h]
AIien Hand: checks 
Ates606_23: checks 
*** TURN *** [5h 8c 4h] [9d]
AIien Hand: checks 
Ates606_23: bets $2.14
AIien Hand: raises $14.36 to $16.50
Ates606_23: folds 
Uncalled bet ($14.36) returned to AIien Hand
AIien Hand collected $8.34 from pot
AIien Hand: doesn't show hand 
*** SUMMARY ***
Total pot $8.78 | Rake $0.44 
Board [5h 8c 4h 9d]
Seat 1: AIien Hand (big blind) collected ($8.34)
Seat 2: DL1B folded before Flop (didn't bet)
Seat 3: Ates606_23 folded on the Turn
Seat 4: michasia folded before Flop (didn't bet)
Seat 5: worker0k (button) folded before Flop (didn't bet)
Seat 6: BoyLoc0 (small blind) folded before Flop



PokerStars Hand #254402119107:  Hold'em No Limit ($0.50/$1.00 USD) - 2025/01/16 18:53:02 WET [2025/01/16 13:53:02 ET]
Table 'Kanda III' 6-max Seat #6 is the button
Seat 1: AIien Hand ($109.18 in chips) 
Seat 2: DL1B ($103.20 in chips) 
Seat 3: Ates606_23 ($46.68 in chips) 
Seat 4: michasia ($115.28 in chips) 
Seat 5: worker0k ($100 in chips) 
Seat 6: BoyLoc0 ($112.25 in chips) 
AIien Hand: posts small blind $0.50
DL1B: posts big blind $1
*** HOLE CARDS ***
Ates606_23: calls $1
michasia: raises $3 to $4
worker0k: folds 
BoyLoc0: folds 
AIien Hand: folds 
DL1B: folds 
Ates606_23: calls $3
*** FLOP *** [4c 7d 2h]
Ates606_23: checks 
michasia: bets $2.98
Ates606_23: calls $2.98
*** TURN *** [4c 7d 2h] [2d]
Ates606_23: checks 
michasia: checks 
*** RIVER *** [4c 7d 2h 2d] [4h]
Ates606_23: checks 
michasia: bets $39
Ates606_23: folds 
Uncalled bet ($39) returned to michasia
michasia collected $14.69 from pot
michasia: doesn't show hand 
*** SUMMARY ***
Total pot $15.46 | Rake $0.77 
Board [4c 7d 2h 2d 4h]
Seat 1: AIien Hand (small blind) folded before Flop
Seat 2: DL1B (big blind) folded before Flop
Seat 3: Ates606_23 folded on the River
Seat 4: michasia collected ($14.69)
Seat 5: worker0k folded before Flop (didn't bet)
Seat 6: BoyLoc0 (button) folded before Flop (didn't bet)



PokerStars Hand #254402133306:  Hold'em No Limit ($0.50/$1.00 USD) - 2025/01/16 18:53:53 WET [2025/01/16 13:53:53 ET]
Table 'Kanda III' 6-max Seat #1 is the button
Seat 1: AIien Hand ($108.68 in chips) 
Seat 2: DL1B ($102.20 in chips) 
Seat 3: Ates606_23 ($39.70 in chips) 
Seat 4: michasia ($122.99 in chips) 
Seat 5: worker0k ($100 in chips) 
Seat 6: BoyLoc0 ($112.25 in chips) 
DL1B: posts small blind $0.50
Ates606_23: posts big blind $1
*** HOLE CARDS ***
michasia: folds 
worker0k: folds 
BoyLoc0: folds 
AIien Hand: raises $1.50 to $2.50
DL1B: folds 
Ates606_23: calls $1.50
*** FLOP *** [8d 7s 6d]
Ates606_23: checks 
AIien Hand: bets $1.50
Ates606_23: calls $1.50
*** TURN *** [8d 7s 6d] [Jc]
Ates606_23: checks 
AIien Hand: bets $7
Ates606_23: calls $7
*** RIVER *** [8d 7s 6d Jc] [7h]
Ates606_23: bets $10.69
AIien Hand: calls $10.69
*** SHOW DOWN ***
Ates606_23: shows [6s 9d] (two pair, Sevens and Sixes)
AIien Hand: shows [Kc 8c] (two pair, Eights and Sevens)
AIien Hand collected $41.69 from pot
*** SUMMARY ***
Total pot $43.88 | Rake $2.19 
Board [8d 7s 6d Jc 7h]
Seat 1: AIien Hand (button) showed [Kc 8c] and won ($41.69) with two pair, Eights and Sevens
Seat 2: DL1B (small blind) folded before Flop
Seat 3: Ates606_23 (big blind) showed [6s 9d] and lost with two pair, Sevens and Sixes
Seat 4: michasia folded before Flop (didn't bet)
Seat 5: worker0k folded before Flop (didn't bet)
Seat 6: BoyLoc0 folded before Flop (didn't bet)



PokerStars Hand #254402155209:  Hold'em No Limit ($0.50/$1.00 USD) - 2025/01/16 18:55:12 WET [2025/01/16 13:55:12 ET]
Table 'Kanda III' 6-max Seat #2 is the button
Seat 1: AIien Hand ($128.68 in chips) 
Seat 2: DL1B ($101.70 in chips) 
Seat 3: Ates606_23 ($18.01 in chips) 
Seat 4: michasia ($122.99 in chips) 
Seat 5: worker0k ($100 in chips) 
Seat 6: BoyLoc0 ($112.25 in chips) 
Ates606_23: posts small blind $0.50
michasia: posts big blind $1
*** HOLE CARDS ***
worker0k: folds 
BoyLoc0: folds 
AIien Hand: raises $1.20 to $2.20
DL1B: folds 
Ates606_23: calls $1.70
michasia: raises $10.80 to $13
AIien Hand: folds 
Ates606_23: raises $5.01 to $18.01 and is all-in
michasia: calls $5.01
*** FLOP *** [Jh 3c Td]
*** TURN *** [Jh 3c Td] [2c]
*** RIVER *** [Jh 3c Td 2c] [7c]
*** SHOW DOWN ***
Ates606_23: shows [4s Qs] (high card Queen)
michasia: shows [Ad Jd] (a pair of Jacks)
michasia collected $36.31 from pot
*** SUMMARY ***
Total pot $38.22 | Rake $1.91 
Board [Jh 3c Td 2c 7c]
Seat 1: AIien Hand folded before Flop
Seat 2: DL1B (button) folded before Flop (didn't bet)
Seat 3: Ates606_23 (small blind) showed [4s Qs] and lost with high card Queen
Seat 4: michasia (big blind) showed [Ad Jd] and won ($36.31) with a pair of Jacks
Seat 5: worker0k folded before Flop (didn't bet)
Seat 6: BoyLoc0 folded before Flop (didn't bet)



PokerStars Hand #254402162385:  Hold'em No Limit ($0.50/$1.00 USD) - 2025/01/16 18:55:48 WET [2025/01/16 13:55:48 ET]
Table 'Kanda III' 6-max Seat #4 is the button
Seat 3: Ates606_23 ($0 in chips) is sitting out
Seat 1: AIien Hand ($126.48 in chips) 
Seat 2: DL1B ($101.70 in chips) 
Seat 4: michasia ($141.29 in chips) 
Seat 5: worker0k ($100 in chips) 
Seat 6: BoyLoc0 ($112.25 in chips) 
worker0k: posts small blind $0.50
BoyLoc0: posts big blind $1
*** HOLE CARDS ***
AIien Hand: folds 
DL1B: folds 
michasia: raises $1.80 to $2.80
worker0k: folds 
BoyLoc0: folds 
Uncalled bet ($1.80) returned to michasia
michasia collected $2.50 from pot
michasia: doesn't show hand 
*** SUMMARY ***
Total pot $2.50 | Rake $0 
Seat 3: Ates606_23
Seat 1: AIien Hand folded before Flop (didn't bet)
Seat 2: DL1B folded before Flop (didn't bet)
Seat 4: michasia (button) collected ($2.50)
Seat 5: worker0k (small blind) folded before Flop
Seat 6: BoyLoc0 (big blind) folded before Flop



PokerStars Hand #254402164604:  Hold'em No Limit ($0.50/$1.00 USD) - 2025/01/16 18:55:59 WET [2025/01/16 13:55:59 ET]
Table 'Kanda III' 6-max Seat #5 is the button
Seat 3: Ates606_23 ($0 in chips) is sitting out
Seat 1: AIien Hand ($126.48 in chips) 
Seat 2: DL1B ($101.70 in chips) 
Seat 4: michasia ($142.79 in chips) 
Seat 5: worker0k ($100 in chips) 
Seat 6: BoyLoc0 ($111.25 in chips) 
BoyLoc0: posts small blind $0.50
AIien Hand: posts big blind $1
*** HOLE CARDS ***
DL1B: folds 
michasia: folds 
worker0k: folds 
BoyLoc0: raises $2 to $3
AIien Hand: raises $6 to $9
BoyLoc0: folds 
Uncalled bet ($6) returned to AIien Hand
AIien Hand collected $6 from pot
AIien Hand: doesn't show hand 
*** SUMMARY ***
Total pot $6 | Rake $0 
Seat 3: Ates606_23
Seat 1: AIien Hand (big blind) collected ($6)
Seat 2: DL1B folded before Flop (didn't bet)
Seat 4: michasia folded before Flop (didn't bet)
Seat 5: worker0k (button) folded before Flop (didn't bet)
Seat 6: BoyLoc0 (small blind) folded before Flop



PokerStars Hand #254402170516:  Hold'em No Limit ($0.50/$1.00 USD) - 2025/01/16 18:56:28 WET [2025/01/16 13:56:28 ET]
Table 'Kanda III' 6-max Seat #6 is the button
Seat 1: AIien Hand ($129.48 in chips) 
Seat 2: DL1B ($101.70 in chips) 
Seat 3: Ates606_23 ($51.49 in chips) 
Seat 4: michasia ($142.79 in chips) 
Seat 5: worker0k ($100 in chips) 
Seat 6: BoyLoc0 ($108.25 in chips) 
AIien Hand: posts small blind $0.50
DL1B: posts big blind $1
*** HOLE CARDS ***
Ates606_23: calls $1
michasia: raises $3 to $4
worker0k: folds 
BoyLoc0: folds 
AIien Hand: folds 
DL1B: folds 
Ates606_23: calls $3
*** FLOP *** [6s 7s Qd]
Ates606_23: checks 
michasia: bets $2.98
Ates606_23: calls $2.98
*** TURN *** [6s 7s Qd] [Kd]
Ates606_23: checks 
michasia: bets $18.36
Ates606_23: folds 
Uncalled bet ($18.36) returned to michasia
michasia collected $14.69 from pot
michasia: doesn't show hand 
*** SUMMARY ***
Total pot $15.46 | Rake $0.77 
Board [6s 7s Qd Kd]
Seat 1: AIien Hand (small blind) folded before Flop
Seat 2: DL1B (big blind) folded before Flop
Seat 3: Ates606_23 folded on the Turn
Seat 4: michasia collected ($14.69)
Seat 5: worker0k folded before Flop (didn't bet)
Seat 6: BoyLoc0 (button) folded before Flop (didn't bet)



PokerStars Hand #254402177604:  Hold'em No Limit ($0.50/$1.00 USD) - 2025/01/16 18:57:03 WET [2025/01/16 13:57:03 ET]
Table 'Kanda III' 6-max Seat #1 is the button
Seat 1: AIien Hand ($128.98 in chips) 
Seat 2: DL1B ($100.70 in chips) 
Seat 3: Ates606_23 ($44.51 in chips) 
Seat 4: michasia ($150.50 in chips) 
Seat 5: worker0k ($100 in chips) 
Seat 6: BoyLoc0 ($108.25 in chips) 
DL1B: posts small blind $0.50
Ates606_23: posts big blind $1
*** HOLE CARDS ***
michasia: folds 
worker0k: folds 
BoyLoc0: folds 
AIien Hand: folds 
DL1B: folds 
Uncalled bet ($0.50) returned to Ates606_23
Ates606_23 collected $1 from pot
*** SUMMARY ***
Total pot $1 | Rake $0 
Seat 1: AIien Hand (button) folded before Flop (didn't bet)
Seat 2: DL1B (small blind) folded before Flop
Seat 3: Ates606_23 (big blind) collected ($1)
Seat 4: michasia folded before Flop (didn't bet)
Seat 5: worker0k folded before Flop (didn't bet)
Seat 6: BoyLoc0 folded before Flop (didn't bet)



PokerStars Hand #254402179259:  Hold'em No Limit ($0.50/$1.00 USD) - 2025/01/16 18:57:11 WET [2025/01/16 13:57:11 ET]
Table 'Kanda III' 6-max Seat #2 is the button
Seat 1: AIien Hand ($128.98 in chips) 
Seat 2: DL1B ($100.20 in chips) 
Seat 3: Ates606_23 ($45.01 in chips) 
Seat 4: michasia ($150.50 in chips) 
Seat 5: worker0k ($100 in chips) 
Seat 6: BoyLoc0 ($108.25 in chips) 
Ates606_23: posts small blind $0.50
michasia: posts big blind $1
*** HOLE CARDS ***
worker0k: folds 
BoyLoc0: raises $1.50 to $2.50
AIien Hand: folds 
DL1B: folds 
Ates606_23: calls $2
michasia: folds 
*** FLOP *** [8d Js Jh]
Ates606_23: checks 
BoyLoc0: bets $1.88
Ates606_23: calls $1.88
*** TURN *** [8d Js Jh] [Kc]
Ates606_23: checks 
BoyLoc0: bets $6.95
Ates606_23: calls $6.95
*** RIVER *** [8d Js Jh Kc] [6s]
Ates606_23: checks 
BoyLoc0: checks 
*** SHOW DOWN ***
Ates606_23: shows [Ks Ts] (two pair, Kings and Jacks)
BoyLoc0: mucks hand 
Ates606_23 collected $22.18 from pot
*** SUMMARY ***
Total pot $23.66 | Rake $1.48 
Board [8d Js Jh Kc 6s]
Seat 1: AIien Hand folded before Flop (didn't bet)
Seat 2: DL1B (button) folded before Flop (didn't bet)
Seat 3: Ates606_23 (small blind) showed [Ks Ts] and won ($22.18) with two pair, Kings and Jacks
Seat 4: michasia (big blind) folded before Flop
Seat 5: worker0k folded before Flop (didn't bet)
Seat 6: BoyLoc0 mucked



PokerStars Hand #254402237197:  Hold'em No Limit ($0.50/$1.00 USD) - 2025/01/16 19:01:43 WET [2025/01/16 14:01:43 ET]
Table 'Kanda III' 6-max Seat #2 is the button
Seat 1: AIien Hand ($127.48 in chips) 
Seat 2: DL1B ($108.02 in chips) 
Seat 3: Ates606_23 ($63.57 in chips) 
Seat 4: michasia ($149 in chips) 
Seat 5: worker0k ($107.88 in chips) 
Seat 6: BoyLoc0 ($100 in chips) 
Ates606_23: posts small blind $0.50
michasia: posts big blind $1
*** HOLE CARDS ***
worker0k: folds 
BoyLoc0: folds 
AIien Hand: folds 
DL1B: raises $1.50 to $2.50
Ates606_23: calls $2
michasia: raises $11.50 to $14
DL1B: folds 
Ates606_23: raises $49.57 to $63.57 and is all-in
michasia: calls $49.57
*** FLOP *** [Kh 4c 4d]
*** TURN *** [Kh 4c 4d] [Jd]
*** RIVER *** [Kh 4c 4d Jd] [4h]
*** SHOW DOWN ***
Ates606_23: shows [Jh Kd] (a full house, Fours full of Kings)
michasia: shows [Js Ac] (a full house, Fours full of Jacks)
Ates606_23 collected $126.52 from pot
*** SUMMARY ***
Total pot $129.64 | Rake $3.12 
Board [Kh 4c 4d Jd 4h]
Seat 1: AIien Hand folded before Flop (didn't bet)
Seat 2: DL1B (button) folded before Flop
Seat 3: Ates606_23 (small blind) showed [Jh Kd] and won ($126.52) with a full house, Fours full of Kings
Seat 4: michasia (big blind) showed [Js Ac] and lost with a full house, Fours full of Jacks
Seat 5: worker0k folded before Flop (didn't bet)
Seat 6: BoyLoc0 folded before Flop (didn't bet)



PokerStars Hand #254402248894:  Hold'em No Limit ($0.50/$1.00 USD) - 2025/01/16 19:02:25 WET [2025/01/16 14:02:25 ET]
Table 'Kanda III' 6-max Seat #3 is the button
Seat 1: AIien Hand ($127.48 in chips) 
Seat 2: DL1B ($105.52 in chips) 
Seat 3: Ates606_23 ($126.52 in chips) 
Seat 4: michasia ($100 in chips) 
Seat 5: worker0k ($107.88 in chips) 
Seat 6: BoyLoc0 ($100 in chips) 
michasia: posts small blind $0.50
worker0k: posts big blind $1
*** HOLE CARDS ***
BoyLoc0: folds 
AIien Hand: folds 
DL1B: folds 
Ates606_23: calls $1
michasia: folds 
worker0k: checks 
*** FLOP *** [Kc 4h Js]
worker0k: checks 
Ates606_23: bets $1.19
worker0k: folds 
Uncalled bet ($1.19) returned to Ates606_23
Ates606_23 collected $2.35 from pot
*** SUMMARY ***
Total pot $2.50 | Rake $0.15 
Board [Kc 4h Js]
Seat 1: AIien Hand folded before Flop (didn't bet)
Seat 2: DL1B folded before Flop (didn't bet)
Seat 3: Ates606_23 (button) collected ($2.35)
Seat 4: michasia (small blind) folded before Flop
Seat 5: worker0k (big blind) folded on the Flop
Seat 6: BoyLoc0 folded before Flop (didn't bet)



PokerStars Hand #254402257624:  Hold'em No Limit ($0.50/$1.00 USD) - 2025/01/16 19:02:58 WET [2025/01/16 14:02:58 ET]
Table 'Kanda III' 6-max Seat #4 is the button
Seat 1: AIien Hand ($127.48 in chips) 
Seat 2: DL1B ($105.52 in chips) 
Seat 3: Ates606_23 ($127.87 in chips) 
Seat 4: michasia ($100 in chips) 
Seat 5: worker0k ($106.88 in chips) 
Seat 6: BoyLoc0 ($100 in chips) 
worker0k: posts small blind $0.50
BoyLoc0: posts big blind $1
*** HOLE CARDS ***
AIien Hand: folds 
DL1B: raises $2 to $3
Ates606_23: folds 
michasia: folds 
worker0k: folds 
BoyLoc0: folds 
Uncalled bet ($2) returned to DL1B
DL1B collected $2.50 from pot
DL1B: doesn't show hand 
*** SUMMARY ***
Total pot $2.50 | Rake $0 
Seat 1: AIien Hand folded before Flop (didn't bet)
Seat 2: DL1B collected ($2.50)
Seat 3: Ates606_23 folded before Flop (didn't bet)
Seat 4: michasia (button) folded before Flop (didn't bet)
Seat 5: worker0k (small blind) folded before Flop
Seat 6: BoyLoc0 (big blind) folded before Flop



PokerStars Hand #254402263053:  Hold'em No Limit ($0.50/$1.00 USD) - 2025/01/16 19:03:17 WET [2025/01/16 14:03:17 ET]
Table 'Kanda III' 6-max Seat #5 is the button
Seat 1: AIien Hand ($127.48 in chips) 
Seat 2: DL1B ($107.02 in chips) 
Seat 3: Ates606_23 ($127.87 in chips) 
Seat 4: michasia ($100 in chips) 
Seat 5: worker0k ($106.38 in chips) 
Seat 6: BoyLoc0 ($100 in chips) 
BoyLoc0: posts small blind $0.50
AIien Hand: posts big blind $1
*** HOLE CARDS ***
DL1B: folds 
Ates606_23: calls $1
michasia: folds 
worker0k: raises $2.50 to $3.50
BoyLoc0: raises $9.50 to $13
AIien Hand: folds 
Ates606_23: folds 
worker0k: folds 
Uncalled bet ($9.50) returned to BoyLoc0
BoyLoc0 collected $9 from pot
BoyLoc0: doesn't show hand 
*** SUMMARY ***
Total pot $9 | Rake $0 
Seat 1: AIien Hand (big blind) folded before Flop
Seat 2: DL1B folded before Flop (didn't bet)
Seat 3: Ates606_23 folded before Flop
Seat 4: michasia folded before Flop (didn't bet)
Seat 5: worker0k (button) folded before Flop
Seat 6: BoyLoc0 (small blind) collected ($9)



PokerStars Hand #254402274639:  Hold'em No Limit ($0.50/$1.00 USD) - 2025/01/16 19:03:59 WET [2025/01/16 14:03:59 ET]
Table 'Kanda III' 6-max Seat #6 is the button
Seat 1: AIien Hand ($126.48 in chips) 
Seat 2: DL1B ($107.02 in chips) 
Seat 3: Ates606_23 ($126.87 in chips) 
Seat 4: michasia ($100 in chips) 
Seat 5: worker0k ($102.88 in chips) 
Seat 6: BoyLoc0 ($105.50 in chips) 
AIien Hand: posts small blind $0.50
DL1B: posts big blind $1
*** HOLE CARDS ***
Ates606_23: folds 
michasia: folds 
worker0k: folds 
BoyLoc0: folds 
AIien Hand: folds 
Uncalled bet ($0.50) returned to DL1B
DL1B collected $1 from pot
DL1B: doesn't show hand 
*** SUMMARY ***
Total pot $1 | Rake $0 
Seat 1: AIien Hand (small blind) folded before Flop
Seat 2: DL1B (big blind) collected ($1)
Seat 3: Ates606_23 folded before Flop (didn't bet)
Seat 4: michasia folded before Flop (didn't bet)
Seat 5: worker0k folded before Flop (didn't bet)
Seat 6: BoyLoc0 (button) folded before Flop (didn't bet)



PokerStars Hand #254402279816:  Hold'em No Limit ($0.50/$1.00 USD) - 2025/01/16 19:04:17 WET [2025/01/16 14:04:17 ET]
Table 'Kanda III' 6-max Seat #1 is the button
Seat 1: AIien Hand ($125.98 in chips) 
Seat 2: DL1B ($107.52 in chips) 
Seat 3: Ates606_23 ($126.87 in chips) 
Seat 4: michasia ($100 in chips) 
Seat 5: worker0k ($102.88 in chips) 
Seat 6: BoyLoc0 ($105.50 in chips) 
DL1B: posts small blind $0.50
Ates606_23: posts big blind $1
*** HOLE CARDS ***
michasia: folds 
worker0k: folds 
BoyLoc0: raises $1.50 to $2.50
AIien Hand: folds 
DL1B: folds 
Ates606_23: calls $1.50
*** FLOP *** [2s Tc 6h]
Ates606_23: checks 
BoyLoc0: bets $1.72
Ates606_23: calls $1.72
*** TURN *** [2s Tc 6h] [5s]
Ates606_23: checks 
BoyLoc0: checks 
*** RIVER *** [2s Tc 6h 5s] [Th]
Ates606_23: checks 
BoyLoc0: checks 
*** SHOW DOWN ***
Ates606_23: shows [3h 4h] (a straight, Deuce to Six)
BoyLoc0: mucks hand 
Ates606_23 collected $8.38 from pot
*** SUMMARY ***
Total pot $8.94 | Rake $0.56 
Board [2s Tc 6h 5s Th]
Seat 1: AIien Hand (button) folded before Flop (didn't bet)
Seat 2: DL1B (small blind) folded before Flop
Seat 3: Ates606_23 (big blind) showed [3h 4h] and won ($8.38) with a straight, Deuce to Six
Seat 4: michasia folded before Flop (didn't bet)
Seat 5: worker0k folded before Flop (didn't bet)
Seat 6: BoyLoc0 mucked



PokerStars Hand #254402291480:  Hold'em No Limit ($0.50/$1.00 USD) - 2025/01/16 19:04:58 WET [2025/01/16 14:04:58 ET]
Table 'Kanda III' 6-max Seat #2 is the button
Seat 1: AIien Hand ($125.98 in chips) 
Seat 2: DL1B ($107.02 in chips) 
Seat 3: Ates606_23 ($131.03 in chips) 
Seat 4: michasia ($100 in chips) 
Seat 5: worker0k ($102.88 in chips) 
Seat 6: BoyLoc0 ($101.28 in chips) 
Ates606_23: posts small blind $0.50
michasia: posts big blind $1
*** HOLE CARDS ***
worker0k: folds 
BoyLoc0: raises $1.50 to $2.50
AIien Hand: folds 
DL1B: folds 
Ates606_23: folds 
michasia: calls $1.50
*** FLOP *** [2s 5c Ah]
michasia: checks 
BoyLoc0: checks 
*** TURN *** [2s 5c Ah] [Kd]
michasia: checks 
BoyLoc0: checks 
*** RIVER *** [2s 5c Ah Kd] [6d]
michasia: bets $3.48
BoyLoc0: calls $3.48
*** SHOW DOWN ***
michasia: shows [Ts Tc] (a pair of Tens)
BoyLoc0: mucks hand 
michasia collected $11.84 from pot
*** SUMMARY ***
Total pot $12.46 | Rake $0.62 
Board [2s 5c Ah Kd 6d]
Seat 1: AIien Hand folded before Flop (didn't bet)
Seat 2: DL1B (button) folded before Flop (didn't bet)
Seat 3: Ates606_23 (small blind) folded before Flop
Seat 4: michasia (big blind) showed [Ts Tc] and won ($11.84) with a pair of Tens
Seat 5: worker0k folded before Flop (didn't bet)
Seat 6: BoyLoc0 mucked



PokerStars Hand #254402302323:  Hold'em No Limit ($0.50/$1.00 USD) - 2025/01/16 19:05:36 WET [2025/01/16 14:05:36 ET]
Table 'Kanda III' 6-max Seat #3 is the button
Seat 1: AIien Hand ($125.98 in chips) 
Seat 2: DL1B ($107.02 in chips) 
Seat 3: Ates606_23 ($130.53 in chips) 
Seat 4: michasia ($105.86 in chips) 
Seat 5: worker0k ($102.88 in chips) 
Seat 6: BoyLoc0 ($100 in chips) 
michasia: posts small blind $0.50
worker0k: posts big blind $1
*** HOLE CARDS ***
BoyLoc0: raises $1.50 to $2.50
AIien Hand: folds 
DL1B: folds 
Ates606_23: calls $2.50
michasia: folds 
worker0k: folds 
*** FLOP *** [2c 2d 7s]
BoyLoc0: checks 
Ates606_23: checks 
*** TURN *** [2c 2d 7s] [Tc]
BoyLoc0: checks 
Ates606_23: checks 
*** RIVER *** [2c 2d 7s Tc] [Kc]
BoyLoc0: checks 
Ates606_23: bets $6.18
BoyLoc0: folds 
Uncalled bet ($6.18) returned to Ates606_23
Ates606_23 collected $6.10 from pot
*** SUMMARY ***
Total pot $6.50 | Rake $0.40 
Board [2c 2d 7s Tc Kc]
Seat 1: AIien Hand folded before Flop (didn't bet)
Seat 2: DL1B folded before Flop (didn't bet)
Seat 3: Ates606_23 (button) collected ($6.10)
Seat 4: michasia (small blind) folded before Flop
Seat 5: worker0k (big blind) folded before Flop
Seat 6: BoyLoc0 folded on the River



PokerStars Hand #254402310645:  Hold'em No Limit ($0.50/$1.00 USD) - 2025/01/16 19:06:06 WET [2025/01/16 14:06:06 ET]
Table 'Kanda III' 6-max Seat #4 is the button
Seat 1: AIien Hand ($125.98 in chips) 
Seat 2: DL1B ($107.02 in chips) 
Seat 3: Ates606_23 ($134.13 in chips) 
Seat 4: michasia ($105.36 in chips) 
Seat 5: worker0k ($101.88 in chips) 
Seat 6: BoyLoc0 ($100 in chips) 
worker0k: posts small blind $0.50
BoyLoc0: posts big blind $1
*** HOLE CARDS ***
AIien Hand: folds 
DL1B: raises $2 to $3
Ates606_23: folds 
michasia: folds 
worker0k: folds 
BoyLoc0: raises $9 to $12
DL1B: raises $12.50 to $24.50
BoyLoc0: folds 
Uncalled bet ($12.50) returned to DL1B
DL1B collected $24.50 from pot
DL1B: doesn't show hand 
*** SUMMARY ***
Total pot $24.50 | Rake $0 
Seat 1: AIien Hand folded before Flop (didn't bet)
Seat 2: DL1B collected ($24.50)
Seat 3: Ates606_23 folded before Flop (didn't bet)
Seat 4: michasia (button) folded before Flop (didn't bet)
Seat 5: worker0k (small blind) folded before Flop
Seat 6: BoyLoc0 (big blind) folded before Flop



PokerStars Hand #254402327599:  Hold'em No Limit ($0.50/$1.00 USD) - 2025/01/16 19:07:06 WET [2025/01/16 14:07:06 ET]
Table 'Kanda III' 6-max Seat #5 is the button
Seat 1: AIien Hand ($125.98 in chips) 
Seat 2: DL1B ($119.52 in chips) 
Seat 3: Ates606_23 ($134.13 in chips) 
Seat 4: michasia ($105.36 in chips) 
Seat 5: worker0k ($101.38 in chips) 
Seat 6: BoyLoc0 ($100 in chips) 
BoyLoc0: posts small blind $0.50
AIien Hand: posts big blind $1
*** HOLE CARDS ***
DL1B: folds 
Ates606_23: folds 
michasia: folds 
worker0k: folds 
BoyLoc0: folds 
Uncalled bet ($0.50) returned to AIien Hand
AIien Hand collected $1 from pot
AIien Hand: doesn't show hand 
*** SUMMARY ***
Total pot $1 | Rake $0 
Seat 1: AIien Hand (big blind) collected ($1)
Seat 2: DL1B folded before Flop (didn't bet)
Seat 3: Ates606_23 folded before Flop (didn't bet)
Seat 4: michasia folded before Flop (didn't bet)
Seat 5: worker0k (button) folded before Flop (didn't bet)
Seat 6: BoyLoc0 (small blind) folded before Flop



PokerStars Hand #254402330470:  Hold'em No Limit ($0.50/$1.00 USD) - 2025/01/16 19:07:16 WET [2025/01/16 14:07:16 ET]
Table 'Kanda III' 6-max Seat #6 is the button
Seat 1: AIien Hand ($126.48 in chips) 
Seat 2: DL1B ($119.52 in chips) 
Seat 3: Ates606_23 ($134.13 in chips) 
Seat 4: michasia ($105.36 in chips) 
Seat 5: worker0k ($101.38 in chips) 
Seat 6: BoyLoc0 ($100 in chips) 
AIien Hand: posts small blind $0.50
DL1B: posts big blind $1
*** HOLE CARDS ***
Ates606_23: calls $1
michasia: raises $3 to $4
worker0k: folds 
BoyLoc0: folds 
AIien Hand: folds 
DL1B: folds 
Ates606_23: calls $3
*** FLOP *** [4h 9h 3c]
Ates606_23: checks 
michasia: bets $2.98
Ates606_23: calls $2.98
*** TURN *** [4h 9h 3c] [6d]
Ates606_23: checks 
michasia: bets $18.36
Ates606_23: folds 
Uncalled bet ($18.36) returned to michasia
michasia collected $14.69 from pot
michasia: doesn't show hand 
*** SUMMARY ***
Total pot $15.46 | Rake $0.77 
Board [4h 9h 3c 6d]
Seat 1: AIien Hand (small blind) folded before Flop
Seat 2: DL1B (big blind) folded before Flop
Seat 3: Ates606_23 folded on the Turn
Seat 4: michasia collected ($14.69)
Seat 5: worker0k folded before Flop (didn't bet)
Seat 6: BoyLoc0 (button) folded before Flop (didn't bet)



PokerStars Hand #254402343908:  Hold'em No Limit ($0.50/$1.00 USD) - 2025/01/16 19:08:04 WET [2025/01/16 14:08:04 ET]
Table 'Kanda III' 6-max Seat #1 is the button
Seat 1: AIien Hand ($125.98 in chips) 
Seat 2: DL1B ($118.52 in chips) 
Seat 3: Ates606_23 ($127.15 in chips) 
Seat 4: michasia ($113.07 in chips) 
Seat 5: worker0k ($101.38 in chips) 
Seat 6: BoyLoc0 ($100 in chips) 
DL1B: posts small blind $0.50
Ates606_23: posts big blind $1
*** HOLE CARDS ***
michasia: folds 
worker0k: folds 
BoyLoc0: raises $1.50 to $2.50
AIien Hand: folds 
DL1B: folds 
Ates606_23: raises $1.50 to $4
BoyLoc0: calls $1.50
*** FLOP *** [2c 3s Kd]
Ates606_23: checks 
BoyLoc0: checks 
*** TURN *** [2c 3s Kd] [3h]
Ates606_23: checks 
BoyLoc0: checks 
*** RIVER *** [2c 3s Kd 3h] [2h]
Ates606_23: bets $4.04
BoyLoc0: calls $4.04
*** SHOW DOWN ***
Ates606_23: shows [Jh Qh] (two pair, Threes and Deuces)
BoyLoc0: shows [Ah 9h] (two pair, Threes and Deuces - Ace kicker)
BoyLoc0 collected $15.75 from pot
*** SUMMARY ***
Total pot $16.58 | Rake $0.83 
Board [2c 3s Kd 3h 2h]
Seat 1: AIien Hand (button) folded before Flop (didn't bet)
Seat 2: DL1B (small blind) folded before Flop
Seat 3: Ates606_23 (big blind) showed [Jh Qh] and lost with two pair, Threes and Deuces
Seat 4: michasia folded before Flop (didn't bet)
Seat 5: worker0k folded before Flop (didn't bet)
Seat 6: BoyLoc0 showed [Ah 9h] and won ($15.75) with two pair, Threes and Deuces



PokerStars Hand #254402357221:  Hold'em No Limit ($0.50/$1.00 USD) - 2025/01/16 19:08:51 WET [2025/01/16 14:08:51 ET]
Table 'Kanda III' 6-max Seat #2 is the button
Seat 1: AIien Hand ($125.98 in chips) 
Seat 2: DL1B ($118.02 in chips) 
Seat 3: Ates606_23 ($119.11 in chips) 
Seat 4: michasia ($113.07 in chips) 
Seat 5: worker0k ($101.38 in chips) 
Seat 6: BoyLoc0 ($107.71 in chips) 
Ates606_23: posts small blind $0.50
michasia: posts big blind $1
*** HOLE CARDS ***
worker0k: folds 
BoyLoc0: folds 
AIien Hand: folds 
DL1B: folds 
Ates606_23: raises $1 to $2
michasia: calls $1
*** FLOP *** [Js 6d 8s]
Ates606_23: checks 
michasia: checks 
*** TURN *** [Js 6d 8s] [9c]
Ates606_23: checks 
michasia: checks 
*** RIVER *** [Js 6d 8s 9c] [2c]
Ates606_23: bets $1.90
michasia: folds 
Uncalled bet ($1.90) returned to Ates606_23
Ates606_23 collected $3.75 from pot
*** SUMMARY ***
Total pot $4 | Rake $0.25 
Board [Js 6d 8s 9c 2c]
Seat 1: AIien Hand folded before Flop (didn't bet)
Seat 2: DL1B (button) folded before Flop (didn't bet)
Seat 3: Ates606_23 (small blind) collected ($3.75)
Seat 4: michasia (big blind) folded on the River
Seat 5: worker0k folded before Flop (didn't bet)
Seat 6: BoyLoc0 folded before Flop (didn't bet)



PokerStars Hand #254402366730:  Hold'em No Limit ($0.50/$1.00 USD) - 2025/01/16 19:09:24 WET [2025/01/16 14:09:24 ET]
Table 'Kanda III' 6-max Seat #3 is the button
Seat 1: AIien Hand ($125.98 in chips) 
Seat 2: DL1B ($118.02 in chips) 
Seat 3: Ates606_23 ($120.86 in chips) 
Seat 4: michasia ($111.07 in chips) 
Seat 5: worker0k ($101.38 in chips) 
Seat 6: BoyLoc0 ($107.71 in chips) 
michasia: posts small blind $0.50
worker0k: posts big blind $1
*** HOLE CARDS ***
BoyLoc0: folds 
AIien Hand: folds 
DL1B: raises $1.50 to $2.50
Ates606_23: folds 
michasia: folds 
worker0k: calls $1.50
*** FLOP *** [3h 3d Qd]
worker0k: checks 
DL1B: bets $1.47
worker0k: folds 
Uncalled bet ($1.47) returned to DL1B
DL1B collected $5.22 from pot
DL1B: doesn't show hand 
*** SUMMARY ***
Total pot $5.50 | Rake $0.28 
Board [3h 3d Qd]
Seat 1: AIien Hand folded before Flop (didn't bet)
Seat 2: DL1B collected ($5.22)
Seat 3: Ates606_23 (button) folded before Flop (didn't bet)
Seat 4: michasia (small blind) folded before Flop
Seat 5: worker0k (big blind) folded on the Flop
Seat 6: BoyLoc0 folded before Flop (didn't bet)



PokerStars Hand #254402372927:  Hold'em No Limit ($0.50/$1.00 USD) - 2025/01/16 19:09:47 WET [2025/01/16 14:09:47 ET]
Table 'Kanda III' 6-max Seat #4 is the button
Seat 1: AIien Hand ($125.98 in chips) 
Seat 2: DL1B ($120.74 in chips) 
Seat 3: Ates606_23 ($120.86 in chips) 
Seat 4: michasia ($110.57 in chips) 
Seat 5: worker0k ($100 in chips) 
Seat 6: BoyLoc0 ($107.71 in chips) 
worker0k: posts small blind $0.50
BoyLoc0: posts big blind $1
*** HOLE CARDS ***
AIien Hand: raises $1.20 to $2.20
DL1B: folds 
Ates606_23: folds 
michasia: folds 
worker0k: raises $8.30 to $10.50
BoyLoc0: folds 
AIien Hand: folds 
Uncalled bet ($8.30) returned to worker0k
worker0k collected $5.40 from pot
*** SUMMARY ***
Total pot $5.40 | Rake $0 
Seat 1: AIien Hand folded before Flop
Seat 2: DL1B folded before Flop (didn't bet)
Seat 3: Ates606_23 folded before Flop (didn't bet)
Seat 4: michasia (button) folded before Flop (didn't bet)
Seat 5: worker0k (small blind) collected ($5.40)
Seat 6: BoyLoc0 (big blind) folded before Flop



PokerStars Hand #254402381417:  Hold'em No Limit ($0.50/$1.00 USD) - 2025/01/16 19:10:17 WET [2025/01/16 14:10:17 ET]
Table 'Kanda III' 6-max Seat #5 is the button
Seat 1: AIien Hand ($123.78 in chips) 
Seat 2: DL1B ($120.74 in chips) 
Seat 3: Ates606_23 ($120.86 in chips) 
Seat 4: michasia ($110.57 in chips) 
Seat 5: worker0k ($103.20 in chips) 
Seat 6: BoyLoc0 ($106.71 in chips) 
BoyLoc0: posts small blind $0.50
AIien Hand: posts big blind $1
*** HOLE CARDS ***
DL1B: raises $2 to $3
Ates606_23: calls $3
michasia: folds 
worker0k: folds 
BoyLoc0: folds 
AIien Hand: folds 
*** FLOP *** [5c 9d 3h]
DL1B: checks 
Ates606_23: checks 
*** TURN *** [5c 9d 3h] [Ah]
DL1B: bets $2.35
Ates606_23: calls $2.35
*** RIVER *** [5c 9d 3h Ah] [5s]
DL1B: checks 
Ates606_23: checks 
*** SHOW DOWN ***
DL1B: shows [7s As] (two pair, Aces and Fives)
Ates606_23: mucks hand 
DL1B collected $11.59 from pot
*** SUMMARY ***
Total pot $12.20 | Rake $0.61 
Board [5c 9d 3h Ah 5s]
Seat 1: AIien Hand (big blind) folded before Flop
Seat 2: DL1B showed [7s As] and won ($11.59) with two pair, Aces and Fives
Seat 3: Ates606_23 mucked
Seat 4: michasia folded before Flop (didn't bet)
Seat 5: worker0k (button) folded before Flop (didn't bet)
Seat 6: BoyLoc0 (small blind) folded before Flop



PokerStars Hand #254402395387:  Hold'em No Limit ($0.50/$1.00 USD) - 2025/01/16 19:11:07 WET [2025/01/16 14:11:07 ET]
Table 'Kanda III' 6-max Seat #6 is the button
Seat 1: AIien Hand ($122.78 in chips) 
Seat 2: DL1B ($126.98 in chips) 
Seat 3: Ates606_23 ($115.51 in chips) 
Seat 4: michasia ($110.57 in chips) 
Seat 5: worker0k ($103.20 in chips) 
Seat 6: BoyLoc0 ($106.21 in chips) 
AIien Hand: posts small blind $0.50
DL1B: posts big blind $1
*** HOLE CARDS ***
Ates606_23: calls $1
michasia: folds 
worker0k: raises $2.50 to $3.50
BoyLoc0: folds 
AIien Hand: folds 
DL1B: folds 
Ates606_23: calls $2.50
*** FLOP *** [8h 7d Ad]
Ates606_23: bets $4.04
worker0k: folds 
Uncalled bet ($4.04) returned to Ates606_23
Ates606_23 collected $7.98 from pot
*** SUMMARY ***
Total pot $8.50 | Rake $0.52 
Board [8h 7d Ad]
Seat 1: AIien Hand (small blind) folded before Flop
Seat 2: DL1B (big blind) folded before Flop
Seat 3: Ates606_23 collected ($7.98)
Seat 4: michasia folded before Flop (didn't bet)
Seat 5: worker0k folded on the Flop
Seat 6: BoyLoc0 (button) folded before Flop (didn't bet)



PokerStars Hand #254402402598:  Hold'em No Limit ($0.50/$1.00 USD) - 2025/01/16 19:11:32 WET [2025/01/16 14:11:32 ET]
Table 'Kanda III' 6-max Seat #1 is the button
Seat 1: AIien Hand ($122.28 in chips) 
Seat 2: DL1B ($125.98 in chips) 
Seat 3: Ates606_23 ($119.99 in chips) 
Seat 4: michasia ($110.57 in chips) 
Seat 5: worker0k ($100 in chips) 
Seat 6: BoyLoc0 ($106.21 in chips) 
DL1B: posts small blind $0.50
Ates606_23: posts big blind $1
*** HOLE CARDS ***
michasia: folds 
worker0k: folds 
BoyLoc0: folds 
AIien Hand: raises $1.50 to $2.50
DL1B: folds 
Ates606_23: calls $1.50
*** FLOP *** [Kd 4c 7s]
Ates606_23: checks 
AIien Hand: bets $1.15
Ates606_23: folds 
Uncalled bet ($1.15) returned to AIien Hand
AIien Hand collected $5.22 from pot
AIien Hand: doesn't show hand 
*** SUMMARY ***
Total pot $5.50 | Rake $0.28 
Board [Kd 4c 7s]
Seat 1: AIien Hand (button) collected ($5.22)
Seat 2: DL1B (small blind) folded before Flop
Seat 3: Ates606_23 (big blind) folded on the Flop
Seat 4: michasia folded before Flop (didn't bet)
Seat 5: worker0k folded before Flop (didn't bet)
Seat 6: BoyLoc0 folded before Flop (didn't bet)



PokerStars Hand #254402413137:  Hold'em No Limit ($0.50/$1.00 USD) - 2025/01/16 19:12:10 WET [2025/01/16 14:12:10 ET]
Table 'Kanda III' 6-max Seat #2 is the button
Seat 1: AIien Hand ($125 in chips) 
Seat 2: DL1B ($125.48 in chips) 
Seat 3: Ates606_23 ($117.49 in chips) 
Seat 4: michasia ($110.57 in chips) 
Seat 5: worker0k ($100 in chips) 
Seat 6: BoyLoc0 ($106.21 in chips) 
Ates606_23: posts small blind $0.50
michasia: posts big blind $1
*** HOLE CARDS ***
worker0k: folds 
BoyLoc0: folds 
AIien Hand: folds 
DL1B: folds 
Ates606_23: calls $0.50
michasia: checks 
*** FLOP *** [6d 9s 5c]
Ates606_23: bets $1.90
michasia: calls $1.90
*** TURN *** [6d 9s 5c] [3c]
Ates606_23: bets $2.76
michasia: folds 
Uncalled bet ($2.76) returned to Ates606_23
Ates606_23 collected $5.44 from pot
*** SUMMARY ***
Total pot $5.80 | Rake $0.36 
Board [6d 9s 5c 3c]
Seat 1: AIien Hand folded before Flop (didn't bet)
Seat 2: DL1B (button) folded before Flop (didn't bet)
Seat 3: Ates606_23 (small blind) collected ($5.44)
Seat 4: michasia (big blind) folded on the Turn
Seat 5: worker0k folded before Flop (didn't bet)
Seat 6: BoyLoc0 folded before Flop (didn't bet)



PokerStars Hand #254402423520:  Hold'em No Limit ($0.50/$1.00 USD) - 2025/01/16 19:12:46 WET [2025/01/16 14:12:46 ET]
Table 'Kanda III' 6-max Seat #3 is the button
Seat 1: AIien Hand ($125 in chips) 
Seat 2: DL1B ($125.48 in chips) 
Seat 3: Ates606_23 ($120.03 in chips) 
Seat 4: michasia ($107.67 in chips) 
Seat 5: worker0k ($100 in chips) 
Seat 6: BoyLoc0 ($106.21 in chips) 
michasia: posts small blind $0.50
worker0k: posts big blind $1
*** HOLE CARDS ***
BoyLoc0: folds 
AIien Hand: folds 
DL1B: raises $1.50 to $2.50
Ates606_23: calls $2.50
michasia: folds 
worker0k: calls $1.50
*** FLOP *** [4c Th 8s]
worker0k: bets $2.51
DL1B: calls $2.51
Ates606_23: calls $2.51
*** TURN *** [4c Th 8s] [8d]
worker0k: checks 
DL1B: bets $4.87
Ates606_23: calls $4.87
worker0k: folds 
*** RIVER *** [4c Th 8s 8d] [9d]
DL1B: checks 
Ates606_23: bets $12.01
DL1B: calls $12.01
*** SHOW DOWN ***
Ates606_23: shows [Ts 3s] (two pair, Tens and Eights)
DL1B: shows [Js Td] (two pair, Tens and Eights - Jack kicker)
DL1B collected $46.83 from pot
*** SUMMARY ***
Total pot $49.29 | Rake $2.46 
Board [4c Th 8s 8d 9d]
Seat 1: AIien Hand folded before Flop (didn't bet)
Seat 2: DL1B showed [Js Td] and won ($46.83) with two pair, Tens and Eights
Seat 3: Ates606_23 (button) showed [Ts 3s] and lost with two pair, Tens and Eights
Seat 4: michasia (small blind) folded before Flop
Seat 5: worker0k (big blind) folded on the Turn
Seat 6: BoyLoc0 folded before Flop (didn't bet)



PokerStars Hand #254402437325:  Hold'em No Limit ($0.50/$1.00 USD) - 2025/01/16 19:13:34 WET [2025/01/16 14:13:34 ET]
Table 'Kanda III' 6-max Seat #4 is the button
Seat 1: AIien Hand ($125 in chips) 
Seat 2: DL1B ($150.42 in chips) 
Seat 3: Ates606_23 ($98.14 in chips) 
Seat 4: michasia ($107.17 in chips) 
Seat 5: worker0k ($100 in chips) 
Seat 6: BoyLoc0 ($106.21 in chips) 
worker0k: posts small blind $0.50
BoyLoc0: posts big blind $1
*** HOLE CARDS ***
AIien Hand: folds 
DL1B: folds 
Ates606_23: calls $1
michasia: folds 
worker0k: folds 
BoyLoc0: checks 
*** FLOP *** [Ac 6d 7s]
BoyLoc0: checks 
Ates606_23: checks 
*** TURN *** [Ac 6d 7s] [Ad]
BoyLoc0: checks 
Ates606_23: bets $1.19
BoyLoc0: calls $1.19
*** RIVER *** [Ac 6d 7s Ad] [4s]
BoyLoc0: checks 
Ates606_23: bets $95.95 and is all-in
BoyLoc0: folds 
Uncalled bet ($95.95) returned to Ates606_23
Ates606_23 collected $4.58 from pot
*** SUMMARY ***
Total pot $4.88 | Rake $0.30 
Board [Ac 6d 7s Ad 4s]
Seat 1: AIien Hand folded before Flop (didn't bet)
Seat 2: DL1B folded before Flop (didn't bet)
Seat 3: Ates606_23 collected ($4.58)
Seat 4: michasia (button) folded before Flop (didn't bet)
Seat 5: worker0k (small blind) folded before Flop
Seat 6: BoyLoc0 (big blind) folded on the River



PokerStars Hand #254402449345:  Hold'em No Limit ($0.50/$1.00 USD) - 2025/01/16 19:14:17 WET [2025/01/16 14:14:17 ET]
Table 'Kanda III' 6-max Seat #5 is the button
Seat 1: AIien Hand ($125 in chips) 
Seat 2: DL1B ($150.42 in chips) 
Seat 3: Ates606_23 ($100.53 in chips) 
Seat 4: michasia ($107.17 in chips) 
Seat 5: worker0k ($100 in chips) 
Seat 6: BoyLoc0 ($104.02 in chips) 
BoyLoc0: posts small blind $0.50
AIien Hand: posts big blind $1
*** HOLE CARDS ***
DL1B: folds 
Ates606_23: calls $1
michasia: raises $2.50 to $3.50
worker0k: folds 
BoyLoc0: folds 
AIien Hand: folds 
Ates606_23: calls $2.50
*** FLOP *** [Ks 7h 4s]
Ates606_23: checks 
michasia: bets $2.67
Ates606_23: calls $2.67
*** TURN *** [Ks 7h 4s] [9c]
Ates606_23: checks 
michasia: bets $16.44
Ates606_23: folds 
Uncalled bet ($16.44) returned to michasia
michasia collected $13.15 from pot
michasia: doesn't show hand 
*** SUMMARY ***
Total pot $13.84 | Rake $0.69 
Board [Ks 7h 4s 9c]
Seat 1: AIien Hand (big blind) folded before Flop
Seat 2: DL1B folded before Flop (didn't bet)
Seat 3: Ates606_23 folded on the Turn
Seat 4: michasia collected ($13.15)
Seat 5: worker0k (button) folded before Flop (didn't bet)
Seat 6: BoyLoc0 (small blind) folded before Flop



PokerStars Hand #254402463005:  Hold'em No Limit ($0.50/$1.00 USD) - 2025/01/16 19:15:05 WET [2025/01/16 14:15:05 ET]
Table 'Kanda III' 6-max Seat #6 is the button
Seat 1: AIien Hand ($124 in chips) 
Seat 2: DL1B ($150.42 in chips) 
Seat 3: Ates606_23 ($94.36 in chips) 
Seat 4: michasia ($114.15 in chips) 
Seat 5: worker0k ($100 in chips) 
Seat 6: BoyLoc0 ($103.52 in chips) 
AIien Hand: posts small blind $0.50
DL1B: posts big blind $1
*** HOLE CARDS ***
Ates606_23: raises $1 to $2
michasia: folds 
worker0k: raises $5.50 to $7.50
BoyLoc0: raises $7.50 to $15
AIien Hand: folds 
DL1B: folds 
Ates606_23: calls $13
worker0k: calls $7.50
*** FLOP *** [Kd Qs 7d]
Ates606_23: bets $22.09
worker0k: folds 
BoyLoc0: calls $22.09
*** TURN *** [Kd Qs 7d] [4c]
Ates606_23: bets $57.27 and is all-in
BoyLoc0: folds 
Uncalled bet ($57.27) returned to Ates606_23
Ates606_23 collected $87.56 from pot
*** SUMMARY ***
Total pot $90.68 | Rake $3.12 
Board [Kd Qs 7d 4c]
Seat 1: AIien Hand (small blind) folded before Flop
Seat 2: DL1B (big blind) folded before Flop
Seat 3: Ates606_23 collected ($87.56)
Seat 4: michasia folded before Flop (didn't bet)
Seat 5: worker0k folded on the Flop
Seat 6: BoyLoc0 (button) folded on the Turn



PokerStars Hand #254402478465:  Hold'em No Limit ($0.50/$1.00 USD) - 2025/01/16 19:16:00 WET [2025/01/16 14:16:00 ET]
Table 'Kanda III' 6-max Seat #1 is the button
Seat 1: AIien Hand ($123.50 in chips) 
Seat 2: DL1B ($149.42 in chips) 
Seat 3: Ates606_23 ($144.83 in chips) 
Seat 4: michasia ($114.15 in chips) 
Seat 5: worker0k ($100 in chips) 
Seat 6: BoyLoc0 ($100 in chips) 
DL1B: posts small blind $0.50
Ates606_23: posts big blind $1
*** HOLE CARDS ***
michasia: folds 
worker0k: folds 
BoyLoc0: folds 
AIien Hand: folds 
DL1B: folds 
Uncalled bet ($0.50) returned to Ates606_23
Ates606_23 collected $1 from pot
*** SUMMARY ***
Total pot $1 | Rake $0 
Seat 1: AIien Hand (button) folded before Flop (didn't bet)
Seat 2: DL1B (small blind) folded before Flop
Seat 3: Ates606_23 (big blind) collected ($1)
Seat 4: michasia folded before Flop (didn't bet)
Seat 5: worker0k folded before Flop (didn't bet)
Seat 6: BoyLoc0 folded before Flop (didn't bet)



PokerStars Hand #254402481551:  Hold'em No Limit ($0.50/$1.00 USD) - 2025/01/16 19:16:11 WET [2025/01/16 14:16:11 ET]
Table 'Kanda III' 6-max Seat #2 is the button
Seat 1: AIien Hand ($123.50 in chips) 
Seat 2: DL1B ($148.92 in chips) 
Seat 3: Ates606_23 ($145.33 in chips) 
Seat 4: michasia ($114.15 in chips) 
Seat 5: worker0k ($100 in chips) 
Seat 6: BoyLoc0 ($100 in chips) 
Ates606_23: posts small blind $0.50
michasia: posts big blind $1
*** HOLE CARDS ***
worker0k: raises $1.30 to $2.30
BoyLoc0: folds 
AIien Hand: calls $2.30
DL1B: folds 
Ates606_23: calls $1.80
michasia: folds 
*** FLOP *** [9s 3s 5h]
Ates606_23: checks 
worker0k: checks 
AIien Hand: checks 
*** TURN *** [9s 3s 5h] [7s]
Ates606_23: checks 
worker0k: checks 
AIien Hand: bets $2.25
Ates606_23: folds 
worker0k: folds 
Uncalled bet ($2.25) returned to AIien Hand
AIien Hand collected $7.50 from pot
AIien Hand: doesn't show hand 
*** SUMMARY ***
Total pot $7.90 | Rake $0.40 
Board [9s 3s 5h 7s]
Seat 1: AIien Hand collected ($7.50)
Seat 2: DL1B (button) folded before Flop (didn't bet)
Seat 3: Ates606_23 (small blind) folded on the Turn
Seat 4: michasia (big blind) folded before Flop
Seat 5: worker0k folded on the Turn
Seat 6: BoyLoc0 folded before Flop (didn't bet)



PokerStars Hand #254402494238:  Hold'em No Limit ($0.50/$1.00 USD) - 2025/01/16 19:16:57 WET [2025/01/16 14:16:57 ET]
Table 'Kanda III' 6-max Seat #3 is the button
Seat 1: AIien Hand ($128.70 in chips) 
Seat 2: DL1B ($148.92 in chips) 
Seat 3: Ates606_23 ($143.03 in chips) 
Seat 4: michasia ($113.15 in chips) 
Seat 5: worker0k ($100 in chips) 
Seat 6: BoyLoc0 ($100 in chips) 
michasia: posts small blind $0.50
worker0k: posts big blind $1
*** HOLE CARDS ***
BoyLoc0: folds 
AIien Hand: folds 
DL1B: raises $1.50 to $2.50
Ates606_23: calls $2.50
michasia: calls $2
worker0k: folds 
*** FLOP *** [Kh Ts 7c]
michasia: checks 
DL1B: checks 
Ates606_23: bets $4.04
michasia: folds 
DL1B: calls $4.04
*** TURN *** [Kh Ts 7c] [Qc]
DL1B: checks 
Ates606_23: checks 
*** RIVER *** [Kh Ts 7c Qc] [Ac]
DL1B: checks 
Ates606_23: bets $16
DL1B: folds 
Uncalled bet ($16) returned to Ates606_23
Ates606_23 collected $15.54 from pot
*** SUMMARY ***
Total pot $16.58 | Rake $1.04 
Board [Kh Ts 7c Qc Ac]
Seat 1: AIien Hand folded before Flop (didn't bet)
Seat 2: DL1B folded on the River
Seat 3: Ates606_23 (button) collected ($15.54)
Seat 4: michasia (small blind) folded on the Flop
Seat 5: worker0k (big blind) folded before Flop
Seat 6: BoyLoc0 folded before Flop (didn't bet)



PokerStars Hand #254402509841:  Hold'em No Limit ($0.50/$1.00 USD) - 2025/01/16 19:17:52 WET [2025/01/16 14:17:52 ET]
Table 'Kanda III' 6-max Seat #4 is the button
Seat 1: AIien Hand ($128.70 in chips) 
Seat 2: DL1B ($142.38 in chips) 
Seat 3: Ates606_23 ($152.03 in chips) 
Seat 4: michasia ($110.65 in chips) 
Seat 5: worker0k ($100 in chips) 
Seat 6: BoyLoc0 ($100 in chips) 
worker0k: posts small blind $0.50
BoyLoc0: posts big blind $1
*** HOLE CARDS ***
AIien Hand: folds 
DL1B: folds 
Ates606_23: folds 
michasia: raises $1.80 to $2.80
worker0k: folds 
BoyLoc0: folds 
Uncalled bet ($1.80) returned to michasia
michasia collected $2.50 from pot
michasia: doesn't show hand 
*** SUMMARY ***
Total pot $2.50 | Rake $0 
Seat 1: AIien Hand folded before Flop (didn't bet)
Seat 2: DL1B folded before Flop (didn't bet)
Seat 3: Ates606_23 folded before Flop (didn't bet)
Seat 4: michasia (button) collected ($2.50)
Seat 5: worker0k (small blind) folded before Flop
Seat 6: BoyLoc0 (big blind) folded before Flop



PokerStars Hand #254402514042:  Hold'em No Limit ($0.50/$1.00 USD) - 2025/01/16 19:18:07 WET [2025/01/16 14:18:07 ET]
Table 'Kanda III' 6-max Seat #5 is the button
Seat 1: AIien Hand ($128.70 in chips) 
Seat 2: DL1B ($142.38 in chips) 
Seat 3: Ates606_23 ($152.03 in chips) 
Seat 4: michasia ($112.15 in chips) 
Seat 5: worker0k ($100 in chips) 
Seat 6: BoyLoc0 ($100 in chips) 
BoyLoc0: posts small blind $0.50
AIien Hand: posts big blind $1
*** HOLE CARDS ***
DL1B: folds 
Ates606_23: calls $1
michasia: raises $2.50 to $3.50
worker0k: folds 
BoyLoc0: folds 
AIien Hand: folds 
Ates606_23: calls $2.50
*** FLOP *** [Ac Qd Ks]
Ates606_23: checks 
michasia: bets $2.67
Ates606_23: calls $2.67
*** TURN *** [Ac Qd Ks] [Td]
Ates606_23: checks 
michasia: checks 
*** RIVER *** [Ac Qd Ks Td] [9d]
Ates606_23: bets $34
michasia: folds 
Uncalled bet ($34) returned to Ates606_23
Ates606_23 collected $12.98 from pot
*** SUMMARY ***
Total pot $13.84 | Rake $0.86 
Board [Ac Qd Ks Td 9d]
Seat 1: AIien Hand (big blind) folded before Flop
Seat 2: DL1B folded before Flop (didn't bet)
Seat 3: Ates606_23 collected ($12.98)
Seat 4: michasia folded on the River
Seat 5: worker0k (button) folded before Flop (didn't bet)
Seat 6: BoyLoc0 (small blind) folded before Flop



PokerStars Hand #254402531154:  Hold'em No Limit ($0.50/$1.00 USD) - 2025/01/16 19:19:08 WET [2025/01/16 14:19:08 ET]
Table 'Kanda III' 6-max Seat #6 is the button
Seat 1: AIien Hand ($127.70 in chips) 
Seat 2: DL1B ($142.38 in chips) 
Seat 3: Ates606_23 ($158.84 in chips) 
Seat 4: michasia ($105.98 in chips) 
Seat 5: worker0k ($100 in chips) 
Seat 6: BoyLoc0 ($100 in chips) 
AIien Hand: posts small blind $0.50
DL1B: posts big blind $1
*** HOLE CARDS ***
Ates606_23: folds 
michasia: folds 
worker0k: raises $1.30 to $2.30
BoyLoc0: folds 
AIien Hand: folds 
Ates606_23 leaves the table
DL1B: folds 
Uncalled bet ($1.30) returned to worker0k
worker0k collected $2.50 from pot
CashfishT joins the table at seat #3 
*** SUMMARY ***
Total pot $2.50 | Rake $0 
Seat 1: AIien Hand (small blind) folded before Flop
Seat 2: DL1B (big blind) folded before Flop
Seat 3: Ates606_23 folded before Flop (didn't bet)
Seat 4: michasia folded before Flop (didn't bet)
Seat 5: worker0k collected ($2.50)
Seat 6: BoyLoc0 (button) folded before Flop (didn't bet)



PokerStars Hand #254402535539:  Hold'em No Limit ($0.50/$1.00 USD) - 2025/01/16 19:19:23 WET [2025/01/16 14:19:23 ET]
Table 'Kanda III' 6-max Seat #1 is the button
Seat 1: AIien Hand ($127.20 in chips) 
Seat 2: DL1B ($141.38 in chips) 
Seat 3: CashfishT ($100 in chips) 
Seat 4: michasia ($105.98 in chips) 
Seat 5: worker0k ($101.50 in chips) 
Seat 6: BoyLoc0 ($100 in chips) 
DL1B: posts small blind $0.50
CashfishT: posts big blind $1
*** HOLE CARDS ***
michasia: folds 
worker0k: folds 
BoyLoc0: raises $1.50 to $2.50
AIien Hand: folds 
DL1B: folds 
CashfishT: folds 
Uncalled bet ($1.50) returned to BoyLoc0
CashfishT leaves the table
BoyLoc0 collected $2.50 from pot
BoyLoc0: doesn't show hand 
*** SUMMARY ***
Total pot $2.50 | Rake $0 
Seat 1: AIien Hand (button) folded before Flop (didn't bet)
Seat 2: DL1B (small blind) folded before Flop
Seat 3: CashfishT (big blind) folded before Flop
Seat 4: michasia folded before Flop (didn't bet)
Seat 5: worker0k folded before Flop (didn't bet)
Seat 6: BoyLoc0 collected ($2.50)



PokerStars Hand #254402541022:  Hold'em No Limit ($0.50/$1.00 USD) - 2025/01/16 19:19:43 WET [2025/01/16 14:19:43 ET]
Table 'Kanda III' 6-max Seat #2 is the button
Seat 5: worker0k ($101.50 in chips) is sitting out
Seat 6: BoyLoc0 ($101.50 in chips) is sitting out
Seat 1: AIien Hand ($127.20 in chips) 
Seat 2: DL1B ($140.88 in chips) 
Seat 4: michasia ($105.98 in chips) 
michasia: posts small blind $0.50
worker0k: is sitting out 
BoyLoc0: is sitting out 
AIien Hand: posts big blind $1
*** HOLE CARDS ***
worker0k leaves the table
BoyLoc0 leaves the table
DL1B: raises $1.50 to $2.50
michasia: folds 
AIien Hand: folds 
Uncalled bet ($1.50) returned to DL1B
DL1B collected $2.50 from pot
DL1B: doesn't show hand 
*** SUMMARY ***
Total pot $2.50 | Rake $0 
Seat 5: worker0k
Seat 6: BoyLoc0
Seat 1: AIien Hand (big blind) folded before Flop
Seat 2: DL1B (button) collected ($2.50)
Seat 4: michasia (small blind) folded before Flop



