PokerStars Hand #254407003676:  Hold'em No Limit ($0.50/$1.00 USD) - 2025/01/16 23:36:44 WET [2025/01/16 18:36:44 ET]
Table 'Helina III' 6-max Seat #6 is the button
Seat 5: Supermegopro ($100 in chips) is sitting out
Seat 1: MaRKiToScoK ($105.07 in chips) 
Seat 2: Xposin ($76.46 in chips) 
Seat 3: EvilReality ($100 in chips) 
Seat 4: steepfell ($100 in chips) 
Seat 6: Gfoer ($102.20 in chips) 
MaRKiToScoK: posts small blind $0.50
Xposin: posts big blind $1
Supermegopro: sits out 
*** HOLE CARDS ***
EvilReality: folds 
steepfell: raises $1.50 to $2.50
Gfoer: folds 
MaRKiToScoK: calls $2
Xposin: calls $1.50
*** FLOP *** [9s 2c Jh]
MaRKiToScoK: checks 
Xposin: checks 
steepfell: checks 
*** TURN *** [9s 2c Jh] [Tc]
MaRKiToScoK: checks 
Xposin: checks 
steepfell: checks 
*** RIVER *** [9s 2c Jh Tc] [9c]
MaRKiToScoK: bets $7.50
Xposin: folds 
steepfell: calls $7.50
*** SHOW DOWN ***
MaRKiToScoK: shows [Jc Ac] (a flush, Ace high)
steepfell: mucks hand 
MaRKiToScoK collected $21.38 from pot
*** SUMMARY ***
Total pot $22.50 | Rake $1.12 
Board [9s 2c Jh Tc 9c]
Seat 5: Supermegopro
Seat 1: MaRKiToScoK (small blind) showed [Jc Ac] and won ($21.38) with a flush, Ace high
Seat 2: Xposin (big blind) folded on the River
Seat 3: EvilReality folded before Flop (didn't bet)
Seat 4: steepfell mucked
Seat 6: Gfoer (button) folded before Flop (didn't bet)



PokerStars Hand #254407017849:  Hold'em No Limit ($0.50/$1.00 USD) - 2025/01/16 23:37:40 WET [2025/01/16 18:37:40 ET]
Table 'Helina III' 6-max Seat #1 is the button
Seat 5: Supermegopro ($100 in chips) is sitting out
Seat 1: MaRKiToScoK ($116.45 in chips) 
Seat 2: Xposin ($73.96 in chips) 
Seat 3: EvilReality ($100 in chips) 
Seat 4: steepfell ($100 in chips) 
Seat 6: Gfoer ($102.20 in chips) 
Xposin: posts small blind $0.50
EvilReality: posts big blind $1
Supermegopro: sits out 
*** HOLE CARDS ***
steepfell: raises $1.50 to $2.50
Gfoer: folds 
MaRKiToScoK: folds 
Xposin: calls $2
EvilReality: folds 
*** FLOP *** [Qs Qh 3d]
Xposin: checks 
steepfell: checks 
*** TURN *** [Qs Qh 3d] [Ad]
Xposin: bets $2.85
steepfell: folds 
Uncalled bet ($2.85) returned to Xposin
Xposin collected $5.70 from pot
*** SUMMARY ***
Total pot $6 | Rake $0.30 
Board [Qs Qh 3d Ad]
Seat 5: Supermegopro
Seat 1: MaRKiToScoK (button) folded before Flop (didn't bet)
Seat 2: Xposin (small blind) collected ($5.70)
Seat 3: EvilReality (big blind) folded before Flop
Seat 4: steepfell folded on the Turn
Seat 6: Gfoer folded before Flop (didn't bet)



PokerStars Hand #254407026107:  Hold'em No Limit ($0.50/$1.00 USD) - 2025/01/16 23:38:13 WET [2025/01/16 18:38:13 ET]
Table 'Helina III' 6-max Seat #2 is the button
Seat 5: Supermegopro ($100 in chips) is sitting out
Seat 1: MaRKiToScoK ($116.45 in chips) 
Seat 2: Xposin ($77.16 in chips) 
Seat 3: EvilReality ($100 in chips) 
Seat 4: steepfell ($100 in chips) 
Seat 6: Gfoer ($102.20 in chips) 
EvilReality: posts small blind $0.50
steepfell: posts big blind $1
Supermegopro: sits out 
*** HOLE CARDS ***
Gfoer: folds 
MaRKiToScoK: raises $1.25 to $2.25
Xposin: calls $2.25
EvilReality: folds 
steepfell: folds 
*** FLOP *** [5s 5d 4s]
MaRKiToScoK: checks 
Xposin: checks 
*** TURN *** [5s 5d 4s] [Qc]
MaRKiToScoK: bets $1.88
Xposin: calls $1.88
*** RIVER *** [5s 5d 4s Qc] [8h]
MaRKiToScoK: checks 
Xposin: bets $4.64
MaRKiToScoK: folds 
Uncalled bet ($4.64) returned to Xposin
Xposin collected $9.27 from pot
*** SUMMARY ***
Total pot $9.76 | Rake $0.49 
Board [5s 5d 4s Qc 8h]
Seat 5: Supermegopro
Seat 1: MaRKiToScoK folded on the River
Seat 2: Xposin (button) collected ($9.27)
Seat 3: EvilReality (small blind) folded before Flop
Seat 4: steepfell (big blind) folded before Flop
Seat 6: Gfoer folded before Flop (didn't bet)



PokerStars Hand #254407037799:  Hold'em No Limit ($0.50/$1.00 USD) - 2025/01/16 23:38:59 WET [2025/01/16 18:38:59 ET]
Table 'Helina III' 6-max Seat #3 is the button
Seat 1: MaRKiToScoK ($112.32 in chips) 
Seat 2: Xposin ($82.30 in chips) 
Seat 3: EvilReality ($100 in chips) 
Seat 4: steepfell ($100 in chips) 
Seat 5: Supermegopro ($100 in chips) 
Seat 6: Gfoer ($102.20 in chips) 
steepfell: posts small blind $0.50
Supermegopro: posts big blind $1
*** HOLE CARDS ***
Gfoer: raises $1.20 to $2.20
MaRKiToScoK: folds 
Xposin: folds 
EvilReality: folds 
steepfell: folds 
Supermegopro: calls $1.20
*** FLOP *** [Qc 4h 7s]
Supermegopro: checks 
Gfoer: bets $1.55
Supermegopro: folds 
Uncalled bet ($1.55) returned to Gfoer
Gfoer collected $4.66 from pot
Gfoer: doesn't show hand 
*** SUMMARY ***
Total pot $4.90 | Rake $0.24 
Board [Qc 4h 7s]
Seat 1: MaRKiToScoK folded before Flop (didn't bet)
Seat 2: Xposin folded before Flop (didn't bet)
Seat 3: EvilReality (button) folded before Flop (didn't bet)
Seat 4: steepfell (small blind) folded before Flop
Seat 5: Supermegopro (big blind) folded on the Flop
Seat 6: Gfoer collected ($4.66)



PokerStars Hand #254407047675:  Hold'em No Limit ($0.50/$1.00 USD) - 2025/01/16 23:39:39 WET [2025/01/16 18:39:39 ET]
Table 'Helina III' 6-max Seat #4 is the button
Seat 6: Gfoer ($104.66 in chips) is sitting out
Seat 1: MaRKiToScoK ($112.32 in chips) 
Seat 2: Xposin ($82.30 in chips) 
Seat 3: EvilReality ($100 in chips) 
Seat 4: steepfell ($100 in chips) 
Seat 5: Supermegopro ($100 in chips) 
Supermegopro: posts small blind $0.50
Gfoer: is sitting out 
MaRKiToScoK: posts big blind $1
*** HOLE CARDS ***
Gfoer leaves the table
Xposin: calls $1
EvilReality: folds 
steepfell: folds 
Supermegopro: folds 
ffac joins the table at seat #6 
MaRKiToScoK: checks 
*** FLOP *** [Ks 5h 5s]
MaRKiToScoK: checks 
Xposin: bets $1
MaRKiToScoK: folds 
Uncalled bet ($1) returned to Xposin
Xposin collected $2.38 from pot
*** SUMMARY ***
Total pot $2.50 | Rake $0.12 
Board [Ks 5h 5s]
Seat 6: Gfoer
Seat 1: MaRKiToScoK (big blind) folded on the Flop
Seat 2: Xposin collected ($2.38)
Seat 3: EvilReality folded before Flop (didn't bet)
Seat 4: steepfell (button) folded before Flop (didn't bet)
Seat 5: Supermegopro (small blind) folded before Flop



PokerStars Hand #254407062267:  Hold'em No Limit ($0.50/$1.00 USD) - 2025/01/16 23:40:37 WET [2025/01/16 18:40:37 ET]
Table 'Helina III' 6-max Seat #5 is the button
Seat 6: ffac ($100 in chips) is sitting out
Seat 1: MaRKiToScoK ($111.32 in chips) 
Seat 2: Xposin ($83.68 in chips) 
Seat 3: EvilReality ($100 in chips) 
Seat 4: steepfell ($100 in chips) 
Seat 5: Supermegopro ($100 in chips) 
MaRKiToScoK: posts small blind $0.50
Xposin: posts big blind $1
*** HOLE CARDS ***
EvilReality: folds 
steepfell: folds 
Supermegopro: folds 
MaRKiToScoK: raises $2 to $3
Xposin: folds 
Uncalled bet ($2) returned to MaRKiToScoK
MaRKiToScoK collected $2 from pot
*** SUMMARY ***
Total pot $2 | Rake $0 
Seat 6: ffac
Seat 1: MaRKiToScoK (small blind) collected ($2)
Seat 2: Xposin (big blind) folded before Flop
Seat 3: EvilReality folded before Flop (didn't bet)
Seat 4: steepfell folded before Flop (didn't bet)
Seat 5: Supermegopro (button) folded before Flop (didn't bet)



PokerStars Hand #254407068130:  Hold'em No Limit ($0.50/$1.00 USD) - 2025/01/16 23:41:01 WET [2025/01/16 18:41:01 ET]
Table 'Helina III' 6-max Seat #1 is the button
Seat 3: EvilReality ($100 in chips) is sitting out
Seat 6: ffac ($100 in chips) is sitting out
Seat 1: MaRKiToScoK ($112.32 in chips) 
Seat 2: Xposin ($82.68 in chips) 
Seat 4: steepfell ($100 in chips) 
Seat 5: Supermegopro ($100 in chips) 
Xposin: posts small blind $0.50
EvilReality: is sitting out 
steepfell: posts big blind $1
ffac: sits out 
*** HOLE CARDS ***
EvilReality leaves the table
Supermegopro: folds 
MaRKiToScoK: raises $1.50 to $2.50
Xposin: calls $2
steepfell: folds 
*** FLOP *** [Qs 4s 6s]
Xposin: checks 
MaRKiToScoK: bets $1.88
Xposin: folds 
Uncalled bet ($1.88) returned to MaRKiToScoK
MaRKiToScoK collected $5.70 from pot
*** SUMMARY ***
Total pot $6 | Rake $0.30 
Board [Qs 4s 6s]
Seat 3: EvilReality
Seat 6: ffac
Seat 1: MaRKiToScoK (button) collected ($5.70)
Seat 2: Xposin (small blind) folded on the Flop
Seat 4: steepfell (big blind) folded before Flop
Seat 5: Supermegopro folded before Flop (didn't bet)



PokerStars Hand #254407074747:  Hold'em No Limit ($0.50/$1.00 USD) - 2025/01/16 23:41:28 WET [2025/01/16 18:41:28 ET]
Table 'Helina III' 6-max Seat #2 is the button
Seat 6: ffac ($100 in chips) is sitting out
Seat 1: MaRKiToScoK ($115.52 in chips) 
Seat 2: Xposin ($80.18 in chips) 
Seat 4: steepfell ($100 in chips) 
Seat 5: Supermegopro ($100 in chips) 
steepfell: posts small blind $0.50
Supermegopro: posts big blind $1
ffac: sits out 
*** HOLE CARDS ***
MaRKiToScoK: raises $1.25 to $2.25
Xposin: folds 
steepfell: raises $8.75 to $11
Supermegopro: raises $89 to $100 and is all-in
MaRKiToScoK: folds 
steepfell: folds 
Uncalled bet ($89) returned to Supermegopro
Supermegopro collected $24.25 from pot
Supermegopro: doesn't show hand 
*** SUMMARY ***
Total pot $24.25 | Rake $0 
Seat 6: ffac
Seat 1: MaRKiToScoK folded before Flop
Seat 2: Xposin (button) folded before Flop (didn't bet)
Seat 4: steepfell (small blind) folded before Flop
Seat 5: Supermegopro (big blind) collected ($24.25)



PokerStars Hand #254407079912:  Hold'em No Limit ($0.50/$1.00 USD) - 2025/01/16 23:41:49 WET [2025/01/16 18:41:49 ET]
Table 'Helina III' 6-max Seat #4 is the button
Seat 1: MaRKiToScoK ($113.27 in chips) 
Seat 2: Xposin ($80.18 in chips) 
Seat 4: steepfell ($100 in chips) 
Seat 5: Supermegopro ($113.25 in chips) 
Seat 6: ffac ($100 in chips) 
Supermegopro: posts small blind $0.50
ffac: posts big blind $1
*** HOLE CARDS ***
ptolejmus joins the table at seat #3 
MaRKiToScoK: folds 
Xposin: raises $1 to $2
steepfell: folds 
Supermegopro: folds 
ffac: folds 
Uncalled bet ($1) returned to Xposin
Xposin collected $2.50 from pot
*** SUMMARY ***
Total pot $2.50 | Rake $0 
Seat 1: MaRKiToScoK folded before Flop (didn't bet)
Seat 2: Xposin collected ($2.50)
Seat 4: steepfell (button) folded before Flop (didn't bet)
Seat 5: Supermegopro (small blind) folded before Flop
Seat 6: ffac (big blind) folded before Flop



PokerStars Hand #254407085122:  Hold'em No Limit ($0.50/$1.00 USD) - 2025/01/16 23:42:10 WET [2025/01/16 18:42:10 ET]
Table 'Helina III' 6-max Seat #5 is the button
Seat 3: ptolejmus ($10 in chips) is sitting out
Seat 1: MaRKiToScoK ($113.27 in chips) 
Seat 2: Xposin ($81.68 in chips) 
Seat 4: steepfell ($100 in chips) 
Seat 5: Supermegopro ($112.75 in chips) 
Seat 6: ffac ($100 in chips) 
ffac: posts small blind $0.50
MaRKiToScoK: posts big blind $1
ptolejmus: sits out 
*** HOLE CARDS ***
Xposin: raises $1 to $2
steepfell: folds 
Supermegopro: folds 
ffac: raises $6.50 to $8.50
MaRKiToScoK: folds 
Xposin: folds 
Uncalled bet ($6.50) returned to ffac
ffac collected $5 from pot
ffac: doesn't show hand 
*** SUMMARY ***
Total pot $5 | Rake $0 
Seat 3: ptolejmus
Seat 1: MaRKiToScoK (big blind) folded before Flop
Seat 2: Xposin folded before Flop
Seat 4: steepfell folded before Flop (didn't bet)
Seat 5: Supermegopro (button) folded before Flop (didn't bet)
Seat 6: ffac (small blind) collected ($5)



PokerStars Hand #254407093742:  Hold'em No Limit ($0.50/$1.00 USD) - 2025/01/16 23:42:45 WET [2025/01/16 18:42:45 ET]
Table 'Helina III' 6-max Seat #6 is the button
Seat 3: ptolejmus ($10 in chips) is sitting out
Seat 1: MaRKiToScoK ($112.27 in chips) 
Seat 2: Xposin ($79.68 in chips) 
Seat 4: steepfell ($100 in chips) 
Seat 5: Supermegopro ($112.75 in chips) 
Seat 6: ffac ($103 in chips) 
MaRKiToScoK: posts small blind $0.50
Xposin: posts big blind $1
ptolejmus: sits out 
*** HOLE CARDS ***
steepfell: folds 
Supermegopro: raises $1.50 to $2.50
ffac: raises $6.50 to $9
MaRKiToScoK: folds 
Xposin: folds 
Supermegopro: folds 
Uncalled bet ($6.50) returned to ffac
ffac collected $6.50 from pot
ffac: doesn't show hand 
*** SUMMARY ***
Total pot $6.50 | Rake $0 
Seat 3: ptolejmus
Seat 1: MaRKiToScoK (small blind) folded before Flop
Seat 2: Xposin (big blind) folded before Flop
Seat 4: steepfell folded before Flop (didn't bet)
Seat 5: Supermegopro folded before Flop
Seat 6: ffac (button) collected ($6.50)



