PokerStars Hand #254397558226:  Hold'em No Limit ($0.50/$1.00 USD) - 2025/01/16 13:42:29 WET [2025/01/16 8:42:29 ET]
Table 'Cindijon III' 6-max Seat #1 is the button
Seat 1: PayTaxOrDie ($100 in chips) 
Seat 2: Fold Your Cats ($100 in chips) 
Seat 3: BumHuntKing ($100 in chips) 
Seat 4: Rojiblanko03 ($2.83 in chips) 
Seat 5: Poker9803 ($111.70 in chips) 
Seat 6: DL1B ($100 in chips) 
Fold Your Cats: posts small blind $0.50
BumHuntKing: posts big blind $1
*** HOLE CARDS ***
Rojiblanko03: calls $1
Poker9803: folds 
DL1B: folds 
PayTaxOrDie: raises $2.50 to $3.50
Fold Your Cats: folds 
BumHuntKing: calls $2.50
Rojiblanko03: calls $1.83 and is all-in
*** FLOP *** [3d Kc 8c]
BumHuntKing: checks 
PayTaxOrDie: checks 
*** TURN *** [3d Kc 8c] [Js]
BumHuntKing: bets $7.36
PayTaxOrDie: folds 
Uncalled bet ($7.36) returned to BumHuntKing
*** RIVER *** [3d Kc 8c Js] [9c]
*** SHOW DOWN ***
BumHuntKing: shows [Ks Ts] (a pair of Kings)
BumHuntKing collected $1.27 from side pot
Rojiblanko03: shows [6c 8d] (a pair of Eights)
BumHuntKing collected $8.54 from main pot
*** SUMMARY ***
Total pot $10.33 Main pot $8.54. Side pot $1.27. | Rake $0.52 
Board [3d Kc 8c Js 9c]
Seat 1: PayTaxOrDie (button) folded on the Turn
Seat 2: Fold Your Cats (small blind) folded before Flop
Seat 3: BumHuntKing (big blind) showed [Ks Ts] and won ($9.81) with a pair of Kings
Seat 4: Rojiblanko03 showed [6c 8d] and lost with a pair of Eights
Seat 5: Poker9803 folded before Flop (didn't bet)
Seat 6: DL1B folded before Flop (didn't bet)



PokerStars Hand #254397569719:  Hold'em No Limit ($0.50/$1.00 USD) - 2025/01/16 13:43:35 WET [2025/01/16 8:43:35 ET]
Table 'Cindijon III' 6-max Seat #2 is the button
Seat 4: Rojiblanko03 ($0 in chips) is sitting out
Seat 1: PayTaxOrDie ($100 in chips) 
Seat 2: Fold Your Cats ($100 in chips) 
Seat 3: BumHuntKing ($106.31 in chips) 
Seat 5: Poker9803 ($111.70 in chips) 
Seat 6: DL1B ($100 in chips) 
BumHuntKing: posts small blind $0.50
Poker9803: posts big blind $1
*** HOLE CARDS ***
DL1B: folds 
PayTaxOrDie: raises $1.30 to $2.30
Fold Your Cats: raises $4.70 to $7
BumHuntKing: folds 
Poker9803: folds 
PayTaxOrDie: calls $4.70
*** FLOP *** [3d Jh Qd]
PayTaxOrDie: checks 
Fold Your Cats: bets $4.91
PayTaxOrDie: folds 
Uncalled bet ($4.91) returned to Fold Your Cats
Fold Your Cats collected $14.72 from pot
Fold Your Cats: doesn't show hand 
*** SUMMARY ***
Total pot $15.50 | Rake $0.78 
Board [3d Jh Qd]
Seat 4: Rojiblanko03
Seat 1: PayTaxOrDie folded on the Flop
Seat 2: Fold Your Cats (button) collected ($14.72)
Seat 3: BumHuntKing (small blind) folded before Flop
Seat 5: Poker9803 (big blind) folded before Flop
Seat 6: DL1B folded before Flop (didn't bet)



PokerStars Hand #254397576599:  Hold'em No Limit ($0.50/$1.00 USD) - 2025/01/16 13:44:15 WET [2025/01/16 8:44:15 ET]
Table 'Cindijon III' 6-max Seat #3 is the button
Seat 4: Rojiblanko03 ($26.78 in chips) is sitting out
Seat 1: PayTaxOrDie ($100 in chips) 
Seat 2: Fold Your Cats ($107.72 in chips) 
Seat 3: BumHuntKing ($105.81 in chips) 
Seat 5: Poker9803 ($110.70 in chips) 
Seat 6: DL1B ($100 in chips) 
Poker9803: posts small blind $0.50
DL1B: posts big blind $1
*** HOLE CARDS ***
PayTaxOrDie: raises $1 to $2
Fold Your Cats: folds 
BumHuntKing: folds 
Poker9803: raises $8 to $10
DL1B: folds 
PayTaxOrDie: folds 
Uncalled bet ($8) returned to Poker9803
Poker9803 collected $5 from pot
Poker9803: doesn't show hand 
*** SUMMARY ***
Total pot $5 | Rake $0 
Seat 4: Rojiblanko03
Seat 1: PayTaxOrDie folded before Flop
Seat 2: Fold Your Cats folded before Flop (didn't bet)
Seat 3: BumHuntKing (button) folded before Flop (didn't bet)
Seat 5: Poker9803 (small blind) collected ($5)
Seat 6: DL1B (big blind) folded before Flop



PokerStars Hand #254397582666:  Hold'em No Limit ($0.50/$1.00 USD) - 2025/01/16 13:44:50 WET [2025/01/16 8:44:50 ET]
Table 'Cindijon III' 6-max Seat #5 is the button
Seat 1: PayTaxOrDie ($100 in chips) 
Seat 2: Fold Your Cats ($107.72 in chips) 
Seat 3: BumHuntKing ($105.81 in chips) 
Seat 4: Rojiblanko03 ($26.78 in chips) 
Seat 5: Poker9803 ($113.70 in chips) 
Seat 6: DL1B ($100 in chips) 
DL1B: posts small blind $0.50
PayTaxOrDie: posts big blind $1
Rojiblanko03: posts small & big blinds $1.50
*** HOLE CARDS ***
Fold Your Cats: folds 
BumHuntKing: folds 
Rojiblanko03: checks 
Poker9803: folds 
DL1B: folds 
PayTaxOrDie: raises $3 to $4
Rojiblanko03: calls $3
*** FLOP *** [6d 2c 5d]
PayTaxOrDie: bets $4.28
Rojiblanko03: raises $18 to $22.28 and is all-in
PayTaxOrDie: calls $18
*** TURN *** [6d 2c 5d] [6h]
*** RIVER *** [6d 2c 5d 6h] [Tc]
*** SHOW DOWN ***
PayTaxOrDie: shows [Kd Kh] (two pair, Kings and Sixes)
Rojiblanko03: shows [9c 8s] (a pair of Sixes)
PayTaxOrDie collected $51.06 from pot
*** SUMMARY ***
Total pot $53.56 | Rake $2.50 
Board [6d 2c 5d 6h Tc]
Seat 1: PayTaxOrDie (big blind) showed [Kd Kh] and won ($51.06) with two pair, Kings and Sixes
Seat 2: Fold Your Cats folded before Flop (didn't bet)
Seat 3: BumHuntKing folded before Flop (didn't bet)
Seat 4: Rojiblanko03 showed [9c 8s] and lost with a pair of Sixes
Seat 5: Poker9803 (button) folded before Flop (didn't bet)
Seat 6: DL1B (small blind) folded before Flop



PokerStars Hand #254397593678:  Hold'em No Limit ($0.50/$1.00 USD) - 2025/01/16 13:45:55 WET [2025/01/16 8:45:55 ET]
Table 'Cindijon III' 6-max Seat #6 is the button
Seat 4: Rojiblanko03 ($0 in chips) is sitting out
Seat 1: PayTaxOrDie ($124.78 in chips) 
Seat 2: Fold Your Cats ($107.72 in chips) 
Seat 3: BumHuntKing ($105.81 in chips) 
Seat 5: Poker9803 ($113.70 in chips) 
Seat 6: DL1B ($100 in chips) 
PayTaxOrDie: posts small blind $0.50
Fold Your Cats: posts big blind $1
*** HOLE CARDS ***
BumHuntKing: folds 
Poker9803: folds 
DL1B: folds 
Rojiblanko03 is disconnected 
PayTaxOrDie: folds 
Uncalled bet ($0.50) returned to Fold Your Cats
Fold Your Cats collected $1 from pot
Fold Your Cats: doesn't show hand 
*** SUMMARY ***
Total pot $1 | Rake $0 
Seat 4: Rojiblanko03
Seat 1: PayTaxOrDie (small blind) folded before Flop
Seat 2: Fold Your Cats (big blind) collected ($1)
Seat 3: BumHuntKing folded before Flop (didn't bet)
Seat 5: Poker9803 folded before Flop (didn't bet)
Seat 6: DL1B (button) folded before Flop (didn't bet)



PokerStars Hand #254397596754:  Hold'em No Limit ($0.50/$1.00 USD) - 2025/01/16 13:46:12 WET [2025/01/16 8:46:12 ET]
Table 'Cindijon III' 6-max Seat #1 is the button
Seat 4: Rojiblanko03 ($0 in chips) is sitting out
Seat 1: PayTaxOrDie ($124.28 in chips) 
Seat 2: Fold Your Cats ($108.22 in chips) 
Seat 3: BumHuntKing ($105.81 in chips) 
Seat 5: Poker9803 ($113.70 in chips) 
Seat 6: DL1B ($100 in chips) 
Fold Your Cats: posts small blind $0.50
BumHuntKing: posts big blind $1
*** HOLE CARDS ***
Poker9803: raises $1.50 to $2.50
DL1B: folds 
PayTaxOrDie: folds 
Fold Your Cats: folds 
BumHuntKing: folds 
Uncalled bet ($1.50) returned to Poker9803
Poker9803 collected $2.50 from pot
Poker9803: doesn't show hand 
*** SUMMARY ***
Total pot $2.50 | Rake $0 
Seat 4: Rojiblanko03
Seat 1: PayTaxOrDie (button) folded before Flop (didn't bet)
Seat 2: Fold Your Cats (small blind) folded before Flop
Seat 3: BumHuntKing (big blind) folded before Flop
Seat 5: Poker9803 collected ($2.50)
Seat 6: DL1B folded before Flop (didn't bet)



PokerStars Hand #254397599086:  Hold'em No Limit ($0.50/$1.00 USD) - 2025/01/16 13:46:26 WET [2025/01/16 8:46:26 ET]
Table 'Cindijon III' 6-max Seat #2 is the button
Seat 4: Rojiblanko03 ($0 in chips) is sitting out
Seat 1: PayTaxOrDie ($124.28 in chips) 
Seat 2: Fold Your Cats ($107.72 in chips) 
Seat 3: BumHuntKing ($104.81 in chips) 
Seat 5: Poker9803 ($115.20 in chips) 
Seat 6: DL1B ($100 in chips) 
BumHuntKing: posts small blind $0.50
Poker9803: posts big blind $1
*** HOLE CARDS ***
DL1B: raises $1 to $2
PayTaxOrDie: folds 
Fold Your Cats: folds 
BumHuntKing: raises $9 to $11
Poker9803: folds 
DL1B: folds 
Uncalled bet ($9) returned to BumHuntKing
BumHuntKing collected $5 from pot
BumHuntKing: doesn't show hand 
*** SUMMARY ***
Total pot $5 | Rake $0 
Seat 4: Rojiblanko03
Seat 1: PayTaxOrDie folded before Flop (didn't bet)
Seat 2: Fold Your Cats (button) folded before Flop (didn't bet)
Seat 3: BumHuntKing (small blind) collected ($5)
Seat 5: Poker9803 (big blind) folded before Flop
Seat 6: DL1B folded before Flop



PokerStars Hand #254397603239:  Hold'em No Limit ($0.50/$1.00 USD) - 2025/01/16 13:46:51 WET [2025/01/16 8:46:51 ET]
Table 'Cindijon III' 6-max Seat #3 is the button
Seat 4: Rojiblanko03 ($0 in chips) is sitting out
Seat 1: PayTaxOrDie ($124.28 in chips) 
Seat 2: Fold Your Cats ($107.72 in chips) 
Seat 3: BumHuntKing ($107.81 in chips) 
Seat 5: Poker9803 ($114.20 in chips) 
Seat 6: DL1B ($100 in chips) 
Poker9803: posts small blind $0.50
DL1B: posts big blind $1
*** HOLE CARDS ***
PayTaxOrDie: folds 
Fold Your Cats: raises $1.50 to $2.50
BumHuntKing: folds 
Poker9803: folds 
DL1B: calls $1.50
*** FLOP *** [2d 4d 2c]
DL1B: checks 
Fold Your Cats: checks 
*** TURN *** [2d 4d 2c] [Ad]
DL1B: checks 
Fold Your Cats: bets $1.74
DL1B: folds 
Uncalled bet ($1.74) returned to Fold Your Cats
Fold Your Cats collected $5.22 from pot
Fold Your Cats: doesn't show hand 
*** SUMMARY ***
Total pot $5.50 | Rake $0.28 
Board [2d 4d 2c Ad]
Seat 4: Rojiblanko03
Seat 1: PayTaxOrDie folded before Flop (didn't bet)
Seat 2: Fold Your Cats collected ($5.22)
Seat 3: BumHuntKing (button) folded before Flop (didn't bet)
Seat 5: Poker9803 (small blind) folded before Flop
Seat 6: DL1B (big blind) folded on the Turn



PokerStars Hand #254397609417:  Hold'em No Limit ($0.50/$1.00 USD) - 2025/01/16 13:47:27 WET [2025/01/16 8:47:27 ET]
Table 'Cindijon III' 6-max Seat #5 is the button
Seat 4: Rojiblanko03 ($0 in chips) is sitting out
Seat 1: PayTaxOrDie ($124.28 in chips) 
Seat 2: Fold Your Cats ($110.44 in chips) 
Seat 3: BumHuntKing ($107.81 in chips) 
Seat 5: Poker9803 ($113.70 in chips) 
Seat 6: DL1B ($100 in chips) 
DL1B: posts small blind $0.50
PayTaxOrDie: posts big blind $1
*** HOLE CARDS ***
Fold Your Cats: folds 
BumHuntKing: folds 
Poker9803: raises $1.50 to $2.50
DL1B: folds 
PayTaxOrDie: folds 
Uncalled bet ($1.50) returned to Poker9803
Poker9803 collected $2.50 from pot
Poker9803: doesn't show hand 
*** SUMMARY ***
Total pot $2.50 | Rake $0 
Seat 4: Rojiblanko03
Seat 1: PayTaxOrDie (big blind) folded before Flop
Seat 2: Fold Your Cats folded before Flop (didn't bet)
Seat 3: BumHuntKing folded before Flop (didn't bet)
Seat 5: Poker9803 (button) collected ($2.50)
Seat 6: DL1B (small blind) folded before Flop



PokerStars Hand #254397613079:  Hold'em No Limit ($0.50/$1.00 USD) - 2025/01/16 13:47:49 WET [2025/01/16 8:47:49 ET]
Table 'Cindijon III' 6-max Seat #6 is the button
Seat 4: Rojiblanko03 ($0 in chips) is sitting out
Seat 1: PayTaxOrDie ($123.28 in chips) 
Seat 2: Fold Your Cats ($110.44 in chips) 
Seat 3: BumHuntKing ($107.81 in chips) 
Seat 5: Poker9803 ($115.20 in chips) 
Seat 6: DL1B ($100 in chips) 
PayTaxOrDie: posts small blind $0.50
Fold Your Cats: posts big blind $1
*** HOLE CARDS ***
BumHuntKing: folds 
Poker9803: folds 
DL1B: folds 
PayTaxOrDie: folds 
Uncalled bet ($0.50) returned to Fold Your Cats
Fold Your Cats collected $1 from pot
Fold Your Cats: doesn't show hand 
*** SUMMARY ***
Total pot $1 | Rake $0 
Seat 4: Rojiblanko03
Seat 1: PayTaxOrDie (small blind) folded before Flop
Seat 2: Fold Your Cats (big blind) collected ($1)
Seat 3: BumHuntKing folded before Flop (didn't bet)
Seat 5: Poker9803 folded before Flop (didn't bet)
Seat 6: DL1B (button) folded before Flop (didn't bet)



PokerStars Hand #254397614938:  Hold'em No Limit ($0.50/$1.00 USD) - 2025/01/16 13:48:00 WET [2025/01/16 8:48:00 ET]
Table 'Cindijon III' 6-max Seat #1 is the button
Seat 4: Rojiblanko03 ($0 in chips) is sitting out
Seat 1: PayTaxOrDie ($122.78 in chips) 
Seat 2: Fold Your Cats ($110.94 in chips) 
Seat 3: BumHuntKing ($107.81 in chips) 
Seat 5: Poker9803 ($115.20 in chips) 
Seat 6: DL1B ($100 in chips) 
Fold Your Cats: posts small blind $0.50
BumHuntKing: posts big blind $1
*** HOLE CARDS ***
Poker9803: folds 
DL1B: folds 
PayTaxOrDie: raises $1.50 to $2.50
Fold Your Cats: folds 
BumHuntKing: calls $1.50
*** FLOP *** [6s 8h 4d]
BumHuntKing: checks 
PayTaxOrDie: checks 
*** TURN *** [6s 8h 4d] [Ah]
BumHuntKing: checks 
PayTaxOrDie: checks 
*** RIVER *** [6s 8h 4d Ah] [4c]
BumHuntKing: checks 
PayTaxOrDie: bets $3.45
BumHuntKing: folds 
Uncalled bet ($3.45) returned to PayTaxOrDie
PayTaxOrDie collected $5.22 from pot
PayTaxOrDie: doesn't show hand 
*** SUMMARY ***
Total pot $5.50 | Rake $0.28 
Board [6s 8h 4d Ah 4c]
Seat 4: Rojiblanko03
Seat 1: PayTaxOrDie (button) collected ($5.22)
Seat 2: Fold Your Cats (small blind) folded before Flop
Seat 3: BumHuntKing (big blind) folded on the River
Seat 5: Poker9803 folded before Flop (didn't bet)
Seat 6: DL1B folded before Flop (didn't bet)



PokerStars Hand #254397627499:  Hold'em No Limit ($0.50/$1.00 USD) - 2025/01/16 13:49:14 WET [2025/01/16 8:49:14 ET]
Table 'Cindijon III' 6-max Seat #2 is the button
Seat 4: Rojiblanko03 ($0 in chips) is sitting out
Seat 5: Poker9803 ($115.20 in chips) is sitting out
Seat 1: PayTaxOrDie ($125.50 in chips) 
Seat 2: Fold Your Cats ($110.44 in chips) 
Seat 3: BumHuntKing ($105.31 in chips) 
Seat 6: DL1B ($100 in chips) 
BumHuntKing: posts small blind $0.50
Poker9803: is sitting out 
DL1B: posts big blind $1
*** HOLE CARDS ***
PayTaxOrDie: folds 
Fold Your Cats: folds 
BumHuntKing: folds 
Uncalled bet ($0.50) returned to DL1B
DL1B collected $1 from pot
DL1B: doesn't show hand 
*** SUMMARY ***
Total pot $1 | Rake $0 
Seat 4: Rojiblanko03
Seat 5: Poker9803
Seat 1: PayTaxOrDie folded before Flop (didn't bet)
Seat 2: Fold Your Cats (button) folded before Flop (didn't bet)
Seat 3: BumHuntKing (small blind) folded before Flop
Seat 6: DL1B (big blind) collected ($1)



PokerStars Hand #254397629240:  Hold'em No Limit ($0.50/$1.00 USD) - 2025/01/16 13:49:24 WET [2025/01/16 8:49:24 ET]
Table 'Cindijon III' 6-max Seat #3 is the button
Seat 4: Rojiblanko03 ($0 in chips) is sitting out
Seat 5: Poker9803 ($115.20 in chips) is sitting out
Seat 1: PayTaxOrDie ($125.50 in chips) 
Seat 2: Fold Your Cats ($110.44 in chips) 
Seat 3: BumHuntKing ($104.81 in chips) 
Seat 6: DL1B ($100.50 in chips) 
DL1B: posts small blind $0.50
PayTaxOrDie: posts big blind $1
*** HOLE CARDS ***
Fold Your Cats: folds 
Poker9803 leaves the table
BumHuntKing: raises $1.50 to $2.50
DL1B: folds 
PayTaxOrDie: folds 
Uncalled bet ($1.50) returned to BumHuntKing
BumHuntKing collected $2.50 from pot
BumHuntKing: doesn't show hand 
*** SUMMARY ***
Total pot $2.50 | Rake $0 
Seat 4: Rojiblanko03
Seat 5: Poker9803
Seat 1: PayTaxOrDie (big blind) folded before Flop
Seat 2: Fold Your Cats folded before Flop (didn't bet)
Seat 3: BumHuntKing (button) collected ($2.50)
Seat 6: DL1B (small blind) folded before Flop



PokerStars Hand #254397631508:  Hold'em No Limit ($0.50/$1.00 USD) - 2025/01/16 13:49:37 WET [2025/01/16 8:49:37 ET]
Table 'Cindijon III' 6-max Seat #6 is the button
Seat 2: Fold Your Cats ($110.44 in chips) is sitting out
Seat 4: Rojiblanko03 ($0 in chips) is sitting out
Seat 1: PayTaxOrDie ($124.50 in chips) 
Seat 3: BumHuntKing ($106.31 in chips) 
Seat 6: DL1B ($100 in chips) 
PayTaxOrDie: posts small blind $0.50
Fold Your Cats: is sitting out 
BumHuntKing: posts big blind $1
*** HOLE CARDS ***
DL1B: folds 
PayTaxOrDie: folds 
Uncalled bet ($0.50) returned to BumHuntKing
BumHuntKing collected $1 from pot
BumHuntKing: doesn't show hand 
*** SUMMARY ***
Total pot $1 | Rake $0 
Seat 2: Fold Your Cats
Seat 4: Rojiblanko03
Seat 1: PayTaxOrDie (small blind) folded before Flop
Seat 3: BumHuntKing (big blind) collected ($1)
Seat 6: DL1B (button) folded before Flop (didn't bet)



PokerStars Hand #254397632975:  Hold'em No Limit ($0.50/$1.00 USD) - 2025/01/16 13:49:46 WET [2025/01/16 8:49:46 ET]
Table 'Cindijon III' 6-max Seat #1 is the button
Seat 2: Fold Your Cats ($110.44 in chips) is sitting out
Seat 4: Rojiblanko03 ($0 in chips) is sitting out
Seat 1: PayTaxOrDie ($124 in chips) 
Seat 3: BumHuntKing ($106.81 in chips) 
Seat 6: DL1B ($100 in chips) 
BumHuntKing: posts small blind $0.50
DL1B: posts big blind $1
*** HOLE CARDS ***
PayTaxOrDie: folds 
Fold Your Cats leaves the table
BumHuntKing: raises $1.50 to $2.50
DL1B: folds 
Uncalled bet ($1.50) returned to BumHuntKing
BumHuntKing collected $2 from pot
BumHuntKing: doesn't show hand 
*** SUMMARY ***
Total pot $2 | Rake $0 
Seat 2: Fold Your Cats
Seat 4: Rojiblanko03
Seat 1: PayTaxOrDie (button) folded before Flop (didn't bet)
Seat 3: BumHuntKing (small blind) collected ($2)
Seat 6: DL1B (big blind) folded before Flop



PokerStars Hand #254397634991:  Hold'em No Limit ($0.50/$1.00 USD) - 2025/01/16 13:49:57 WET [2025/01/16 8:49:57 ET]
Table 'Cindijon III' 6-max Seat #3 is the button
Seat 4: Rojiblanko03 ($0 in chips) is sitting out
Seat 1: PayTaxOrDie ($124 in chips) 
Seat 3: BumHuntKing ($107.81 in chips) 
Seat 6: DL1B ($100 in chips) 
DL1B: posts small blind $0.50
PayTaxOrDie: posts big blind $1
*** HOLE CARDS ***
BumHuntKing: raises $1.50 to $2.50
DL1B: folds 
PayTaxOrDie: folds 
Uncalled bet ($1.50) returned to BumHuntKing
BumHuntKing collected $2.50 from pot
BumHuntKing: doesn't show hand 
*** SUMMARY ***
Total pot $2.50 | Rake $0 
Seat 4: Rojiblanko03
Seat 1: PayTaxOrDie (big blind) folded before Flop
Seat 3: BumHuntKing (button) collected ($2.50)
Seat 6: DL1B (small blind) folded before Flop



PokerStars Hand #254397641095:  Hold'em No Limit ($0.50/$1.00 USD) - 2025/01/16 13:50:33 WET [2025/01/16 8:50:33 ET]
Table 'Cindijon III' 6-max Seat #5 is the button
Seat 4: Rojiblanko03 ($0 in chips) is sitting out
Seat 1: PayTaxOrDie ($123 in chips) 
Seat 3: BumHuntKing ($109.31 in chips) 
Seat 5: camilinho UC ($10 in chips) 
PayTaxOrDie: posts small blind $0.50
BumHuntKing: posts big blind $1
*** HOLE CARDS ***
camilinho UC: raises $9 to $10 and is all-in
PayTaxOrDie: folds 
BumHuntKing: calls $9
*** FLOP *** [Kd 4d 2c]
*** TURN *** [Kd 4d 2c] [5s]
*** RIVER *** [Kd 4d 2c 5s] [Qc]
*** SHOW DOWN ***
BumHuntKing: shows [9c Kc] (a pair of Kings)
camilinho UC: shows [Td 9h] (high card King)
BumHuntKing collected $19.50 from pot
*** SUMMARY ***
Total pot $20.50 | Rake $1 
Board [Kd 4d 2c 5s Qc]
Seat 4: Rojiblanko03
Seat 1: PayTaxOrDie (small blind) folded before Flop
Seat 3: BumHuntKing (big blind) showed [9c Kc] and won ($19.50) with a pair of Kings
Seat 5: camilinho UC (button) showed [Td 9h] and lost with high card King



PokerStars Hand #254397644713:  Hold'em No Limit ($0.50/$1.00 USD) - 2025/01/16 13:50:55 WET [2025/01/16 8:50:55 ET]
Table 'Cindijon III' 6-max Seat #3 is the button
Seat 4: Rojiblanko03 ($0 in chips) is sitting out
Seat 1: PayTaxOrDie ($122.50 in chips) 
Seat 3: BumHuntKing ($118.81 in chips) 
BumHuntKing: posts small blind $0.50
PayTaxOrDie: posts big blind $1
*** HOLE CARDS ***
bertiebandit04 joins the table at seat #5 
bertiebandit04 is disconnected 
BumHuntKing: raises $1.50 to $2.50
Espada Fish joins the table at seat #6 
PayTaxOrDie: raises $9 to $11.50
AlexPinsk1 joins the table at seat #2 
BumHuntKing: folds 
Uncalled bet ($9) returned to PayTaxOrDie
PayTaxOrDie collected $5 from pot
PayTaxOrDie: doesn't show hand 
*** SUMMARY ***
Total pot $5 | Rake $0 
Seat 4: Rojiblanko03
Seat 1: PayTaxOrDie (big blind) collected ($5)
Seat 3: BumHuntKing (button) (small blind) folded before Flop



PokerStars Hand #254397651202:  Hold'em No Limit ($0.50/$1.00 USD) - 2025/01/16 13:51:32 WET [2025/01/16 8:51:32 ET]
Table 'Cindijon III' 6-max Seat #1 is the button
Seat 2: AlexPinsk1 ($100 in chips) is sitting out
Seat 4: Rojiblanko03 ($0 in chips) is sitting out
Seat 6: Espada Fish ($100 in chips) is sitting out
Seat 1: PayTaxOrDie ($125 in chips) 
Seat 3: BumHuntKing ($116.31 in chips) 
Seat 5: bertiebandit04 ($100 in chips) 
BumHuntKing: posts small blind $0.50
bertiebandit04: posts big blind $1
Espada Fish: sits out 
*** HOLE CARDS ***
PayTaxOrDie: raises $1.50 to $2.50
BumHuntKing: folds 
bertiebandit04: folds 
Uncalled bet ($1.50) returned to PayTaxOrDie
PayTaxOrDie collected $2.50 from pot
PayTaxOrDie: doesn't show hand 
*** SUMMARY ***
Total pot $2.50 | Rake $0 
Seat 2: AlexPinsk1
Seat 4: Rojiblanko03
Seat 6: Espada Fish
Seat 1: PayTaxOrDie (button) collected ($2.50)
Seat 3: BumHuntKing (small blind) folded before Flop
Seat 5: bertiebandit04 (big blind) folded before Flop



PokerStars Hand #254397653812:  Hold'em No Limit ($0.50/$1.00 USD) - 2025/01/16 13:51:47 WET [2025/01/16 8:51:47 ET]
Table 'Cindijon III' 6-max Seat #3 is the button
Seat 2: AlexPinsk1 ($100 in chips) is sitting out
Seat 4: Rojiblanko03 ($0 in chips) is sitting out
Seat 1: PayTaxOrDie ($126.50 in chips) 
Seat 3: BumHuntKing ($115.81 in chips) 
Seat 5: bertiebandit04 ($99 in chips) 
Seat 6: Espada Fish ($100 in chips) 
bertiebandit04: posts small blind $0.50
Espada Fish: posts big blind $1
AlexPinsk1: sits out 
*** HOLE CARDS ***
PayTaxOrDie: raises $1.30 to $2.30
BumHuntKing: calls $2.30
bertiebandit04: calls $1.80
Espada Fish: folds 
*** FLOP *** [4d 7s Qd]
bertiebandit04: bets $3.75
PayTaxOrDie: calls $3.75
BumHuntKing: folds 
*** TURN *** [4d 7s Qd] [Kd]
bertiebandit04: checks 
PayTaxOrDie: checks 
*** RIVER *** [4d 7s Qd Kd] [Tc]
bertiebandit04: bets $7.32
PayTaxOrDie: calls $7.32
*** SHOW DOWN ***
bertiebandit04: shows [Jd Ad] (a flush, Ace high)
PayTaxOrDie: mucks hand 
bertiebandit04 collected $29.04 from pot
*** SUMMARY ***
Total pot $30.04 | Rake $1 
Board [4d 7s Qd Kd Tc]
Seat 2: AlexPinsk1
Seat 4: Rojiblanko03
Seat 1: PayTaxOrDie mucked
Seat 3: BumHuntKing (button) folded on the Flop
Seat 5: bertiebandit04 (small blind) showed [Jd Ad] and won ($29.04) with a flush, Ace high
Seat 6: Espada Fish (big blind) folded before Flop



PokerStars Hand #254397667838:  Hold'em No Limit ($0.50/$1.00 USD) - 2025/01/16 13:53:09 WET [2025/01/16 8:53:09 ET]
Table 'Cindijon III' 6-max Seat #5 is the button
Seat 2: AlexPinsk1 ($100 in chips) is sitting out
Seat 4: Rojiblanko03 ($0 in chips) is sitting out
Seat 1: PayTaxOrDie ($113.13 in chips) 
Seat 3: BumHuntKing ($113.51 in chips) 
Seat 5: bertiebandit04 ($114.67 in chips) 
Seat 6: Espada Fish ($100 in chips) 
Espada Fish: posts small blind $0.50
PayTaxOrDie: posts big blind $1
AlexPinsk1: sits out 
*** HOLE CARDS ***
BumHuntKing: folds 
bertiebandit04: folds 
Espada Fish: raises $2 to $3
PayTaxOrDie: calls $2
*** FLOP *** [5d Ad 9c]
Espada Fish: checks 
PayTaxOrDie: checks 
*** TURN *** [5d Ad 9c] [Jd]
Espada Fish: checks 
PayTaxOrDie: checks 
*** RIVER *** [5d Ad 9c Jd] [7c]
Espada Fish: bets $2.85
PayTaxOrDie: folds 
Uncalled bet ($2.85) returned to Espada Fish
Espada Fish collected $5.70 from pot
Espada Fish: doesn't show hand 
*** SUMMARY ***
Total pot $6 | Rake $0.30 
Board [5d Ad 9c Jd 7c]
Seat 2: AlexPinsk1
Seat 4: Rojiblanko03
Seat 1: PayTaxOrDie (big blind) folded on the River
Seat 3: BumHuntKing folded before Flop (didn't bet)
Seat 5: bertiebandit04 (button) folded before Flop (didn't bet)
Seat 6: Espada Fish (small blind) collected ($5.70)



PokerStars Hand #254397678526:  Hold'em No Limit ($0.50/$1.00 USD) - 2025/01/16 13:54:12 WET [2025/01/16 8:54:12 ET]
Table 'Cindijon III' 6-max Seat #6 is the button
Seat 4: Rojiblanko03 ($0 in chips) is sitting out
Seat 1: PayTaxOrDie ($110.13 in chips) 
Seat 2: AlexPinsk1 ($100 in chips) 
Seat 3: BumHuntKing ($113.51 in chips) 
Seat 5: bertiebandit04 ($114.67 in chips) 
Seat 6: Espada Fish ($102.70 in chips) 
PayTaxOrDie: posts small blind $0.50
AlexPinsk1: posts big blind $1
*** HOLE CARDS ***
BumHuntKing: folds 
bertiebandit04: folds 
Espada Fish: raises $1.50 to $2.50
PayTaxOrDie: folds 
AlexPinsk1: raises $9.50 to $12
Espada Fish: folds 
Uncalled bet ($9.50) returned to AlexPinsk1
AlexPinsk1 collected $5.50 from pot
AlexPinsk1: doesn't show hand 
*** SUMMARY ***
Total pot $5.50 | Rake $0 
Seat 4: Rojiblanko03
Seat 1: PayTaxOrDie (small blind) folded before Flop
Seat 2: AlexPinsk1 (big blind) collected ($5.50)
Seat 3: BumHuntKing folded before Flop (didn't bet)
Seat 5: bertiebandit04 folded before Flop (didn't bet)
Seat 6: Espada Fish (button) folded before Flop



PokerStars Hand #254397683696:  Hold'em No Limit ($0.50/$1.00 USD) - 2025/01/16 13:54:43 WET [2025/01/16 8:54:43 ET]
Table 'Cindijon III' 6-max Seat #1 is the button
Seat 4: Rojiblanko03 ($0 in chips) is sitting out
Seat 1: PayTaxOrDie ($109.63 in chips) 
Seat 2: AlexPinsk1 ($103 in chips) 
Seat 3: BumHuntKing ($113.51 in chips) 
Seat 5: bertiebandit04 ($114.67 in chips) 
Seat 6: Espada Fish ($100.20 in chips) 
AlexPinsk1: posts small blind $0.50
BumHuntKing: posts big blind $1
*** HOLE CARDS ***
bertiebandit04: folds 
Espada Fish: raises $1.20 to $2.20
PayTaxOrDie: folds 
AlexPinsk1: folds 
BumHuntKing: folds 
Uncalled bet ($1.20) returned to Espada Fish
Espada Fish collected $2.50 from pot
Espada Fish: doesn't show hand 
*** SUMMARY ***
Total pot $2.50 | Rake $0 
Seat 4: Rojiblanko03
Seat 1: PayTaxOrDie (button) folded before Flop (didn't bet)
Seat 2: AlexPinsk1 (small blind) folded before Flop
Seat 3: BumHuntKing (big blind) folded before Flop
Seat 5: bertiebandit04 folded before Flop (didn't bet)
Seat 6: Espada Fish collected ($2.50)



PokerStars Hand #254397686888:  Hold'em No Limit ($0.50/$1.00 USD) - 2025/01/16 13:55:01 WET [2025/01/16 8:55:01 ET]
Table 'Cindijon III' 6-max Seat #2 is the button
Seat 4: Rojiblanko03 ($0 in chips) is sitting out
Seat 1: PayTaxOrDie ($109.63 in chips) 
Seat 2: AlexPinsk1 ($102.50 in chips) 
Seat 3: BumHuntKing ($112.51 in chips) 
Seat 5: bertiebandit04 ($114.67 in chips) 
Seat 6: Espada Fish ($101.70 in chips) 
BumHuntKing: posts small blind $0.50
bertiebandit04: posts big blind $1
*** HOLE CARDS ***
Espada Fish: raises $1.20 to $2.20
PayTaxOrDie: folds 
AlexPinsk1: folds 
BumHuntKing: calls $1.70
bertiebandit04: calls $1.20
*** FLOP *** [Jd 3c 2c]
BumHuntKing: checks 
bertiebandit04: bets $6.27
Espada Fish: folds 
BumHuntKing: calls $6.27
*** TURN *** [Jd 3c 2c] [Tc]
BumHuntKing: checks 
bertiebandit04: bets $9.09
BumHuntKing: calls $9.09
*** RIVER *** [Jd 3c 2c Tc] [9s]
BumHuntKing: checks 
bertiebandit04: checks 
*** SHOW DOWN ***
BumHuntKing: shows [Jh Th] (two pair, Jacks and Tens)
bertiebandit04: shows [2h 2d] (three of a kind, Deuces)
bertiebandit04 collected $35.45 from pot
*** SUMMARY ***
Total pot $37.32 | Rake $1.87 
Board [Jd 3c 2c Tc 9s]
Seat 4: Rojiblanko03
Seat 1: PayTaxOrDie folded before Flop (didn't bet)
Seat 2: AlexPinsk1 (button) folded before Flop (didn't bet)
Seat 3: BumHuntKing (small blind) showed [Jh Th] and lost with two pair, Jacks and Tens
Seat 5: bertiebandit04 (big blind) showed [2h 2d] and won ($35.45) with three of a kind, Deuces
Seat 6: Espada Fish folded on the Flop



PokerStars Hand #254397695624:  Hold'em No Limit ($0.50/$1.00 USD) - 2025/01/16 13:56:04 WET [2025/01/16 8:56:04 ET]
Table 'Cindijon III' 6-max Seat #3 is the button
Seat 4: Rojiblanko03 ($0 in chips) is sitting out
Seat 1: PayTaxOrDie ($109.63 in chips) 
Seat 2: AlexPinsk1 ($102.50 in chips) 
Seat 3: BumHuntKing ($100 in chips) 
Seat 5: bertiebandit04 ($132.56 in chips) 
Seat 6: Espada Fish ($100 in chips) 
bertiebandit04: posts small blind $0.50
Espada Fish: posts big blind $1
*** HOLE CARDS ***
Rojiblanko03 leaves the table
PayTaxOrDie: folds 
AlexPinsk1: folds 
BumHuntKing: raises $1.50 to $2.50
bertiebandit04: folds 
Espada Fish: raises $9.50 to $12
BumHuntKing: calls $9.50
*** FLOP *** [Ac 8d 8h]
Espada Fish: bets $7.68
coeeeelho joins the table at seat #4 
BumHuntKing: calls $7.68
*** TURN *** [Ac 8d 8h] [2c]
Espada Fish: checks 
BumHuntKing: checks 
*** RIVER *** [Ac 8d 8h 2c] [2d]
Espada Fish: checks 
BumHuntKing: bets $12.50
Espada Fish: calls $12.50
*** SHOW DOWN ***
BumHuntKing: shows [Ad 6d] (two pair, Aces and Eights)
Espada Fish: mucks hand 
BumHuntKing collected $62.36 from pot
*** SUMMARY ***
Total pot $64.86 | Rake $2.50 
Board [Ac 8d 8h 2c 2d]
Seat 4: Rojiblanko03
Seat 1: PayTaxOrDie folded before Flop (didn't bet)
Seat 2: AlexPinsk1 folded before Flop (didn't bet)
Seat 3: BumHuntKing (button) showed [Ad 6d] and won ($62.36) with two pair, Aces and Eights
Seat 5: bertiebandit04 (small blind) folded before Flop
Seat 6: Espada Fish (big blind) mucked



PokerStars Hand #254397711517:  Hold'em No Limit ($0.50/$1.00 USD) - 2025/01/16 13:58:02 WET [2025/01/16 8:58:02 ET]
Table 'Cindijon III' 6-max Seat #5 is the button
Seat 4: coeeeelho ($100 in chips) is sitting out
Seat 1: PayTaxOrDie ($109.63 in chips) 
Seat 2: AlexPinsk1 ($102.50 in chips) 
Seat 3: BumHuntKing ($130.18 in chips) 
Seat 5: bertiebandit04 ($132.06 in chips) 
Seat 6: Espada Fish ($100 in chips) 
Espada Fish: posts small blind $0.50
PayTaxOrDie: posts big blind $1
coeeeelho: sits out 
*** HOLE CARDS ***
AlexPinsk1: folds 
BumHuntKing: raises $1.20 to $2.20
bertiebandit04: calls $2.20
Espada Fish: folds 
PayTaxOrDie: calls $1.20
*** FLOP *** [9c Kh 2s]
PayTaxOrDie: checks 
BumHuntKing: checks 
bertiebandit04: checks 
*** TURN *** [9c Kh 2s] [5c]
PayTaxOrDie: bets $10.11
BumHuntKing: calls $10.11
bertiebandit04: folds 
*** RIVER *** [9c Kh 2s 5c] [3s]
PayTaxOrDie: checks 
BumHuntKing: bets $38.92
PayTaxOrDie: folds 
Uncalled bet ($38.92) returned to BumHuntKing
BumHuntKing collected $25.95 from pot
BumHuntKing: doesn't show hand 
*** SUMMARY ***
Total pot $27.32 | Rake $1.37 
Board [9c Kh 2s 5c 3s]
Seat 4: coeeeelho
Seat 1: PayTaxOrDie (big blind) folded on the River
Seat 2: AlexPinsk1 folded before Flop (didn't bet)
Seat 3: BumHuntKing collected ($25.95)
Seat 5: bertiebandit04 (button) folded on the Turn
Seat 6: Espada Fish (small blind) folded before Flop



PokerStars Hand #254397721811:  Hold'em No Limit ($0.50/$1.00 USD) - 2025/01/16 13:59:17 WET [2025/01/16 8:59:17 ET]
Table 'Cindijon III' 6-max Seat #6 is the button
Seat 4: coeeeelho ($100 in chips) is sitting out
Seat 1: PayTaxOrDie ($100 in chips) 
Seat 2: AlexPinsk1 ($102.50 in chips) 
Seat 3: BumHuntKing ($143.82 in chips) 
Seat 5: bertiebandit04 ($129.86 in chips) 
Seat 6: Espada Fish ($100 in chips) 
PayTaxOrDie: posts small blind $0.50
AlexPinsk1: posts big blind $1
coeeeelho: sits out 
*** HOLE CARDS ***
BumHuntKing: folds 
bertiebandit04: folds 
Espada Fish: folds 
PayTaxOrDie: raises $2 to $3
AlexPinsk1: calls $2
*** FLOP *** [6s Ks 7h]
PayTaxOrDie: bets $1.43
AlexPinsk1: calls $1.43
*** TURN *** [6s Ks 7h] [8c]
PayTaxOrDie: bets $3.37
AlexPinsk1: raises $10.13 to $13.50
PayTaxOrDie: calls $10.13
*** RIVER *** [6s Ks 7h 8c] [6c]
PayTaxOrDie: checks 
AlexPinsk1: checks 
*** SHOW DOWN ***
PayTaxOrDie: shows [Td Kd] (two pair, Kings and Sixes)
AlexPinsk1: mucks hand 
PayTaxOrDie collected $34.07 from pot
*** SUMMARY ***
Total pot $35.86 | Rake $1.79 
Board [6s Ks 7h 8c 6c]
Seat 4: coeeeelho
Seat 1: PayTaxOrDie (small blind) showed [Td Kd] and won ($34.07) with two pair, Kings and Sixes
Seat 2: AlexPinsk1 (big blind) mucked
Seat 3: BumHuntKing folded before Flop (didn't bet)
Seat 5: bertiebandit04 folded before Flop (didn't bet)
Seat 6: Espada Fish (button) folded before Flop (didn't bet)



PokerStars Hand #254397738210:  Hold'em No Limit ($0.50/$1.00 USD) - 2025/01/16 14:01:10 WET [2025/01/16 9:01:10 ET]
Table 'Cindijon III' 6-max Seat #2 is the button
Seat 2: AlexPinsk1 ($100 in chips) 
Seat 3: BumHuntKing ($143.82 in chips) 
Seat 4: coeeeelho ($100 in chips) 
Seat 5: bertiebandit04 ($129.86 in chips) 
Seat 6: Espada Fish ($100 in chips) 
BumHuntKing: posts small blind $0.50
coeeeelho: posts big blind $1
*** HOLE CARDS ***
bertiebandit04: folds 
Espada Fish: folds 
franco232315 joins the table at seat #1 
AlexPinsk1: raises $1.50 to $2.50
BumHuntKing: folds 
coeeeelho: folds 
Uncalled bet ($1.50) returned to AlexPinsk1
AlexPinsk1 collected $2.50 from pot
AlexPinsk1: doesn't show hand 
*** SUMMARY ***
Total pot $2.50 | Rake $0 
Seat 2: AlexPinsk1 (button) collected ($2.50)
Seat 3: BumHuntKing (small blind) folded before Flop
Seat 4: coeeeelho (big blind) folded before Flop
Seat 5: bertiebandit04 folded before Flop (didn't bet)
Seat 6: Espada Fish folded before Flop (didn't bet)



PokerStars Hand #254397740664:  Hold'em No Limit ($0.50/$1.00 USD) - 2025/01/16 14:01:25 WET [2025/01/16 9:01:25 ET]
Table 'Cindijon III' 6-max Seat #3 is the button
Seat 1: franco232315 ($100 in chips) is sitting out
Seat 2: AlexPinsk1 ($101.50 in chips) 
Seat 3: BumHuntKing ($143.32 in chips) 
Seat 4: coeeeelho ($100 in chips) 
Seat 5: bertiebandit04 ($129.86 in chips) 
Seat 6: Espada Fish ($100 in chips) 
coeeeelho: posts small blind $0.50
bertiebandit04: posts big blind $1
franco232315: sits out 
*** HOLE CARDS ***
Espada Fish: folds 
AlexPinsk1: folds 
BumHuntKing: folds 
coeeeelho: raises $2 to $3
bertiebandit04: folds 
Uncalled bet ($2) returned to coeeeelho
coeeeelho collected $2 from pot
*** SUMMARY ***
Total pot $2 | Rake $0 
Seat 1: franco232315
Seat 2: AlexPinsk1 folded before Flop (didn't bet)
Seat 3: BumHuntKing (button) folded before Flop (didn't bet)
Seat 4: coeeeelho (small blind) collected ($2)
Seat 5: bertiebandit04 (big blind) folded before Flop
Seat 6: Espada Fish folded before Flop (didn't bet)



PokerStars Hand #254397744710:  Hold'em No Limit ($0.50/$1.00 USD) - 2025/01/16 14:01:49 WET [2025/01/16 9:01:49 ET]
Table 'Cindijon III' 6-max Seat #4 is the button
Seat 1: franco232315 ($100 in chips) is sitting out
Seat 2: AlexPinsk1 ($101.50 in chips) 
Seat 3: BumHuntKing ($143.32 in chips) 
Seat 4: coeeeelho ($101 in chips) 
Seat 5: bertiebandit04 ($128.86 in chips) 
Seat 6: Espada Fish ($100 in chips) 
bertiebandit04: posts small blind $0.50
Espada Fish: posts big blind $1
franco232315: sits out 
*** HOLE CARDS ***
AlexPinsk1: folds 
BumHuntKing: folds 
coeeeelho: folds 
bertiebandit04: calls $0.50
Espada Fish: checks 
*** FLOP *** [Tc 4s Js]
bertiebandit04: bets $1
Espada Fish: folds 
Uncalled bet ($1) returned to bertiebandit04
bertiebandit04 collected $1.90 from pot
*** SUMMARY ***
Total pot $2 | Rake $0.10 
Board [Tc 4s Js]
Seat 1: franco232315
Seat 2: AlexPinsk1 folded before Flop (didn't bet)
Seat 3: BumHuntKing folded before Flop (didn't bet)
Seat 4: coeeeelho (button) folded before Flop (didn't bet)
Seat 5: bertiebandit04 (small blind) collected ($1.90)
Seat 6: Espada Fish (big blind) folded on the Flop



PokerStars Hand #254397748209:  Hold'em No Limit ($0.50/$1.00 USD) - 2025/01/16 14:02:10 WET [2025/01/16 9:02:10 ET]
Table 'Cindijon III' 6-max Seat #5 is the button
Seat 1: franco232315 ($100 in chips) 
Seat 2: AlexPinsk1 ($101.50 in chips) 
Seat 3: BumHuntKing ($143.32 in chips) 
Seat 4: coeeeelho ($101 in chips) 
Seat 5: bertiebandit04 ($129.76 in chips) 
Seat 6: Espada Fish ($100 in chips) 
Espada Fish: posts small blind $0.50
franco232315: posts big blind $1
*** HOLE CARDS ***
AlexPinsk1: folds 
BumHuntKing: folds 
coeeeelho: folds 
bertiebandit04: raises $1 to $2
Espada Fish: folds 
franco232315: calls $1
*** FLOP *** [Ah Qc Js]
franco232315: checks 
bertiebandit04: bets $4.28
franco232315: calls $4.28
*** TURN *** [Ah Qc Js] [2d]
franco232315: checks 
bertiebandit04: bets $4
franco232315: calls $4
*** RIVER *** [Ah Qc Js 2d] [4c]
franco232315: checks 
bertiebandit04: checks 
*** SHOW DOWN ***
franco232315: shows [Ac 3d] (a pair of Aces)
bertiebandit04: shows [As 8c] (a pair of Aces - Queen+Jack+Eight kicker)
bertiebandit04 collected $20.01 from pot
*** SUMMARY ***
Total pot $21.06 | Rake $1.05 
Board [Ah Qc Js 2d 4c]
Seat 1: franco232315 (big blind) showed [Ac 3d] and lost with a pair of Aces
Seat 2: AlexPinsk1 folded before Flop (didn't bet)
Seat 3: BumHuntKing folded before Flop (didn't bet)
Seat 4: coeeeelho folded before Flop (didn't bet)
Seat 5: bertiebandit04 (button) showed [As 8c] and won ($20.01) with a pair of Aces
Seat 6: Espada Fish (small blind) folded before Flop



PokerStars Hand #254397760938:  Hold'em No Limit ($0.50/$1.00 USD) - 2025/01/16 14:03:25 WET [2025/01/16 9:03:25 ET]
Table 'Cindijon III' 6-max Seat #6 is the button
Seat 1: franco232315 ($100 in chips) 
Seat 2: AlexPinsk1 ($101.50 in chips) 
Seat 3: BumHuntKing ($143.32 in chips) 
Seat 4: coeeeelho ($101 in chips) 
Seat 5: bertiebandit04 ($139.49 in chips) 
Seat 6: Espada Fish ($100 in chips) 
franco232315: posts small blind $0.50
AlexPinsk1: posts big blind $1
*** HOLE CARDS ***
BumHuntKing: folds 
coeeeelho: folds 
bertiebandit04: folds 
Espada Fish: folds 
franco232315: raises $2 to $3
AlexPinsk1: calls $2
*** FLOP *** [4s 6h 2h]
BumHuntKing leaves the table
franco232315: checks 
AlexPinsk1: bets $1.71
franco232315: calls $1.71
*** TURN *** [4s 6h 2h] [9s]
franco232315: checks 
AlexPinsk1: bets $13.50
Pippa83 joins the table at seat #3 
franco232315: calls $13.50
*** RIVER *** [4s 6h 2h 9s] [7s]
franco232315: checks 
AlexPinsk1: bets $83.29 and is all-in
franco232315: folds 
Uncalled bet ($83.29) returned to AlexPinsk1
AlexPinsk1 collected $34.60 from pot
AlexPinsk1: doesn't show hand 
*** SUMMARY ***
Total pot $36.42 | Rake $1.82 
Board [4s 6h 2h 9s 7s]
Seat 1: franco232315 (small blind) folded on the River
Seat 2: AlexPinsk1 (big blind) collected ($34.60)
Seat 3: BumHuntKing folded before Flop (didn't bet)
Seat 4: coeeeelho folded before Flop (didn't bet)
Seat 5: bertiebandit04 folded before Flop (didn't bet)
Seat 6: Espada Fish (button) folded before Flop (didn't bet)



PokerStars Hand #254397785568:  Hold'em No Limit ($0.50/$1.00 USD) - 2025/01/16 14:05:50 WET [2025/01/16 9:05:50 ET]
Table 'Cindijon III' 6-max Seat #1 is the button
Seat 1: franco232315 ($100 in chips) 
Seat 2: AlexPinsk1 ($117.89 in chips) 
Seat 3: Pippa83 ($100 in chips) 
Seat 4: coeeeelho ($101 in chips) 
Seat 5: bertiebandit04 ($139.49 in chips) 
Seat 6: Espada Fish ($100 in chips) 
AlexPinsk1: posts small blind $0.50
Pippa83: posts big blind $1
*** HOLE CARDS ***
coeeeelho: folds 
bertiebandit04: folds 
Espada Fish: raises $1.20 to $2.20
franco232315: folds 
AlexPinsk1: folds 
Pippa83: folds 
Uncalled bet ($1.20) returned to Espada Fish
Espada Fish collected $2.50 from pot
Espada Fish: doesn't show hand 
*** SUMMARY ***
Total pot $2.50 | Rake $0 
Seat 1: franco232315 (button) folded before Flop (didn't bet)
Seat 2: AlexPinsk1 (small blind) folded before Flop
Seat 3: Pippa83 (big blind) folded before Flop
Seat 4: coeeeelho folded before Flop (didn't bet)
Seat 5: bertiebandit04 folded before Flop (didn't bet)
Seat 6: Espada Fish collected ($2.50)



PokerStars Hand #254397789837:  Hold'em No Limit ($0.50/$1.00 USD) - 2025/01/16 14:06:14 WET [2025/01/16 9:06:14 ET]
Table 'Cindijon III' 6-max Seat #2 is the button
Seat 1: franco232315 ($100 in chips) 
Seat 2: AlexPinsk1 ($117.39 in chips) 
Seat 3: Pippa83 ($100 in chips) 
Seat 4: coeeeelho ($101 in chips) 
Seat 5: bertiebandit04 ($139.49 in chips) 
Seat 6: Espada Fish ($101.50 in chips) 
Pippa83: posts small blind $0.50
coeeeelho: posts big blind $1
*** HOLE CARDS ***
bertiebandit04: folds 
Espada Fish: folds 
franco232315: folds 
AlexPinsk1: folds 
Pippa83: raises $2 to $3
coeeeelho: calls $2
*** FLOP *** [5c 3s Jc]
Pippa83: checks 
coeeeelho: bets $2.85
Pippa83: folds 
Uncalled bet ($2.85) returned to coeeeelho
coeeeelho collected $5.70 from pot
*** SUMMARY ***
Total pot $6 | Rake $0.30 
Board [5c 3s Jc]
Seat 1: franco232315 folded before Flop (didn't bet)
Seat 2: AlexPinsk1 (button) folded before Flop (didn't bet)
Seat 3: Pippa83 (small blind) folded on the Flop
Seat 4: coeeeelho (big blind) collected ($5.70)
Seat 5: bertiebandit04 folded before Flop (didn't bet)
Seat 6: Espada Fish folded before Flop (didn't bet)



PokerStars Hand #254397796097:  Hold'em No Limit ($0.50/$1.00 USD) - 2025/01/16 14:06:50 WET [2025/01/16 9:06:50 ET]
Table 'Cindijon III' 6-max Seat #3 is the button
Seat 1: franco232315 ($100 in chips) 
Seat 2: AlexPinsk1 ($117.39 in chips) 
Seat 3: Pippa83 ($100 in chips) 
Seat 4: coeeeelho ($103.70 in chips) 
Seat 5: bertiebandit04 ($139.49 in chips) 
Seat 6: Espada Fish ($101.50 in chips) 
coeeeelho: posts small blind $0.50
bertiebandit04: posts big blind $1
*** HOLE CARDS ***
Espada Fish: folds 
franco232315: folds 
AlexPinsk1: folds 
Pippa83: folds 
coeeeelho: folds 
Uncalled bet ($0.50) returned to bertiebandit04
bertiebandit04 collected $1 from pot
*** SUMMARY ***
Total pot $1 | Rake $0 
Seat 1: franco232315 folded before Flop (didn't bet)
Seat 2: AlexPinsk1 folded before Flop (didn't bet)
Seat 3: Pippa83 (button) folded before Flop (didn't bet)
Seat 4: coeeeelho (small blind) folded before Flop
Seat 5: bertiebandit04 (big blind) collected ($1)
Seat 6: Espada Fish folded before Flop (didn't bet)



PokerStars Hand #254397798407:  Hold'em No Limit ($0.50/$1.00 USD) - 2025/01/16 14:07:04 WET [2025/01/16 9:07:04 ET]
Table 'Cindijon III' 6-max Seat #4 is the button
Seat 1: franco232315 ($100 in chips) 
Seat 2: AlexPinsk1 ($117.39 in chips) 
Seat 3: Pippa83 ($100 in chips) 
Seat 4: coeeeelho ($103.20 in chips) 
Seat 5: bertiebandit04 ($139.99 in chips) 
Seat 6: Espada Fish ($101.50 in chips) 
bertiebandit04: posts small blind $0.50
Espada Fish: posts big blind $1
*** HOLE CARDS ***
franco232315: folds 
AlexPinsk1: folds 
Pippa83: folds 
coeeeelho: raises $1.50 to $2.50
bertiebandit04: folds 
Espada Fish: folds 
Uncalled bet ($1.50) returned to coeeeelho
coeeeelho collected $2.50 from pot
*** SUMMARY ***
Total pot $2.50 | Rake $0 
Seat 1: franco232315 folded before Flop (didn't bet)
Seat 2: AlexPinsk1 folded before Flop (didn't bet)
Seat 3: Pippa83 folded before Flop (didn't bet)
Seat 4: coeeeelho (button) collected ($2.50)
Seat 5: bertiebandit04 (small blind) folded before Flop
Seat 6: Espada Fish (big blind) folded before Flop



PokerStars Hand #254397800758:  Hold'em No Limit ($0.50/$1.00 USD) - 2025/01/16 14:07:18 WET [2025/01/16 9:07:18 ET]
Table 'Cindijon III' 6-max Seat #5 is the button
Seat 1: franco232315 ($100 in chips) 
Seat 2: AlexPinsk1 ($117.39 in chips) 
Seat 3: Pippa83 ($100 in chips) 
Seat 4: coeeeelho ($104.70 in chips) 
Seat 5: bertiebandit04 ($139.49 in chips) 
Seat 6: Espada Fish ($100.50 in chips) 
Espada Fish: posts small blind $0.50
franco232315: posts big blind $1
*** HOLE CARDS ***
AlexPinsk1: folds 
Pippa83: raises $1.20 to $2.20
coeeeelho: folds 
bertiebandit04: calls $2.20
Espada Fish: folds 
franco232315: calls $1.20
*** FLOP *** [7s 3d 7c]
franco232315: checks 
Pippa83: checks 
bertiebandit04: checks 
*** TURN *** [7s 3d 7c] [7h]
franco232315: checks 
Pippa83: bets $5.06
bertiebandit04: folds 
franco232315: folds 
Uncalled bet ($5.06) returned to Pippa83
Pippa83 collected $6.74 from pot
Pippa83: doesn't show hand 
*** SUMMARY ***
Total pot $7.10 | Rake $0.36 
Board [7s 3d 7c 7h]
Seat 1: franco232315 (big blind) folded on the Turn
Seat 2: AlexPinsk1 folded before Flop (didn't bet)
Seat 3: Pippa83 collected ($6.74)
Seat 4: coeeeelho folded before Flop (didn't bet)
Seat 5: bertiebandit04 (button) folded on the Turn
Seat 6: Espada Fish (small blind) folded before Flop



PokerStars Hand #254397811942:  Hold'em No Limit ($0.50/$1.00 USD) - 2025/01/16 14:08:23 WET [2025/01/16 9:08:23 ET]
Table 'Cindijon III' 6-max Seat #6 is the button
Seat 1: franco232315 ($100 in chips) 
Seat 2: AlexPinsk1 ($117.39 in chips) 
Seat 4: coeeeelho ($104.70 in chips) 
Seat 5: bertiebandit04 ($137.29 in chips) 
Seat 6: Espada Fish ($100 in chips) 
franco232315: posts small blind $0.50
AlexPinsk1: posts big blind $1
*** HOLE CARDS ***
coeeeelho: folds 
bertiebandit04: folds 
Espada Fish: folds 
franco232315: folds 
Uncalled bet ($0.50) returned to AlexPinsk1
AlexPinsk1 collected $1 from pot
AlexPinsk1: doesn't show hand 
ptolejmus joins the table at seat #3 
*** SUMMARY ***
Total pot $1 | Rake $0 
Seat 1: franco232315 (small blind) folded before Flop
Seat 2: AlexPinsk1 (big blind) collected ($1)
Seat 4: coeeeelho folded before Flop (didn't bet)
Seat 5: bertiebandit04 folded before Flop (didn't bet)
Seat 6: Espada Fish (button) folded before Flop (didn't bet)



PokerStars Hand #254397813836:  Hold'em No Limit ($0.50/$1.00 USD) - 2025/01/16 14:08:34 WET [2025/01/16 9:08:34 ET]
Table 'Cindijon III' 6-max Seat #1 is the button
Seat 1: franco232315 ($100 in chips) 
Seat 2: AlexPinsk1 ($117.89 in chips) 
Seat 3: ptolejmus ($10 in chips) 
Seat 4: coeeeelho ($104.70 in chips) 
Seat 5: bertiebandit04 ($137.29 in chips) 
Seat 6: Espada Fish ($100 in chips) 
AlexPinsk1: posts small blind $0.50
ptolejmus: posts big blind $1
*** HOLE CARDS ***
coeeeelho: folds 
bertiebandit04: folds 
Espada Fish: folds 
franco232315: folds 
AlexPinsk1: folds 
Uncalled bet ($0.50) returned to ptolejmus
ptolejmus collected $1 from pot
*** SUMMARY ***
Total pot $1 | Rake $0 
Seat 1: franco232315 (button) folded before Flop (didn't bet)
Seat 2: AlexPinsk1 (small blind) folded before Flop
Seat 3: ptolejmus (big blind) collected ($1)
Seat 4: coeeeelho folded before Flop (didn't bet)
Seat 5: bertiebandit04 folded before Flop (didn't bet)
Seat 6: Espada Fish folded before Flop (didn't bet)



PokerStars Hand #254397816680:  Hold'em No Limit ($0.50/$1.00 USD) - 2025/01/16 14:08:50 WET [2025/01/16 9:08:50 ET]
Table 'Cindijon III' 6-max Seat #2 is the button
Seat 1: franco232315 ($100 in chips) 
Seat 2: AlexPinsk1 ($117.39 in chips) 
Seat 3: ptolejmus ($10.50 in chips) 
Seat 4: coeeeelho ($104.70 in chips) 
Seat 5: bertiebandit04 ($137.29 in chips) 
Seat 6: Espada Fish ($100 in chips) 
ptolejmus: posts small blind $0.50
coeeeelho: posts big blind $1
*** HOLE CARDS ***
bertiebandit04: folds 
Espada Fish: folds 
franco232315: folds 
AlexPinsk1: folds 
ptolejmus: raises $1 to $2
coeeeelho: folds 
Uncalled bet ($1) returned to ptolejmus
ptolejmus collected $2 from pot
*** SUMMARY ***
Total pot $2 | Rake $0 
Seat 1: franco232315 folded before Flop (didn't bet)
Seat 2: AlexPinsk1 (button) folded before Flop (didn't bet)
Seat 3: ptolejmus (small blind) collected ($2)
Seat 4: coeeeelho (big blind) folded before Flop
Seat 5: bertiebandit04 folded before Flop (didn't bet)
Seat 6: Espada Fish folded before Flop (didn't bet)



PokerStars Hand #254397820944:  Hold'em No Limit ($0.50/$1.00 USD) - 2025/01/16 14:09:15 WET [2025/01/16 9:09:15 ET]
Table 'Cindijon III' 6-max Seat #3 is the button
Seat 1: franco232315 ($100 in chips) 
Seat 2: AlexPinsk1 ($117.39 in chips) 
Seat 3: ptolejmus ($11.50 in chips) 
Seat 4: coeeeelho ($103.70 in chips) 
Seat 5: bertiebandit04 ($137.29 in chips) 
Seat 6: Espada Fish ($100 in chips) 
coeeeelho: posts small blind $0.50
bertiebandit04: posts big blind $1
*** HOLE CARDS ***
Espada Fish: folds 
franco232315: raises $1.20 to $2.20
AlexPinsk1: raises $4.80 to $7
ptolejmus: folds 
coeeeelho: folds 
bertiebandit04: folds 
franco232315: folds 
Uncalled bet ($4.80) returned to AlexPinsk1
Espada Fish leaves the table
AlexPinsk1 collected $5.90 from pot
AlexPinsk1: doesn't show hand 
*** SUMMARY ***
Total pot $5.90 | Rake $0 
Seat 1: franco232315 folded before Flop
Seat 2: AlexPinsk1 collected ($5.90)
Seat 3: ptolejmus (button) folded before Flop (didn't bet)
Seat 4: coeeeelho (small blind) folded before Flop
Seat 5: bertiebandit04 (big blind) folded before Flop
Seat 6: Espada Fish folded before Flop (didn't bet)



PokerStars Hand #254397824954:  Hold'em No Limit ($0.50/$1.00 USD) - 2025/01/16 14:09:39 WET [2025/01/16 9:09:39 ET]
Table 'Cindijon III' 6-max Seat #4 is the button
Seat 1: franco232315 ($100 in chips) 
Seat 2: AlexPinsk1 ($121.09 in chips) 
Seat 3: ptolejmus ($11.50 in chips) 
Seat 4: coeeeelho ($103.20 in chips) 
Seat 5: bertiebandit04 ($136.29 in chips) 
bertiebandit04: posts small blind $0.50
franco232315: posts big blind $1
*** HOLE CARDS ***
AlexPinsk1: folds 
ptolejmus: raises $1 to $2
Pippa83 joins the table at seat #6 
coeeeelho: folds 
bertiebandit04: folds 
franco232315: folds 
Uncalled bet ($1) returned to ptolejmus
ptolejmus collected $2.50 from pot
*** SUMMARY ***
Total pot $2.50 | Rake $0 
Seat 1: franco232315 (big blind) folded before Flop
Seat 2: AlexPinsk1 folded before Flop (didn't bet)
Seat 3: ptolejmus collected ($2.50)
Seat 4: coeeeelho (button) folded before Flop (didn't bet)
Seat 5: bertiebandit04 (small blind) folded before Flop



PokerStars Hand #254397828461:  Hold'em No Limit ($0.50/$1.00 USD) - 2025/01/16 14:10:00 WET [2025/01/16 9:10:00 ET]
Table 'Cindijon III' 6-max Seat #5 is the button
Seat 6: Pippa83 ($104.54 in chips) is sitting out
Seat 1: franco232315 ($100 in chips) 
Seat 2: AlexPinsk1 ($121.09 in chips) 
Seat 3: ptolejmus ($13 in chips) 
Seat 4: coeeeelho ($103.20 in chips) 
Seat 5: bertiebandit04 ($135.79 in chips) 
franco232315: posts small blind $0.50
AlexPinsk1: posts big blind $1
*** HOLE CARDS ***
ptolejmus: folds 
coeeeelho: folds 
bertiebandit04: folds 
franco232315: folds 
Uncalled bet ($0.50) returned to AlexPinsk1
AlexPinsk1 collected $1 from pot
AlexPinsk1: doesn't show hand 
*** SUMMARY ***
Total pot $1 | Rake $0 
Seat 6: Pippa83
Seat 1: franco232315 (small blind) folded before Flop
Seat 2: AlexPinsk1 (big blind) collected ($1)
Seat 3: ptolejmus folded before Flop (didn't bet)
Seat 4: coeeeelho folded before Flop (didn't bet)
Seat 5: bertiebandit04 (button) folded before Flop (didn't bet)



PokerStars Hand #254397830943:  Hold'em No Limit ($0.50/$1.00 USD) - 2025/01/16 14:10:15 WET [2025/01/16 9:10:15 ET]
Table 'Cindijon III' 6-max Seat #1 is the button
Seat 6: Pippa83 ($104.54 in chips) is sitting out
Seat 1: franco232315 ($100 in chips) 
Seat 2: AlexPinsk1 ($121.59 in chips) 
Seat 3: ptolejmus ($13 in chips) 
Seat 4: coeeeelho ($103.20 in chips) 
Seat 5: bertiebandit04 ($135.79 in chips) 
AlexPinsk1: posts small blind $0.50
ptolejmus: posts big blind $1
Pippa83: sits out 
*** HOLE CARDS ***
coeeeelho: folds 
bertiebandit04: folds 
franco232315: folds 
AlexPinsk1: raises $2 to $3
ptolejmus: raises $10 to $13 and is all-in
AlexPinsk1: calls $10
*** FLOP *** [8s 2c Jd]
*** TURN *** [8s 2c Jd] [Qs]
*** RIVER *** [8s 2c Jd Qs] [5d]
*** SHOW DOWN ***
AlexPinsk1: shows [Ad Kc] (high card Ace)
ptolejmus: shows [9h Ah] (high card Ace - lower kicker)
AlexPinsk1 collected $24.70 from pot
ptolejmus cashed out the hand for $7.37 | Cash Out Fee $0.15
*** SUMMARY ***
Total pot $26 | Rake $1.30 
Board [8s 2c Jd Qs 5d]
Seat 6: Pippa83
Seat 1: franco232315 (button) folded before Flop (didn't bet)
Seat 2: AlexPinsk1 (small blind) showed [Ad Kc] and won ($24.70) with high card Ace
Seat 3: ptolejmus (big blind) showed [9h Ah] and lost with high card Ace (cashed out).
Seat 4: coeeeelho folded before Flop (didn't bet)
Seat 5: bertiebandit04 folded before Flop (didn't bet)



PokerStars Hand #254397837439:  Hold'em No Limit ($0.50/$1.00 USD) - 2025/01/16 14:10:53 WET [2025/01/16 9:10:53 ET]
Table 'Cindijon III' 6-max Seat #2 is the button
Seat 6: Pippa83 ($104.54 in chips) is sitting out
Seat 1: franco232315 ($100 in chips) 
Seat 2: AlexPinsk1 ($133.29 in chips) 
Seat 3: ptolejmus ($10 in chips) 
Seat 4: coeeeelho ($103.20 in chips) 
Seat 5: bertiebandit04 ($135.79 in chips) 
ptolejmus: posts small blind $0.50
coeeeelho: posts big blind $1
Pippa83: sits out 
*** HOLE CARDS ***
bertiebandit04: folds 
franco232315 has timed out
franco232315: folds 
AlexPinsk1: raises $1.50 to $2.50
ptolejmus: folds 
coeeeelho: folds 
Uncalled bet ($1.50) returned to AlexPinsk1
AlexPinsk1 collected $2.50 from pot
AlexPinsk1: doesn't show hand 
*** SUMMARY ***
Total pot $2.50 | Rake $0 
Seat 6: Pippa83
Seat 1: franco232315 folded before Flop (didn't bet)
Seat 2: AlexPinsk1 (button) collected ($2.50)
Seat 3: ptolejmus (small blind) folded before Flop
Seat 4: coeeeelho (big blind) folded before Flop
Seat 5: bertiebandit04 folded before Flop (didn't bet)



PokerStars Hand #254397842170:  Hold'em No Limit ($0.50/$1.00 USD) - 2025/01/16 14:11:21 WET [2025/01/16 9:11:21 ET]
Table 'Cindijon III' 6-max Seat #3 is the button
Seat 1: franco232315 ($100 in chips) is sitting out
Seat 6: Pippa83 ($104.54 in chips) is sitting out
Seat 2: AlexPinsk1 ($134.79 in chips) 
Seat 3: ptolejmus ($10 in chips) 
Seat 4: coeeeelho ($102.20 in chips) 
Seat 5: bertiebandit04 ($135.79 in chips) 
coeeeelho: posts small blind $0.50
bertiebandit04: posts big blind $1
Pippa83: sits out 
*** HOLE CARDS ***
AlexPinsk1: folds 
ptolejmus: folds 
coeeeelho: raises $2 to $3
bertiebandit04: calls $2
*** FLOP *** [6s 7d 3h]
coeeeelho: checks 
bertiebandit04: bets $2.85
coeeeelho: calls $2.85
*** TURN *** [6s 7d 3h] [5c]
coeeeelho: checks 
bertiebandit04: checks 
*** RIVER *** [6s 7d 3h 5c] [Td]
coeeeelho: bets $8.34
bertiebandit04: calls $8.34
*** SHOW DOWN ***
coeeeelho: shows [7h 5s] (two pair, Sevens and Fives)
bertiebandit04: mucks hand 
coeeeelho collected $27.38 from pot
*** SUMMARY ***
Total pot $28.38 | Rake $1 
Board [6s 7d 3h 5c Td]
Seat 1: franco232315
Seat 6: Pippa83
Seat 2: AlexPinsk1 folded before Flop (didn't bet)
Seat 3: ptolejmus (button) folded before Flop (didn't bet)
Seat 4: coeeeelho (small blind) showed [7h 5s] and won ($27.38) with two pair, Sevens and Fives
Seat 5: bertiebandit04 (big blind) mucked



PokerStars Hand #254397850593:  Hold'em No Limit ($0.50/$1.00 USD) - 2025/01/16 14:12:10 WET [2025/01/16 9:12:10 ET]
Table 'Cindijon III' 6-max Seat #4 is the button
Seat 1: franco232315 ($100 in chips) 
Seat 2: AlexPinsk1 ($134.79 in chips) 
Seat 3: ptolejmus ($10 in chips) 
Seat 4: coeeeelho ($115.39 in chips) 
Seat 5: bertiebandit04 ($121.60 in chips) 
Seat 6: Pippa83 ($104.54 in chips) 
bertiebandit04: posts small blind $0.50
Pippa83: posts big blind $1
*** HOLE CARDS ***
franco232315: folds 
AlexPinsk1: folds 
ptolejmus: folds 
coeeeelho: raises $1.20 to $2.20
bertiebandit04: folds 
Pippa83: calls $1.20
*** FLOP *** [6s 9d 9h]
Pippa83: checks 
coeeeelho: bets $1.17
Pippa83: raises $2.83 to $4
coeeeelho: calls $2.83
*** TURN *** [6s 9d 9h] [4c]
Pippa83: checks 
coeeeelho: checks 
*** RIVER *** [6s 9d 9h 4c] [Ad]
Pippa83: checks 
coeeeelho: checks 
*** SHOW DOWN ***
Pippa83: shows [7s 7d] (two pair, Nines and Sevens)
coeeeelho: mucks hand 
Pippa83 collected $12.26 from pot
*** SUMMARY ***
Total pot $12.90 | Rake $0.64 
Board [6s 9d 9h 4c Ad]
Seat 1: franco232315 folded before Flop (didn't bet)
Seat 2: AlexPinsk1 folded before Flop (didn't bet)
Seat 3: ptolejmus folded before Flop (didn't bet)
Seat 4: coeeeelho (button) mucked
Seat 5: bertiebandit04 (small blind) folded before Flop
Seat 6: Pippa83 (big blind) showed [7s 7d] and won ($12.26) with two pair, Nines and Sevens



PokerStars Hand #254397861513:  Hold'em No Limit ($0.50/$1.00 USD) - 2025/01/16 14:13:13 WET [2025/01/16 9:13:13 ET]
Table 'Cindijon III' 6-max Seat #5 is the button
Seat 1: franco232315 ($100 in chips) 
Seat 2: AlexPinsk1 ($134.79 in chips) 
Seat 3: ptolejmus ($10 in chips) 
Seat 4: coeeeelho ($109.19 in chips) 
Seat 5: bertiebandit04 ($121.10 in chips) 
Seat 6: Pippa83 ($110.60 in chips) 
Pippa83: posts small blind $0.50
franco232315: posts big blind $1
*** HOLE CARDS ***
AlexPinsk1: folds 
ptolejmus: raises $9 to $10 and is all-in
coeeeelho: folds 
bertiebandit04: folds 
Pippa83: folds 
franco232315: folds 
Uncalled bet ($9) returned to ptolejmus
ptolejmus collected $2.50 from pot
*** SUMMARY ***
Total pot $2.50 | Rake $0 
Seat 1: franco232315 (big blind) folded before Flop
Seat 2: AlexPinsk1 folded before Flop (didn't bet)
Seat 3: ptolejmus collected ($2.50)
Seat 4: coeeeelho folded before Flop (didn't bet)
Seat 5: bertiebandit04 (button) folded before Flop (didn't bet)
Seat 6: Pippa83 (small blind) folded before Flop



PokerStars Hand #254397865910:  Hold'em No Limit ($0.50/$1.00 USD) - 2025/01/16 14:13:39 WET [2025/01/16 9:13:39 ET]
Table 'Cindijon III' 6-max Seat #6 is the button
Seat 1: franco232315 ($100 in chips) 
Seat 2: AlexPinsk1 ($134.79 in chips) 
Seat 3: ptolejmus ($11.50 in chips) 
Seat 4: coeeeelho ($109.19 in chips) 
Seat 5: bertiebandit04 ($121.10 in chips) 
Seat 6: Pippa83 ($110.10 in chips) 
franco232315: posts small blind $0.50
AlexPinsk1: posts big blind $1
*** HOLE CARDS ***
ptolejmus: folds 
coeeeelho: folds 
bertiebandit04: folds 
Pippa83: raises $1.50 to $2.50
franco232315: raises $8.50 to $11
AlexPinsk1: folds 
Pippa83: raises $12.50 to $23.50
franco232315: folds 
Uncalled bet ($12.50) returned to Pippa83
Pippa83 collected $23 from pot
Pippa83: doesn't show hand 
*** SUMMARY ***
Total pot $23 | Rake $0 
Seat 1: franco232315 (small blind) folded before Flop
Seat 2: AlexPinsk1 (big blind) folded before Flop
Seat 3: ptolejmus folded before Flop (didn't bet)
Seat 4: coeeeelho folded before Flop (didn't bet)
Seat 5: bertiebandit04 folded before Flop (didn't bet)
Seat 6: Pippa83 (button) collected ($23)



PokerStars Hand #254397876017:  Hold'em No Limit ($0.50/$1.00 USD) - 2025/01/16 14:14:37 WET [2025/01/16 9:14:37 ET]
Table 'Cindijon III' 6-max Seat #1 is the button
Seat 1: franco232315 ($100 in chips) 
Seat 2: AlexPinsk1 ($133.79 in chips) 
Seat 3: ptolejmus ($11.50 in chips) 
Seat 4: coeeeelho ($109.19 in chips) 
Seat 5: bertiebandit04 ($121.10 in chips) 
Seat 6: Pippa83 ($122.10 in chips) 
AlexPinsk1: posts small blind $0.50
ptolejmus: posts big blind $1
*** HOLE CARDS ***
coeeeelho: raises $1.20 to $2.20
bertiebandit04: folds 
Pippa83: folds 
franco232315: folds 
AlexPinsk1: folds 
ptolejmus: folds 
Uncalled bet ($1.20) returned to coeeeelho
coeeeelho collected $2.50 from pot
*** SUMMARY ***
Total pot $2.50 | Rake $0 
Seat 1: franco232315 (button) folded before Flop (didn't bet)
Seat 2: AlexPinsk1 (small blind) folded before Flop
Seat 3: ptolejmus (big blind) folded before Flop
Seat 4: coeeeelho collected ($2.50)
Seat 5: bertiebandit04 folded before Flop (didn't bet)
Seat 6: Pippa83 folded before Flop (didn't bet)



PokerStars Hand #254397882459:  Hold'em No Limit ($0.50/$1.00 USD) - 2025/01/16 14:15:13 WET [2025/01/16 9:15:13 ET]
Table 'Cindijon III' 6-max Seat #2 is the button
Seat 1: franco232315 ($100 in chips) 
Seat 2: AlexPinsk1 ($133.29 in chips) 
Seat 3: ptolejmus ($10.50 in chips) 
Seat 4: coeeeelho ($110.69 in chips) 
Seat 5: bertiebandit04 ($121.10 in chips) 
Seat 6: Pippa83 ($122.10 in chips) 
ptolejmus: posts small blind $0.50
coeeeelho: posts big blind $1
*** HOLE CARDS ***
bertiebandit04: folds 
Pippa83: raises $1.20 to $2.20
franco232315: folds 
AlexPinsk1: folds 
ptolejmus: folds 
coeeeelho: folds 
Uncalled bet ($1.20) returned to Pippa83
coeeeelho leaves the table
Pippa83 collected $2.50 from pot
Pippa83: doesn't show hand 
*** SUMMARY ***
Total pot $2.50 | Rake $0 
Seat 1: franco232315 folded before Flop (didn't bet)
Seat 2: AlexPinsk1 (button) folded before Flop (didn't bet)
Seat 3: ptolejmus (small blind) folded before Flop
Seat 4: coeeeelho (big blind) folded before Flop
Seat 5: bertiebandit04 folded before Flop (didn't bet)
Seat 6: Pippa83 collected ($2.50)



PokerStars Hand #254397887924:  Hold'em No Limit ($0.50/$1.00 USD) - 2025/01/16 14:15:45 WET [2025/01/16 9:15:45 ET]
Table 'Cindijon III' 6-max Seat #3 is the button
Seat 1: franco232315 ($100 in chips) 
Seat 2: AlexPinsk1 ($133.29 in chips) 
Seat 3: ptolejmus ($10 in chips) 
Seat 5: bertiebandit04 ($121.10 in chips) 
Seat 6: Pippa83 ($123.60 in chips) 
bertiebandit04: posts small blind $0.50
Pippa83: posts big blind $1
*** HOLE CARDS ***
franco232315: raises $1.20 to $2.20
AlexPinsk1: folds 
ptolejmus: folds 
bertiebandit04: folds 
Pippa83: raises $9.80 to $12
franco232315: calls $9.80
*** FLOP *** [3h 9c 8h]
Pippa83: bets $12
franco232315: folds 
Uncalled bet ($12) returned to Pippa83
Pippa83 collected $23.28 from pot
Pippa83: doesn't show hand 
*** SUMMARY ***
Total pot $24.50 | Rake $1.22 
Board [3h 9c 8h]
Seat 1: franco232315 folded on the Flop
Seat 2: AlexPinsk1 folded before Flop (didn't bet)
Seat 3: ptolejmus (button) folded before Flop (didn't bet)
Seat 5: bertiebandit04 (small blind) folded before Flop
Seat 6: Pippa83 (big blind) collected ($23.28)



PokerStars Hand #254397896681:  Hold'em No Limit ($0.50/$1.00 USD) - 2025/01/16 14:16:35 WET [2025/01/16 9:16:35 ET]
Table 'Cindijon III' 6-max Seat #5 is the button
Seat 1: franco232315 ($100 in chips) 
Seat 2: AlexPinsk1 ($133.29 in chips) 
Seat 3: ptolejmus ($10 in chips) 
Seat 5: bertiebandit04 ($120.60 in chips) 
Seat 6: Pippa83 ($134.88 in chips) 
Pippa83: posts small blind $0.50
franco232315: posts big blind $1
*** HOLE CARDS ***
AlexPinsk1: folds 
ptolejmus: folds 
bertiebandit04: folds 
Pippa83: raises $2 to $3
franco232315: calls $2
*** FLOP *** [Kh 9c 6s]
Pippa83: checks 
R.M.Farcas joins the table at seat #4 
franco232315: bets $2.85
Pippa83: calls $2.85
*** TURN *** [Kh 9c 6s] [Qh]
Pippa83: checks 
franco232315: bets $5.56
Pippa83: folds 
Uncalled bet ($5.56) returned to franco232315
franco232315 collected $11.12 from pot
franco232315: doesn't show hand 
*** SUMMARY ***
Total pot $11.70 | Rake $0.58 
Board [Kh 9c 6s Qh]
Seat 1: franco232315 (big blind) collected ($11.12)
Seat 2: AlexPinsk1 folded before Flop (didn't bet)
Seat 3: ptolejmus folded before Flop (didn't bet)
Seat 5: bertiebandit04 (button) folded before Flop (didn't bet)
Seat 6: Pippa83 (small blind) folded on the Turn



PokerStars Hand #254397909215:  Hold'em No Limit ($0.50/$1.00 USD) - 2025/01/16 14:17:47 WET [2025/01/16 9:17:47 ET]
Table 'Cindijon III' 6-max Seat #6 is the button
Seat 4: R.M.Farcas ($80 in chips) is sitting out
Seat 1: franco232315 ($105.27 in chips) 
Seat 2: AlexPinsk1 ($133.29 in chips) 
Seat 3: ptolejmus ($10 in chips) 
Seat 5: bertiebandit04 ($120.60 in chips) 
Seat 6: Pippa83 ($129.03 in chips) 
franco232315: posts small blind $0.50
AlexPinsk1: posts big blind $1
R.M.Farcas: sits out 
*** HOLE CARDS ***
ptolejmus: folds 
bertiebandit04: folds 
Pippa83: folds 
franco232315: folds 
Uncalled bet ($0.50) returned to AlexPinsk1
AlexPinsk1 collected $1 from pot
AlexPinsk1: doesn't show hand 
*** SUMMARY ***
Total pot $1 | Rake $0 
Seat 4: R.M.Farcas
Seat 1: franco232315 (small blind) folded before Flop
Seat 2: AlexPinsk1 (big blind) collected ($1)
Seat 3: ptolejmus folded before Flop (didn't bet)
Seat 5: bertiebandit04 folded before Flop (didn't bet)
Seat 6: Pippa83 (button) folded before Flop (didn't bet)



PokerStars Hand #254397911251:  Hold'em No Limit ($0.50/$1.00 USD) - 2025/01/16 14:17:59 WET [2025/01/16 9:17:59 ET]
Table 'Cindijon III' 6-max Seat #1 is the button
Seat 4: R.M.Farcas ($80 in chips) is sitting out
Seat 1: franco232315 ($104.77 in chips) 
Seat 2: AlexPinsk1 ($133.79 in chips) 
Seat 3: ptolejmus ($10 in chips) 
Seat 5: bertiebandit04 ($120.60 in chips) 
Seat 6: Pippa83 ($129.03 in chips) 
AlexPinsk1: posts small blind $0.50
ptolejmus: posts big blind $1
R.M.Farcas: sits out 
*** HOLE CARDS ***
bertiebandit04: folds 
Pippa83: folds 
franco232315: folds 
AlexPinsk1: raises $132.79 to $133.79 and is all-in
ptolejmus: folds 
Uncalled bet ($132.79) returned to AlexPinsk1
AlexPinsk1 collected $2 from pot
AlexPinsk1: doesn't show hand 
*** SUMMARY ***
Total pot $2 | Rake $0 
Seat 4: R.M.Farcas
Seat 1: franco232315 (button) folded before Flop (didn't bet)
Seat 2: AlexPinsk1 (small blind) collected ($2)
Seat 3: ptolejmus (big blind) folded before Flop
Seat 5: bertiebandit04 folded before Flop (didn't bet)
Seat 6: Pippa83 folded before Flop (didn't bet)



PokerStars Hand #254397914710:  Hold'em No Limit ($0.50/$1.00 USD) - 2025/01/16 14:18:19 WET [2025/01/16 9:18:19 ET]
Table 'Cindijon III' 6-max Seat #2 is the button
Seat 1: franco232315 ($104.77 in chips) 
Seat 2: AlexPinsk1 ($134.79 in chips) 
Seat 3: ptolejmus ($10 in chips) 
Seat 4: R.M.Farcas ($80 in chips) 
Seat 5: bertiebandit04 ($120.60 in chips) 
Seat 6: Pippa83 ($129.03 in chips) 
ptolejmus: posts small blind $0.50
R.M.Farcas: posts big blind $1
*** HOLE CARDS ***
bertiebandit04: folds 
Pippa83: folds 
franco232315: raises $1.50 to $2.50
AlexPinsk1: folds 
ptolejmus: folds 
R.M.Farcas: calls $1.50
*** FLOP *** [Qs 2h 3s]
R.M.Farcas: checks 
franco232315: bets $1.72
R.M.Farcas: raises $4.33 to $6.05
franco232315: folds 
Uncalled bet ($4.33) returned to R.M.Farcas
R.M.Farcas collected $8.49 from pot
R.M.Farcas: doesn't show hand 
*** SUMMARY ***
Total pot $8.94 | Rake $0.45 
Board [Qs 2h 3s]
Seat 1: franco232315 folded on the Flop
Seat 2: AlexPinsk1 (button) folded before Flop (didn't bet)
Seat 3: ptolejmus (small blind) folded before Flop
Seat 4: R.M.Farcas (big blind) collected ($8.49)
Seat 5: bertiebandit04 folded before Flop (didn't bet)
Seat 6: Pippa83 folded before Flop (didn't bet)



PokerStars Hand #254397921344:  Hold'em No Limit ($0.50/$1.00 USD) - 2025/01/16 14:18:57 WET [2025/01/16 9:18:57 ET]
Table 'Cindijon III' 6-max Seat #3 is the button
Seat 1: franco232315 ($100.55 in chips) 
Seat 2: AlexPinsk1 ($134.79 in chips) 
Seat 3: ptolejmus ($10 in chips) 
Seat 4: R.M.Farcas ($84.27 in chips) 
Seat 5: bertiebandit04 ($120.60 in chips) 
Seat 6: Pippa83 ($129.03 in chips) 
R.M.Farcas: posts small blind $0.50
bertiebandit04: posts big blind $1
*** HOLE CARDS ***
Pippa83: folds 
franco232315: raises $1.20 to $2.20
AlexPinsk1: folds 
ptolejmus: folds 
R.M.Farcas: folds 
bertiebandit04: calls $1.20
*** FLOP *** [Kh 4d 5s]
bertiebandit04: checks 
franco232315: bets $1.54
bertiebandit04: folds 
Uncalled bet ($1.54) returned to franco232315
franco232315 collected $4.66 from pot
franco232315: doesn't show hand 
*** SUMMARY ***
Total pot $4.90 | Rake $0.24 
Board [Kh 4d 5s]
Seat 1: franco232315 collected ($4.66)
Seat 2: AlexPinsk1 folded before Flop (didn't bet)
Seat 3: ptolejmus (button) folded before Flop (didn't bet)
Seat 4: R.M.Farcas (small blind) folded before Flop
Seat 5: bertiebandit04 (big blind) folded on the Flop
Seat 6: Pippa83 folded before Flop (didn't bet)



PokerStars Hand #254397926243:  Hold'em No Limit ($0.50/$1.00 USD) - 2025/01/16 14:19:25 WET [2025/01/16 9:19:25 ET]
Table 'Cindijon III' 6-max Seat #4 is the button
Seat 1: franco232315 ($103.01 in chips) 
Seat 2: AlexPinsk1 ($134.79 in chips) 
Seat 3: ptolejmus ($10 in chips) 
Seat 4: R.M.Farcas ($83.77 in chips) 
Seat 5: bertiebandit04 ($118.40 in chips) 
Seat 6: Pippa83 ($129.03 in chips) 
bertiebandit04: posts small blind $0.50
Pippa83: posts big blind $1
*** HOLE CARDS ***
franco232315: folds 
AlexPinsk1: raises $1.50 to $2.50
ptolejmus: folds 
R.M.Farcas: folds 
bertiebandit04: folds 
Pippa83: folds 
Uncalled bet ($1.50) returned to AlexPinsk1
AlexPinsk1 collected $2.50 from pot
AlexPinsk1: doesn't show hand 
*** SUMMARY ***
Total pot $2.50 | Rake $0 
Seat 1: franco232315 folded before Flop (didn't bet)
Seat 2: AlexPinsk1 collected ($2.50)
Seat 3: ptolejmus folded before Flop (didn't bet)
Seat 4: R.M.Farcas (button) folded before Flop (didn't bet)
Seat 5: bertiebandit04 (small blind) folded before Flop
Seat 6: Pippa83 (big blind) folded before Flop



PokerStars Hand #254397931340:  Hold'em No Limit ($0.50/$1.00 USD) - 2025/01/16 14:19:55 WET [2025/01/16 9:19:55 ET]
Table 'Cindijon III' 6-max Seat #5 is the button
Seat 1: franco232315 ($103.01 in chips) 
Seat 2: AlexPinsk1 ($136.29 in chips) 
Seat 3: ptolejmus ($10 in chips) 
Seat 4: R.M.Farcas ($83.77 in chips) 
Seat 5: bertiebandit04 ($117.90 in chips) 
Seat 6: Pippa83 ($128.03 in chips) 
Pippa83: posts small blind $0.50
franco232315: posts big blind $1
*** HOLE CARDS ***
AlexPinsk1: raises $1.50 to $2.50
ptolejmus: folds 
R.M.Farcas: folds 
bertiebandit04: folds 
Pippa83: folds 
franco232315: folds 
Uncalled bet ($1.50) returned to AlexPinsk1
AlexPinsk1 collected $2.50 from pot
AlexPinsk1: doesn't show hand 
*** SUMMARY ***
Total pot $2.50 | Rake $0 
Seat 1: franco232315 (big blind) folded before Flop
Seat 2: AlexPinsk1 collected ($2.50)
Seat 3: ptolejmus folded before Flop (didn't bet)
Seat 4: R.M.Farcas folded before Flop (didn't bet)
Seat 5: bertiebandit04 (button) folded before Flop (didn't bet)
Seat 6: Pippa83 (small blind) folded before Flop



PokerStars Hand #254397935426:  Hold'em No Limit ($0.50/$1.00 USD) - 2025/01/16 14:20:19 WET [2025/01/16 9:20:19 ET]
Table 'Cindijon III' 6-max Seat #6 is the button
Seat 1: franco232315 ($102.01 in chips) 
Seat 2: AlexPinsk1 ($137.79 in chips) 
Seat 3: ptolejmus ($10 in chips) 
Seat 4: R.M.Farcas ($83.77 in chips) 
Seat 5: bertiebandit04 ($117.90 in chips) 
Seat 6: Pippa83 ($127.53 in chips) 
franco232315: posts small blind $0.50
AlexPinsk1: posts big blind $1
*** HOLE CARDS ***
ptolejmus: folds 
R.M.Farcas: folds 
bertiebandit04: folds 
Pippa83: folds 
franco232315: folds 
Uncalled bet ($0.50) returned to AlexPinsk1
AlexPinsk1 collected $1 from pot
AlexPinsk1: doesn't show hand 
*** SUMMARY ***
Total pot $1 | Rake $0 
Seat 1: franco232315 (small blind) folded before Flop
Seat 2: AlexPinsk1 (big blind) collected ($1)
Seat 3: ptolejmus folded before Flop (didn't bet)
Seat 4: R.M.Farcas folded before Flop (didn't bet)
Seat 5: bertiebandit04 folded before Flop (didn't bet)
Seat 6: Pippa83 (button) folded before Flop (didn't bet)



PokerStars Hand #254397937853:  Hold'em No Limit ($0.50/$1.00 USD) - 2025/01/16 14:20:33 WET [2025/01/16 9:20:33 ET]
Table 'Cindijon III' 6-max Seat #1 is the button
Seat 1: franco232315 ($101.51 in chips) 
Seat 2: AlexPinsk1 ($138.29 in chips) 
Seat 3: ptolejmus ($10 in chips) 
Seat 4: R.M.Farcas ($83.77 in chips) 
Seat 5: bertiebandit04 ($117.90 in chips) 
Seat 6: Pippa83 ($127.53 in chips) 
AlexPinsk1: posts small blind $0.50
ptolejmus: posts big blind $1
*** HOLE CARDS ***
R.M.Farcas: folds 
bertiebandit04: folds 
Pippa83: folds 
franco232315: raises $1.50 to $2.50
AlexPinsk1: folds 
ptolejmus: folds 
Uncalled bet ($1.50) returned to franco232315
franco232315 collected $2.50 from pot
franco232315: doesn't show hand 
*** SUMMARY ***
Total pot $2.50 | Rake $0 
Seat 1: franco232315 (button) collected ($2.50)
Seat 2: AlexPinsk1 (small blind) folded before Flop
Seat 3: ptolejmus (big blind) folded before Flop
Seat 4: R.M.Farcas folded before Flop (didn't bet)
Seat 5: bertiebandit04 folded before Flop (didn't bet)
Seat 6: Pippa83 folded before Flop (didn't bet)



PokerStars Hand #254397941243:  Hold'em No Limit ($0.50/$1.00 USD) - 2025/01/16 14:20:52 WET [2025/01/16 9:20:52 ET]
Table 'Cindijon III' 6-max Seat #2 is the button
Seat 1: franco232315 ($103.01 in chips) 
Seat 2: AlexPinsk1 ($137.79 in chips) 
Seat 3: ptolejmus ($10 in chips) 
Seat 4: R.M.Farcas ($83.77 in chips) 
Seat 5: bertiebandit04 ($117.90 in chips) 
Seat 6: Pippa83 ($127.53 in chips) 
ptolejmus: posts small blind $0.50
R.M.Farcas: posts big blind $1
*** HOLE CARDS ***
bertiebandit04: folds 
Pippa83: folds 
franco232315: folds 
AlexPinsk1: folds 
ptolejmus: folds 
Uncalled bet ($0.50) returned to R.M.Farcas
R.M.Farcas collected $1 from pot
R.M.Farcas: doesn't show hand 
*** SUMMARY ***
Total pot $1 | Rake $0 
Seat 1: franco232315 folded before Flop (didn't bet)
Seat 2: AlexPinsk1 (button) folded before Flop (didn't bet)
Seat 3: ptolejmus (small blind) folded before Flop
Seat 4: R.M.Farcas (big blind) collected ($1)
Seat 5: bertiebandit04 folded before Flop (didn't bet)
Seat 6: Pippa83 folded before Flop (didn't bet)



PokerStars Hand #254397944603:  Hold'em No Limit ($0.50/$1.00 USD) - 2025/01/16 14:21:12 WET [2025/01/16 9:21:12 ET]
Table 'Cindijon III' 6-max Seat #3 is the button
Seat 1: franco232315 ($103.01 in chips) 
Seat 2: AlexPinsk1 ($137.79 in chips) 
Seat 3: ptolejmus ($10 in chips) 
Seat 4: R.M.Farcas ($84.27 in chips) 
Seat 5: bertiebandit04 ($117.90 in chips) 
Seat 6: Pippa83 ($127.53 in chips) 
R.M.Farcas: posts small blind $0.50
bertiebandit04: posts big blind $1
*** HOLE CARDS ***
Pippa83: folds 
franco232315: folds 
AlexPinsk1: raises $1.50 to $2.50
ptolejmus: folds 
R.M.Farcas: folds 
bertiebandit04: folds 
Uncalled bet ($1.50) returned to AlexPinsk1
AlexPinsk1 collected $2.50 from pot
AlexPinsk1: doesn't show hand 
*** SUMMARY ***
Total pot $2.50 | Rake $0 
Seat 1: franco232315 folded before Flop (didn't bet)
Seat 2: AlexPinsk1 collected ($2.50)
Seat 3: ptolejmus (button) folded before Flop (didn't bet)
Seat 4: R.M.Farcas (small blind) folded before Flop
Seat 5: bertiebandit04 (big blind) folded before Flop
Seat 6: Pippa83 folded before Flop (didn't bet)



PokerStars Hand #254397947926:  Hold'em No Limit ($0.50/$1.00 USD) - 2025/01/16 14:21:31 WET [2025/01/16 9:21:31 ET]
Table 'Cindijon III' 6-max Seat #4 is the button
Seat 1: franco232315 ($103.01 in chips) 
Seat 2: AlexPinsk1 ($139.29 in chips) 
Seat 3: ptolejmus ($10 in chips) 
Seat 4: R.M.Farcas ($83.77 in chips) 
Seat 5: bertiebandit04 ($116.90 in chips) 
Seat 6: Pippa83 ($127.53 in chips) 
bertiebandit04: posts small blind $0.50
Pippa83: posts big blind $1
*** HOLE CARDS ***
franco232315: raises $1.20 to $2.20
AlexPinsk1: folds 
ptolejmus: folds 
R.M.Farcas: raises $5.80 to $8
bertiebandit04: folds 
Pippa83: folds 
franco232315: calls $5.80
*** FLOP *** [2d 6h Ac]
franco232315: checks 
R.M.Farcas: bets $5.48
franco232315: calls $5.48
*** TURN *** [2d 6h Ac] [6s]
franco232315: checks 
R.M.Farcas: bets $15
franco232315: folds 
Uncalled bet ($15) returned to R.M.Farcas
R.M.Farcas collected $27.04 from pot
R.M.Farcas: doesn't show hand 
*** SUMMARY ***
Total pot $28.46 | Rake $1.42 
Board [2d 6h Ac 6s]
Seat 1: franco232315 folded on the Turn
Seat 2: AlexPinsk1 folded before Flop (didn't bet)
Seat 3: ptolejmus folded before Flop (didn't bet)
Seat 4: R.M.Farcas (button) collected ($27.04)
Seat 5: bertiebandit04 (small blind) folded before Flop
Seat 6: Pippa83 (big blind) folded before Flop



PokerStars Hand #254397964133:  Hold'em No Limit ($0.50/$1.00 USD) - 2025/01/16 14:23:05 WET [2025/01/16 9:23:05 ET]
Table 'Cindijon III' 6-max Seat #5 is the button
Seat 1: franco232315 ($100 in chips) 
Seat 2: AlexPinsk1 ($139.29 in chips) 
Seat 3: ptolejmus ($10 in chips) 
Seat 4: R.M.Farcas ($97.33 in chips) 
Seat 5: bertiebandit04 ($116.40 in chips) 
Seat 6: Pippa83 ($126.53 in chips) 
Pippa83: posts small blind $0.50
franco232315: posts big blind $1
*** HOLE CARDS ***
AlexPinsk1: folds 
ptolejmus: folds 
R.M.Farcas: raises $1.50 to $2.50
bertiebandit04: folds 
Pippa83: folds 
franco232315: raises $8.50 to $11
R.M.Farcas: folds 
Uncalled bet ($8.50) returned to franco232315
franco232315 collected $5.50 from pot
franco232315: doesn't show hand 
*** SUMMARY ***
Total pot $5.50 | Rake $0 
Seat 1: franco232315 (big blind) collected ($5.50)
Seat 2: AlexPinsk1 folded before Flop (didn't bet)
Seat 3: ptolejmus folded before Flop (didn't bet)
Seat 4: R.M.Farcas folded before Flop
Seat 5: bertiebandit04 (button) folded before Flop (didn't bet)
Seat 6: Pippa83 (small blind) folded before Flop



PokerStars Hand #254397972372:  Hold'em No Limit ($0.50/$1.00 USD) - 2025/01/16 14:23:52 WET [2025/01/16 9:23:52 ET]
Table 'Cindijon III' 6-max Seat #6 is the button
Seat 1: franco232315 ($103 in chips) 
Seat 2: AlexPinsk1 ($139.29 in chips) 
Seat 3: ptolejmus ($10 in chips) 
Seat 4: R.M.Farcas ($94.83 in chips) 
Seat 5: bertiebandit04 ($116.40 in chips) 
Seat 6: Pippa83 ($126.03 in chips) 
franco232315: posts small blind $0.50
AlexPinsk1: posts big blind $1
*** HOLE CARDS ***
ptolejmus: folds 
R.M.Farcas: raises $1.50 to $2.50
bertiebandit04: folds 
Pippa83: folds 
franco232315: folds 
AlexPinsk1: calls $1.50
*** FLOP *** [Td Ad 3h]
AlexPinsk1: checks 
R.M.Farcas: bets $2.61
AlexPinsk1: folds 
Uncalled bet ($2.61) returned to R.M.Farcas
R.M.Farcas collected $5.22 from pot
R.M.Farcas: doesn't show hand 
*** SUMMARY ***
Total pot $5.50 | Rake $0.28 
Board [Td Ad 3h]
Seat 1: franco232315 (small blind) folded before Flop
Seat 2: AlexPinsk1 (big blind) folded on the Flop
Seat 3: ptolejmus folded before Flop (didn't bet)
Seat 4: R.M.Farcas collected ($5.22)
Seat 5: bertiebandit04 folded before Flop (didn't bet)
Seat 6: Pippa83 (button) folded before Flop (didn't bet)



PokerStars Hand #254397980266:  Hold'em No Limit ($0.50/$1.00 USD) - 2025/01/16 14:24:38 WET [2025/01/16 9:24:38 ET]
Table 'Cindijon III' 6-max Seat #1 is the button
Seat 1: franco232315 ($102.50 in chips) 
Seat 2: AlexPinsk1 ($136.79 in chips) 
Seat 3: ptolejmus ($10 in chips) 
Seat 4: R.M.Farcas ($97.55 in chips) 
Seat 5: bertiebandit04 ($116.40 in chips) 
Seat 6: Pippa83 ($126.03 in chips) 
AlexPinsk1: posts small blind $0.50
ptolejmus: posts big blind $1
*** HOLE CARDS ***
R.M.Farcas: folds 
bertiebandit04: folds 
Pippa83: folds 
franco232315: folds 
AlexPinsk1: folds 
Uncalled bet ($0.50) returned to ptolejmus
ptolejmus collected $1 from pot
*** SUMMARY ***
Total pot $1 | Rake $0 
Seat 1: franco232315 (button) folded before Flop (didn't bet)
Seat 2: AlexPinsk1 (small blind) folded before Flop
Seat 3: ptolejmus (big blind) collected ($1)
Seat 4: R.M.Farcas folded before Flop (didn't bet)
Seat 5: bertiebandit04 folded before Flop (didn't bet)
Seat 6: Pippa83 folded before Flop (didn't bet)



PokerStars Hand #254397983609:  Hold'em No Limit ($0.50/$1.00 USD) - 2025/01/16 14:24:57 WET [2025/01/16 9:24:57 ET]
Table 'Cindijon III' 6-max Seat #2 is the button
Seat 1: franco232315 ($102.50 in chips) 
Seat 2: AlexPinsk1 ($136.29 in chips) 
Seat 3: ptolejmus ($10.50 in chips) 
Seat 4: R.M.Farcas ($97.55 in chips) 
Seat 5: bertiebandit04 ($116.40 in chips) 
Seat 6: Pippa83 ($126.03 in chips) 
ptolejmus: posts small blind $0.50
R.M.Farcas: posts big blind $1
*** HOLE CARDS ***
bertiebandit04: folds 
Pippa83: folds 
franco232315: folds 
AlexPinsk1: raises $1.50 to $2.50
ptolejmus: folds 
R.M.Farcas: raises $8.50 to $11
AlexPinsk1: calls $8.50
*** FLOP *** [Qd 5c 8s]
R.M.Farcas: bets $7.06
AlexPinsk1: folds 
Uncalled bet ($7.06) returned to R.M.Farcas
R.M.Farcas collected $21.38 from pot
R.M.Farcas: doesn't show hand 
*** SUMMARY ***
Total pot $22.50 | Rake $1.12 
Board [Qd 5c 8s]
Seat 1: franco232315 folded before Flop (didn't bet)
Seat 2: AlexPinsk1 (button) folded on the Flop
Seat 3: ptolejmus (small blind) folded before Flop
Seat 4: R.M.Farcas (big blind) collected ($21.38)
Seat 5: bertiebandit04 folded before Flop (didn't bet)
Seat 6: Pippa83 folded before Flop (didn't bet)



PokerStars Hand #254397991584:  Hold'em No Limit ($0.50/$1.00 USD) - 2025/01/16 14:25:42 WET [2025/01/16 9:25:42 ET]
Table 'Cindijon III' 6-max Seat #3 is the button
Seat 1: franco232315 ($102.50 in chips) 
Seat 2: AlexPinsk1 ($125.29 in chips) 
Seat 3: ptolejmus ($10 in chips) 
Seat 4: R.M.Farcas ($107.93 in chips) 
Seat 5: bertiebandit04 ($116.40 in chips) 
Seat 6: Pippa83 ($126.03 in chips) 
R.M.Farcas: posts small blind $0.50
bertiebandit04: posts big blind $1
*** HOLE CARDS ***
Pippa83: folds 
franco232315: folds 
AlexPinsk1: raises $1.50 to $2.50
ptolejmus: folds 
R.M.Farcas: folds 
bertiebandit04: folds 
Uncalled bet ($1.50) returned to AlexPinsk1
AlexPinsk1 collected $2.50 from pot
AlexPinsk1: doesn't show hand 
*** SUMMARY ***
Total pot $2.50 | Rake $0 
Seat 1: franco232315 folded before Flop (didn't bet)
Seat 2: AlexPinsk1 collected ($2.50)
Seat 3: ptolejmus (button) folded before Flop (didn't bet)
Seat 4: R.M.Farcas (small blind) folded before Flop
Seat 5: bertiebandit04 (big blind) folded before Flop
Seat 6: Pippa83 folded before Flop (didn't bet)



PokerStars Hand #254397995995:  Hold'em No Limit ($0.50/$1.00 USD) - 2025/01/16 14:26:07 WET [2025/01/16 9:26:07 ET]
Table 'Cindijon III' 6-max Seat #4 is the button
Seat 1: franco232315 ($102.50 in chips) 
Seat 2: AlexPinsk1 ($126.79 in chips) 
Seat 3: ptolejmus ($10 in chips) 
Seat 4: R.M.Farcas ($107.43 in chips) 
Seat 5: bertiebandit04 ($115.40 in chips) 
Seat 6: Pippa83 ($126.03 in chips) 
bertiebandit04: posts small blind $0.50
Pippa83: posts big blind $1
*** HOLE CARDS ***
franco232315: folds 
AlexPinsk1: folds 
ptolejmus: folds 
R.M.Farcas: raises $1.50 to $2.50
bertiebandit04: folds 
Pippa83: raises $9.50 to $12
R.M.Farcas: raises $18 to $30
Pippa83: raises $96.03 to $126.03 and is all-in
R.M.Farcas: calls $77.43 and is all-in
Uncalled bet ($18.60) returned to Pippa83
*** FIRST FLOP *** [5s 4s Ah]
*** FIRST TURN *** [5s 4s Ah] [Th]
*** FIRST RIVER *** [5s 4s Ah Th] [2s]
*** SECOND FLOP *** [9d 3c Kd]
*** SECOND TURN *** [9d 3c Kd] [2c]
*** SECOND RIVER *** [9d 3c Kd 2c] [3s]
*** FIRST SHOW DOWN ***
Pippa83: shows [Qh Qs] (a pair of Queens)
R.M.Farcas: shows [Kc Ad] (a pair of Aces)
R.M.Farcas collected $106.43 from pot
*** SECOND SHOW DOWN ***
Pippa83: shows [Qh Qs] (two pair, Queens and Threes)
R.M.Farcas: shows [Kc Ad] (two pair, Kings and Threes)
R.M.Farcas collected $106.43 from pot
*** SUMMARY ***
Total pot $215.36 | Rake $2.50 
Hand was run twice
FIRST Board [5s 4s Ah Th 2s]
SECOND Board [9d 3c Kd 2c 3s]
Seat 1: franco232315 folded before Flop (didn't bet)
Seat 2: AlexPinsk1 folded before Flop (didn't bet)
Seat 3: ptolejmus folded before Flop (didn't bet)
Seat 4: R.M.Farcas (button) showed [Kc Ad] and won ($106.43) with a pair of Aces, and won ($106.43) with two pair, Kings and Threes
Seat 5: bertiebandit04 (small blind) folded before Flop
Seat 6: Pippa83 (big blind) showed [Qh Qs] and lost with a pair of Queens, and lost with two pair, Queens and Threes



PokerStars Hand #254398007585:  Hold'em No Limit ($0.50/$1.00 USD) - 2025/01/16 14:27:12 WET [2025/01/16 9:27:12 ET]
Table 'Cindijon III' 6-max Seat #5 is the button
Seat 1: franco232315 ($102.50 in chips) 
Seat 2: AlexPinsk1 ($126.79 in chips) 
Seat 3: ptolejmus ($10 in chips) 
Seat 4: R.M.Farcas ($212.86 in chips) 
Seat 5: bertiebandit04 ($114.90 in chips) 
Seat 6: Pippa83 ($100 in chips) 
Pippa83: posts small blind $0.50
franco232315: posts big blind $1
*** HOLE CARDS ***
AlexPinsk1: folds 
ptolejmus: folds 
R.M.Farcas: raises $1.50 to $2.50
bertiebandit04: folds 
Pippa83: folds 
franco232315: calls $1.50
*** FLOP *** [Qs Ac Jh]
franco232315: checks 
R.M.Farcas: bets $2.61
franco232315: calls $2.61
*** TURN *** [Qs Ac Jh] [2c]
franco232315: checks 
R.M.Farcas: checks 
*** RIVER *** [Qs Ac Jh 2c] [5h]
franco232315: bets $5.09
R.M.Farcas: folds 
Uncalled bet ($5.09) returned to franco232315
franco232315 collected $10.18 from pot
franco232315: doesn't show hand 
*** SUMMARY ***
Total pot $10.72 | Rake $0.54 
Board [Qs Ac Jh 2c 5h]
Seat 1: franco232315 (big blind) collected ($10.18)
Seat 2: AlexPinsk1 folded before Flop (didn't bet)
Seat 3: ptolejmus folded before Flop (didn't bet)
Seat 4: R.M.Farcas folded on the River
Seat 5: bertiebandit04 (button) folded before Flop (didn't bet)
Seat 6: Pippa83 (small blind) folded before Flop



PokerStars Hand #254398018303:  Hold'em No Limit ($0.50/$1.00 USD) - 2025/01/16 14:28:13 WET [2025/01/16 9:28:13 ET]
Table 'Cindijon III' 6-max Seat #6 is the button
Seat 1: franco232315 ($107.57 in chips) 
Seat 2: AlexPinsk1 ($126.79 in chips) 
Seat 3: ptolejmus ($10 in chips) 
Seat 4: R.M.Farcas ($207.75 in chips) 
Seat 5: bertiebandit04 ($114.90 in chips) 
Seat 6: Pippa83 ($100 in chips) 
franco232315: posts small blind $0.50
AlexPinsk1: posts big blind $1
*** HOLE CARDS ***
ptolejmus: folds 
R.M.Farcas: folds 
bertiebandit04: folds 
Pippa83: raises $1.50 to $2.50
franco232315: folds 
AlexPinsk1: raises $9.50 to $12
Pippa83: folds 
Uncalled bet ($9.50) returned to AlexPinsk1
AlexPinsk1 collected $5.50 from pot
AlexPinsk1: doesn't show hand 
*** SUMMARY ***
Total pot $5.50 | Rake $0 
Seat 1: franco232315 (small blind) folded before Flop
Seat 2: AlexPinsk1 (big blind) collected ($5.50)
Seat 3: ptolejmus folded before Flop (didn't bet)
Seat 4: R.M.Farcas folded before Flop (didn't bet)
Seat 5: bertiebandit04 folded before Flop (didn't bet)
Seat 6: Pippa83 (button) folded before Flop



PokerStars Hand #254398062995:  Hold'em No Limit ($0.50/$1.00 USD) - 2025/01/16 14:32:23 WET [2025/01/16 9:32:23 ET]
Table 'Cindijon III' 6-max Seat #6 is the button
Seat 2: AlexPinsk1 ($130.79 in chips) is sitting out
Seat 3: ptolejmus ($13.70 in chips) is sitting out
Seat 1: franco232315 ($100 in chips) 
Seat 4: R.M.Farcas ($212.50 in chips) 
Seat 6: Pippa83 ($107.08 in chips) 
franco232315: posts small blind $0.50
AlexPinsk1: is sitting out 
ptolejmus: is sitting out 
R.M.Farcas: posts big blind $1
*** HOLE CARDS ***
Pippa83: raises $1.50 to $2.50
ptolejmus leaves the table
antgouna joins the table at seat #5 
franco232315: folds 
R.M.Farcas: folds 
Uncalled bet ($1.50) returned to Pippa83
Pippa83 collected $2.50 from pot
Pippa83: doesn't show hand 
*** SUMMARY ***
Total pot $2.50 | Rake $0 
Seat 2: AlexPinsk1
Seat 3: ptolejmus
Seat 1: franco232315 (small blind) folded before Flop
Seat 4: R.M.Farcas (big blind) folded before Flop
Seat 6: Pippa83 (button) collected ($2.50)



PokerStars Hand #254398065011:  Hold'em No Limit ($0.50/$1.00 USD) - 2025/01/16 14:32:35 WET [2025/01/16 9:32:35 ET]
Table 'Cindijon III' 6-max Seat #1 is the button
Seat 2: AlexPinsk1 ($130.79 in chips) is sitting out
Seat 1: franco232315 ($100 in chips) 
Seat 4: R.M.Farcas ($211.50 in chips) 
Seat 5: antgouna ($100 in chips) 
Seat 6: Pippa83 ($108.58 in chips) 
R.M.Farcas: posts small blind $0.50
antgouna: posts big blind $1
*** HOLE CARDS ***
Pippa83: folds 
franco232315: folds 
R.M.Farcas: folds 
Uncalled bet ($0.50) returned to antgouna
antgouna collected $1 from pot
antgouna: doesn't show hand 
*** SUMMARY ***
Total pot $1 | Rake $0 
Seat 2: AlexPinsk1
Seat 1: franco232315 (button) folded before Flop (didn't bet)
Seat 4: R.M.Farcas (small blind) folded before Flop
Seat 5: antgouna (big blind) collected ($1)
Seat 6: Pippa83 folded before Flop (didn't bet)



PokerStars Hand #254398066711:  Hold'em No Limit ($0.50/$1.00 USD) - 2025/01/16 14:32:44 WET [2025/01/16 9:32:44 ET]
Table 'Cindijon III' 6-max Seat #5 is the button
Seat 1: franco232315 ($100 in chips) is sitting out
Seat 2: AlexPinsk1 ($130.79 in chips) is sitting out
Seat 6: Pippa83 ($108.58 in chips) is sitting out
Seat 4: R.M.Farcas ($211 in chips) 
Seat 5: antgouna ($100.50 in chips) 
antgouna: posts small blind $0.50
Quahrino joins the table at seat #3 
Pippa83: is sitting out 
franco232315: is sitting out 
R.M.Farcas: posts big blind $1
*** HOLE CARDS ***
antgouna: folds 
Uncalled bet ($0.50) returned to R.M.Farcas
R.M.Farcas collected $1 from pot
R.M.Farcas: doesn't show hand 
Pippa83 leaves the table
*** SUMMARY ***
Total pot $1 | Rake $0 
Seat 1: franco232315
Seat 2: AlexPinsk1
Seat 6: Pippa83
Seat 4: R.M.Farcas (big blind) collected ($1)
Seat 5: antgouna (button) (small blind) folded before Flop



PokerStars Hand #254398068389:  Hold'em No Limit ($0.50/$1.00 USD) - 2025/01/16 14:32:54 WET [2025/01/16 9:32:54 ET]
Table 'Cindijon III' 6-max Seat #4 is the button
Seat 1: franco232315 ($100 in chips) is sitting out
Seat 2: AlexPinsk1 ($130.79 in chips) is sitting out
Seat 3: Quahrino ($100 in chips) 
Seat 4: R.M.Farcas ($211.50 in chips) 
Seat 5: antgouna ($100 in chips) 
antgouna: posts small blind $0.50
Quahrino: posts big blind $1
*** HOLE CARDS ***
franco232315 leaves the table
AlexPinsk1 leaves the table
R.M.Farcas: folds 
antgouna: raises $1.30 to $2.30
Quahrino: raises $5.20 to $7.50
antgouna: calls $5.20
*** FLOP *** [Kd Qh 3h]
R.M.Farcas leaves the table
antgouna: checks 
Quahrino: bets $4.70
antgouna: folds 
Uncalled bet ($4.70) returned to Quahrino
Quahrino collected $14.25 from pot
Quahrino: doesn't show hand 
*** SUMMARY ***
Total pot $15 | Rake $0.75 
Board [Kd Qh 3h]
Seat 1: franco232315
Seat 2: AlexPinsk1
Seat 3: Quahrino (big blind) collected ($14.25)
Seat 4: R.M.Farcas (button) folded before Flop (didn't bet)
Seat 5: antgouna (small blind) folded on the Flop



PokerStars Hand #254398075182:  Hold'em No Limit ($0.50/$1.00 USD) - 2025/01/16 14:33:31 WET [2025/01/16 9:33:31 ET]
Table 'Cindijon III' 6-max Seat #5 is the button
Seat 3: Quahrino ($106.75 in chips) 
Seat 5: antgouna ($92.50 in chips) 
antgouna: posts small blind $0.50
Quahrino: posts big blind $1
*** HOLE CARDS ***
antgouna: raises $1.30 to $2.30
Quahrino: raises $7.70 to $10
antgouna: folds 
Uncalled bet ($7.70) returned to Quahrino
Quahrino collected $4.60 from pot
Quahrino: doesn't show hand 
*** SUMMARY ***
Total pot $4.60 | Rake $0 
Seat 3: Quahrino (big blind) collected ($4.60)
Seat 5: antgouna (button) (small blind) folded before Flop



PokerStars Hand #254398078749:  Hold'em No Limit ($0.50/$1.00 USD) - 2025/01/16 14:33:50 WET [2025/01/16 9:33:50 ET]
Table 'Cindijon III' 6-max Seat #3 is the button
Seat 3: Quahrino ($109.05 in chips) 
Seat 5: antgouna ($90.20 in chips) 
Quahrino: posts small blind $0.50
antgouna: posts big blind $1
*** HOLE CARDS ***
Quahrino: raises $1.50 to $2.50
antgouna: folds 
Uncalled bet ($1.50) returned to Quahrino
Quahrino collected $2 from pot
Quahrino: doesn't show hand 
*** SUMMARY ***
Total pot $2 | Rake $0 
Seat 3: Quahrino (button) (small blind) collected ($2)
Seat 5: antgouna (big blind) folded before Flop



PokerStars Hand #254398080249:  Hold'em No Limit ($0.50/$1.00 USD) - 2025/01/16 14:33:59 WET [2025/01/16 9:33:59 ET]
Table 'Cindijon III' 6-max Seat #5 is the button
Seat 3: Quahrino ($110.05 in chips) 
Seat 5: antgouna ($89.20 in chips) 
antgouna: posts small blind $0.50
Quahrino: posts big blind $1
*** HOLE CARDS ***
antgouna: raises $1.30 to $2.30
Quahrino: folds 
Uncalled bet ($1.30) returned to antgouna
antgouna collected $2 from pot
antgouna: doesn't show hand 
*** SUMMARY ***
Total pot $2 | Rake $0 
Seat 3: Quahrino (big blind) folded before Flop
Seat 5: antgouna (button) (small blind) collected ($2)



PokerStars Hand #254398081626:  Hold'em No Limit ($0.50/$1.00 USD) - 2025/01/16 14:34:06 WET [2025/01/16 9:34:06 ET]
Table 'Cindijon III' 6-max Seat #3 is the button
Seat 3: Quahrino ($109.05 in chips) 
Seat 5: antgouna ($90.20 in chips) 
Quahrino: posts small blind $0.50
antgouna: posts big blind $1
*** HOLE CARDS ***
Quahrino: folds 
Uncalled bet ($0.50) returned to antgouna
antgouna collected $1 from pot
antgouna: doesn't show hand 
*** SUMMARY ***
Total pot $1 | Rake $0 
Seat 3: Quahrino (button) (small blind) folded before Flop
Seat 5: antgouna (big blind) collected ($1)



PokerStars Hand #254398082596:  Hold'em No Limit ($0.50/$1.00 USD) - 2025/01/16 14:34:12 WET [2025/01/16 9:34:12 ET]
Table 'Cindijon III' 6-max Seat #5 is the button
Seat 3: Quahrino ($108.55 in chips) 
Seat 5: antgouna ($90.70 in chips) 
antgouna: posts small blind $0.50
Quahrino: posts big blind $1
*** HOLE CARDS ***
antgouna: folds 
Uncalled bet ($0.50) returned to Quahrino
Quahrino collected $1 from pot
Quahrino: doesn't show hand 
*** SUMMARY ***
Total pot $1 | Rake $0 
Seat 3: Quahrino (big blind) collected ($1)
Seat 5: antgouna (button) (small blind) folded before Flop



PokerStars Hand #254398083741:  Hold'em No Limit ($0.50/$1.00 USD) - 2025/01/16 14:34:18 WET [2025/01/16 9:34:18 ET]
Table 'Cindijon III' 6-max Seat #3 is the button
Seat 3: Quahrino ($109.05 in chips) 
Seat 5: antgouna ($90.20 in chips) 
Quahrino: posts small blind $0.50
antgouna: posts big blind $1
*** HOLE CARDS ***
Quahrino: raises $1.50 to $2.50
antgouna: raises $7.50 to $10
Quahrino: folds 
Uncalled bet ($7.50) returned to antgouna
antgouna collected $5 from pot
antgouna: doesn't show hand 
*** SUMMARY ***
Total pot $5 | Rake $0 
Seat 3: Quahrino (button) (small blind) folded before Flop
Seat 5: antgouna (big blind) collected ($5)



PokerStars Hand #254398085823:  Hold'em No Limit ($0.50/$1.00 USD) - 2025/01/16 14:34:29 WET [2025/01/16 9:34:29 ET]
Table 'Cindijon III' 6-max Seat #5 is the button
Seat 3: Quahrino ($106.55 in chips) 
Seat 5: antgouna ($92.70 in chips) 
antgouna: posts small blind $0.50
Quahrino: posts big blind $1
*** HOLE CARDS ***
antgouna: raises $1.30 to $2.30
Quahrino: raises $7.70 to $10
antgouna: calls $7.70
*** FLOP *** [Js Th 3h]
Quahrino: bets $6.27
antgouna: raises $18.92 to $25.19
Quahrino: raises $71.36 to $96.55 and is all-in
antgouna: calls $57.51 and is all-in
Uncalled bet ($13.85) returned to Quahrino
*** FIRST TURN *** [Js Th 3h] [2s]
*** FIRST RIVER *** [Js Th 3h 2s] [7c]
*** SECOND TURN *** [Js Th 3h] [Tc]
*** SECOND RIVER *** [Js Th 3h Tc] [4s]
*** FIRST SHOW DOWN ***
Quahrino: shows [Ks Qs] (high card King)
antgouna: shows [Jc 9c] (a pair of Jacks)
antgouna collected $92.20 from pot
*** SECOND SHOW DOWN ***
Quahrino: shows [Ks Qs] (a pair of Tens)
antgouna: shows [Jc 9c] (two pair, Jacks and Tens)
antgouna collected $92.20 from pot
*** SUMMARY ***
Total pot $185.40 | Rake $1 
Hand was run twice
FIRST Board [Js Th 3h 2s 7c]
SECOND Board [Js Th 3h Tc 4s]
Seat 3: Quahrino (big blind) showed [Ks Qs] and lost with high card King, and lost with a pair of Tens
Seat 5: antgouna (button) (small blind) showed [Jc 9c] and won ($92.20) with a pair of Jacks, and won ($92.20) with two pair, Jacks and Tens



PokerStars Hand #254398095167:  Hold'em No Limit ($0.50/$1.00 USD) - 2025/01/16 14:35:21 WET [2025/01/16 9:35:21 ET]
Table 'Cindijon III' 6-max Seat #3 is the button
Seat 3: Quahrino ($100 in chips) 
Seat 5: antgouna ($184.40 in chips) 
Quahrino: posts small blind $0.50
antgouna: posts big blind $1
*** HOLE CARDS ***
Quahrino: folds 
Uncalled bet ($0.50) returned to antgouna
antgouna collected $1 from pot
antgouna: doesn't show hand 
*** SUMMARY ***
Total pot $1 | Rake $0 
Seat 3: Quahrino (button) (small blind) folded before Flop
Seat 5: antgouna (big blind) collected ($1)



PokerStars Hand #254398113656:  Hold'em No Limit ($0.50/$1.00 USD) - 2025/01/16 14:37:03 WET [2025/01/16 9:37:03 ET]
Table 'Cindijon III' 6-max Seat #4 is the button
Seat 3: Axoulabete ($50.57 in chips) 
Seat 4: Botikacs92 ($19.58 in chips) 
Botikacs92: posts small blind $0.50
Axoulabete: posts big blind $1
*** HOLE CARDS ***
franco232315 joins the table at seat #6 
Kreayshawn joins the table at seat #5 
yzuk joins the table at seat #1 
Botikacs92: calls $0.50
andutu34 joins the table at seat #2 
Axoulabete: raises $3 to $4
Botikacs92: calls $3
*** FLOP *** [3c 6h Jc]
Axoulabete: bets $3
Botikacs92: raises $12.58 to $15.58 and is all-in
Axoulabete: folds 
Uncalled bet ($12.58) returned to Botikacs92
Botikacs92 collected $13.30 from pot
*** SUMMARY ***
Total pot $14 | Rake $0.70 
Board [3c 6h Jc]
Seat 3: Axoulabete (big blind) folded on the Flop
Seat 4: Botikacs92 (button) (small blind) collected ($13.30)



PokerStars Hand #254398117992:  Hold'em No Limit ($0.50/$1.00 USD) - 2025/01/16 14:37:26 WET [2025/01/16 9:37:26 ET]
Table 'Cindijon III' 6-max Seat #3 is the button
Seat 1: yzuk ($100 in chips) is sitting out
Seat 2: andutu34 ($100 in chips) is sitting out
Seat 6: franco232315 ($100 in chips) is sitting out
Seat 3: Axoulabete ($43.57 in chips) 
Seat 4: Botikacs92 ($25.88 in chips) 
Seat 5: Kreayshawn ($100 in chips) 
Botikacs92: posts small blind $0.50
Kreayshawn: posts big blind $1
franco232315: sits out 
yzuk: sits out 
andutu34: sits out 
*** HOLE CARDS ***
Axoulabete: raises $1.60 to $2.60
Botikacs92: calls $2.10
Kreayshawn: folds 
*** FLOP *** [Qc 6s Ac]
Botikacs92: checks 
Axoulabete: bets $2
Botikacs92: folds 
Uncalled bet ($2) returned to Axoulabete
Axoulabete collected $5.89 from pot
*** SUMMARY ***
Total pot $6.20 | Rake $0.31 
Board [Qc 6s Ac]
Seat 1: yzuk
Seat 2: andutu34
Seat 6: franco232315
Seat 3: Axoulabete (button) collected ($5.89)
Seat 4: Botikacs92 (small blind) folded on the Flop
Seat 5: Kreayshawn (big blind) folded before Flop



PokerStars Hand #254398123060:  Hold'em No Limit ($0.50/$1.00 USD) - 2025/01/16 14:37:55 WET [2025/01/16 9:37:55 ET]
Table 'Cindijon III' 6-max Seat #4 is the button
Seat 1: yzuk ($100 in chips) is sitting out
Seat 2: andutu34 ($100 in chips) is sitting out
Seat 3: Axoulabete ($57.36 in chips) 
Seat 4: Botikacs92 ($23.28 in chips) 
Seat 5: Kreayshawn ($100 in chips) 
Seat 6: franco232315 ($100 in chips) 
Kreayshawn: posts small blind $0.50
franco232315: posts big blind $1
yzuk: sits out 
andutu34: sits out 
*** HOLE CARDS ***
Axoulabete: raises $1.60 to $2.60
Botikacs92: raises $1.60 to $4.20
Kreayshawn: folds 
franco232315: folds 
Axoulabete: calls $1.60
*** FLOP *** [4d Kh As]
Axoulabete: checks 
Botikacs92: bets $19.08 and is all-in
Axoulabete: calls $19.08
*** TURN *** [4d Kh As] [3d]
*** RIVER *** [4d Kh As 3d] [Kd]
*** SHOW DOWN ***
Axoulabete: shows [Ah Td] (two pair, Aces and Kings)
Botikacs92: shows [Ac Jc] (two pair, Aces and Kings - Jack kicker)
Botikacs92 collected $47.06 from pot
*** SUMMARY ***
Total pot $48.06 | Rake $1 
Board [4d Kh As 3d Kd]
Seat 1: yzuk
Seat 2: andutu34
Seat 3: Axoulabete showed [Ah Td] and lost with two pair, Aces and Kings
Seat 4: Botikacs92 (button) showed [Ac Jc] and won ($47.06) with two pair, Aces and Kings
Seat 5: Kreayshawn (small blind) folded before Flop
Seat 6: franco232315 (big blind) folded before Flop



PokerStars Hand #254398129479:  Hold'em No Limit ($0.50/$1.00 USD) - 2025/01/16 14:38:30 WET [2025/01/16 9:38:30 ET]
Table 'Cindijon III' 6-max Seat #5 is the button
Seat 2: andutu34 ($100 in chips) is sitting out
Seat 1: yzuk ($100 in chips) 
Seat 3: Axoulabete ($34.08 in chips) 
Seat 4: Botikacs92 ($47.06 in chips) 
Seat 5: Kreayshawn ($100 in chips) 
Seat 6: franco232315 ($100 in chips) 
franco232315: posts small blind $0.50
yzuk: posts big blind $1
andutu34: sits out 
*** HOLE CARDS ***
Axoulabete: raises $1.60 to $2.60
Botikacs92: calls $2.60
Kreayshawn: folds 
franco232315: folds 
yzuk: folds 
*** FLOP *** [4h Ad Td]
Axoulabete: checks 
Botikacs92: checks 
*** TURN *** [4h Ad Td] [Qh]
Axoulabete: checks 
Botikacs92: bets $3
Axoulabete: folds 
Uncalled bet ($3) returned to Botikacs92
Botikacs92 collected $6.36 from pot
*** SUMMARY ***
Total pot $6.70 | Rake $0.34 
Board [4h Ad Td Qh]
Seat 2: andutu34
Seat 1: yzuk (big blind) folded before Flop
Seat 3: Axoulabete folded on the Turn
Seat 4: Botikacs92 collected ($6.36)
Seat 5: Kreayshawn (button) folded before Flop (didn't bet)
Seat 6: franco232315 (small blind) folded before Flop



PokerStars Hand #254398134124:  Hold'em No Limit ($0.50/$1.00 USD) - 2025/01/16 14:38:56 WET [2025/01/16 9:38:56 ET]
Table 'Cindijon III' 6-max Seat #6 is the button
Seat 1: yzuk ($100 in chips) 
Seat 2: andutu34 ($100 in chips) 
Seat 3: Axoulabete ($31.48 in chips) 
Seat 4: Botikacs92 ($50.82 in chips) 
Seat 5: Kreayshawn ($100 in chips) 
Seat 6: franco232315 ($100 in chips) 
yzuk: posts small blind $0.50
andutu34: posts big blind $1
*** HOLE CARDS ***
Axoulabete: folds 
Botikacs92: calls $1
Kreayshawn: raises $3 to $4
franco232315: folds 
yzuk: folds 
andutu34: folds 
Botikacs92: calls $3
*** FLOP *** [Kd Jh 7d]
Botikacs92: checks 
Kreayshawn: checks 
*** TURN *** [Kd Jh 7d] [Qs]
Botikacs92: checks 
Kreayshawn: checks 
*** RIVER *** [Kd Jh 7d Qs] [Kh]
Botikacs92: checks 
Kreayshawn: checks 
*** SHOW DOWN ***
Botikacs92: shows [Qc 8s] (two pair, Kings and Queens)
Kreayshawn: mucks hand 
Botikacs92 collected $9.02 from pot
*** SUMMARY ***
Total pot $9.50 | Rake $0.48 
Board [Kd Jh 7d Qs Kh]
Seat 1: yzuk (small blind) folded before Flop
Seat 2: andutu34 (big blind) folded before Flop
Seat 3: Axoulabete folded before Flop (didn't bet)
Seat 4: Botikacs92 showed [Qc 8s] and won ($9.02) with two pair, Kings and Queens
Seat 5: Kreayshawn mucked
Seat 6: franco232315 (button) folded before Flop (didn't bet)



PokerStars Hand #254398145207:  Hold'em No Limit ($0.50/$1.00 USD) - 2025/01/16 14:39:57 WET [2025/01/16 9:39:57 ET]
Table 'Cindijon III' 6-max Seat #1 is the button
Seat 1: yzuk ($100 in chips) 
Seat 2: andutu34 ($100 in chips) 
Seat 3: Axoulabete ($31.48 in chips) 
Seat 4: Botikacs92 ($55.84 in chips) 
Seat 5: Kreayshawn ($100 in chips) 
Seat 6: franco232315 ($100 in chips) 
andutu34: posts small blind $0.50
Axoulabete: posts big blind $1
*** HOLE CARDS ***
Botikacs92: calls $1
Kreayshawn: folds 
franco232315: raises $3 to $4
yzuk: folds 
andutu34: folds 
Axoulabete: calls $3
Botikacs92: calls $3
*** FLOP *** [7s 4s 2s]
Axoulabete: checks 
Botikacs92: bets $8
franco232315: calls $8
Axoulabete: folds 
*** TURN *** [7s 4s 2s] [Qc]
Botikacs92: checks 
franco232315: checks 
*** RIVER *** [7s 4s 2s Qc] [3h]
Botikacs92: checks 
franco232315: bets $88 and is all-in
Botikacs92: folds 
Uncalled bet ($88) returned to franco232315
franco232315 collected $27.08 from pot
franco232315: doesn't show hand 
*** SUMMARY ***
Total pot $28.50 | Rake $1.42 
Board [7s 4s 2s Qc 3h]
Seat 1: yzuk (button) folded before Flop (didn't bet)
Seat 2: andutu34 (small blind) folded before Flop
Seat 3: Axoulabete (big blind) folded on the Flop
Seat 4: Botikacs92 folded on the River
Seat 5: Kreayshawn folded before Flop (didn't bet)
Seat 6: franco232315 collected ($27.08)



PokerStars Hand #254398158724:  Hold'em No Limit ($0.50/$1.00 USD) - 2025/01/16 14:41:11 WET [2025/01/16 9:41:11 ET]
Table 'Cindijon III' 6-max Seat #2 is the button
Seat 1: yzuk ($100 in chips) 
Seat 2: andutu34 ($100 in chips) 
Seat 3: Axoulabete ($27.48 in chips) 
Seat 4: Botikacs92 ($43.84 in chips) 
Seat 5: Kreayshawn ($100 in chips) 
Seat 6: franco232315 ($115.08 in chips) 
Axoulabete: posts small blind $0.50
Botikacs92: posts big blind $1
*** HOLE CARDS ***
Kreayshawn: raises $1.50 to $2.50
franco232315: folds 
yzuk: folds 
andutu34: folds 
Axoulabete: folds 
Botikacs92: calls $1.50
*** FLOP *** [4s Qs Ah]
Botikacs92: bets $6
Kreayshawn: calls $6
*** TURN *** [4s Qs Ah] [Jd]
Botikacs92: bets $35.34 and is all-in
Kreayshawn has timed out
Kreayshawn: folds 
Uncalled bet ($35.34) returned to Botikacs92
Botikacs92 collected $16.62 from pot
*** SUMMARY ***
Total pot $17.50 | Rake $0.88 
Board [4s Qs Ah Jd]
Seat 1: yzuk folded before Flop (didn't bet)
Seat 2: andutu34 (button) folded before Flop (didn't bet)
Seat 3: Axoulabete (small blind) folded before Flop
Seat 4: Botikacs92 (big blind) collected ($16.62)
Seat 5: Kreayshawn folded on the Turn
Seat 6: franco232315 folded before Flop (didn't bet)



PokerStars Hand #254398171759:  Hold'em No Limit ($0.50/$1.00 USD) - 2025/01/16 14:42:22 WET [2025/01/16 9:42:22 ET]
Table 'Cindijon III' 6-max Seat #3 is the button
Seat 5: Kreayshawn ($100 in chips) is sitting out
Seat 1: yzuk ($100 in chips) 
Seat 2: andutu34 ($100 in chips) 
Seat 3: Axoulabete ($26.98 in chips) 
Seat 4: Botikacs92 ($51.96 in chips) 
Seat 6: franco232315 ($115.08 in chips) 
Botikacs92: posts small blind $0.50
franco232315: posts big blind $1
*** HOLE CARDS ***
yzuk: folds 
andutu34: folds 
Axoulabete: folds 
Botikacs92: calls $0.50
franco232315: raises $2.50 to $3.50
Botikacs92: calls $2.50
*** FLOP *** [7d 2d 3s]
Botikacs92: checks 
franco232315: bets $3.33
Botikacs92: calls $3.33
*** TURN *** [7d 2d 3s] [5c]
Botikacs92: checks 
franco232315: bets $9.74
Botikacs92: calls $9.74
*** RIVER *** [7d 2d 3s 5c] [Jc]
Botikacs92: checks 
franco232315: bets $98.51 and is all-in
Botikacs92: folds 
Uncalled bet ($98.51) returned to franco232315
franco232315 collected $31.48 from pot
franco232315: doesn't show hand 
*** SUMMARY ***
Total pot $33.14 | Rake $1.66 
Board [7d 2d 3s 5c Jc]
Seat 5: Kreayshawn
Seat 1: yzuk folded before Flop (didn't bet)
Seat 2: andutu34 folded before Flop (didn't bet)
Seat 3: Axoulabete (button) folded before Flop (didn't bet)
Seat 4: Botikacs92 (small blind) folded on the River
Seat 6: franco232315 (big blind) collected ($31.48)



PokerStars Hand #254398185154:  Hold'em No Limit ($0.50/$1.00 USD) - 2025/01/16 14:43:34 WET [2025/01/16 9:43:34 ET]
Table 'Cindijon III' 6-max Seat #4 is the button
Seat 5: Kreayshawn ($100 in chips) is sitting out
Seat 1: yzuk ($100 in chips) 
Seat 2: andutu34 ($100 in chips) 
Seat 3: Axoulabete ($26.98 in chips) 
Seat 4: Botikacs92 ($35.39 in chips) 
Seat 6: franco232315 ($129.99 in chips) 
franco232315: posts small blind $0.50
yzuk: posts big blind $1
*** HOLE CARDS ***
andutu34: folds 
Axoulabete: folds 
Botikacs92: calls $1
franco232315: raises $3 to $4
yzuk: folds 
Botikacs92: calls $3
*** FLOP *** [2c Ad Th]
franco232315: bets $2.82
Botikacs92: folds 
Uncalled bet ($2.82) returned to franco232315
franco232315 collected $8.55 from pot
franco232315: doesn't show hand 
*** SUMMARY ***
Total pot $9 | Rake $0.45 
Board [2c Ad Th]
Seat 5: Kreayshawn
Seat 1: yzuk (big blind) folded before Flop
Seat 2: andutu34 folded before Flop (didn't bet)
Seat 3: Axoulabete folded before Flop (didn't bet)
Seat 4: Botikacs92 (button) folded on the Flop
Seat 6: franco232315 (small blind) collected ($8.55)



PokerStars Hand #254398190720:  Hold'em No Limit ($0.50/$1.00 USD) - 2025/01/16 14:44:05 WET [2025/01/16 9:44:05 ET]
Table 'Cindijon III' 6-max Seat #6 is the button
Seat 2: andutu34 ($100 in chips) is sitting out
Seat 5: Kreayshawn ($100 in chips) is sitting out
Seat 1: yzuk ($100 in chips) 
Seat 3: Axoulabete ($26.98 in chips) 
Seat 4: Botikacs92 ($31.39 in chips) 
Seat 6: franco232315 ($134.54 in chips) 
yzuk: posts small blind $0.50
andutu34: is sitting out 
Axoulabete: posts big blind $1
Kreayshawn: sits out 
*** HOLE CARDS ***
Botikacs92: calls $1
franco232315: raises $3 to $4
yzuk: folds 
Axoulabete: calls $3
Botikacs92: folds 
*** FLOP *** [9c 9d 5d]
Axoulabete: checks 
franco232315: bets $2.98
Axoulabete: raises $20 to $22.98 and is all-in
franco232315: folds 
Uncalled bet ($20) returned to Axoulabete
Axoulabete collected $14.69 from pot
*** SUMMARY ***
Total pot $15.46 | Rake $0.77 
Board [9c 9d 5d]
Seat 2: andutu34
Seat 5: Kreayshawn
Seat 1: yzuk (small blind) folded before Flop
Seat 3: Axoulabete (big blind) collected ($14.69)
Seat 4: Botikacs92 folded before Flop
Seat 6: franco232315 (button) folded on the Flop



PokerStars Hand #254398197145:  Hold'em No Limit ($0.50/$1.00 USD) - 2025/01/16 14:44:40 WET [2025/01/16 9:44:40 ET]
Table 'Cindijon III' 6-max Seat #1 is the button
Seat 2: andutu34 ($100 in chips) is sitting out
Seat 5: Kreayshawn ($100 in chips) is sitting out
Seat 1: yzuk ($100 in chips) 
Seat 3: Axoulabete ($34.69 in chips) 
Seat 4: Botikacs92 ($30.39 in chips) 
Seat 6: franco232315 ($127.56 in chips) 
Axoulabete: posts small blind $0.50
Botikacs92: posts big blind $1
Kreayshawn: sits out 
*** HOLE CARDS ***
franco232315: folds 
yzuk: folds 
Axoulabete: raises $1.60 to $2.60
Botikacs92: calls $1.60
*** FLOP *** [9c Qd Qs]
Axoulabete: bets $2.22
Botikacs92: folds 
Uncalled bet ($2.22) returned to Axoulabete
Axoulabete collected $4.94 from pot
*** SUMMARY ***
Total pot $5.20 | Rake $0.26 
Board [9c Qd Qs]
Seat 2: andutu34
Seat 5: Kreayshawn
Seat 1: yzuk (button) folded before Flop (didn't bet)
Seat 3: Axoulabete (small blind) collected ($4.94)
Seat 4: Botikacs92 (big blind) folded on the Flop
Seat 6: franco232315 folded before Flop (didn't bet)



PokerStars Hand #254398200950:  Hold'em No Limit ($0.50/$1.00 USD) - 2025/01/16 14:45:00 WET [2025/01/16 9:45:00 ET]
Table 'Cindijon III' 6-max Seat #3 is the button
Seat 2: andutu34 ($100 in chips) is sitting out
Seat 1: yzuk ($100 in chips) 
Seat 3: Axoulabete ($37.03 in chips) 
Seat 4: Botikacs92 ($27.79 in chips) 
Seat 5: Kreayshawn ($100 in chips) 
Seat 6: franco232315 ($127.56 in chips) 
Botikacs92: posts small blind $0.50
Kreayshawn: posts big blind $1
andutu34: sits out 
*** HOLE CARDS ***
franco232315: folds 
yzuk: folds 
Axoulabete: folds 
Botikacs92: raises $3 to $4
Kreayshawn: folds 
Uncalled bet ($3) returned to Botikacs92
Botikacs92 collected $2 from pot
*** SUMMARY ***
Total pot $2 | Rake $0 
Seat 2: andutu34
Seat 1: yzuk folded before Flop (didn't bet)
Seat 3: Axoulabete (button) folded before Flop (didn't bet)
Seat 4: Botikacs92 (small blind) collected ($2)
Seat 5: Kreayshawn (big blind) folded before Flop
Seat 6: franco232315 folded before Flop (didn't bet)



PokerStars Hand #254398204092:  Hold'em No Limit ($0.50/$1.00 USD) - 2025/01/16 14:45:18 WET [2025/01/16 9:45:18 ET]
Table 'Cindijon III' 6-max Seat #4 is the button
Seat 2: andutu34 ($100 in chips) is sitting out
Seat 1: yzuk ($100 in chips) 
Seat 3: Axoulabete ($37.03 in chips) 
Seat 4: Botikacs92 ($28.79 in chips) 
Seat 5: Kreayshawn ($100 in chips) 
Seat 6: franco232315 ($127.56 in chips) 
Kreayshawn: posts small blind $0.50
franco232315: posts big blind $1
andutu34: sits out 
*** HOLE CARDS ***
yzuk: raises $1.50 to $2.50
Axoulabete: folds 
Botikacs92: folds 
Kreayshawn: folds 
franco232315: folds 
Uncalled bet ($1.50) returned to yzuk
yzuk collected $2.50 from pot
yzuk: doesn't show hand 
*** SUMMARY ***
Total pot $2.50 | Rake $0 
Seat 2: andutu34
Seat 1: yzuk collected ($2.50)
Seat 3: Axoulabete folded before Flop (didn't bet)
Seat 4: Botikacs92 (button) folded before Flop (didn't bet)
Seat 5: Kreayshawn (small blind) folded before Flop
Seat 6: franco232315 (big blind) folded before Flop



PokerStars Hand #254398207687:  Hold'em No Limit ($0.50/$1.00 USD) - 2025/01/16 14:45:37 WET [2025/01/16 9:45:37 ET]
Table 'Cindijon III' 6-max Seat #5 is the button
Seat 2: andutu34 ($100 in chips) is sitting out
Seat 1: yzuk ($101.50 in chips) 
Seat 3: Axoulabete ($37.03 in chips) 
Seat 4: Botikacs92 ($28.79 in chips) 
Seat 5: Kreayshawn ($100 in chips) 
Seat 6: franco232315 ($126.56 in chips) 
franco232315: posts small blind $0.50
yzuk: posts big blind $1
andutu34: sits out 
*** HOLE CARDS ***
Axoulabete: raises $1.60 to $2.60
Botikacs92: folds 
Kreayshawn: folds 
franco232315: folds 
yzuk: folds 
Uncalled bet ($1.60) returned to Axoulabete
Axoulabete collected $2.50 from pot
*** SUMMARY ***
Total pot $2.50 | Rake $0 
Seat 2: andutu34
Seat 1: yzuk (big blind) folded before Flop
Seat 3: Axoulabete collected ($2.50)
Seat 4: Botikacs92 folded before Flop (didn't bet)
Seat 5: Kreayshawn (button) folded before Flop (didn't bet)
Seat 6: franco232315 (small blind) folded before Flop



PokerStars Hand #254398211300:  Hold'em No Limit ($0.50/$1.00 USD) - 2025/01/16 14:45:57 WET [2025/01/16 9:45:57 ET]
Table 'Cindijon III' 6-max Seat #6 is the button
Seat 1: yzuk ($100.50 in chips) 
Seat 2: andutu34 ($100 in chips) 
Seat 3: Axoulabete ($38.53 in chips) 
Seat 4: Botikacs92 ($28.79 in chips) 
Seat 5: Kreayshawn ($100 in chips) 
Seat 6: franco232315 ($126.06 in chips) 
yzuk: posts small blind $0.50
andutu34: posts big blind $1
*** HOLE CARDS ***
Axoulabete: raises $2.10 to $3.10
Botikacs92: raises $3.10 to $6.20
Kreayshawn: folds 
franco232315: folds 
yzuk: folds 
andutu34: folds 
Axoulabete: calls $3.10
*** FLOP *** [2d Qd Kh]
Axoulabete: checks 
Botikacs92: bets $22.59 and is all-in
Axoulabete: folds 
Uncalled bet ($22.59) returned to Botikacs92
Botikacs92 collected $13.20 from pot
*** SUMMARY ***
Total pot $13.90 | Rake $0.70 
Board [2d Qd Kh]
Seat 1: yzuk (small blind) folded before Flop
Seat 2: andutu34 (big blind) folded before Flop
Seat 3: Axoulabete folded on the Flop
Seat 4: Botikacs92 collected ($13.20)
Seat 5: Kreayshawn folded before Flop (didn't bet)
Seat 6: franco232315 (button) folded before Flop (didn't bet)



PokerStars Hand #254398219630:  Hold'em No Limit ($0.50/$1.00 USD) - 2025/01/16 14:46:42 WET [2025/01/16 9:46:42 ET]
Table 'Cindijon III' 6-max Seat #1 is the button
Seat 1: yzuk ($100 in chips) 
Seat 2: andutu34 ($100 in chips) 
Seat 3: Axoulabete ($32.33 in chips) 
Seat 4: Botikacs92 ($35.79 in chips) 
Seat 5: Kreayshawn ($100 in chips) 
Seat 6: franco232315 ($126.06 in chips) 
andutu34: posts small blind $0.50
Axoulabete: posts big blind $1
*** HOLE CARDS ***
Botikacs92: calls $1
Kreayshawn: folds 
franco232315: folds 
yzuk: folds 
andutu34: folds 
Axoulabete: checks 
*** FLOP *** [Ks 4c 4h]
Axoulabete: checks 
Botikacs92: bets $4
Axoulabete: folds 
Uncalled bet ($4) returned to Botikacs92
Botikacs92 collected $2.38 from pot
*** SUMMARY ***
Total pot $2.50 | Rake $0.12 
Board [Ks 4c 4h]
Seat 1: yzuk (button) folded before Flop (didn't bet)
Seat 2: andutu34 (small blind) folded before Flop
Seat 3: Axoulabete (big blind) folded on the Flop
Seat 4: Botikacs92 collected ($2.38)
Seat 5: Kreayshawn folded before Flop (didn't bet)
Seat 6: franco232315 folded before Flop (didn't bet)



PokerStars Hand #254398224002:  Hold'em No Limit ($0.50/$1.00 USD) - 2025/01/16 14:47:05 WET [2025/01/16 9:47:05 ET]
Table 'Cindijon III' 6-max Seat #2 is the button
Seat 1: yzuk ($100 in chips) 
Seat 2: andutu34 ($100 in chips) 
Seat 3: Axoulabete ($31.33 in chips) 
Seat 4: Botikacs92 ($37.17 in chips) 
Seat 5: Kreayshawn ($100 in chips) 
Seat 6: franco232315 ($126.06 in chips) 
Axoulabete: posts small blind $0.50
Botikacs92: posts big blind $1
*** HOLE CARDS ***
Kreayshawn: folds 
franco232315: raises $1.20 to $2.20
yzuk: folds 
andutu34: folds 
Axoulabete: folds 
Botikacs92: calls $1.20
*** FLOP *** [Ts 7c 4s]
Botikacs92: bets $5
franco232315: folds 
Uncalled bet ($5) returned to Botikacs92
Botikacs92 collected $4.66 from pot
*** SUMMARY ***
Total pot $4.90 | Rake $0.24 
Board [Ts 7c 4s]
Seat 1: yzuk folded before Flop (didn't bet)
Seat 2: andutu34 (button) folded before Flop (didn't bet)
Seat 3: Axoulabete (small blind) folded before Flop
Seat 4: Botikacs92 (big blind) collected ($4.66)
Seat 5: Kreayshawn folded before Flop (didn't bet)
Seat 6: franco232315 folded on the Flop



PokerStars Hand #254398232109:  Hold'em No Limit ($0.50/$1.00 USD) - 2025/01/16 14:47:49 WET [2025/01/16 9:47:49 ET]
Table 'Cindijon III' 6-max Seat #3 is the button
Seat 1: yzuk ($100 in chips) 
Seat 2: andutu34 ($100 in chips) 
Seat 3: Axoulabete ($30.83 in chips) 
Seat 4: Botikacs92 ($39.63 in chips) 
Seat 5: Kreayshawn ($100 in chips) 
Seat 6: franco232315 ($123.86 in chips) 
Botikacs92: posts small blind $0.50
Kreayshawn: posts big blind $1
*** HOLE CARDS ***
franco232315: folds 
yzuk: folds 
andutu34: folds 
Axoulabete: folds 
Botikacs92: calls $0.50
Kreayshawn: checks 
*** FLOP *** [Kd 8s 3h]
Botikacs92: bets $3
Kreayshawn: folds 
Uncalled bet ($3) returned to Botikacs92
Botikacs92 collected $1.90 from pot
*** SUMMARY ***
Total pot $2 | Rake $0.10 
Board [Kd 8s 3h]
Seat 1: yzuk folded before Flop (didn't bet)
Seat 2: andutu34 folded before Flop (didn't bet)
Seat 3: Axoulabete (button) folded before Flop (didn't bet)
Seat 4: Botikacs92 (small blind) collected ($1.90)
Seat 5: Kreayshawn (big blind) folded on the Flop
Seat 6: franco232315 folded before Flop (didn't bet)



PokerStars Hand #254398237204:  Hold'em No Limit ($0.50/$1.00 USD) - 2025/01/16 14:48:16 WET [2025/01/16 9:48:16 ET]
Table 'Cindijon III' 6-max Seat #4 is the button
Seat 1: yzuk ($100 in chips) 
Seat 2: andutu34 ($100 in chips) 
Seat 3: Axoulabete ($30.83 in chips) 
Seat 4: Botikacs92 ($40.53 in chips) 
Seat 5: Kreayshawn ($100 in chips) 
Seat 6: franco232315 ($123.86 in chips) 
Kreayshawn: posts small blind $0.50
franco232315: posts big blind $1
*** HOLE CARDS ***
yzuk: folds 
andutu34: folds 
Axoulabete: folds 
Botikacs92: calls $1
Kreayshawn: folds 
franco232315: checks 
*** FLOP *** [7h 6h Ah]
franco232315: checks 
Botikacs92: checks 
*** TURN *** [7h 6h Ah] [Js]
franco232315: bets $1.19
Botikacs92: calls $1.19
*** RIVER *** [7h 6h Ah Js] [3h]
franco232315: bets $1.53
Botikacs92: calls $1.53
*** SHOW DOWN ***
franco232315: shows [5h 9c] (a flush, Ace high)
Botikacs92: mucks hand 
franco232315 collected $7.54 from pot
*** SUMMARY ***
Total pot $7.94 | Rake $0.40 
Board [7h 6h Ah Js 3h]
Seat 1: yzuk folded before Flop (didn't bet)
Seat 2: andutu34 folded before Flop (didn't bet)
Seat 3: Axoulabete folded before Flop (didn't bet)
Seat 4: Botikacs92 (button) mucked
Seat 5: Kreayshawn (small blind) folded before Flop
Seat 6: franco232315 (big blind) showed [5h 9c] and won ($7.54) with a flush, Ace high



PokerStars Hand #254398244961:  Hold'em No Limit ($0.50/$1.00 USD) - 2025/01/16 14:48:58 WET [2025/01/16 9:48:58 ET]
Table 'Cindijon III' 6-max Seat #5 is the button
Seat 1: yzuk ($100 in chips) 
Seat 2: andutu34 ($100 in chips) 
Seat 3: Axoulabete ($30.83 in chips) 
Seat 4: Botikacs92 ($36.81 in chips) 
Seat 5: Kreayshawn ($100 in chips) 
Seat 6: franco232315 ($127.68 in chips) 
franco232315: posts small blind $0.50
yzuk: posts big blind $1
*** HOLE CARDS ***
andutu34: raises $1 to $2
Axoulabete: raises $3.50 to $5.50
Botikacs92: folds 
Kreayshawn: folds 
franco232315: folds 
yzuk: folds 
andutu34: folds 
Uncalled bet ($3.50) returned to Axoulabete
Axoulabete collected $5.50 from pot
*** SUMMARY ***
Total pot $5.50 | Rake $0 
Seat 1: yzuk (big blind) folded before Flop
Seat 2: andutu34 folded before Flop
Seat 3: Axoulabete collected ($5.50)
Seat 4: Botikacs92 folded before Flop (didn't bet)
Seat 5: Kreayshawn (button) folded before Flop (didn't bet)
Seat 6: franco232315 (small blind) folded before Flop



PokerStars Hand #254398250606:  Hold'em No Limit ($0.50/$1.00 USD) - 2025/01/16 14:49:28 WET [2025/01/16 9:49:28 ET]
Table 'Cindijon III' 6-max Seat #6 is the button
Seat 1: yzuk ($100 in chips) 
Seat 2: andutu34 ($100 in chips) 
Seat 3: Axoulabete ($34.33 in chips) 
Seat 4: Botikacs92 ($36.81 in chips) 
Seat 5: Kreayshawn ($100 in chips) 
Seat 6: franco232315 ($127.18 in chips) 
yzuk: posts small blind $0.50
andutu34: posts big blind $1
*** HOLE CARDS ***
Axoulabete: folds 
Botikacs92: folds 
Kreayshawn: raises $1.50 to $2.50
franco232315: folds 
yzuk: folds 
andutu34: calls $1.50
*** FLOP *** [Td Jh Js]
andutu34: checks 
Kreayshawn: checks 
*** TURN *** [Td Jh Js] [7c]
andutu34: bets $5.27
Kreayshawn: calls $5.27
*** RIVER *** [Td Jh Js 7c] [Tc]
andutu34: bets $22.86
Kreayshawn: folds 
Uncalled bet ($22.86) returned to andutu34
andutu34 collected $15.24 from pot
andutu34: doesn't show hand 
*** SUMMARY ***
Total pot $16.04 | Rake $0.80 
Board [Td Jh Js 7c Tc]
Seat 1: yzuk (small blind) folded before Flop
Seat 2: andutu34 (big blind) collected ($15.24)
Seat 3: Axoulabete folded before Flop (didn't bet)
Seat 4: Botikacs92 folded before Flop (didn't bet)
Seat 5: Kreayshawn folded on the River
Seat 6: franco232315 (button) folded before Flop (didn't bet)



PokerStars Hand #254398262073:  Hold'em No Limit ($0.50/$1.00 USD) - 2025/01/16 14:50:28 WET [2025/01/16 9:50:28 ET]
Table 'Cindijon III' 6-max Seat #1 is the button
Seat 1: yzuk ($100 in chips) 
Seat 2: andutu34 ($107.47 in chips) 
Seat 3: Axoulabete ($34.33 in chips) 
Seat 4: Botikacs92 ($36.81 in chips) 
Seat 5: Kreayshawn ($100 in chips) 
Seat 6: franco232315 ($127.18 in chips) 
andutu34: posts small blind $0.50
Axoulabete: posts big blind $1
*** HOLE CARDS ***
Botikacs92: raises $2 to $3
Kreayshawn: folds 
franco232315: folds 
yzuk: folds 
andutu34: folds 
Axoulabete: calls $2
*** FLOP *** [9s Ac Td]
Axoulabete: checks 
Botikacs92: bets $4
Axoulabete: calls $4
*** TURN *** [9s Ac Td] [9h]
Axoulabete: checks 
Botikacs92: checks 
*** RIVER *** [9s Ac Td 9h] [4h]
Axoulabete: checks 
Botikacs92: checks 
*** SHOW DOWN ***
Axoulabete: shows [Tc 5c] (two pair, Tens and Nines)
Botikacs92: mucks hand 
Axoulabete collected $13.78 from pot
*** SUMMARY ***
Total pot $14.50 | Rake $0.72 
Board [9s Ac Td 9h 4h]
Seat 1: yzuk (button) folded before Flop (didn't bet)
Seat 2: andutu34 (small blind) folded before Flop
Seat 3: Axoulabete (big blind) showed [Tc 5c] and won ($13.78) with two pair, Tens and Nines
Seat 4: Botikacs92 mucked
Seat 5: Kreayshawn folded before Flop (didn't bet)
Seat 6: franco232315 folded before Flop (didn't bet)



PokerStars Hand #254398271796:  Hold'em No Limit ($0.50/$1.00 USD) - 2025/01/16 14:51:20 WET [2025/01/16 9:51:20 ET]
Table 'Cindijon III' 6-max Seat #2 is the button
Seat 1: yzuk ($100 in chips) 
Seat 2: andutu34 ($106.97 in chips) 
Seat 3: Axoulabete ($41.11 in chips) 
Seat 4: Botikacs92 ($29.81 in chips) 
Seat 5: Kreayshawn ($100 in chips) 
Seat 6: franco232315 ($127.18 in chips) 
Axoulabete: posts small blind $0.50
Botikacs92: posts big blind $1
*** HOLE CARDS ***
Kreayshawn: folds 
franco232315: folds 
yzuk: raises $1.50 to $2.50
andutu34: folds 
Axoulabete: calls $2
Botikacs92: raises $4.50 to $7
yzuk: folds 
Axoulabete: calls $4.50
*** FLOP *** [7c 7d Kd]
Axoulabete: checks 
Botikacs92: bets $22.81 and is all-in
Axoulabete: calls $22.81
*** TURN *** [7c 7d Kd] [Js]
*** RIVER *** [7c 7d Kd Js] [8d]
*** SHOW DOWN ***
Axoulabete: shows [Th 7h] (three of a kind, Sevens)
Botikacs92: shows [Ad Kh] (two pair, Kings and Sevens)
Axoulabete collected $59.62 from pot
*** SUMMARY ***
Total pot $62.12 | Rake $2.50 
Board [7c 7d Kd Js 8d]
Seat 1: yzuk folded before Flop
Seat 2: andutu34 (button) folded before Flop (didn't bet)
Seat 3: Axoulabete (small blind) showed [Th 7h] and won ($59.62) with three of a kind, Sevens
Seat 4: Botikacs92 (big blind) showed [Ad Kh] and lost with two pair, Kings and Sevens
Seat 5: Kreayshawn folded before Flop (didn't bet)
Seat 6: franco232315 folded before Flop (didn't bet)



PokerStars Hand #254398279845:  Hold'em No Limit ($0.50/$1.00 USD) - 2025/01/16 14:52:02 WET [2025/01/16 9:52:02 ET]
Table 'Cindijon III' 6-max Seat #3 is the button
Seat 4: Botikacs92 ($0 in chips) is sitting out
Seat 1: yzuk ($100 in chips) 
Seat 2: andutu34 ($106.97 in chips) 
Seat 3: Axoulabete ($70.92 in chips) 
Seat 5: Kreayshawn ($100 in chips) 
Seat 6: franco232315 ($127.18 in chips) 
Kreayshawn: posts small blind $0.50
franco232315: posts big blind $1
*** HOLE CARDS ***
yzuk: folds 
andutu34: folds 
Axoulabete: raises $1.60 to $2.60
Botikacs92 leaves the table
yzuk leaves the table
Evelexy1 joins the table at seat #1 
andutu34 leaves the table
AlexPinsk1 joins the table at seat #4 
Kreayshawn: folds 
franco232315: calls $1.60
*** FLOP *** [As Jd 6d]
franco232315: checks 
Axoulabete: checks 
*** TURN *** [As Jd 6d] [7d]
franco232315: bets $3.58
coeeeelho joins the table at seat #2 
Axoulabete: calls $3.58
*** RIVER *** [As Jd 6d 7d] [Jh]
Evelexy1 leaves the table
Joe_Li7 joins the table at seat #1 
franco232315: checks 
Axoulabete: checks 
*** SHOW DOWN ***
franco232315: shows [Td 8c] (a pair of Jacks)
Axoulabete: shows [Kd Ks] (two pair, Kings and Jacks)
Axoulabete collected $12.22 from pot
*** SUMMARY ***
Total pot $12.86 | Rake $0.64 
Board [As Jd 6d 7d Jh]
Seat 4: Botikacs92
Seat 1: yzuk folded before Flop (didn't bet)
Seat 2: andutu34 folded before Flop (didn't bet)
Seat 3: Axoulabete (button) showed [Kd Ks] and won ($12.22) with two pair, Kings and Jacks
Seat 5: Kreayshawn (small blind) folded before Flop
Seat 6: franco232315 (big blind) showed [Td 8c] and lost with a pair of Jacks



PokerStars Hand #254398293008:  Hold'em No Limit ($0.50/$1.00 USD) - 2025/01/16 14:53:11 WET [2025/01/16 9:53:11 ET]
Table 'Cindijon III' 6-max Seat #5 is the button
Seat 2: coeeeelho ($100 in chips) is sitting out
Seat 4: AlexPinsk1 ($100 in chips) is sitting out
Seat 1: Joe_Li7 ($100 in chips) 
Seat 3: Axoulabete ($76.96 in chips) 
Seat 5: Kreayshawn ($100 in chips) 
Seat 6: franco232315 ($121 in chips) 
franco232315: posts small blind $0.50
Joe_Li7: posts big blind $1
coeeeelho: sits out 
AlexPinsk1: sits out 
*** HOLE CARDS ***
Axoulabete: folds 
Kreayshawn: folds 
franco232315: folds 
Uncalled bet ($0.50) returned to Joe_Li7
Joe_Li7 collected $1 from pot
*** SUMMARY ***
Total pot $1 | Rake $0 
Seat 2: coeeeelho
Seat 4: AlexPinsk1
Seat 1: Joe_Li7 (big blind) collected ($1)
Seat 3: Axoulabete folded before Flop (didn't bet)
Seat 5: Kreayshawn (button) folded before Flop (didn't bet)
Seat 6: franco232315 (small blind) folded before Flop



PokerStars Hand #254398297799:  Hold'em No Limit ($0.50/$1.00 USD) - 2025/01/16 14:53:36 WET [2025/01/16 9:53:36 ET]
Table 'Cindijon III' 6-max Seat #6 is the button
Seat 4: AlexPinsk1 ($100 in chips) is sitting out
Seat 1: Joe_Li7 ($100.50 in chips) 
Seat 2: coeeeelho ($100 in chips) 
Seat 3: Axoulabete ($76.96 in chips) 
Seat 5: Kreayshawn ($100 in chips) 
Seat 6: franco232315 ($120.50 in chips) 
Joe_Li7: posts small blind $0.50
coeeeelho: posts big blind $1
AlexPinsk1: sits out 
*** HOLE CARDS ***
Axoulabete: raises $2.10 to $3.10
Kreayshawn: folds 
franco232315: folds 
Joe_Li7: folds 
coeeeelho: folds 
Uncalled bet ($2.10) returned to Axoulabete
Axoulabete collected $2.50 from pot
*** SUMMARY ***
Total pot $2.50 | Rake $0 
Seat 4: AlexPinsk1
Seat 1: Joe_Li7 (small blind) folded before Flop
Seat 2: coeeeelho (big blind) folded before Flop
Seat 3: Axoulabete collected ($2.50)
Seat 5: Kreayshawn folded before Flop (didn't bet)
Seat 6: franco232315 (button) folded before Flop (didn't bet)



PokerStars Hand #254398303421:  Hold'em No Limit ($0.50/$1.00 USD) - 2025/01/16 14:54:06 WET [2025/01/16 9:54:06 ET]
Table 'Cindijon III' 6-max Seat #1 is the button
Seat 4: AlexPinsk1 ($100 in chips) is sitting out
Seat 1: Joe_Li7 ($100 in chips) 
Seat 2: coeeeelho ($100 in chips) 
Seat 3: Axoulabete ($78.46 in chips) 
Seat 5: Kreayshawn ($100 in chips) 
Seat 6: franco232315 ($120.50 in chips) 
coeeeelho: posts small blind $0.50
Axoulabete: posts big blind $1
AlexPinsk1: sits out 
*** HOLE CARDS ***
Kreayshawn: folds 
franco232315: folds 
Joe_Li7: folds 
coeeeelho: raises $2 to $3
Axoulabete: calls $2
*** FLOP *** [5d 4c 2c]
coeeeelho: checks 
Axoulabete: bets $2
coeeeelho: raises $7 to $9
Axoulabete: calls $7
*** TURN *** [5d 4c 2c] [7h]
coeeeelho: checks 
Axoulabete: checks 
*** RIVER *** [5d 4c 2c 7h] [5h]
coeeeelho: bets $19
Axoulabete: folds 
Uncalled bet ($19) returned to coeeeelho
coeeeelho collected $22.80 from pot
*** SUMMARY ***
Total pot $24 | Rake $1.20 
Board [5d 4c 2c 7h 5h]
Seat 4: AlexPinsk1
Seat 1: Joe_Li7 (button) folded before Flop (didn't bet)
Seat 2: coeeeelho (small blind) collected ($22.80)
Seat 3: Axoulabete (big blind) folded on the River
Seat 5: Kreayshawn folded before Flop (didn't bet)
Seat 6: franco232315 folded before Flop (didn't bet)



PokerStars Hand #254398316411:  Hold'em No Limit ($0.50/$1.00 USD) - 2025/01/16 14:55:15 WET [2025/01/16 9:55:15 ET]
Table 'Cindijon III' 6-max Seat #2 is the button
Seat 1: Joe_Li7 ($100 in chips) 
Seat 2: coeeeelho ($110.80 in chips) 
Seat 3: Axoulabete ($66.46 in chips) 
Seat 4: AlexPinsk1 ($100 in chips) 
Seat 5: Kreayshawn ($100 in chips) 
Seat 6: franco232315 ($120.50 in chips) 
Axoulabete: posts small blind $0.50
AlexPinsk1: posts big blind $1
*** HOLE CARDS ***
Kreayshawn: folds 
franco232315: folds 
Kreayshawn leaves the table
Joe_Li7: folds 
coeeeelho: raises $1.20 to $2.20
Axoulabete: calls $1.70
ptolejmus joins the table at seat #5 
AlexPinsk1: folds 
*** FLOP *** [4s As 3c]
Axoulabete: checks 
coeeeelho: bets $1.28
Axoulabete: folds 
Uncalled bet ($1.28) returned to coeeeelho
coeeeelho collected $5.13 from pot
*** SUMMARY ***
Total pot $5.40 | Rake $0.27 
Board [4s As 3c]
Seat 1: Joe_Li7 folded before Flop (didn't bet)
Seat 2: coeeeelho (button) collected ($5.13)
Seat 3: Axoulabete (small blind) folded on the Flop
Seat 4: AlexPinsk1 (big blind) folded before Flop
Seat 5: Kreayshawn folded before Flop (didn't bet)
Seat 6: franco232315 folded before Flop (didn't bet)



PokerStars Hand #254398320242:  Hold'em No Limit ($0.50/$1.00 USD) - 2025/01/16 14:55:41 WET [2025/01/16 9:55:41 ET]
Table 'Cindijon III' 6-max Seat #3 is the button
Seat 1: Joe_Li7 ($100 in chips) 
Seat 2: coeeeelho ($113.73 in chips) 
Seat 3: Axoulabete ($64.26 in chips) 
Seat 4: AlexPinsk1 ($100 in chips) 
Seat 5: ptolejmus ($10 in chips) 
Seat 6: franco232315 ($120.50 in chips) 
AlexPinsk1: posts small blind $0.50
ptolejmus: posts big blind $1
*** HOLE CARDS ***
franco232315: folds 
Joe_Li7: folds 
coeeeelho: folds 
Axoulabete: raises $1.60 to $2.60
AlexPinsk1: folds 
ptolejmus: folds 
Uncalled bet ($1.60) returned to Axoulabete
Axoulabete collected $2.50 from pot
*** SUMMARY ***
Total pot $2.50 | Rake $0 
Seat 1: Joe_Li7 folded before Flop (didn't bet)
Seat 2: coeeeelho folded before Flop (didn't bet)
Seat 3: Axoulabete (button) collected ($2.50)
Seat 4: AlexPinsk1 (small blind) folded before Flop
Seat 5: ptolejmus (big blind) folded before Flop
Seat 6: franco232315 folded before Flop (didn't bet)



PokerStars Hand #254398322525:  Hold'em No Limit ($0.50/$1.00 USD) - 2025/01/16 14:55:56 WET [2025/01/16 9:55:56 ET]
Table 'Cindijon III' 6-max Seat #4 is the button
Seat 1: Joe_Li7 ($100 in chips) 
Seat 2: coeeeelho ($113.73 in chips) 
Seat 3: Axoulabete ($65.76 in chips) 
Seat 4: AlexPinsk1 ($100 in chips) 
Seat 5: ptolejmus ($10 in chips) 
Seat 6: franco232315 ($120.50 in chips) 
ptolejmus: posts small blind $0.50
franco232315: posts big blind $1
*** HOLE CARDS ***
Joe_Li7: folds 
coeeeelho: folds 
Axoulabete: folds 
AlexPinsk1: folds 
ptolejmus: folds 
Uncalled bet ($0.50) returned to franco232315
franco232315 collected $1 from pot
franco232315: doesn't show hand 
*** SUMMARY ***
Total pot $1 | Rake $0 
Seat 1: Joe_Li7 folded before Flop (didn't bet)
Seat 2: coeeeelho folded before Flop (didn't bet)
Seat 3: Axoulabete folded before Flop (didn't bet)
Seat 4: AlexPinsk1 (button) folded before Flop (didn't bet)
Seat 5: ptolejmus (small blind) folded before Flop
Seat 6: franco232315 (big blind) collected ($1)



PokerStars Hand #254398325269:  Hold'em No Limit ($0.50/$1.00 USD) - 2025/01/16 14:56:14 WET [2025/01/16 9:56:14 ET]
Table 'Cindijon III' 6-max Seat #5 is the button
Seat 1: Joe_Li7 ($100 in chips) 
Seat 2: coeeeelho ($113.73 in chips) 
Seat 3: Axoulabete ($65.76 in chips) 
Seat 4: AlexPinsk1 ($100 in chips) 
Seat 5: ptolejmus ($10 in chips) 
Seat 6: franco232315 ($121 in chips) 
franco232315: posts small blind $0.50
Joe_Li7: posts big blind $1
*** HOLE CARDS ***
coeeeelho: folds 
Axoulabete: raises $2.10 to $3.10
AlexPinsk1: folds 
ptolejmus: folds 
franco232315: folds 
Joe_Li7: calls $2.10
*** FLOP *** [5s Js 4h]
Joe_Li7: checks 
Axoulabete: bets $2.10
Joe_Li7: raises $5.28 to $7.38
Axoulabete: raises $12.62 to $20
Joe_Li7: folds 
Uncalled bet ($12.62) returned to Axoulabete
Axoulabete collected $20.39 from pot
*** SUMMARY ***
Total pot $21.46 | Rake $1.07 
Board [5s Js 4h]
Seat 1: Joe_Li7 (big blind) folded on the Flop
Seat 2: coeeeelho folded before Flop (didn't bet)
Seat 3: Axoulabete collected ($20.39)
Seat 4: AlexPinsk1 folded before Flop (didn't bet)
Seat 5: ptolejmus (button) folded before Flop (didn't bet)
Seat 6: franco232315 (small blind) folded before Flop



PokerStars Hand #254398337781:  Hold'em No Limit ($0.50/$1.00 USD) - 2025/01/16 14:57:37 WET [2025/01/16 9:57:37 ET]
Table 'Cindijon III' 6-max Seat #6 is the button
Seat 1: Joe_Li7 ($100 in chips) 
Seat 2: coeeeelho ($113.73 in chips) 
Seat 3: Axoulabete ($75.67 in chips) 
Seat 4: AlexPinsk1 ($100 in chips) 
Seat 5: ptolejmus ($10 in chips) 
Seat 6: franco232315 ($120.50 in chips) 
Joe_Li7: posts small blind $0.50
coeeeelho: posts big blind $1
*** HOLE CARDS ***
Axoulabete: raises $2.10 to $3.10
AlexPinsk1: folds 
ptolejmus: folds 
franco232315: folds 
Joe_Li7: folds 
coeeeelho: folds 
Uncalled bet ($2.10) returned to Axoulabete
Axoulabete collected $2.50 from pot
*** SUMMARY ***
Total pot $2.50 | Rake $0 
Seat 1: Joe_Li7 (small blind) folded before Flop
Seat 2: coeeeelho (big blind) folded before Flop
Seat 3: Axoulabete collected ($2.50)
Seat 4: AlexPinsk1 folded before Flop (didn't bet)
Seat 5: ptolejmus folded before Flop (didn't bet)
Seat 6: franco232315 (button) folded before Flop (didn't bet)



PokerStars Hand #254398341181:  Hold'em No Limit ($0.50/$1.00 USD) - 2025/01/16 14:57:59 WET [2025/01/16 9:57:59 ET]
Table 'Cindijon III' 6-max Seat #1 is the button
Seat 1: Joe_Li7 ($100 in chips) 
Seat 2: coeeeelho ($112.73 in chips) 
Seat 3: Axoulabete ($77.17 in chips) 
Seat 4: AlexPinsk1 ($100 in chips) 
Seat 5: ptolejmus ($10 in chips) 
Seat 6: franco232315 ($120.50 in chips) 
coeeeelho: posts small blind $0.50
Axoulabete: posts big blind $1
*** HOLE CARDS ***
AlexPinsk1: raises $1.50 to $2.50
ptolejmus: folds 
franco232315: raises $5 to $7.50
Joe_Li7: folds 
coeeeelho: folds 
Axoulabete: folds 
AlexPinsk1: raises $12 to $19.50
franco232315: folds 
Uncalled bet ($12) returned to AlexPinsk1
AlexPinsk1 collected $16.50 from pot
AlexPinsk1: doesn't show hand 
*** SUMMARY ***
Total pot $16.50 | Rake $0 
Seat 1: Joe_Li7 (button) folded before Flop (didn't bet)
Seat 2: coeeeelho (small blind) folded before Flop
Seat 3: Axoulabete (big blind) folded before Flop
Seat 4: AlexPinsk1 collected ($16.50)
Seat 5: ptolejmus folded before Flop (didn't bet)
Seat 6: franco232315 folded before Flop



PokerStars Hand #254398349169:  Hold'em No Limit ($0.50/$1.00 USD) - 2025/01/16 14:58:52 WET [2025/01/16 9:58:52 ET]
Table 'Cindijon III' 6-max Seat #2 is the button
Seat 1: Joe_Li7 ($100 in chips) 
Seat 2: coeeeelho ($112.23 in chips) 
Seat 3: Axoulabete ($76.17 in chips) 
Seat 4: AlexPinsk1 ($109 in chips) 
Seat 5: ptolejmus ($10 in chips) 
Seat 6: franco232315 ($113 in chips) 
Axoulabete: posts small blind $0.50
AlexPinsk1: posts big blind $1
*** HOLE CARDS ***
ptolejmus: folds 
franco232315: folds 
Joe_Li7: folds 
coeeeelho: folds 
Axoulabete: folds 
Uncalled bet ($0.50) returned to AlexPinsk1
AlexPinsk1 collected $1 from pot
AlexPinsk1: doesn't show hand 
*** SUMMARY ***
Total pot $1 | Rake $0 
Seat 1: Joe_Li7 folded before Flop (didn't bet)
Seat 2: coeeeelho (button) folded before Flop (didn't bet)
Seat 3: Axoulabete (small blind) folded before Flop
Seat 4: AlexPinsk1 (big blind) collected ($1)
Seat 5: ptolejmus folded before Flop (didn't bet)
Seat 6: franco232315 folded before Flop (didn't bet)



PokerStars Hand #254398382936:  Hold'em No Limit ($0.50/$1.00 USD) - 2025/01/16 15:02:17 WET [2025/01/16 10:02:17 ET]
Table 'Cindijon III' 6-max Seat #3 is the button
Seat 1: Joe_Li7 ($100 in chips) 
Seat 2: coeeeelho ($113.73 in chips) 
Seat 3: Axoulabete ($79.39 in chips) 
Seat 4: AlexPinsk1 ($117.50 in chips) 
Seat 5: ptolejmus ($10 in chips) 
Seat 6: franco232315 ($102.50 in chips) 
AlexPinsk1: posts small blind $0.50
ptolejmus: posts big blind $1
*** HOLE CARDS ***
franco232315: folds 
Joe_Li7: folds 
coeeeelho: folds 
Axoulabete: folds 
AlexPinsk1: folds 
Uncalled bet ($0.50) returned to ptolejmus
ptolejmus collected $1 from pot
*** SUMMARY ***
Total pot $1 | Rake $0 
Seat 1: Joe_Li7 folded before Flop (didn't bet)
Seat 2: coeeeelho folded before Flop (didn't bet)
Seat 3: Axoulabete (button) folded before Flop (didn't bet)
Seat 4: AlexPinsk1 (small blind) folded before Flop
Seat 5: ptolejmus (big blind) collected ($1)
Seat 6: franco232315 folded before Flop (didn't bet)



PokerStars Hand #254398386023:  Hold'em No Limit ($0.50/$1.00 USD) - 2025/01/16 15:02:33 WET [2025/01/16 10:02:33 ET]
Table 'Cindijon III' 6-max Seat #4 is the button
Seat 1: Joe_Li7 ($100 in chips) 
Seat 2: coeeeelho ($113.73 in chips) 
Seat 3: Axoulabete ($79.39 in chips) 
Seat 4: AlexPinsk1 ($117 in chips) 
Seat 5: ptolejmus ($10.50 in chips) 
Seat 6: franco232315 ($102.50 in chips) 
ptolejmus: posts small blind $0.50
franco232315: posts big blind $1
*** HOLE CARDS ***
Joe_Li7: folds 
coeeeelho: raises $1.20 to $2.20
Axoulabete: folds 
AlexPinsk1: folds 
ptolejmus: folds 
franco232315: calls $1.20
*** FLOP *** [8h As 5h]
franco232315: checks 
coeeeelho: bets $1.17
franco232315: raises $6.33 to $7.50
coeeeelho: folds 
Uncalled bet ($6.33) returned to franco232315
franco232315 collected $6.88 from pot
franco232315: doesn't show hand 
*** SUMMARY ***
Total pot $7.24 | Rake $0.36 
Board [8h As 5h]
Seat 1: Joe_Li7 folded before Flop (didn't bet)
Seat 2: coeeeelho folded on the Flop
Seat 3: Axoulabete folded before Flop (didn't bet)
Seat 4: AlexPinsk1 (button) folded before Flop (didn't bet)
Seat 5: ptolejmus (small blind) folded before Flop
Seat 6: franco232315 (big blind) collected ($6.88)



PokerStars Hand #254398396175:  Hold'em No Limit ($0.50/$1.00 USD) - 2025/01/16 15:03:27 WET [2025/01/16 10:03:27 ET]
Table 'Cindijon III' 6-max Seat #5 is the button
Seat 1: Joe_Li7 ($100 in chips) 
Seat 2: coeeeelho ($110.36 in chips) 
Seat 3: Axoulabete ($79.39 in chips) 
Seat 4: AlexPinsk1 ($117 in chips) 
Seat 5: ptolejmus ($10 in chips) 
Seat 6: franco232315 ($106.01 in chips) 
franco232315: posts small blind $0.50
Joe_Li7: posts big blind $1
*** HOLE CARDS ***
coeeeelho: folds 
Axoulabete: folds 
AlexPinsk1: folds 
ptolejmus: raises $9 to $10 and is all-in
franco232315: folds 
Joe_Li7: calls $9
*** FLOP *** [7d Tc 2c]
*** TURN *** [7d Tc 2c] [Kc]
*** RIVER *** [7d Tc 2c Kc] [Kd]
*** SHOW DOWN ***
Joe_Li7: shows [4c 4h] (two pair, Kings and Fours)
ptolejmus: shows [9c 7c] (a flush, King high)
ptolejmus collected $19.48 from pot
Joe_Li7 cashed out the hand for $9.32 | Cash Out Fee $0.19
*** SUMMARY ***
Total pot $20.50 | Rake $1.02 
Board [7d Tc 2c Kc Kd]
Seat 1: Joe_Li7 (big blind) showed [4c 4h] and lost with two pair, Kings and Fours (cashed out).
Seat 2: coeeeelho folded before Flop (didn't bet)
Seat 3: Axoulabete folded before Flop (didn't bet)
Seat 4: AlexPinsk1 folded before Flop (didn't bet)
Seat 5: ptolejmus (button) showed [9c 7c] and won ($19.48) with a flush, King high
Seat 6: franco232315 (small blind) folded before Flop



PokerStars Hand #254398401016:  Hold'em No Limit ($0.50/$1.00 USD) - 2025/01/16 15:03:53 WET [2025/01/16 10:03:53 ET]
Table 'Cindijon III' 6-max Seat #6 is the button
Seat 1: Joe_Li7 ($100 in chips) 
Seat 2: coeeeelho ($110.36 in chips) 
Seat 3: Axoulabete ($79.39 in chips) 
Seat 4: AlexPinsk1 ($117 in chips) 
Seat 5: ptolejmus ($19.48 in chips) 
Seat 6: franco232315 ($105.51 in chips) 
Joe_Li7: posts small blind $0.50
coeeeelho: posts big blind $1
*** HOLE CARDS ***
Axoulabete: folds 
AlexPinsk1: folds 
ptolejmus: folds 
franco232315: folds 
Joe_Li7: folds 
Uncalled bet ($0.50) returned to coeeeelho
coeeeelho collected $1 from pot
*** SUMMARY ***
Total pot $1 | Rake $0 
Seat 1: Joe_Li7 (small blind) folded before Flop
Seat 2: coeeeelho (big blind) collected ($1)
Seat 3: Axoulabete folded before Flop (didn't bet)
Seat 4: AlexPinsk1 folded before Flop (didn't bet)
Seat 5: ptolejmus folded before Flop (didn't bet)
Seat 6: franco232315 (button) folded before Flop (didn't bet)



PokerStars Hand #254398403576:  Hold'em No Limit ($0.50/$1.00 USD) - 2025/01/16 15:04:06 WET [2025/01/16 10:04:06 ET]
Table 'Cindijon III' 6-max Seat #1 is the button
Seat 1: Joe_Li7 ($100 in chips) 
Seat 2: coeeeelho ($110.86 in chips) 
Seat 3: Axoulabete ($79.39 in chips) 
Seat 4: AlexPinsk1 ($117 in chips) 
Seat 5: ptolejmus ($19.48 in chips) 
Seat 6: franco232315 ($105.51 in chips) 
coeeeelho: posts small blind $0.50
Axoulabete: posts big blind $1
*** HOLE CARDS ***
AlexPinsk1: folds 
ptolejmus: raises $1 to $2
franco232315: folds 
Joe_Li7: folds 
coeeeelho: folds 
Axoulabete: calls $1
*** FLOP *** [8c Td 9c]
Axoulabete: checks 
ptolejmus: checks 
*** TURN *** [8c Td 9c] [3h]
Axoulabete: bets $1.93
ptolejmus: calls $1.93
*** RIVER *** [8c Td 9c 3h] [Ks]
Axoulabete: bets $2.62
ptolejmus: folds 
Uncalled bet ($2.62) returned to Axoulabete
Axoulabete collected $7.94 from pot
*** SUMMARY ***
Total pot $8.36 | Rake $0.42 
Board [8c Td 9c 3h Ks]
Seat 1: Joe_Li7 (button) folded before Flop (didn't bet)
Seat 2: coeeeelho (small blind) folded before Flop
Seat 3: Axoulabete (big blind) collected ($7.94)
Seat 4: AlexPinsk1 folded before Flop (didn't bet)
Seat 5: ptolejmus folded on the River
Seat 6: franco232315 folded before Flop (didn't bet)



PokerStars Hand #254398416527:  Hold'em No Limit ($0.50/$1.00 USD) - 2025/01/16 15:05:14 WET [2025/01/16 10:05:14 ET]
Table 'Cindijon III' 6-max Seat #2 is the button
Seat 1: Joe_Li7 ($100 in chips) 
Seat 2: coeeeelho ($110.36 in chips) 
Seat 3: Axoulabete ($83.40 in chips) 
Seat 4: AlexPinsk1 ($117 in chips) 
Seat 5: ptolejmus ($15.55 in chips) 
Seat 6: franco232315 ($105.51 in chips) 
Axoulabete: posts small blind $0.50
AlexPinsk1: posts big blind $1
*** HOLE CARDS ***
ptolejmus: folds 
franco232315: folds 
Joe_Li7: folds 
coeeeelho: folds 
Axoulabete: raises $1.60 to $2.60
AlexPinsk1: folds 
Uncalled bet ($1.60) returned to Axoulabete
Axoulabete collected $2 from pot
*** SUMMARY ***
Total pot $2 | Rake $0 
Seat 1: Joe_Li7 folded before Flop (didn't bet)
Seat 2: coeeeelho (button) folded before Flop (didn't bet)
Seat 3: Axoulabete (small blind) collected ($2)
Seat 4: AlexPinsk1 (big blind) folded before Flop
Seat 5: ptolejmus folded before Flop (didn't bet)
Seat 6: franco232315 folded before Flop (didn't bet)



PokerStars Hand #254398419011:  Hold'em No Limit ($0.50/$1.00 USD) - 2025/01/16 15:05:27 WET [2025/01/16 10:05:27 ET]
Table 'Cindijon III' 6-max Seat #3 is the button
Seat 1: Joe_Li7 ($100 in chips) 
Seat 2: coeeeelho ($110.36 in chips) 
Seat 3: Axoulabete ($84.40 in chips) 
Seat 4: AlexPinsk1 ($116 in chips) 
Seat 5: ptolejmus ($15.55 in chips) 
Seat 6: franco232315 ($105.51 in chips) 
AlexPinsk1: posts small blind $0.50
ptolejmus: posts big blind $1
*** HOLE CARDS ***
franco232315: folds 
Joe_Li7: folds 
coeeeelho: folds 
Axoulabete: folds 
AlexPinsk1: folds 
Uncalled bet ($0.50) returned to ptolejmus
ptolejmus collected $1 from pot
*** SUMMARY ***
Total pot $1 | Rake $0 
Seat 1: Joe_Li7 folded before Flop (didn't bet)
Seat 2: coeeeelho folded before Flop (didn't bet)
Seat 3: Axoulabete (button) folded before Flop (didn't bet)
Seat 4: AlexPinsk1 (small blind) folded before Flop
Seat 5: ptolejmus (big blind) collected ($1)
Seat 6: franco232315 folded before Flop (didn't bet)



PokerStars Hand #254398422109:  Hold'em No Limit ($0.50/$1.00 USD) - 2025/01/16 15:05:43 WET [2025/01/16 10:05:43 ET]
Table 'Cindijon III' 6-max Seat #4 is the button
Seat 1: Joe_Li7 ($100 in chips) 
Seat 2: coeeeelho ($110.36 in chips) 
Seat 3: Axoulabete ($84.40 in chips) 
Seat 4: AlexPinsk1 ($115.50 in chips) 
Seat 5: ptolejmus ($16.05 in chips) 
Seat 6: franco232315 ($105.51 in chips) 
ptolejmus: posts small blind $0.50
franco232315: posts big blind $1
*** HOLE CARDS ***
Joe_Li7: folds 
coeeeelho: raises $1.20 to $2.20
Axoulabete: folds 
AlexPinsk1: folds 
ptolejmus: raises $13.85 to $16.05 and is all-in
franco232315: folds 
coeeeelho: folds 
Uncalled bet ($13.85) returned to ptolejmus
ptolejmus collected $5.40 from pot
*** SUMMARY ***
Total pot $5.40 | Rake $0 
Seat 1: Joe_Li7 folded before Flop (didn't bet)
Seat 2: coeeeelho folded before Flop
Seat 3: Axoulabete folded before Flop (didn't bet)
Seat 4: AlexPinsk1 (button) folded before Flop (didn't bet)
Seat 5: ptolejmus (small blind) collected ($5.40)
Seat 6: franco232315 (big blind) folded before Flop



PokerStars Hand #254398426937:  Hold'em No Limit ($0.50/$1.00 USD) - 2025/01/16 15:06:09 WET [2025/01/16 10:06:09 ET]
Table 'Cindijon III' 6-max Seat #5 is the button
Seat 1: Joe_Li7 ($100 in chips) 
Seat 2: coeeeelho ($108.16 in chips) 
Seat 3: Axoulabete ($84.40 in chips) 
Seat 4: AlexPinsk1 ($115.50 in chips) 
Seat 5: ptolejmus ($19.25 in chips) 
Seat 6: franco232315 ($104.51 in chips) 
franco232315: posts small blind $0.50
Joe_Li7: posts big blind $1
*** HOLE CARDS ***
coeeeelho: raises $1.20 to $2.20
Axoulabete: folds 
AlexPinsk1: folds 
ptolejmus: folds 
franco232315: folds 
Joe_Li7: calls $1.20
*** FLOP *** [Jh 6h 6d]
Joe_Li7: checks 
coeeeelho: bets $2.33
Joe_Li7: raises $4.75 to $7.08
coeeeelho: calls $4.75
*** TURN *** [Jh 6h 6d] [3d]
Joe_Li7: checks 
coeeeelho: checks 
*** RIVER *** [Jh 6h 6d 3d] [Ts]
Joe_Li7: bets $22.99
coeeeelho: calls $22.99
*** SHOW DOWN ***
Joe_Li7: shows [Kh 7h] (a pair of Sixes)
coeeeelho: shows [Ad Jd] (two pair, Jacks and Sixes)
coeeeelho collected $62.54 from pot
*** SUMMARY ***
Total pot $65.04 | Rake $2.50 
Board [Jh 6h 6d 3d Ts]
Seat 1: Joe_Li7 (big blind) showed [Kh 7h] and lost with a pair of Sixes
Seat 2: coeeeelho showed [Ad Jd] and won ($62.54) with two pair, Jacks and Sixes
Seat 3: Axoulabete folded before Flop (didn't bet)
Seat 4: AlexPinsk1 folded before Flop (didn't bet)
Seat 5: ptolejmus (button) folded before Flop (didn't bet)
Seat 6: franco232315 (small blind) folded before Flop



PokerStars Hand #254398444724:  Hold'em No Limit ($0.50/$1.00 USD) - 2025/01/16 15:07:41 WET [2025/01/16 10:07:41 ET]
Table 'Cindijon III' 6-max Seat #6 is the button
Seat 1: Joe_Li7 ($100 in chips) 
Seat 2: coeeeelho ($138.43 in chips) 
Seat 3: Axoulabete ($84.40 in chips) 
Seat 4: AlexPinsk1 ($115.50 in chips) 
Seat 5: ptolejmus ($19.25 in chips) 
Seat 6: franco232315 ($104.01 in chips) 
Joe_Li7: posts small blind $0.50
coeeeelho: posts big blind $1
*** HOLE CARDS ***
Axoulabete: folds 
AlexPinsk1: folds 
ptolejmus: folds 
franco232315: folds 
Joe_Li7: folds 
Uncalled bet ($0.50) returned to coeeeelho
coeeeelho collected $1 from pot
*** SUMMARY ***
Total pot $1 | Rake $0 
Seat 1: Joe_Li7 (small blind) folded before Flop
Seat 2: coeeeelho (big blind) collected ($1)
Seat 3: Axoulabete folded before Flop (didn't bet)
Seat 4: AlexPinsk1 folded before Flop (didn't bet)
Seat 5: ptolejmus folded before Flop (didn't bet)
Seat 6: franco232315 (button) folded before Flop (didn't bet)



PokerStars Hand #254398448577:  Hold'em No Limit ($0.50/$1.00 USD) - 2025/01/16 15:08:02 WET [2025/01/16 10:08:02 ET]
Table 'Cindijon III' 6-max Seat #1 is the button
Seat 1: Joe_Li7 ($100 in chips) 
Seat 2: coeeeelho ($138.93 in chips) 
Seat 3: Axoulabete ($84.40 in chips) 
Seat 4: AlexPinsk1 ($115.50 in chips) 
Seat 5: ptolejmus ($19.25 in chips) 
Seat 6: franco232315 ($104.01 in chips) 
coeeeelho: posts small blind $0.50
Axoulabete: posts big blind $1
*** HOLE CARDS ***
AlexPinsk1: folds 
ptolejmus: folds 
franco232315: folds 
Joe_Li7: folds 
coeeeelho: raises $2 to $3
Axoulabete: folds 
Uncalled bet ($2) returned to coeeeelho
coeeeelho collected $2 from pot
*** SUMMARY ***
Total pot $2 | Rake $0 
Seat 1: Joe_Li7 (button) folded before Flop (didn't bet)
Seat 2: coeeeelho (small blind) collected ($2)
Seat 3: Axoulabete (big blind) folded before Flop
Seat 4: AlexPinsk1 folded before Flop (didn't bet)
Seat 5: ptolejmus folded before Flop (didn't bet)
Seat 6: franco232315 folded before Flop (didn't bet)



PokerStars Hand #254398451169:  Hold'em No Limit ($0.50/$1.00 USD) - 2025/01/16 15:08:15 WET [2025/01/16 10:08:15 ET]
Table 'Cindijon III' 6-max Seat #2 is the button
Seat 1: Joe_Li7 ($100 in chips) 
Seat 2: coeeeelho ($139.93 in chips) 
Seat 3: Axoulabete ($83.40 in chips) 
Seat 4: AlexPinsk1 ($115.50 in chips) 
Seat 5: ptolejmus ($19.25 in chips) 
Seat 6: franco232315 ($104.01 in chips) 
Axoulabete: posts small blind $0.50
AlexPinsk1: posts big blind $1
*** HOLE CARDS ***
ptolejmus: folds 
franco232315: folds 
Joe_Li7: raises $1.20 to $2.20
coeeeelho: folds 
Axoulabete: raises $6.40 to $8.60
AlexPinsk1: folds 
Joe_Li7: calls $6.40
*** FLOP *** [9c 2c 3c]
Axoulabete: checks 
Joe_Li7: checks 
*** TURN *** [9c 2c 3c] [4h]
Axoulabete: bets $5.71
Joe_Li7: calls $5.71
*** RIVER *** [9c 2c 3c 4h] [8d]
Axoulabete: bets $16
Joe_Li7: calls $16
*** SHOW DOWN ***
Axoulabete: shows [Jc Td] (high card Jack)
Joe_Li7: shows [Kh 9h] (a pair of Nines)
Joe_Li7 collected $59.12 from pot
*** SUMMARY ***
Total pot $61.62 | Rake $2.50 
Board [9c 2c 3c 4h 8d]
Seat 1: Joe_Li7 showed [Kh 9h] and won ($59.12) with a pair of Nines
Seat 2: coeeeelho (button) folded before Flop (didn't bet)
Seat 3: Axoulabete (small blind) showed [Jc Td] and lost with high card Jack
Seat 4: AlexPinsk1 (big blind) folded before Flop
Seat 5: ptolejmus folded before Flop (didn't bet)
Seat 6: franco232315 folded before Flop (didn't bet)



PokerStars Hand #254398469483:  Hold'em No Limit ($0.50/$1.00 USD) - 2025/01/16 15:09:50 WET [2025/01/16 10:09:50 ET]
Table 'Cindijon III' 6-max Seat #3 is the button
Seat 1: Joe_Li7 ($128.81 in chips) 
Seat 2: coeeeelho ($139.93 in chips) 
Seat 3: Axoulabete ($53.09 in chips) 
Seat 4: AlexPinsk1 ($114.50 in chips) 
Seat 5: ptolejmus ($19.25 in chips) 
Seat 6: franco232315 ($104.01 in chips) 
AlexPinsk1: posts small blind $0.50
ptolejmus: posts big blind $1
*** HOLE CARDS ***
franco232315: folds 
Joe_Li7: folds 
coeeeelho: folds 
Axoulabete: raises $1.60 to $2.60
AlexPinsk1: folds 
ptolejmus: folds 
Uncalled bet ($1.60) returned to Axoulabete
Axoulabete collected $2.50 from pot
*** SUMMARY ***
Total pot $2.50 | Rake $0 
Seat 1: Joe_Li7 folded before Flop (didn't bet)
Seat 2: coeeeelho folded before Flop (didn't bet)
Seat 3: Axoulabete (button) collected ($2.50)
Seat 4: AlexPinsk1 (small blind) folded before Flop
Seat 5: ptolejmus (big blind) folded before Flop
Seat 6: franco232315 folded before Flop (didn't bet)



PokerStars Hand #254398474753:  Hold'em No Limit ($0.50/$1.00 USD) - 2025/01/16 15:10:18 WET [2025/01/16 10:10:18 ET]
Table 'Cindijon III' 6-max Seat #4 is the button
Seat 1: Joe_Li7 ($128.81 in chips) 
Seat 2: coeeeelho ($139.93 in chips) 
Seat 3: Axoulabete ($54.59 in chips) 
Seat 4: AlexPinsk1 ($114 in chips) 
Seat 5: ptolejmus ($18.25 in chips) 
Seat 6: franco232315 ($104.01 in chips) 
ptolejmus: posts small blind $0.50
franco232315: posts big blind $1
*** HOLE CARDS ***
Joe_Li7: folds 
coeeeelho: folds 
Axoulabete: folds 
AlexPinsk1: folds 
ptolejmus: raises $1 to $2
franco232315: folds 
Uncalled bet ($1) returned to ptolejmus
ptolejmus collected $2 from pot
*** SUMMARY ***
Total pot $2 | Rake $0 
Seat 1: Joe_Li7 folded before Flop (didn't bet)
Seat 2: coeeeelho folded before Flop (didn't bet)
Seat 3: Axoulabete folded before Flop (didn't bet)
Seat 4: AlexPinsk1 (button) folded before Flop (didn't bet)
Seat 5: ptolejmus (small blind) collected ($2)
Seat 6: franco232315 (big blind) folded before Flop



PokerStars Hand #254398478480:  Hold'em No Limit ($0.50/$1.00 USD) - 2025/01/16 15:10:37 WET [2025/01/16 10:10:37 ET]
Table 'Cindijon III' 6-max Seat #5 is the button
Seat 1: Joe_Li7 ($128.81 in chips) 
Seat 2: coeeeelho ($139.93 in chips) 
Seat 3: Axoulabete ($54.59 in chips) 
Seat 4: AlexPinsk1 ($114 in chips) 
Seat 5: ptolejmus ($19.25 in chips) 
Seat 6: franco232315 ($103.01 in chips) 
franco232315: posts small blind $0.50
Joe_Li7: posts big blind $1
*** HOLE CARDS ***
coeeeelho: folds 
Axoulabete: folds 
AlexPinsk1: folds 
ptolejmus: folds 
franco232315: folds 
Uncalled bet ($0.50) returned to Joe_Li7
Joe_Li7 collected $1 from pot
*** SUMMARY ***
Total pot $1 | Rake $0 
Seat 1: Joe_Li7 (big blind) collected ($1)
Seat 2: coeeeelho folded before Flop (didn't bet)
Seat 3: Axoulabete folded before Flop (didn't bet)
Seat 4: AlexPinsk1 folded before Flop (didn't bet)
Seat 5: ptolejmus (button) folded before Flop (didn't bet)
Seat 6: franco232315 (small blind) folded before Flop



PokerStars Hand #254398481178:  Hold'em No Limit ($0.50/$1.00 USD) - 2025/01/16 15:10:51 WET [2025/01/16 10:10:51 ET]
Table 'Cindijon III' 6-max Seat #6 is the button
Seat 1: Joe_Li7 ($129.31 in chips) 
Seat 2: coeeeelho ($139.93 in chips) 
Seat 3: Axoulabete ($54.59 in chips) 
Seat 4: AlexPinsk1 ($114 in chips) 
Seat 5: ptolejmus ($19.25 in chips) 
Seat 6: franco232315 ($102.51 in chips) 
Joe_Li7: posts small blind $0.50
coeeeelho: posts big blind $1
*** HOLE CARDS ***
Axoulabete: folds 
AlexPinsk1: folds 
ptolejmus: folds 
franco232315: folds 
Joe_Li7: raises $2 to $3
coeeeelho: folds 
Uncalled bet ($2) returned to Joe_Li7
Joe_Li7 collected $2 from pot
*** SUMMARY ***
Total pot $2 | Rake $0 
Seat 1: Joe_Li7 (small blind) collected ($2)
Seat 2: coeeeelho (big blind) folded before Flop
Seat 3: Axoulabete folded before Flop (didn't bet)
Seat 4: AlexPinsk1 folded before Flop (didn't bet)
Seat 5: ptolejmus folded before Flop (didn't bet)
Seat 6: franco232315 (button) folded before Flop (didn't bet)



PokerStars Hand #254398484886:  Hold'em No Limit ($0.50/$1.00 USD) - 2025/01/16 15:11:11 WET [2025/01/16 10:11:11 ET]
Table 'Cindijon III' 6-max Seat #1 is the button
Seat 1: Joe_Li7 ($130.31 in chips) 
Seat 2: coeeeelho ($138.93 in chips) 
Seat 3: Axoulabete ($54.59 in chips) 
Seat 4: AlexPinsk1 ($114 in chips) 
Seat 5: ptolejmus ($19.25 in chips) 
Seat 6: franco232315 ($102.51 in chips) 
coeeeelho: posts small blind $0.50
Axoulabete: posts big blind $1
*** HOLE CARDS ***
AlexPinsk1: folds 
ptolejmus: raises $1 to $2
franco232315: folds 
Joe_Li7: calls $2
coeeeelho: folds 
Axoulabete: calls $1
*** FLOP *** [4d 4c Qs]
Axoulabete: checks 
ptolejmus: bets $1.67
Joe_Li7: calls $1.67
Axoulabete: folds 
*** TURN *** [4d 4c Qs] [3h]
ptolejmus: checks 
Joe_Li7: bets $3.09
ptolejmus: calls $3.09
*** RIVER *** [4d 4c Qs 3h] [2s]
ptolejmus: checks 
Joe_Li7: bets $13.50
ptolejmus: folds 
Uncalled bet ($13.50) returned to Joe_Li7
Joe_Li7 collected $15.22 from pot
*** SUMMARY ***
Total pot $16.02 | Rake $0.80 
Board [4d 4c Qs 3h 2s]
Seat 1: Joe_Li7 (button) collected ($15.22)
Seat 2: coeeeelho (small blind) folded before Flop
Seat 3: Axoulabete (big blind) folded on the Flop
Seat 4: AlexPinsk1 folded before Flop (didn't bet)
Seat 5: ptolejmus folded on the River
Seat 6: franco232315 folded before Flop (didn't bet)



PokerStars Hand #254398511946:  Hold'em No Limit ($0.50/$1.00 USD) - 2025/01/16 15:13:32 WET [2025/01/16 10:13:32 ET]
Table 'Cindijon III' 6-max Seat #2 is the button
Seat 1: Joe_Li7 ($138.77 in chips) 
Seat 2: coeeeelho ($138.43 in chips) 
Seat 3: Axoulabete ($52.59 in chips) 
Seat 4: AlexPinsk1 ($114 in chips) 
Seat 5: ptolejmus ($12.49 in chips) 
Seat 6: franco232315 ($102.51 in chips) 
Axoulabete: posts small blind $0.50
AlexPinsk1: posts big blind $1
*** HOLE CARDS ***
ptolejmus: folds 
franco232315: raises $1.20 to $2.20
Joe_Li7: folds 
coeeeelho: folds 
Axoulabete: folds 
AlexPinsk1: calls $1.20
*** FLOP *** [Qd 9c Ah]
AlexPinsk1: checks 
franco232315: bets $3.50
AlexPinsk1: folds 
Uncalled bet ($3.50) returned to franco232315
franco232315 collected $4.66 from pot
franco232315: doesn't show hand 
*** SUMMARY ***
Total pot $4.90 | Rake $0.24 
Board [Qd 9c Ah]
Seat 1: Joe_Li7 folded before Flop (didn't bet)
Seat 2: coeeeelho (button) folded before Flop (didn't bet)
Seat 3: Axoulabete (small blind) folded before Flop
Seat 4: AlexPinsk1 (big blind) folded on the Flop
Seat 5: ptolejmus folded before Flop (didn't bet)
Seat 6: franco232315 collected ($4.66)



PokerStars Hand #254398520637:  Hold'em No Limit ($0.50/$1.00 USD) - 2025/01/16 15:14:18 WET [2025/01/16 10:14:18 ET]
Table 'Cindijon III' 6-max Seat #3 is the button
Seat 1: Joe_Li7 ($138.77 in chips) 
Seat 2: coeeeelho ($138.43 in chips) 
Seat 3: Axoulabete ($52.09 in chips) 
Seat 4: AlexPinsk1 ($111.80 in chips) 
Seat 5: ptolejmus ($12.49 in chips) 
Seat 6: franco232315 ($104.97 in chips) 
AlexPinsk1: posts small blind $0.50
ptolejmus: posts big blind $1
*** HOLE CARDS ***
franco232315: raises $1.20 to $2.20
Joe_Li7: folds 
coeeeelho: folds 
Axoulabete: calls $2.20
AlexPinsk1: folds 
ptolejmus: folds 
*** FLOP *** [Jh Kh Kc]
franco232315: checks 
Axoulabete: bets $2.40
franco232315: folds 
Uncalled bet ($2.40) returned to Axoulabete
Axoulabete collected $5.60 from pot
*** SUMMARY ***
Total pot $5.90 | Rake $0.30 
Board [Jh Kh Kc]
Seat 1: Joe_Li7 folded before Flop (didn't bet)
Seat 2: coeeeelho folded before Flop (didn't bet)
Seat 3: Axoulabete (button) collected ($5.60)
Seat 4: AlexPinsk1 (small blind) folded before Flop
Seat 5: ptolejmus (big blind) folded before Flop
Seat 6: franco232315 folded on the Flop



PokerStars Hand #254398529554:  Hold'em No Limit ($0.50/$1.00 USD) - 2025/01/16 15:15:04 WET [2025/01/16 10:15:04 ET]
Table 'Cindijon III' 6-max Seat #4 is the button
Seat 1: Joe_Li7 ($138.77 in chips) 
Seat 2: coeeeelho ($138.43 in chips) 
Seat 3: Axoulabete ($55.49 in chips) 
Seat 4: AlexPinsk1 ($111.30 in chips) 
Seat 5: ptolejmus ($11.49 in chips) 
Seat 6: franco232315 ($102.77 in chips) 
ptolejmus: posts small blind $0.50
franco232315: posts big blind $1
*** HOLE CARDS ***
Joe_Li7: folds 
coeeeelho: folds 
Axoulabete: folds 
AlexPinsk1: folds 
ptolejmus: raises $1 to $2
franco232315: calls $1
*** FLOP *** [Td 7d 8h]
ptolejmus: checks 
franco232315: checks 
*** TURN *** [Td 7d 8h] [3d]
ptolejmus: checks 
franco232315: checks 
*** RIVER *** [Td 7d 8h 3d] [7c]
ptolejmus: bets $1.03
franco232315: raises $99.74 to $100.77 and is all-in
ptolejmus: calls $8.46 and is all-in
Uncalled bet ($91.28) returned to franco232315
*** SHOW DOWN ***
franco232315: shows [Kh 7h] (three of a kind, Sevens)
ptolejmus: shows [7s Qc] (three of a kind, Sevens - lower kicker)
franco232315 collected $21.83 from pot
*** SUMMARY ***
Total pot $22.98 | Rake $1.15 
Board [Td 7d 8h 3d 7c]
Seat 1: Joe_Li7 folded before Flop (didn't bet)
Seat 2: coeeeelho folded before Flop (didn't bet)
Seat 3: Axoulabete folded before Flop (didn't bet)
Seat 4: AlexPinsk1 (button) folded before Flop (didn't bet)
Seat 5: ptolejmus (small blind) showed [7s Qc] and lost with three of a kind, Sevens
Seat 6: franco232315 (big blind) showed [Kh 7h] and won ($21.83) with three of a kind, Sevens



PokerStars Hand #254398545177:  Hold'em No Limit ($0.50/$1.00 USD) - 2025/01/16 15:16:24 WET [2025/01/16 10:16:24 ET]
Table 'Cindijon III' 6-max Seat #5 is the button
Seat 1: Joe_Li7 ($138.77 in chips) 
Seat 2: coeeeelho ($138.43 in chips) 
Seat 3: Axoulabete ($55.49 in chips) 
Seat 4: AlexPinsk1 ($111.30 in chips) 
Seat 5: ptolejmus ($10 in chips) 
Seat 6: franco232315 ($113.11 in chips) 
franco232315: posts small blind $0.50
Joe_Li7: posts big blind $1
*** HOLE CARDS ***
coeeeelho: folds 
Axoulabete: folds 
AlexPinsk1: raises $1.50 to $2.50
ptolejmus: folds 
franco232315: raises $8.50 to $11
Joe_Li7: folds 
AlexPinsk1: folds 
Uncalled bet ($8.50) returned to franco232315
franco232315 collected $6 from pot
franco232315: doesn't show hand 
*** SUMMARY ***
Total pot $6 | Rake $0 
Seat 1: Joe_Li7 (big blind) folded before Flop
Seat 2: coeeeelho folded before Flop (didn't bet)
Seat 3: Axoulabete folded before Flop (didn't bet)
Seat 4: AlexPinsk1 folded before Flop
Seat 5: ptolejmus (button) folded before Flop (didn't bet)
Seat 6: franco232315 (small blind) collected ($6)



PokerStars Hand #254398555205:  Hold'em No Limit ($0.50/$1.00 USD) - 2025/01/16 15:17:13 WET [2025/01/16 10:17:13 ET]
Table 'Cindijon III' 6-max Seat #6 is the button
Seat 1: Joe_Li7 ($137.77 in chips) 
Seat 2: coeeeelho ($138.43 in chips) 
Seat 3: Axoulabete ($55.49 in chips) 
Seat 4: AlexPinsk1 ($108.80 in chips) 
Seat 5: ptolejmus ($10 in chips) 
Seat 6: franco232315 ($116.61 in chips) 
Joe_Li7: posts small blind $0.50
coeeeelho: posts big blind $1
*** HOLE CARDS ***
Axoulabete: raises $2.10 to $3.10
AlexPinsk1: folds 
ptolejmus: folds 
franco232315: raises $6.20 to $9.30
AlexPinsk1 leaves the table
Joe_Li7: folds 
coeeeelho: folds 
Axoulabete: calls $6.20
*** FLOP *** [Jh 8c Qc]
Axoulabete: checks 
franco232315: bets $6.30
Axoulabete: calls $6.30
*** TURN *** [Jh 8c Qc] [9d]
Axoulabete: checks 
BGS013 joins the table at seat #4 
franco232315: checks 
*** RIVER *** [Jh 8c Qc 9d] [7c]
Axoulabete: bets $39.89 and is all-in
franco232315: folds 
Uncalled bet ($39.89) returned to Axoulabete
Axoulabete collected $31.06 from pot
*** SUMMARY ***
Total pot $32.70 | Rake $1.64 
Board [Jh 8c Qc 9d 7c]
Seat 1: Joe_Li7 (small blind) folded before Flop
Seat 2: coeeeelho (big blind) folded before Flop
Seat 3: Axoulabete collected ($31.06)
Seat 4: AlexPinsk1 folded before Flop (didn't bet)
Seat 5: ptolejmus folded before Flop (didn't bet)
Seat 6: franco232315 (button) folded on the River



PokerStars Hand #254398579302:  Hold'em No Limit ($0.50/$1.00 USD) - 2025/01/16 15:19:14 WET [2025/01/16 10:19:14 ET]
Table 'Cindijon III' 6-max Seat #1 is the button
Seat 4: BGS013 ($100 in chips) is sitting out
Seat 1: Joe_Li7 ($137.27 in chips) 
Seat 2: coeeeelho ($137.43 in chips) 
Seat 3: Axoulabete ($70.95 in chips) 
Seat 5: ptolejmus ($10 in chips) 
Seat 6: franco232315 ($101.01 in chips) 
coeeeelho: posts small blind $0.50
Axoulabete: posts big blind $1
BGS013: sits out 
*** HOLE CARDS ***
ptolejmus: folds 
franco232315: raises $1.50 to $2.50
Joe_Li7: folds 
coeeeelho: folds 
Axoulabete: calls $1.50
*** FLOP *** [9h Js 2s]
Axoulabete: checks 
franco232315: checks 
*** TURN *** [9h Js 2s] [4s]
Axoulabete: checks 
franco232315: checks 
*** RIVER *** [9h Js 2s 4s] [Kd]
Axoulabete: checks 
franco232315: checks 
*** SHOW DOWN ***
Axoulabete: shows [4c Qc] (a pair of Fours)
franco232315: shows [9d Th] (a pair of Nines)
franco232315 collected $5.22 from pot
*** SUMMARY ***
Total pot $5.50 | Rake $0.28 
Board [9h Js 2s 4s Kd]
Seat 4: BGS013
Seat 1: Joe_Li7 (button) folded before Flop (didn't bet)
Seat 2: coeeeelho (small blind) folded before Flop
Seat 3: Axoulabete (big blind) showed [4c Qc] and lost with a pair of Fours
Seat 5: ptolejmus folded before Flop (didn't bet)
Seat 6: franco232315 showed [9d Th] and won ($5.22) with a pair of Nines



PokerStars Hand #254398586522:  Hold'em No Limit ($0.50/$1.00 USD) - 2025/01/16 15:19:49 WET [2025/01/16 10:19:49 ET]
Table 'Cindijon III' 6-max Seat #2 is the button
Seat 1: Joe_Li7 ($137.27 in chips) 
Seat 2: coeeeelho ($136.93 in chips) 
Seat 3: Axoulabete ($68.45 in chips) 
Seat 4: BGS013 ($100 in chips) 
Seat 5: ptolejmus ($10 in chips) 
Seat 6: franco232315 ($103.73 in chips) 
Axoulabete: posts small blind $0.50
BGS013: posts big blind $1
*** HOLE CARDS ***
ptolejmus: folds 
franco232315: folds 
Joe_Li7: folds 
coeeeelho: raises $1.20 to $2.20
Axoulabete: calls $1.70
BGS013: folds 
*** FLOP *** [5h 2c 8d]
Axoulabete: checks 
coeeeelho: bets $1.69
Axoulabete: calls $1.69
*** TURN *** [5h 2c 8d] [6d]
Axoulabete: checks 
coeeeelho: checks 
*** RIVER *** [5h 2c 8d 6d] [Ah]
Axoulabete: checks 
coeeeelho: bets $6.25
Axoulabete: calls $6.25
*** SHOW DOWN ***
coeeeelho: shows [Ad Ks] (a pair of Aces)
Axoulabete: mucks hand 
coeeeelho collected $20.22 from pot
*** SUMMARY ***
Total pot $21.28 | Rake $1.06 
Board [5h 2c 8d 6d Ah]
Seat 1: Joe_Li7 folded before Flop (didn't bet)
Seat 2: coeeeelho (button) showed [Ad Ks] and won ($20.22) with a pair of Aces
Seat 3: Axoulabete (small blind) mucked
Seat 4: BGS013 (big blind) folded before Flop
Seat 5: ptolejmus folded before Flop (didn't bet)
Seat 6: franco232315 folded before Flop (didn't bet)



PokerStars Hand #254398599309:  Hold'em No Limit ($0.50/$1.00 USD) - 2025/01/16 15:20:52 WET [2025/01/16 10:20:52 ET]
Table 'Cindijon III' 6-max Seat #3 is the button
Seat 1: Joe_Li7 ($137.27 in chips) 
Seat 2: coeeeelho ($147.01 in chips) 
Seat 3: Axoulabete ($58.31 in chips) 
Seat 4: BGS013 ($100 in chips) 
Seat 5: ptolejmus ($10 in chips) 
Seat 6: franco232315 ($103.73 in chips) 
BGS013: posts small blind $0.50
ptolejmus: posts big blind $1
*** HOLE CARDS ***
franco232315: folds 
Joe_Li7: folds 
coeeeelho: raises $1.20 to $2.20
Axoulabete: calls $2.20
BGS013: folds 
ptolejmus: folds 
*** FLOP *** [Ad 6d Qc]
coeeeelho: checks 
Axoulabete: checks 
*** TURN *** [Ad 6d Qc] [8s]
coeeeelho: bets $4.20
Axoulabete: calls $4.20
*** RIVER *** [Ad 6d Qc 8s] [Jd]
coeeeelho: bets $10.19
Axoulabete: folds 
Uncalled bet ($10.19) returned to coeeeelho
coeeeelho collected $13.58 from pot
*** SUMMARY ***
Total pot $14.30 | Rake $0.72 
Board [Ad 6d Qc 8s Jd]
Seat 1: Joe_Li7 folded before Flop (didn't bet)
Seat 2: coeeeelho collected ($13.58)
Seat 3: Axoulabete (button) folded on the River
Seat 4: BGS013 (small blind) folded before Flop
Seat 5: ptolejmus (big blind) folded before Flop
Seat 6: franco232315 folded before Flop (didn't bet)



PokerStars Hand #254398609823:  Hold'em No Limit ($0.50/$1.00 USD) - 2025/01/16 15:21:44 WET [2025/01/16 10:21:44 ET]
Table 'Cindijon III' 6-max Seat #4 is the button
Seat 1: Joe_Li7 ($137.27 in chips) 
Seat 2: coeeeelho ($154.19 in chips) 
Seat 3: Axoulabete ($51.91 in chips) 
Seat 4: BGS013 ($100 in chips) 
Seat 5: ptolejmus ($10 in chips) 
Seat 6: franco232315 ($103.73 in chips) 
ptolejmus: posts small blind $0.50
franco232315: posts big blind $1
*** HOLE CARDS ***
Joe_Li7: folds 
coeeeelho: folds 
Axoulabete: folds 
BGS013: folds 
ptolejmus: raises $9 to $10 and is all-in
franco232315: folds 
Uncalled bet ($9) returned to ptolejmus
ptolejmus collected $2 from pot
*** SUMMARY ***
Total pot $2 | Rake $0 
Seat 1: Joe_Li7 folded before Flop (didn't bet)
Seat 2: coeeeelho folded before Flop (didn't bet)
Seat 3: Axoulabete folded before Flop (didn't bet)
Seat 4: BGS013 (button) folded before Flop (didn't bet)
Seat 5: ptolejmus (small blind) collected ($2)
Seat 6: franco232315 (big blind) folded before Flop



PokerStars Hand #254398615698:  Hold'em No Limit ($0.50/$1.00 USD) - 2025/01/16 15:22:13 WET [2025/01/16 10:22:13 ET]
Table 'Cindijon III' 6-max Seat #5 is the button
Seat 1: Joe_Li7 ($137.27 in chips) 
Seat 2: coeeeelho ($154.19 in chips) 
Seat 3: Axoulabete ($51.91 in chips) 
Seat 4: BGS013 ($100 in chips) 
Seat 5: ptolejmus ($11 in chips) 
Seat 6: franco232315 ($102.73 in chips) 
franco232315: posts small blind $0.50
Joe_Li7: posts big blind $1
*** HOLE CARDS ***
coeeeelho: folds 
Axoulabete: folds 
BGS013: raises $1.50 to $2.50
ptolejmus: folds 
franco232315: folds 
Joe_Li7: folds 
Uncalled bet ($1.50) returned to BGS013
BGS013 collected $2.50 from pot
BGS013: doesn't show hand 
*** SUMMARY ***
Total pot $2.50 | Rake $0 
Seat 1: Joe_Li7 (big blind) folded before Flop
Seat 2: coeeeelho folded before Flop (didn't bet)
Seat 3: Axoulabete folded before Flop (didn't bet)
Seat 4: BGS013 collected ($2.50)
Seat 5: ptolejmus (button) folded before Flop (didn't bet)
Seat 6: franco232315 (small blind) folded before Flop



PokerStars Hand #254398620015:  Hold'em No Limit ($0.50/$1.00 USD) - 2025/01/16 15:22:35 WET [2025/01/16 10:22:35 ET]
Table 'Cindijon III' 6-max Seat #6 is the button
Seat 1: Joe_Li7 ($136.27 in chips) 
Seat 2: coeeeelho ($154.19 in chips) 
Seat 3: Axoulabete ($51.91 in chips) 
Seat 4: BGS013 ($101.50 in chips) 
Seat 5: ptolejmus ($11 in chips) 
Seat 6: franco232315 ($102.23 in chips) 
Joe_Li7: posts small blind $0.50
coeeeelho: posts big blind $1
*** HOLE CARDS ***
Axoulabete: raises $2.10 to $3.10
BGS013: folds 
ptolejmus: raises $7.90 to $11 and is all-in
franco232315: folds 
Joe_Li7: folds 
coeeeelho: folds 
Axoulabete: calls $7.90
*** FLOP *** [2s 7d Qc]
*** TURN *** [2s 7d Qc] [3c]
*** RIVER *** [2s 7d Qc 3c] [5h]
*** SHOW DOWN ***
Axoulabete: shows [Ac Ts] (high card Ace)
ptolejmus: shows [Js Jh] (a pair of Jacks)
ptolejmus collected $22.32 from pot
*** SUMMARY ***
Total pot $23.50 | Rake $1.18 
Board [2s 7d Qc 3c 5h]
Seat 1: Joe_Li7 (small blind) folded before Flop
Seat 2: coeeeelho (big blind) folded before Flop
Seat 3: Axoulabete showed [Ac Ts] and lost with high card Ace
Seat 4: BGS013 folded before Flop (didn't bet)
Seat 5: ptolejmus showed [Js Jh] and won ($22.32) with a pair of Jacks
Seat 6: franco232315 (button) folded before Flop (didn't bet)



PokerStars Hand #254398627048:  Hold'em No Limit ($0.50/$1.00 USD) - 2025/01/16 15:23:09 WET [2025/01/16 10:23:09 ET]
Table 'Cindijon III' 6-max Seat #1 is the button
Seat 1: Joe_Li7 ($135.77 in chips) 
Seat 2: coeeeelho ($153.19 in chips) 
Seat 3: Axoulabete ($40.91 in chips) 
Seat 4: BGS013 ($101.50 in chips) 
Seat 5: ptolejmus ($22.32 in chips) 
Seat 6: franco232315 ($102.23 in chips) 
coeeeelho: posts small blind $0.50
Axoulabete: posts big blind $1
*** HOLE CARDS ***
BGS013: folds 
ptolejmus: raises $1 to $2
franco232315: folds 
Joe_Li7: folds 
coeeeelho: folds 
Axoulabete: calls $1
*** FLOP *** [8h Tc Ac]
Axoulabete: checks 
ptolejmus: bets $2.18
Axoulabete: calls $2.18
*** TURN *** [8h Tc Ac] [5s]
Axoulabete: checks 
ptolejmus: bets $18.14 and is all-in
Axoulabete: calls $18.14
*** RIVER *** [8h Tc Ac 5s] [Js]
*** SHOW DOWN ***
Axoulabete: shows [Th 6h] (a pair of Tens)
ptolejmus: shows [Kh Ad] (a pair of Aces)
ptolejmus collected $42.88 from pot
*** SUMMARY ***
Total pot $45.14 | Rake $2.26 
Board [8h Tc Ac 5s Js]
Seat 1: Joe_Li7 (button) folded before Flop (didn't bet)
Seat 2: coeeeelho (small blind) folded before Flop
Seat 3: Axoulabete (big blind) showed [Th 6h] and lost with a pair of Tens
Seat 4: BGS013 folded before Flop (didn't bet)
Seat 5: ptolejmus showed [Kh Ad] and won ($42.88) with a pair of Aces
Seat 6: franco232315 folded before Flop (didn't bet)



PokerStars Hand #254398639806:  Hold'em No Limit ($0.50/$1.00 USD) - 2025/01/16 15:24:12 WET [2025/01/16 10:24:12 ET]
Table 'Cindijon III' 6-max Seat #2 is the button
Seat 1: Joe_Li7 ($135.77 in chips) 
Seat 2: coeeeelho ($152.69 in chips) 
Seat 3: Axoulabete ($18.59 in chips) 
Seat 4: BGS013 ($101.50 in chips) 
Seat 5: ptolejmus ($42.88 in chips) 
Seat 6: franco232315 ($102.23 in chips) 
Axoulabete: posts small blind $0.50
BGS013: posts big blind $1
*** HOLE CARDS ***
ptolejmus: folds 
franco232315: raises $1.20 to $2.20
Joe_Li7: folds 
coeeeelho: folds 
Axoulabete: calls $1.70
BGS013: folds 
*** FLOP *** [8s 5h 9d]
ptolejmus leaves the table
Axoulabete: bets $1.69
franco232315: raises $2.31 to $4
Axoulabete: raises $12.39 to $16.39 and is all-in
franco232315: calls $12.39
*** TURN *** [8s 5h 9d] [Jh]
*** RIVER *** [8s 5h 9d Jh] [7c]
*** SHOW DOWN ***
Axoulabete: shows [As Js] (a pair of Jacks)
franco232315: shows [Qc Qh] (a pair of Queens)
franco232315 collected $36.27 from pot
*** SUMMARY ***
Total pot $38.18 | Rake $1.91 
Board [8s 5h 9d Jh 7c]
Seat 1: Joe_Li7 folded before Flop (didn't bet)
Seat 2: coeeeelho (button) folded before Flop (didn't bet)
Seat 3: Axoulabete (small blind) showed [As Js] and lost with a pair of Jacks
Seat 4: BGS013 (big blind) folded before Flop
Seat 5: ptolejmus folded before Flop (didn't bet)
Seat 6: franco232315 showed [Qc Qh] and won ($36.27) with a pair of Queens



PokerStars Hand #254398648354:  Hold'em No Limit ($0.50/$1.00 USD) - 2025/01/16 15:24:53 WET [2025/01/16 10:24:53 ET]
Table 'Cindijon III' 6-max Seat #4 is the button
Seat 1: Joe_Li7 ($135.77 in chips) 
Seat 2: coeeeelho ($152.69 in chips) 
Seat 4: BGS013 ($100.50 in chips) 
Seat 6: franco232315 ($119.91 in chips) 
franco232315: posts small blind $0.50
Joe_Li7: posts big blind $1
*** HOLE CARDS ***
coeeeelho: folds 
BGS013: raises $1.50 to $2.50
franco232315: folds 
Joe_Li7: calls $1.50
*** FLOP *** [3c Ah 3h]
Joe_Li7: checks 
BGS013: bets $1.36
Joe_Li7: folds 
Uncalled bet ($1.36) returned to BGS013
BGS013 collected $5.22 from pot
BGS013: doesn't show hand 
*** SUMMARY ***
Total pot $5.50 | Rake $0.28 
Board [3c Ah 3h]
Seat 1: Joe_Li7 (big blind) folded on the Flop
Seat 2: coeeeelho folded before Flop (didn't bet)
Seat 4: BGS013 (button) collected ($5.22)
Seat 6: franco232315 (small blind) folded before Flop



PokerStars Hand #254398656695:  Hold'em No Limit ($0.50/$1.00 USD) - 2025/01/16 15:25:34 WET [2025/01/16 10:25:34 ET]
Table 'Cindijon III' 6-max Seat #6 is the button
Seat 1: Joe_Li7 ($133.27 in chips) 
Seat 2: coeeeelho ($152.69 in chips) 
Seat 4: BGS013 ($103.22 in chips) 
Seat 6: franco232315 ($119.41 in chips) 
Joe_Li7: posts small blind $0.50
coeeeelho: posts big blind $1
*** HOLE CARDS ***
BGS013: folds 
franco232315: raises $1.50 to $2.50
Joe_Li7: folds 
coeeeelho: folds 
Uncalled bet ($1.50) returned to franco232315
franco232315 collected $2.50 from pot
franco232315: doesn't show hand 
*** SUMMARY ***
Total pot $2.50 | Rake $0 
Seat 1: Joe_Li7 (small blind) folded before Flop
Seat 2: coeeeelho (big blind) folded before Flop
Seat 4: BGS013 folded before Flop (didn't bet)
Seat 6: franco232315 (button) collected ($2.50)



PokerStars Hand #254398659715:  Hold'em No Limit ($0.50/$1.00 USD) - 2025/01/16 15:25:48 WET [2025/01/16 10:25:48 ET]
Table 'Cindijon III' 6-max Seat #1 is the button
Seat 1: Joe_Li7 ($132.77 in chips) 
Seat 2: coeeeelho ($151.69 in chips) 
Seat 4: BGS013 ($103.22 in chips) 
Seat 6: franco232315 ($120.91 in chips) 
coeeeelho: posts small blind $0.50
BGS013: posts big blind $1
*** HOLE CARDS ***
franco232315: folds 
franco232315 leaves the table
Joe_Li7: raises $1.50 to $2.50
coeeeelho: folds 
BGS013: folds 
Uncalled bet ($1.50) returned to Joe_Li7
Joe_Li7 collected $2.50 from pot
*** SUMMARY ***
Total pot $2.50 | Rake $0 
Seat 1: Joe_Li7 (button) collected ($2.50)
Seat 2: coeeeelho (small blind) folded before Flop
Seat 4: BGS013 (big blind) folded before Flop
Seat 6: franco232315 folded before Flop (didn't bet)



PokerStars Hand #254398662718:  Hold'em No Limit ($0.50/$1.00 USD) - 2025/01/16 15:26:03 WET [2025/01/16 10:26:03 ET]
Table 'Cindijon III' 6-max Seat #4 is the button
Seat 1: Joe_Li7 ($134.27 in chips) is sitting out
Seat 2: coeeeelho ($151.19 in chips) 
Seat 4: BGS013 ($102.22 in chips) 
BGS013: posts small blind $0.50
Joe_Li7: is sitting out 
coeeeelho: posts big blind $1
*** HOLE CARDS ***
Joe_Li7 leaves the table
BGS013: raises $1.50 to $2.50
coeeeelho: raises $7.50 to $10
BGS013: calls $7.50
*** FLOP *** [Qs Ah Qh]
coeeeelho: bets $4.75
BGS013: calls $4.75
*** TURN *** [Qs Ah Qh] [6h]
coeeeelho: checks 
BGS013: checks 
*** RIVER *** [Qs Ah Qh 6h] [As]
coeeeelho: bets $14.25
BGS013: calls $14.25
*** SHOW DOWN ***
coeeeelho: shows [6c Ac] (a full house, Aces full of Queens)
BGS013: mucks hand 
coeeeelho collected $57 from pot
*** SUMMARY ***
Total pot $58 | Rake $1 
Board [Qs Ah Qh 6h As]
Seat 1: Joe_Li7
Seat 2: coeeeelho (big blind) showed [6c Ac] and won ($57) with a full house, Aces full of Queens
Seat 4: BGS013 (button) (small blind) mucked



