PokerStars Hand #254401187517:  Hold'em No Limit ($0.50/$1.00 USD) - 2025/01/16 17:54:52 WET [2025/01/16 12:54:52 ET]
Table 'Mahasim III' 6-max Seat #3 is the button
Seat 6: value_ftw ($100 in chips) is sitting out
Seat 1: YeeesMan ($106.18 in chips) 
Seat 2: danilo2209 ($29.60 in chips) 
Seat 3: paramourx ($100 in chips) 
Seat 4: fobot21 ($107.24 in chips) 
Seat 5: z00mba ($100.18 in chips) 
fobot21: posts small blind $0.50
z00mba: posts big blind $1
value_ftw: sits out 
*** HOLE CARDS ***
YeeesMan: raises $1.50 to $2.50
danilo2209: folds 
paramourx: folds 
fobot21: folds 
z00mba: folds 
Uncalled bet ($1.50) returned to YeeesMan
YeeesMan collected $2.50 from pot
YeeesMan: doesn't show hand 
*** SUMMARY ***
Total pot $2.50 | Rake $0 
Seat 6: value_ftw
Seat 1: YeeesMan collected ($2.50)
Seat 2: danilo2209 folded before Flop (didn't bet)
Seat 3: paramourx (button) folded before Flop (didn't bet)
Seat 4: fobot21 (small blind) folded before Flop
Seat 5: z00mba (big blind) folded before Flop



PokerStars Hand #254401191719:  Hold'em No Limit ($0.50/$1.00 USD) - 2025/01/16 17:55:09 WET [2025/01/16 12:55:09 ET]
Table 'Mahasim III' 6-max Seat #4 is the button
Seat 1: YeeesMan ($107.68 in chips) 
Seat 2: danilo2209 ($29.60 in chips) 
Seat 3: paramourx ($100 in chips) 
Seat 4: fobot21 ($106.74 in chips) 
Seat 5: z00mba ($100 in chips) 
Seat 6: value_ftw ($100 in chips) 
z00mba: posts small blind $0.50
value_ftw: posts big blind $1
*** HOLE CARDS ***
YeeesMan: folds 
danilo2209: folds 
paramourx: raises $2 to $3
fobot21: folds 
z00mba: folds 
value_ftw: folds 
Uncalled bet ($2) returned to paramourx
paramourx collected $2.50 from pot
paramourx: doesn't show hand 
*** SUMMARY ***
Total pot $2.50 | Rake $0 
Seat 1: YeeesMan folded before Flop (didn't bet)
Seat 2: danilo2209 folded before Flop (didn't bet)
Seat 3: paramourx collected ($2.50)
Seat 4: fobot21 (button) folded before Flop (didn't bet)
Seat 5: z00mba (small blind) folded before Flop
Seat 6: value_ftw (big blind) folded before Flop



PokerStars Hand #254401195199:  Hold'em No Limit ($0.50/$1.00 USD) - 2025/01/16 17:55:26 WET [2025/01/16 12:55:26 ET]
Table 'Mahasim III' 6-max Seat #5 is the button
Seat 1: YeeesMan ($107.68 in chips) is sitting out
Seat 2: danilo2209 ($29.60 in chips) 
Seat 3: paramourx ($101.50 in chips) 
Seat 4: fobot21 ($106.74 in chips) 
Seat 5: z00mba ($100 in chips) 
Seat 6: value_ftw ($100 in chips) 
value_ftw: posts small blind $0.50
YeeesMan: is sitting out 
danilo2209: posts big blind $1
*** HOLE CARDS ***
paramourx: folds 
fobot21: folds 
z00mba: folds 
value_ftw: folds 
Uncalled bet ($0.50) returned to danilo2209
danilo2209 collected $1 from pot
YeeesMan leaves the table
*** SUMMARY ***
Total pot $1 | Rake $0 
Seat 1: YeeesMan
Seat 2: danilo2209 (big blind) collected ($1)
Seat 3: paramourx folded before Flop (didn't bet)
Seat 4: fobot21 folded before Flop (didn't bet)
Seat 5: z00mba (button) folded before Flop (didn't bet)
Seat 6: value_ftw (small blind) folded before Flop



PokerStars Hand #254401197178:  Hold'em No Limit ($0.50/$1.00 USD) - 2025/01/16 17:55:36 WET [2025/01/16 12:55:36 ET]
Table 'Mahasim III' 6-max Seat #6 is the button
Seat 2: danilo2209 ($30.10 in chips) 
Seat 3: paramourx ($101.50 in chips) 
Seat 4: fobot21 ($106.74 in chips) 
Seat 5: z00mba ($100 in chips) 
Seat 6: value_ftw ($100 in chips) 
danilo2209: posts small blind $0.50
paramourx: posts big blind $1
*** HOLE CARDS ***
fobot21: raises $1 to $2
z00mba: folds 
value_ftw: folds 
danilo2209: folds 
paramourx: folds 
Uncalled bet ($1) returned to fobot21
fobot21 collected $2.50 from pot
fobot21: doesn't show hand 
*** SUMMARY ***
Total pot $2.50 | Rake $0 
Seat 2: danilo2209 (small blind) folded before Flop
Seat 3: paramourx (big blind) folded before Flop
Seat 4: fobot21 collected ($2.50)
Seat 5: z00mba folded before Flop (didn't bet)
Seat 6: value_ftw (button) folded before Flop (didn't bet)



PokerStars Hand #254401200721:  Hold'em No Limit ($0.50/$1.00 USD) - 2025/01/16 17:55:54 WET [2025/01/16 12:55:54 ET]
Table 'Mahasim III' 6-max Seat #2 is the button
Seat 2: danilo2209 ($29.60 in chips) 
Seat 3: paramourx ($100.50 in chips) 
Seat 4: fobot21 ($108.24 in chips) 
Seat 5: z00mba ($100 in chips) 
Seat 6: value_ftw ($100 in chips) 
paramourx: posts small blind $0.50
fobot21: posts big blind $1
*** HOLE CARDS ***
z00mba: folds 
ImaPeppaPig joins the table at seat #1 
value_ftw: raises $1.20 to $2.20
danilo2209: folds 
paramourx: folds 
fobot21: folds 
Uncalled bet ($1.20) returned to value_ftw
value_ftw collected $2.50 from pot
value_ftw: doesn't show hand 
*** SUMMARY ***
Total pot $2.50 | Rake $0 
Seat 2: danilo2209 (button) folded before Flop (didn't bet)
Seat 3: paramourx (small blind) folded before Flop
Seat 4: fobot21 (big blind) folded before Flop
Seat 5: z00mba folded before Flop (didn't bet)
Seat 6: value_ftw collected ($2.50)



PokerStars Hand #254401204357:  Hold'em No Limit ($0.50/$1.00 USD) - 2025/01/16 17:56:13 WET [2025/01/16 12:56:13 ET]
Table 'Mahasim III' 6-max Seat #3 is the button
Seat 5: z00mba ($100 in chips) is sitting out
Seat 6: value_ftw ($101.50 in chips) is sitting out
Seat 1: ImaPeppaPig ($100 in chips) 
Seat 2: danilo2209 ($29.60 in chips) 
Seat 3: paramourx ($100 in chips) 
Seat 4: fobot21 ($107.24 in chips) 
fobot21: posts small blind $0.50
z00mba: is sitting out 
value_ftw: is sitting out 
ImaPeppaPig: posts big blind $1
*** HOLE CARDS ***
danilo2209: folds 
paramourx: folds 
fobot21: raises $1.90 to $2.90
value_ftw leaves the table
ImaPeppaPig: raises $6.10 to $9
fobot21: raises $13.50 to $22.50
ImaPeppaPig: folds 
Uncalled bet ($13.50) returned to fobot21
fobot21 collected $18 from pot
fobot21: doesn't show hand 
*** SUMMARY ***
Total pot $18 | Rake $0 
Seat 5: z00mba
Seat 6: value_ftw
Seat 1: ImaPeppaPig (big blind) folded before Flop
Seat 2: danilo2209 folded before Flop (didn't bet)
Seat 3: paramourx (button) folded before Flop (didn't bet)
Seat 4: fobot21 (small blind) collected ($18)



PokerStars Hand #254401209327:  Hold'em No Limit ($0.50/$1.00 USD) - 2025/01/16 17:56:37 WET [2025/01/16 12:56:37 ET]
Table 'Mahasim III' 6-max Seat #4 is the button
Seat 5: z00mba ($100 in chips) is sitting out
Seat 1: ImaPeppaPig ($100 in chips) 
Seat 2: danilo2209 ($29.60 in chips) 
Seat 3: paramourx ($100 in chips) 
Seat 4: fobot21 ($116.24 in chips) 
ImaPeppaPig: posts small blind $0.50
danilo2209: posts big blind $1
*** HOLE CARDS ***
paramourx: folds 
fobot21: raises $1.50 to $2.50
ImaPeppaPig: folds 
danilo2209: folds 
Uncalled bet ($1.50) returned to fobot21
fobot21 collected $2.50 from pot
fobot21: doesn't show hand 
z00mba leaves the table
*** SUMMARY ***
Total pot $2.50 | Rake $0 
Seat 5: z00mba
Seat 1: ImaPeppaPig (small blind) folded before Flop
Seat 2: danilo2209 (big blind) folded before Flop
Seat 3: paramourx folded before Flop (didn't bet)
Seat 4: fobot21 (button) collected ($2.50)



PokerStars Hand #254401212325:  Hold'em No Limit ($0.50/$1.00 USD) - 2025/01/16 17:56:53 WET [2025/01/16 12:56:53 ET]
Table 'Mahasim III' 6-max Seat #1 is the button
Seat 1: ImaPeppaPig ($100 in chips) 
Seat 2: danilo2209 ($28.60 in chips) 
Seat 3: paramourx ($100 in chips) 
Seat 4: fobot21 ($117.74 in chips) 
danilo2209: posts small blind $0.50
paramourx: posts big blind $1
*** HOLE CARDS ***
fobot21: raises $1.50 to $2.50
ImaPeppaPig: raises $5.50 to $8
danilo2209: raises $20.60 to $28.60 and is all-in
paramourx: folds 
fobot21: folds 
z00mba joins the table at seat #6 
JUANS2 joins the table at seat #5 
ImaPeppaPig: calls $20.60
fobot21 leaves the table
*** FLOP *** [8d 5h 7h]
*** TURN *** [8d 5h 7h] [Qh]
*** RIVER *** [8d 5h 7h Qh] [Kc]
*** SHOW DOWN ***
danilo2209: shows [9s 9c] (a pair of Nines)
ImaPeppaPig: shows [7d 6d] (a pair of Sevens)
danilo2209 collected $59.70 from pot
*** SUMMARY ***
Total pot $60.70 | Rake $1 
Board [8d 5h 7h Qh Kc]
Seat 1: ImaPeppaPig (button) showed [7d 6d] and lost with a pair of Sevens
Seat 2: danilo2209 (small blind) showed [9s 9c] and won ($59.70) with a pair of Nines
Seat 3: paramourx (big blind) folded before Flop
Seat 4: fobot21 folded before Flop



PokerStars Hand #254401222490:  Hold'em No Limit ($0.50/$1.00 USD) - 2025/01/16 17:57:45 WET [2025/01/16 12:57:45 ET]
Table 'Mahasim III' 6-max Seat #3 is the button
Seat 2: danilo2209 ($59.70 in chips) is sitting out
Seat 5: JUANS2 ($100 in chips) is sitting out
Seat 6: z00mba ($100 in chips) is sitting out
Seat 1: ImaPeppaPig ($100 in chips) 
Seat 3: paramourx ($100 in chips) 
paramourx: posts small blind $0.50
ImaPeppaPig: posts big blind $1
*** HOLE CARDS ***
paramourx: raises $2 to $3
ImaPeppaPig: folds 
Uncalled bet ($2) returned to paramourx
paramourx collected $2 from pot
danilo2209 leaves the table
paramourx: doesn't show hand 
*** SUMMARY ***
Total pot $2 | Rake $0 
Seat 2: danilo2209
Seat 5: JUANS2
Seat 6: z00mba
Seat 1: ImaPeppaPig (big blind) folded before Flop
Seat 3: paramourx (button) (small blind) collected ($2)



PokerStars Hand #254401224021:  Hold'em No Limit ($0.50/$1.00 USD) - 2025/01/16 17:57:54 WET [2025/01/16 12:57:54 ET]
Table 'Mahasim III' 6-max Seat #1 is the button
Seat 6: z00mba ($100 in chips) is sitting out
Seat 1: ImaPeppaPig ($100 in chips) 
Seat 3: paramourx ($101 in chips) 
Seat 5: JUANS2 ($100 in chips) 
paramourx: posts small blind $0.50
JUANS2: posts big blind $1
z00mba: sits out 
*** HOLE CARDS ***
z00mba leaves the table
ImaPeppaPig: raises $1.50 to $2.50
paramourx: raises $9 to $11.50
JUANS2: folds 
ImaPeppaPig: folds 
Uncalled bet ($9) returned to paramourx
paramourx collected $6 from pot
paramourx: doesn't show hand 
*** SUMMARY ***
Total pot $6 | Rake $0 
Seat 6: z00mba
Seat 1: ImaPeppaPig (button) folded before Flop
Seat 3: paramourx (small blind) collected ($6)
Seat 5: JUANS2 (big blind) folded before Flop



PokerStars Hand #254401230211:  Hold'em No Limit ($0.50/$1.00 USD) - 2025/01/16 17:58:25 WET [2025/01/16 12:58:25 ET]
Table 'Mahasim III' 6-max Seat #3 is the button
Seat 1: ImaPeppaPig ($100 in chips) 
Seat 3: paramourx ($104.50 in chips) 
Seat 5: JUANS2 ($100 in chips) 
JUANS2: posts small blind $0.50
ImaPeppaPig: posts big blind $1
*** HOLE CARDS ***
paramourx: folds 
JUANS2: raises $2 to $3
ImaPeppaPig: calls $2
*** FLOP *** [4s 8c Jh]
JUANS2: checks 
ImaPeppaPig: bets $2.96
JUANS2: raises $6.54 to $9.50
ImaPeppaPig: raises $10.50 to $20
JUANS2: raises $77 to $97 and is all-in
ImaPeppaPig: folds 
Uncalled bet ($77) returned to JUANS2
JUANS2 collected $45 from pot
JUANS2: doesn't show hand 
*** SUMMARY ***
Total pot $46 | Rake $1 
Board [4s 8c Jh]
Seat 1: ImaPeppaPig (big blind) folded on the Flop
Seat 3: paramourx (button) folded before Flop (didn't bet)
Seat 5: JUANS2 (small blind) collected ($45)



