PokerStars Hand #254409582115:  Hold'em No Limit ($0.50/$1.00 USD) - 2025/01/16 2:45:22 WET [2025/01/16 21:45:22 ET]
Table 'Cloelia III' 6-max Seat #2 is the button
Seat 2: rostickkin ($100 in chips) 
Seat 4: Manifestorr ($107.08 in chips) 
Seat 6: J2DaMac ($94.33 in chips) 
Manifestorr: posts small blind $0.50
J2DaMac: posts big blind $1
*** HOLE CARDS ***
rostickkin: folds 
50CandyJoe joins the table at seat #1 
Manifestorr: raises $2 to $3
J2DaMac: calls $2
*** FLOP *** [4d Ad 3c]
Manifestorr: bets $1.88
J2DaMac: folds 
Uncalled bet ($1.88) returned to Manifestorr
Manifestorr collected $5.70 from pot
*** SUMMARY ***
Total pot $6 | Rake $0.30 
Board [4d Ad 3c]
Seat 2: rostickkin (button) folded before Flop (didn't bet)
Seat 4: Manifestorr (small blind) collected ($5.70)
Seat 6: J2DaMac (big blind) folded on the Flop



PokerStars Hand #254409585727:  Hold'em No Limit ($0.50/$1.00 USD) - 2025/01/16 2:45:47 WET [2025/01/16 21:45:47 ET]
Table 'Cloelia III' 6-max Seat #4 is the button
Seat 1: 50CandyJoe ($100 in chips) 
Seat 2: rostickkin ($100 in chips) 
Seat 4: Manifestorr ($109.78 in chips) 
Seat 6: J2DaMac ($91.33 in chips) 
J2DaMac: posts small blind $0.50
50CandyJoe: posts big blind $1
*** HOLE CARDS ***
rostickkin: folds 
Manifestorr: raises $1.20 to $2.20
J2DaMac: folds 
50CandyJoe: calls $1.20
*** FLOP *** [2h 8c 4c]
50CandyJoe: checks 
Manifestorr: checks 
*** TURN *** [2h 8c 4c] [7h]
50CandyJoe: checks 
Manifestorr: bets $6.29
Parabelum911 joins the table at seat #3 
50CandyJoe: folds 
Uncalled bet ($6.29) returned to Manifestorr
Manifestorr collected $4.66 from pot
*** SUMMARY ***
Total pot $4.90 | Rake $0.24 
Board [2h 8c 4c 7h]
Seat 1: 50CandyJoe (big blind) folded on the Turn
Seat 2: rostickkin folded before Flop (didn't bet)
Seat 4: Manifestorr (button) collected ($4.66)
Seat 6: J2DaMac (small blind) folded before Flop



PokerStars Hand #254409593367:  Hold'em No Limit ($0.50/$1.00 USD) - 2025/01/16 2:46:40 WET [2025/01/16 21:46:40 ET]
Table 'Cloelia III' 6-max Seat #6 is the button
Seat 3: Parabelum911 ($100 in chips) is sitting out
Seat 1: 50CandyJoe ($100 in chips) 
Seat 2: rostickkin ($100 in chips) 
Seat 4: Manifestorr ($112.24 in chips) 
Seat 6: J2DaMac ($90.83 in chips) 
50CandyJoe: posts small blind $0.50
rostickkin: posts big blind $1
Parabelum911: sits out 
*** HOLE CARDS ***
Manifestorr: raises $1.20 to $2.20
J2DaMac: calls $2.20
50CandyJoe: raises $11.30 to $13.50
rostickkin: folds 
Manifestorr: folds 
J2DaMac: folds 
Uncalled bet ($11.30) returned to 50CandyJoe
50CandyJoe collected $7.60 from pot
50CandyJoe: doesn't show hand 
*** SUMMARY ***
Total pot $7.60 | Rake $0 
Seat 3: Parabelum911
Seat 1: 50CandyJoe (small blind) collected ($7.60)
Seat 2: rostickkin (big blind) folded before Flop
Seat 4: Manifestorr folded before Flop
Seat 6: J2DaMac (button) folded before Flop



PokerStars Hand #254409595894:  Hold'em No Limit ($0.50/$1.00 USD) - 2025/01/16 2:46:57 WET [2025/01/16 21:46:57 ET]
Table 'Cloelia III' 6-max Seat #1 is the button
Seat 1: 50CandyJoe ($105.40 in chips) 
Seat 2: rostickkin ($100 in chips) 
Seat 3: Parabelum911 ($100 in chips) 
Seat 4: Manifestorr ($110.04 in chips) 
Seat 6: J2DaMac ($88.63 in chips) 
rostickkin: posts small blind $0.50
Parabelum911: posts big blind $1
*** HOLE CARDS ***
Manifestorr: folds 
J2DaMac: folds 
50CandyJoe: folds 
rostickkin: raises $2 to $3
Parabelum911: folds 
Uncalled bet ($2) returned to rostickkin
rostickkin collected $2 from pot
rostickkin: doesn't show hand 
*** SUMMARY ***
Total pot $2 | Rake $0 
Seat 1: 50CandyJoe (button) folded before Flop (didn't bet)
Seat 2: rostickkin (small blind) collected ($2)
Seat 3: Parabelum911 (big blind) folded before Flop
Seat 4: Manifestorr folded before Flop (didn't bet)
Seat 6: J2DaMac folded before Flop (didn't bet)



PokerStars Hand #254409598332:  Hold'em No Limit ($0.50/$1.00 USD) - 2025/01/16 2:47:13 WET [2025/01/16 21:47:13 ET]
Table 'Cloelia III' 6-max Seat #2 is the button
Seat 4: Manifestorr ($110.04 in chips) is sitting out
Seat 1: 50CandyJoe ($105.40 in chips) 
Seat 2: rostickkin ($101 in chips) 
Seat 3: Parabelum911 ($100 in chips) 
Seat 6: J2DaMac ($88.63 in chips) 
Parabelum911: posts small blind $0.50
Manifestorr: is sitting out 
J2DaMac: posts big blind $1
*** HOLE CARDS ***
50CandyJoe: folds 
rostickkin: raises $1.50 to $2.50
Parabelum911: folds 
J2DaMac: folds 
Uncalled bet ($1.50) returned to rostickkin
rostickkin collected $2.50 from pot
rostickkin: doesn't show hand 
*** SUMMARY ***
Total pot $2.50 | Rake $0 
Seat 4: Manifestorr
Seat 1: 50CandyJoe folded before Flop (didn't bet)
Seat 2: rostickkin (button) collected ($2.50)
Seat 3: Parabelum911 (small blind) folded before Flop
Seat 6: J2DaMac (big blind) folded before Flop



PokerStars Hand #254409599958:  Hold'em No Limit ($0.50/$1.00 USD) - 2025/01/16 2:47:25 WET [2025/01/16 21:47:25 ET]
Table 'Cloelia III' 6-max Seat #3 is the button
Seat 4: Manifestorr ($110.04 in chips) is sitting out
Seat 1: 50CandyJoe ($105.40 in chips) 
Seat 2: rostickkin ($102.50 in chips) 
Seat 3: Parabelum911 ($100 in chips) 
Seat 6: J2DaMac ($87.63 in chips) 
J2DaMac: posts small blind $0.50
50CandyJoe: posts big blind $1
*** HOLE CARDS ***
rostickkin: folds 
Parabelum911: folds 
J2DaMac: folds 
Uncalled bet ($0.50) returned to 50CandyJoe
50CandyJoe collected $1 from pot
50CandyJoe: doesn't show hand 
*** SUMMARY ***
Total pot $1 | Rake $0 
Seat 4: Manifestorr
Seat 1: 50CandyJoe (big blind) collected ($1)
Seat 2: rostickkin folded before Flop (didn't bet)
Seat 3: Parabelum911 (button) folded before Flop (didn't bet)
Seat 6: J2DaMac (small blind) folded before Flop



PokerStars Hand #254409601520:  Hold'em No Limit ($0.50/$1.00 USD) - 2025/01/16 2:47:35 WET [2025/01/16 21:47:35 ET]
Table 'Cloelia III' 6-max Seat #6 is the button
Seat 4: Manifestorr ($110.04 in chips) is sitting out
Seat 1: 50CandyJoe ($105.90 in chips) 
Seat 2: rostickkin ($102.50 in chips) 
Seat 3: Parabelum911 ($100 in chips) 
Seat 6: J2DaMac ($87.13 in chips) 
50CandyJoe: posts small blind $0.50
rostickkin: posts big blind $1
*** HOLE CARDS ***
Parabelum911: folds 
J2DaMac: raises $2 to $3
Manifestorr leaves the table
50CandyJoe: folds 
rostickkin: folds 
Uncalled bet ($2) returned to J2DaMac
J2DaMac collected $2.50 from pot
*** SUMMARY ***
Total pot $2.50 | Rake $0 
Seat 4: Manifestorr
Seat 1: 50CandyJoe (small blind) folded before Flop
Seat 2: rostickkin (big blind) folded before Flop
Seat 3: Parabelum911 folded before Flop (didn't bet)
Seat 6: J2DaMac (button) collected ($2.50)



PokerStars Hand #254409603365:  Hold'em No Limit ($0.50/$1.00 USD) - 2025/01/16 2:47:48 WET [2025/01/16 21:47:48 ET]
Table 'Cloelia III' 6-max Seat #1 is the button
Seat 1: 50CandyJoe ($105.40 in chips) 
Seat 2: rostickkin ($101.50 in chips) 
Seat 3: Parabelum911 ($100 in chips) 
Seat 6: J2DaMac ($88.63 in chips) 
rostickkin: posts small blind $0.50
Parabelum911: posts big blind $1
*** HOLE CARDS ***
J2DaMac: calls $1
50CandyJoe: raises $2.50 to $3.50
rostickkin: folds 
Parabelum911: folds 
J2DaMac: calls $2.50
*** FLOP *** [2s 3s 3c]
J2DaMac: checks 
50CandyJoe: bets $5
J2DaMac: folds 
Uncalled bet ($5) returned to 50CandyJoe
50CandyJoe collected $8.08 from pot
50CandyJoe: doesn't show hand 
*** SUMMARY ***
Total pot $8.50 | Rake $0.42 
Board [2s 3s 3c]
Seat 1: 50CandyJoe (button) collected ($8.08)
Seat 2: rostickkin (small blind) folded before Flop
Seat 3: Parabelum911 (big blind) folded before Flop
Seat 6: J2DaMac folded on the Flop



PokerStars Hand #254409608651:  Hold'em No Limit ($0.50/$1.00 USD) - 2025/01/16 2:48:25 WET [2025/01/16 21:48:25 ET]
Table 'Cloelia III' 6-max Seat #2 is the button
Seat 1: 50CandyJoe ($109.98 in chips) 
Seat 2: rostickkin ($101 in chips) 
Seat 3: Parabelum911 ($100 in chips) 
Seat 6: J2DaMac ($85.13 in chips) 
Parabelum911: posts small blind $0.50
J2DaMac: posts big blind $1
*** HOLE CARDS ***
50CandyJoe: folds 
rostickkin: raises $1.50 to $2.50
Parabelum911: folds 
J2DaMac: folds 
Uncalled bet ($1.50) returned to rostickkin
rostickkin collected $2.50 from pot
rostickkin: doesn't show hand 
*** SUMMARY ***
Total pot $2.50 | Rake $0 
Seat 1: 50CandyJoe folded before Flop (didn't bet)
Seat 2: rostickkin (button) collected ($2.50)
Seat 3: Parabelum911 (small blind) folded before Flop
Seat 6: J2DaMac (big blind) folded before Flop



PokerStars Hand #254409611072:  Hold'em No Limit ($0.50/$1.00 USD) - 2025/01/16 2:48:41 WET [2025/01/16 21:48:41 ET]
Table 'Cloelia III' 6-max Seat #3 is the button
Seat 1: 50CandyJoe ($109.98 in chips) 
Seat 2: rostickkin ($102.50 in chips) 
Seat 3: Parabelum911 ($100 in chips) 
Seat 6: J2DaMac ($84.13 in chips) 
J2DaMac: posts small blind $0.50
50CandyJoe: posts big blind $1
*** HOLE CARDS ***
rostickkin: folds 
Parabelum911: folds 
J2DaMac: calls $0.50
50CandyJoe: checks 
*** FLOP *** [9h As 5c]
J2DaMac: bets $2
50CandyJoe: calls $2
*** TURN *** [9h As 5c] [6h]
J2DaMac: bets $6
50CandyJoe: folds 
Uncalled bet ($6) returned to J2DaMac
J2DaMac collected $5.70 from pot
*** SUMMARY ***
Total pot $6 | Rake $0.30 
Board [9h As 5c 6h]
Seat 1: 50CandyJoe (big blind) folded on the Turn
Seat 2: rostickkin folded before Flop (didn't bet)
Seat 3: Parabelum911 (button) folded before Flop (didn't bet)
Seat 6: J2DaMac (small blind) collected ($5.70)



PokerStars Hand #254409616290:  Hold'em No Limit ($0.50/$1.00 USD) - 2025/01/16 2:49:17 WET [2025/01/16 21:49:17 ET]
Table 'Cloelia III' 6-max Seat #6 is the button
Seat 1: 50CandyJoe ($106.98 in chips) 
Seat 2: rostickkin ($102.50 in chips) 
Seat 3: Parabelum911 ($100 in chips) 
Seat 6: J2DaMac ($86.83 in chips) 
50CandyJoe: posts small blind $0.50
rostickkin: posts big blind $1
*** HOLE CARDS ***
Parabelum911: folds 
J2DaMac: calls $1
50CandyJoe: folds 
rostickkin: checks 
*** FLOP *** [Jc 2d 5c]
rostickkin: checks 
J2DaMac: bets $1
rostickkin: folds 
Uncalled bet ($1) returned to J2DaMac
J2DaMac collected $2.38 from pot
*** SUMMARY ***
Total pot $2.50 | Rake $0.12 
Board [Jc 2d 5c]
Seat 1: 50CandyJoe (small blind) folded before Flop
Seat 2: rostickkin (big blind) folded on the Flop
Seat 3: Parabelum911 folded before Flop (didn't bet)
Seat 6: J2DaMac (button) collected ($2.38)



PokerStars Hand #254409621979:  Hold'em No Limit ($0.50/$1.00 USD) - 2025/01/16 2:49:57 WET [2025/01/16 21:49:57 ET]
Table 'Cloelia III' 6-max Seat #1 is the button
Seat 1: 50CandyJoe ($106.48 in chips) 
Seat 2: rostickkin ($101.50 in chips) 
Seat 3: Parabelum911 ($100 in chips) 
Seat 6: J2DaMac ($88.21 in chips) 
rostickkin: posts small blind $0.50
Parabelum911: posts big blind $1
*** HOLE CARDS ***
J2DaMac: calls $1
50CandyJoe: folds 
rostickkin: folds 
Parabelum911: raises $4 to $5
Melenya joins the table at seat #4 
J2DaMac: folds 
Uncalled bet ($4) returned to Parabelum911
Parabelum911 collected $2.50 from pot
Parabelum911: doesn't show hand 
*** SUMMARY ***
Total pot $2.50 | Rake $0 
Seat 1: 50CandyJoe (button) folded before Flop (didn't bet)
Seat 2: rostickkin (small blind) folded before Flop
Seat 3: Parabelum911 (big blind) collected ($2.50)
Seat 6: J2DaMac folded before Flop



PokerStars Hand #254409624412:  Hold'em No Limit ($0.50/$1.00 USD) - 2025/01/16 2:50:13 WET [2025/01/16 21:50:13 ET]
Table 'Cloelia III' 6-max Seat #2 is the button
Seat 1: 50CandyJoe ($106.48 in chips) 
Seat 2: rostickkin ($101 in chips) 
Seat 3: Parabelum911 ($101.50 in chips) 
Seat 4: Melenya ($100 in chips) 
Seat 6: J2DaMac ($87.21 in chips) 
Parabelum911: posts small blind $0.50
Melenya: posts big blind $1
*** HOLE CARDS ***
J2DaMac: calls $1
50CandyJoe: folds 
rostickkin: folds 
Parabelum911: folds 
Melenya: checks 
*** FLOP *** [8c Jh 7s]
Melenya: checks 
J2DaMac: bets $1
Melenya: folds 
Uncalled bet ($1) returned to J2DaMac
J2DaMac collected $2.38 from pot
*** SUMMARY ***
Total pot $2.50 | Rake $0.12 
Board [8c Jh 7s]
Seat 1: 50CandyJoe folded before Flop (didn't bet)
Seat 2: rostickkin (button) folded before Flop (didn't bet)
Seat 3: Parabelum911 (small blind) folded before Flop
Seat 4: Melenya (big blind) folded on the Flop
Seat 6: J2DaMac collected ($2.38)



PokerStars Hand #254409626881:  Hold'em No Limit ($0.50/$1.00 USD) - 2025/01/16 2:50:31 WET [2025/01/16 21:50:31 ET]
Table 'Cloelia III' 6-max Seat #3 is the button
Seat 1: 50CandyJoe ($106.48 in chips) 
Seat 2: rostickkin ($101 in chips) 
Seat 3: Parabelum911 ($101 in chips) 
Seat 4: Melenya ($100 in chips) 
Seat 6: J2DaMac ($88.59 in chips) 
Melenya: posts small blind $0.50
J2DaMac: posts big blind $1
*** HOLE CARDS ***
50CandyJoe: folds 
rostickkin: folds 
Parabelum911: folds 
Melenya: raises $2 to $3
J2DaMac: calls $2
*** FLOP *** [8s Js 5c]
Melenya: checks 
J2DaMac: checks 
*** TURN *** [8s Js 5c] [8c]
Melenya: bets $1.90
J2DaMac: raises $5.90 to $7.80
Overmyrange joins the table at seat #5 
Melenya: folds 
Uncalled bet ($5.90) returned to J2DaMac
J2DaMac collected $9.31 from pot
*** SUMMARY ***
Total pot $9.80 | Rake $0.49 
Board [8s Js 5c 8c]
Seat 1: 50CandyJoe folded before Flop (didn't bet)
Seat 2: rostickkin folded before Flop (didn't bet)
Seat 3: Parabelum911 (button) folded before Flop (didn't bet)
Seat 4: Melenya (small blind) folded on the Turn
Seat 6: J2DaMac (big blind) collected ($9.31)



PokerStars Hand #254409636107:  Hold'em No Limit ($0.50/$1.00 USD) - 2025/01/16 2:51:36 WET [2025/01/16 21:51:36 ET]
Table 'Cloelia III' 6-max Seat #4 is the button
Seat 5: Overmyrange ($100 in chips) is sitting out
Seat 1: 50CandyJoe ($106.48 in chips) 
Seat 2: rostickkin ($101 in chips) 
Seat 3: Parabelum911 ($101 in chips) 
Seat 4: Melenya ($100 in chips) 
Seat 6: J2DaMac ($93 in chips) 
J2DaMac: posts small blind $0.50
50CandyJoe: posts big blind $1
*** HOLE CARDS ***
rostickkin: folds 
Parabelum911: folds 
Melenya: raises $1.50 to $2.50
J2DaMac: folds 
50CandyJoe: folds 
Uncalled bet ($1.50) returned to Melenya
Melenya collected $2.50 from pot
Melenya: doesn't show hand 
*** SUMMARY ***
Total pot $2.50 | Rake $0 
Seat 5: Overmyrange
Seat 1: 50CandyJoe (big blind) folded before Flop
Seat 2: rostickkin folded before Flop (didn't bet)
Seat 3: Parabelum911 folded before Flop (didn't bet)
Seat 4: Melenya (button) collected ($2.50)
Seat 6: J2DaMac (small blind) folded before Flop



PokerStars Hand #254409639234:  Hold'em No Limit ($0.50/$1.00 USD) - 2025/01/16 2:51:58 WET [2025/01/16 21:51:58 ET]
Table 'Cloelia III' 6-max Seat #6 is the button
Seat 5: Overmyrange ($100 in chips) is sitting out
Seat 1: 50CandyJoe ($105.48 in chips) 
Seat 2: rostickkin ($101 in chips) 
Seat 3: Parabelum911 ($101 in chips) 
Seat 4: Melenya ($101.50 in chips) 
Seat 6: J2DaMac ($92.50 in chips) 
50CandyJoe: posts small blind $0.50
rostickkin: posts big blind $1
Overmyrange: sits out 
*** HOLE CARDS ***
Parabelum911: raises $1.50 to $2.50
Melenya: folds 
J2DaMac: calls $2.50
50CandyJoe: folds 
rostickkin: folds 
*** FLOP *** [As 5h 4s]
Parabelum911: checks 
J2DaMac: checks 
*** TURN *** [As 5h 4s] [Kh]
Parabelum911: checks 
J2DaMac: checks 
*** RIVER *** [As 5h 4s Kh] [5c]
Parabelum911: checks 
J2DaMac: bets $3
Parabelum911: folds 
Uncalled bet ($3) returned to J2DaMac
J2DaMac collected $6.18 from pot
*** SUMMARY ***
Total pot $6.50 | Rake $0.32 
Board [As 5h 4s Kh 5c]
Seat 5: Overmyrange
Seat 1: 50CandyJoe (small blind) folded before Flop
Seat 2: rostickkin (big blind) folded before Flop
Seat 3: Parabelum911 folded on the River
Seat 4: Melenya folded before Flop (didn't bet)
Seat 6: J2DaMac (button) collected ($6.18)



PokerStars Hand #254409644392:  Hold'em No Limit ($0.50/$1.00 USD) - 2025/01/16 2:52:34 WET [2025/01/16 21:52:34 ET]
Table 'Cloelia III' 6-max Seat #1 is the button
Seat 5: Overmyrange ($100 in chips) is sitting out
Seat 1: 50CandyJoe ($104.98 in chips) 
Seat 2: rostickkin ($100 in chips) 
Seat 3: Parabelum911 ($100 in chips) 
Seat 4: Melenya ($101.50 in chips) 
Seat 6: J2DaMac ($96.18 in chips) 
rostickkin: posts small blind $0.50
Parabelum911: posts big blind $1
Overmyrange: sits out 
*** HOLE CARDS ***
Melenya: raises $1 to $2
J2DaMac: calls $2
50CandyJoe: folds 
rostickkin: folds 
Parabelum911: folds 
*** FLOP *** [Kc Kh Jd]
Melenya: bets $1.74
J2DaMac: folds 
Uncalled bet ($1.74) returned to Melenya
Melenya collected $5.22 from pot
Melenya: doesn't show hand 
*** SUMMARY ***
Total pot $5.50 | Rake $0.28 
Board [Kc Kh Jd]
Seat 5: Overmyrange
Seat 1: 50CandyJoe (button) folded before Flop (didn't bet)
Seat 2: rostickkin (small blind) folded before Flop
Seat 3: Parabelum911 (big blind) folded before Flop
Seat 4: Melenya collected ($5.22)
Seat 6: J2DaMac folded on the Flop



PokerStars Hand #254409648114:  Hold'em No Limit ($0.50/$1.00 USD) - 2025/01/16 2:53:00 WET [2025/01/16 21:53:00 ET]
Table 'Cloelia III' 6-max Seat #2 is the button
Seat 5: Overmyrange ($100 in chips) is sitting out
Seat 1: 50CandyJoe ($104.98 in chips) 
Seat 2: rostickkin ($100 in chips) 
Seat 3: Parabelum911 ($100 in chips) 
Seat 4: Melenya ($104.72 in chips) 
Seat 6: J2DaMac ($94.18 in chips) 
Parabelum911: posts small blind $0.50
Melenya: posts big blind $1
Overmyrange: sits out 
*** HOLE CARDS ***
J2DaMac: folds 
50CandyJoe: folds 
rostickkin: raises $1.50 to $2.50
Parabelum911: folds 
Melenya: calls $1.50
*** FLOP *** [6c 5c Kh]
Melenya: checks 
rostickkin: bets $1.77
Melenya: calls $1.77
*** TURN *** [6c 5c Kh] [7c]
Melenya: checks 
rostickkin: checks 
*** RIVER *** [6c 5c Kh 7c] [Ad]
Melenya: bets $6.44
rostickkin: folds 
Uncalled bet ($6.44) returned to Melenya
Melenya collected $8.59 from pot
Melenya: doesn't show hand 
*** SUMMARY ***
Total pot $9.04 | Rake $0.45 
Board [6c 5c Kh 7c Ad]
Seat 5: Overmyrange
Seat 1: 50CandyJoe folded before Flop (didn't bet)
Seat 2: rostickkin (button) folded on the River
Seat 3: Parabelum911 (small blind) folded before Flop
Seat 4: Melenya (big blind) collected ($8.59)
Seat 6: J2DaMac folded before Flop (didn't bet)



PokerStars Hand #254409659959:  Hold'em No Limit ($0.50/$1.00 USD) - 2025/01/16 2:54:25 WET [2025/01/16 21:54:25 ET]
Table 'Cloelia III' 6-max Seat #3 is the button
Seat 1: 50CandyJoe ($104.98 in chips) 
Seat 2: rostickkin ($100 in chips) 
Seat 3: Parabelum911 ($100 in chips) 
Seat 4: Melenya ($109.04 in chips) 
Seat 5: Overmyrange ($100 in chips) 
Seat 6: J2DaMac ($94.18 in chips) 
Melenya: posts small blind $0.50
Overmyrange: posts big blind $1
*** HOLE CARDS ***
J2DaMac: folds 
50CandyJoe: folds 
rostickkin: folds 
Parabelum911: folds 
Melenya: folds 
Uncalled bet ($0.50) returned to Overmyrange
Overmyrange collected $1 from pot
Overmyrange: doesn't show hand 
*** SUMMARY ***
Total pot $1 | Rake $0 
Seat 1: 50CandyJoe folded before Flop (didn't bet)
Seat 2: rostickkin folded before Flop (didn't bet)
Seat 3: Parabelum911 (button) folded before Flop (didn't bet)
Seat 4: Melenya (small blind) folded before Flop
Seat 5: Overmyrange (big blind) collected ($1)
Seat 6: J2DaMac folded before Flop (didn't bet)



PokerStars Hand #254409662217:  Hold'em No Limit ($0.50/$1.00 USD) - 2025/01/16 2:54:41 WET [2025/01/16 21:54:41 ET]
Table 'Cloelia III' 6-max Seat #4 is the button
Seat 1: 50CandyJoe ($104.98 in chips) 
Seat 2: rostickkin ($100 in chips) 
Seat 3: Parabelum911 ($100 in chips) 
Seat 4: Melenya ($108.54 in chips) 
Seat 5: Overmyrange ($100.50 in chips) 
Seat 6: J2DaMac ($94.18 in chips) 
Overmyrange: posts small blind $0.50
J2DaMac: posts big blind $1
*** HOLE CARDS ***
50CandyJoe: raises $1.20 to $2.20
rostickkin: folds 
Parabelum911: folds 
Melenya: folds 
Overmyrange: folds 
J2DaMac: folds 
Uncalled bet ($1.20) returned to 50CandyJoe
50CandyJoe collected $2.50 from pot
50CandyJoe: doesn't show hand 
*** SUMMARY ***
Total pot $2.50 | Rake $0 
Seat 1: 50CandyJoe collected ($2.50)
Seat 2: rostickkin folded before Flop (didn't bet)
Seat 3: Parabelum911 folded before Flop (didn't bet)
Seat 4: Melenya (button) folded before Flop (didn't bet)
Seat 5: Overmyrange (small blind) folded before Flop
Seat 6: J2DaMac (big blind) folded before Flop



PokerStars Hand #254409664452:  Hold'em No Limit ($0.50/$1.00 USD) - 2025/01/16 2:54:57 WET [2025/01/16 21:54:57 ET]
Table 'Cloelia III' 6-max Seat #5 is the button
Seat 1: 50CandyJoe ($106.48 in chips) 
Seat 2: rostickkin ($100 in chips) 
Seat 3: Parabelum911 ($100 in chips) 
Seat 4: Melenya ($108.54 in chips) 
Seat 5: Overmyrange ($100 in chips) 
Seat 6: J2DaMac ($93.18 in chips) 
J2DaMac: posts small blind $0.50
50CandyJoe: posts big blind $1
*** HOLE CARDS ***
rostickkin: folds 
Parabelum911: folds 
Melenya: raises $1.30 to $2.30
Overmyrange: folds 
J2DaMac: folds 
50CandyJoe: folds 
Uncalled bet ($1.30) returned to Melenya
Melenya collected $2.50 from pot
Melenya: doesn't show hand 
*** SUMMARY ***
Total pot $2.50 | Rake $0 
Seat 1: 50CandyJoe (big blind) folded before Flop
Seat 2: rostickkin folded before Flop (didn't bet)
Seat 3: Parabelum911 folded before Flop (didn't bet)
Seat 4: Melenya collected ($2.50)
Seat 5: Overmyrange (button) folded before Flop (didn't bet)
Seat 6: J2DaMac (small blind) folded before Flop



PokerStars Hand #254409666617:  Hold'em No Limit ($0.50/$1.00 USD) - 2025/01/16 2:55:14 WET [2025/01/16 21:55:14 ET]
Table 'Cloelia III' 6-max Seat #6 is the button
Seat 1: 50CandyJoe ($105.48 in chips) 
Seat 2: rostickkin ($100 in chips) 
Seat 3: Parabelum911 ($100 in chips) 
Seat 4: Melenya ($110.04 in chips) 
Seat 5: Overmyrange ($100 in chips) 
Seat 6: J2DaMac ($92.68 in chips) 
50CandyJoe: posts small blind $0.50
rostickkin: posts big blind $1
*** HOLE CARDS ***
Parabelum911: folds 
Melenya: folds 
Overmyrange: folds 
J2DaMac: calls $1
50CandyJoe: raises $3.50 to $4.50
rostickkin: folds 
J2DaMac: calls $3.50
*** FLOP *** [3d 9s 4d]
50CandyJoe: bets $4.75
J2DaMac: calls $4.75
*** TURN *** [3d 9s 4d] [3s]
50CandyJoe: checks 
J2DaMac: bets $5
50CandyJoe: folds 
Uncalled bet ($5) returned to J2DaMac
J2DaMac collected $18.52 from pot
*** SUMMARY ***
Total pot $19.50 | Rake $0.98 
Board [3d 9s 4d 3s]
Seat 1: 50CandyJoe (small blind) folded on the Turn
Seat 2: rostickkin (big blind) folded before Flop
Seat 3: Parabelum911 folded before Flop (didn't bet)
Seat 4: Melenya folded before Flop (didn't bet)
Seat 5: Overmyrange folded before Flop (didn't bet)
Seat 6: J2DaMac (button) collected ($18.52)



PokerStars Hand #254409672935:  Hold'em No Limit ($0.50/$1.00 USD) - 2025/01/16 2:56:10 WET [2025/01/16 21:56:10 ET]
Table 'Cloelia III' 6-max Seat #1 is the button
Seat 4: Melenya ($110.04 in chips) is sitting out
Seat 1: 50CandyJoe ($100 in chips) 
Seat 2: rostickkin ($100 in chips) 
Seat 3: Parabelum911 ($100 in chips) 
Seat 5: Overmyrange ($100 in chips) 
Seat 6: J2DaMac ($101.95 in chips) 
rostickkin: posts small blind $0.50
Parabelum911: posts big blind $1
*** HOLE CARDS ***
Overmyrange: folds 
J2DaMac: calls $1
50CandyJoe: raises $3.50 to $4.50
rostickkin: folds 
Parabelum911: folds 
J2DaMac: calls $3.50
*** FLOP *** [Qc 2d 5h]
J2DaMac: checks 
50CandyJoe: bets $2.50
J2DaMac: calls $2.50
*** TURN *** [Qc 2d 5h] [9d]
J2DaMac: checks 
50CandyJoe: checks 
*** RIVER *** [Qc 2d 5h 9d] [Qh]
J2DaMac: checks 
50CandyJoe: checks 
*** SHOW DOWN ***
J2DaMac: shows [6s 6d] (two pair, Queens and Sixes)
50CandyJoe: mucks hand 
J2DaMac collected $14.72 from pot
*** SUMMARY ***
Total pot $15.50 | Rake $0.78 
Board [Qc 2d 5h 9d Qh]
Seat 4: Melenya
Seat 1: 50CandyJoe (button) mucked
Seat 2: rostickkin (small blind) folded before Flop
Seat 3: Parabelum911 (big blind) folded before Flop
Seat 5: Overmyrange folded before Flop (didn't bet)
Seat 6: J2DaMac showed [6s 6d] and won ($14.72) with two pair, Queens and Sixes



PokerStars Hand #254409678885:  Hold'em No Limit ($0.50/$1.00 USD) - 2025/01/16 2:57:03 WET [2025/01/16 21:57:03 ET]
Table 'Cloelia III' 6-max Seat #2 is the button
Seat 4: Melenya ($110.04 in chips) is sitting out
Seat 1: 50CandyJoe ($100 in chips) 
Seat 2: rostickkin ($100 in chips) 
Seat 3: Parabelum911 ($100 in chips) 
Seat 5: Overmyrange ($100 in chips) 
Seat 6: J2DaMac ($109.67 in chips) 
Parabelum911: posts small blind $0.50
Overmyrange: posts big blind $1
*** HOLE CARDS ***
J2DaMac: folds 
50CandyJoe: raises $1.20 to $2.20
rostickkin: raises $5.30 to $7.50
Parabelum911: folds 
Overmyrange: folds 
50CandyJoe: folds 
Uncalled bet ($5.30) returned to rostickkin
rostickkin collected $5.90 from pot
rostickkin: doesn't show hand 
*** SUMMARY ***
Total pot $5.90 | Rake $0 
Seat 4: Melenya
Seat 1: 50CandyJoe folded before Flop
Seat 2: rostickkin (button) collected ($5.90)
Seat 3: Parabelum911 (small blind) folded before Flop
Seat 5: Overmyrange (big blind) folded before Flop
Seat 6: J2DaMac folded before Flop (didn't bet)



PokerStars Hand #254409682121:  Hold'em No Limit ($0.50/$1.00 USD) - 2025/01/16 2:57:32 WET [2025/01/16 21:57:32 ET]
Table 'Cloelia III' 6-max Seat #3 is the button
Seat 4: Melenya ($110.04 in chips) is sitting out
Seat 1: 50CandyJoe ($100 in chips) 
Seat 2: rostickkin ($103.70 in chips) 
Seat 3: Parabelum911 ($100 in chips) 
Seat 5: Overmyrange ($100 in chips) 
Seat 6: J2DaMac ($109.67 in chips) 
Overmyrange: posts small blind $0.50
J2DaMac: posts big blind $1
*** HOLE CARDS ***
50CandyJoe: raises $1.20 to $2.20
rostickkin: folds 
Parabelum911: folds 
Overmyrange: folds 
J2DaMac: folds 
Uncalled bet ($1.20) returned to 50CandyJoe
50CandyJoe collected $2.50 from pot
50CandyJoe: doesn't show hand 
*** SUMMARY ***
Total pot $2.50 | Rake $0 
Seat 4: Melenya
Seat 1: 50CandyJoe collected ($2.50)
Seat 2: rostickkin folded before Flop (didn't bet)
Seat 3: Parabelum911 (button) folded before Flop (didn't bet)
Seat 5: Overmyrange (small blind) folded before Flop
Seat 6: J2DaMac (big blind) folded before Flop



PokerStars Hand #254409683764:  Hold'em No Limit ($0.50/$1.00 USD) - 2025/01/16 2:57:47 WET [2025/01/16 21:57:47 ET]
Table 'Cloelia III' 6-max Seat #5 is the button
Seat 4: Melenya ($110.04 in chips) is sitting out
Seat 1: 50CandyJoe ($101.50 in chips) 
Seat 2: rostickkin ($103.70 in chips) 
Seat 3: Parabelum911 ($100 in chips) 
Seat 5: Overmyrange ($100 in chips) 
Seat 6: J2DaMac ($108.67 in chips) 
J2DaMac: posts small blind $0.50
50CandyJoe: posts big blind $1
*** HOLE CARDS ***
rostickkin: folds 
Parabelum911: folds 
Overmyrange: raises $1.20 to $2.20
J2DaMac: folds 
50CandyJoe: calls $1.20
*** FLOP *** [4h 6s 6d]
50CandyJoe: bets $1.54
Overmyrange: calls $1.54
*** TURN *** [4h 6s 6d] [2d]
50CandyJoe: checks 
Overmyrange: checks 
*** RIVER *** [4h 6s 6d 2d] [7s]
50CandyJoe: bets $10.23
Overmyrange: folds 
Uncalled bet ($10.23) returned to 50CandyJoe
50CandyJoe collected $7.58 from pot
50CandyJoe: doesn't show hand 
*** SUMMARY ***
Total pot $7.98 | Rake $0.40 
Board [4h 6s 6d 2d 7s]
Seat 4: Melenya
Seat 1: 50CandyJoe (big blind) collected ($7.58)
Seat 2: rostickkin folded before Flop (didn't bet)
Seat 3: Parabelum911 folded before Flop (didn't bet)
Seat 5: Overmyrange (button) folded on the River
Seat 6: J2DaMac (small blind) folded before Flop



PokerStars Hand #254409690903:  Hold'em No Limit ($0.50/$1.00 USD) - 2025/01/16 2:58:51 WET [2025/01/16 21:58:51 ET]
Table 'Cloelia III' 6-max Seat #6 is the button
Seat 4: Melenya ($110.04 in chips) is sitting out
Seat 1: 50CandyJoe ($105.34 in chips) 
Seat 2: rostickkin ($103.70 in chips) 
Seat 3: Parabelum911 ($100 in chips) 
Seat 5: Overmyrange ($100 in chips) 
Seat 6: J2DaMac ($108.17 in chips) 
50CandyJoe: posts small blind $0.50
rostickkin: posts big blind $1
Melenya: sits out 
*** HOLE CARDS ***
Parabelum911: folds 
Overmyrange: folds 
J2DaMac: calls $1
50CandyJoe: folds 
rostickkin: checks 
*** FLOP *** [5h Js 8c]
rostickkin: checks 
J2DaMac: checks 
*** TURN *** [5h Js 8c] [Td]
rostickkin: bets $1
J2DaMac: calls $1
*** RIVER *** [5h Js 8c Td] [9h]
rostickkin: checks 
J2DaMac: bets $4
rostickkin: folds 
Uncalled bet ($4) returned to J2DaMac
J2DaMac collected $4.28 from pot
*** SUMMARY ***
Total pot $4.50 | Rake $0.22 
Board [5h Js 8c Td 9h]
Seat 4: Melenya
Seat 1: 50CandyJoe (small blind) folded before Flop
Seat 2: rostickkin (big blind) folded on the River
Seat 3: Parabelum911 folded before Flop (didn't bet)
Seat 5: Overmyrange folded before Flop (didn't bet)
Seat 6: J2DaMac (button) collected ($4.28)



PokerStars Hand #254409696492:  Hold'em No Limit ($0.50/$1.00 USD) - 2025/01/16 2:59:41 WET [2025/01/16 21:59:41 ET]
Table 'Cloelia III' 6-max Seat #1 is the button
Seat 4: Melenya ($110.04 in chips) is sitting out
Seat 1: 50CandyJoe ($104.84 in chips) 
Seat 2: rostickkin ($101.70 in chips) 
Seat 3: Parabelum911 ($100 in chips) 
Seat 5: Overmyrange ($100 in chips) 
Seat 6: J2DaMac ($110.45 in chips) 
rostickkin: posts small blind $0.50
Parabelum911: posts big blind $1
Melenya: sits out 
*** HOLE CARDS ***
Overmyrange: folds 
J2DaMac: folds 
50CandyJoe: raises $1.50 to $2.50
rostickkin: folds 
Parabelum911: folds 
Uncalled bet ($1.50) returned to 50CandyJoe
50CandyJoe collected $2.50 from pot
50CandyJoe: doesn't show hand 
*** SUMMARY ***
Total pot $2.50 | Rake $0 
Seat 4: Melenya
Seat 1: 50CandyJoe (button) collected ($2.50)
Seat 2: rostickkin (small blind) folded before Flop
Seat 3: Parabelum911 (big blind) folded before Flop
Seat 5: Overmyrange folded before Flop (didn't bet)
Seat 6: J2DaMac folded before Flop (didn't bet)



PokerStars Hand #254409698378:  Hold'em No Limit ($0.50/$1.00 USD) - 2025/01/16 2:59:58 WET [2025/01/16 21:59:58 ET]
Table 'Cloelia III' 6-max Seat #2 is the button
Seat 1: 50CandyJoe ($106.34 in chips) 
Seat 2: rostickkin ($101.20 in chips) 
Seat 3: Parabelum911 ($100 in chips) 
Seat 4: Melenya ($110.04 in chips) 
Seat 5: Overmyrange ($100 in chips) 
Seat 6: J2DaMac ($110.45 in chips) 
Parabelum911: posts small blind $0.50
Melenya: posts big blind $1
*** HOLE CARDS ***
Overmyrange: folds 
J2DaMac: folds 
50CandyJoe: raises $1.20 to $2.20
rostickkin: raises $5.30 to $7.50
Parabelum911: folds 
Melenya: folds 
50CandyJoe: raises $14 to $21.50
rostickkin: raises $79.70 to $101.20 and is all-in
50CandyJoe: folds 
Uncalled bet ($79.70) returned to rostickkin
rostickkin collected $44.50 from pot
rostickkin: doesn't show hand 
*** SUMMARY ***
Total pot $44.50 | Rake $0 
Seat 1: 50CandyJoe folded before Flop
Seat 2: rostickkin (button) collected ($44.50)
Seat 3: Parabelum911 (small blind) folded before Flop
Seat 4: Melenya (big blind) folded before Flop
Seat 5: Overmyrange folded before Flop (didn't bet)
Seat 6: J2DaMac folded before Flop (didn't bet)



PokerStars Hand #254409705598:  Hold'em No Limit ($0.50/$1.00 USD) - 2025/01/16 3:00:58 WET [2025/01/16 22:00:58 ET]
Table 'Cloelia III' 6-max Seat #3 is the button
Seat 1: 50CandyJoe ($100 in chips) 
Seat 2: rostickkin ($124.20 in chips) 
Seat 3: Parabelum911 ($100 in chips) 
Seat 4: Melenya ($109.04 in chips) 
Seat 5: Overmyrange ($100 in chips) 
Seat 6: J2DaMac ($110.45 in chips) 
Melenya: posts small blind $0.50
Overmyrange: posts big blind $1
*** HOLE CARDS ***
J2DaMac: folds 
50CandyJoe: folds 
rostickkin: raises $1.50 to $2.50
Parabelum911: folds 
Melenya: folds 
Overmyrange: calls $1.50
*** FLOP *** [6c 6s 8d]
Overmyrange: checks 
rostickkin: checks 
*** TURN *** [6c 6s 8d] [Th]
Overmyrange: bets $1.72
rostickkin: calls $1.72
*** RIVER *** [6c 6s 8d Th] [Td]
Overmyrange: checks 
rostickkin: checks 
*** SHOW DOWN ***
Overmyrange: shows [8c 7c] (two pair, Tens and Eights)
rostickkin: mucks hand 
Overmyrange collected $8.49 from pot
*** SUMMARY ***
Total pot $8.94 | Rake $0.45 
Board [6c 6s 8d Th Td]
Seat 1: 50CandyJoe folded before Flop (didn't bet)
Seat 2: rostickkin mucked
Seat 3: Parabelum911 (button) folded before Flop (didn't bet)
Seat 4: Melenya (small blind) folded before Flop
Seat 5: Overmyrange (big blind) showed [8c 7c] and won ($8.49) with two pair, Tens and Eights
Seat 6: J2DaMac folded before Flop (didn't bet)



PokerStars Hand #254409715845:  Hold'em No Limit ($0.50/$1.00 USD) - 2025/01/16 3:02:12 WET [2025/01/16 22:02:12 ET]
Table 'Cloelia III' 6-max Seat #4 is the button
Seat 1: 50CandyJoe ($100 in chips) 
Seat 2: rostickkin ($119.98 in chips) 
Seat 3: Parabelum911 ($100 in chips) 
Seat 4: Melenya ($108.54 in chips) 
Seat 5: Overmyrange ($104.27 in chips) 
Seat 6: J2DaMac ($110.45 in chips) 
Overmyrange: posts small blind $0.50
J2DaMac: posts big blind $1
*** HOLE CARDS ***
50CandyJoe: folds 
rostickkin: folds 
Parabelum911: raises $1.50 to $2.50
Melenya: folds 
Overmyrange: folds 
J2DaMac: calls $1.50
*** FLOP *** [Kh As Ts]
J2DaMac: bets $2
Parabelum911: raises $2 to $4
J2DaMac: folds 
Uncalled bet ($2) returned to Parabelum911
Parabelum911 collected $9.02 from pot
Parabelum911: doesn't show hand 
*** SUMMARY ***
Total pot $9.50 | Rake $0.48 
Board [Kh As Ts]
Seat 1: 50CandyJoe folded before Flop (didn't bet)
Seat 2: rostickkin folded before Flop (didn't bet)
Seat 3: Parabelum911 collected ($9.02)
Seat 4: Melenya (button) folded before Flop (didn't bet)
Seat 5: Overmyrange (small blind) folded before Flop
Seat 6: J2DaMac (big blind) folded on the Flop



PokerStars Hand #254409719993:  Hold'em No Limit ($0.50/$1.00 USD) - 2025/01/16 3:02:43 WET [2025/01/16 22:02:43 ET]
Table 'Cloelia III' 6-max Seat #5 is the button
Seat 1: 50CandyJoe ($100 in chips) 
Seat 2: rostickkin ($119.98 in chips) 
Seat 3: Parabelum911 ($104.52 in chips) 
Seat 4: Melenya ($108.54 in chips) 
Seat 5: Overmyrange ($103.77 in chips) 
Seat 6: J2DaMac ($105.95 in chips) 
J2DaMac: posts small blind $0.50
50CandyJoe: posts big blind $1
*** HOLE CARDS ***
rostickkin: folds 
Parabelum911: raises $1.50 to $2.50
Melenya: folds 
Overmyrange: folds 
J2DaMac: folds 
50CandyJoe: folds 
Uncalled bet ($1.50) returned to Parabelum911
Parabelum911 collected $2.50 from pot
Parabelum911: doesn't show hand 
*** SUMMARY ***
Total pot $2.50 | Rake $0 
Seat 1: 50CandyJoe (big blind) folded before Flop
Seat 2: rostickkin folded before Flop (didn't bet)
Seat 3: Parabelum911 collected ($2.50)
Seat 4: Melenya folded before Flop (didn't bet)
Seat 5: Overmyrange (button) folded before Flop (didn't bet)
Seat 6: J2DaMac (small blind) folded before Flop



PokerStars Hand #254409723012:  Hold'em No Limit ($0.50/$1.00 USD) - 2025/01/16 3:03:05 WET [2025/01/16 22:03:05 ET]
Table 'Cloelia III' 6-max Seat #6 is the button
Seat 1: 50CandyJoe ($100 in chips) 
Seat 2: rostickkin ($119.98 in chips) 
Seat 3: Parabelum911 ($106.02 in chips) 
Seat 4: Melenya ($108.54 in chips) 
Seat 5: Overmyrange ($103.77 in chips) 
Seat 6: J2DaMac ($105.45 in chips) 
50CandyJoe: posts small blind $0.50
rostickkin: posts big blind $1
*** HOLE CARDS ***
Parabelum911: folds 
Melenya: raises $1 to $2
Overmyrange: folds 
J2DaMac: calls $2
50CandyJoe: raises $11.50 to $13.50
rostickkin: folds 
Melenya: folds 
J2DaMac: folds 
Uncalled bet ($11.50) returned to 50CandyJoe
50CandyJoe collected $7 from pot
50CandyJoe: doesn't show hand 
*** SUMMARY ***
Total pot $7 | Rake $0 
Seat 1: 50CandyJoe (small blind) collected ($7)
Seat 2: rostickkin (big blind) folded before Flop
Seat 3: Parabelum911 folded before Flop (didn't bet)
Seat 4: Melenya folded before Flop
Seat 5: Overmyrange folded before Flop (didn't bet)
Seat 6: J2DaMac (button) folded before Flop



PokerStars Hand #254409726994:  Hold'em No Limit ($0.50/$1.00 USD) - 2025/01/16 3:03:34 WET [2025/01/16 22:03:34 ET]
Table 'Cloelia III' 6-max Seat #1 is the button
Seat 1: 50CandyJoe ($105 in chips) 
Seat 2: rostickkin ($118.98 in chips) 
Seat 3: Parabelum911 ($106.02 in chips) 
Seat 4: Melenya ($106.54 in chips) 
Seat 5: Overmyrange ($103.77 in chips) 
Seat 6: J2DaMac ($103.45 in chips) 
rostickkin: posts small blind $0.50
Parabelum911: posts big blind $1
*** HOLE CARDS ***
Melenya: folds 
Overmyrange: folds 
J2DaMac: folds 
50CandyJoe: raises $1.50 to $2.50
rostickkin: folds 
Parabelum911: calls $1.50
*** FLOP *** [2d Jc Kc]
Parabelum911: checks 
50CandyJoe: bets $1.31
Parabelum911: raises $4.69 to $6
50CandyJoe: folds 
Uncalled bet ($4.69) returned to Parabelum911
Parabelum911 collected $7.71 from pot
Parabelum911: doesn't show hand 
*** SUMMARY ***
Total pot $8.12 | Rake $0.41 
Board [2d Jc Kc]
Seat 1: 50CandyJoe (button) folded on the Flop
Seat 2: rostickkin (small blind) folded before Flop
Seat 3: Parabelum911 (big blind) collected ($7.71)
Seat 4: Melenya folded before Flop (didn't bet)
Seat 5: Overmyrange folded before Flop (didn't bet)
Seat 6: J2DaMac folded before Flop (didn't bet)



PokerStars Hand #254409732207:  Hold'em No Limit ($0.50/$1.00 USD) - 2025/01/16 3:04:11 WET [2025/01/16 22:04:11 ET]
Table 'Cloelia III' 6-max Seat #2 is the button
Seat 1: 50CandyJoe ($101.19 in chips) 
Seat 2: rostickkin ($118.48 in chips) 
Seat 3: Parabelum911 ($109.92 in chips) 
Seat 4: Melenya ($106.54 in chips) 
Seat 5: Overmyrange ($103.77 in chips) 
Seat 6: J2DaMac ($103.45 in chips) 
Parabelum911: posts small blind $0.50
Melenya: posts big blind $1
*** HOLE CARDS ***
Overmyrange: folds 
J2DaMac: calls $1
50CandyJoe: raises $2.50 to $3.50
rostickkin: folds 
Parabelum911: folds 
Melenya: folds 
J2DaMac: calls $2.50
*** FLOP *** [9s 9d Jc]
J2DaMac: checks 
50CandyJoe: bets $2.02
J2DaMac: calls $2.02
*** TURN *** [9s 9d Jc] [6h]
J2DaMac: checks 
50CandyJoe: checks 
*** RIVER *** [9s 9d Jc 6h] [8d]
J2DaMac: bets $4
50CandyJoe: folds 
Uncalled bet ($4) returned to J2DaMac
J2DaMac collected $11.91 from pot
*** SUMMARY ***
Total pot $12.54 | Rake $0.63 
Board [9s 9d Jc 6h 8d]
Seat 1: 50CandyJoe folded on the River
Seat 2: rostickkin (button) folded before Flop (didn't bet)
Seat 3: Parabelum911 (small blind) folded before Flop
Seat 4: Melenya (big blind) folded before Flop
Seat 5: Overmyrange folded before Flop (didn't bet)
Seat 6: J2DaMac collected ($11.91)



PokerStars Hand #254409740884:  Hold'em No Limit ($0.50/$1.00 USD) - 2025/01/16 3:05:14 WET [2025/01/16 22:05:14 ET]
Table 'Cloelia III' 6-max Seat #3 is the button
Seat 1: 50CandyJoe ($100 in chips) 
Seat 2: rostickkin ($118.48 in chips) 
Seat 3: Parabelum911 ($109.42 in chips) 
Seat 4: Melenya ($105.54 in chips) 
Seat 5: Overmyrange ($103.77 in chips) 
Seat 6: J2DaMac ($109.84 in chips) 
Melenya: posts small blind $0.50
Overmyrange: posts big blind $1
*** HOLE CARDS ***
J2DaMac: folds 
50CandyJoe: folds 
rostickkin: folds 
Parabelum911: folds 
Melenya: folds 
Uncalled bet ($0.50) returned to Overmyrange
Overmyrange collected $1 from pot
Overmyrange: doesn't show hand 
*** SUMMARY ***
Total pot $1 | Rake $0 
Seat 1: 50CandyJoe folded before Flop (didn't bet)
Seat 2: rostickkin folded before Flop (didn't bet)
Seat 3: Parabelum911 (button) folded before Flop (didn't bet)
Seat 4: Melenya (small blind) folded before Flop
Seat 5: Overmyrange (big blind) collected ($1)
Seat 6: J2DaMac folded before Flop (didn't bet)



PokerStars Hand #254409744914:  Hold'em No Limit ($0.50/$1.00 USD) - 2025/01/16 3:05:44 WET [2025/01/16 22:05:44 ET]
Table 'Cloelia III' 6-max Seat #4 is the button
Seat 1: 50CandyJoe ($100 in chips) 
Seat 2: rostickkin ($118.48 in chips) 
Seat 3: Parabelum911 ($109.42 in chips) 
Seat 4: Melenya ($105.04 in chips) 
Seat 5: Overmyrange ($104.27 in chips) 
Seat 6: J2DaMac ($109.84 in chips) 
Overmyrange: posts small blind $0.50
J2DaMac: posts big blind $1
*** HOLE CARDS ***
50CandyJoe: folds 
rostickkin: folds 
Parabelum911: folds 
Melenya: raises $1.50 to $2.50
Overmyrange: folds 
J2DaMac: calls $1.50
*** FLOP *** [4c 8h Jd]
J2DaMac: checks 
Melenya: bets $4.72
J2DaMac: folds 
Uncalled bet ($4.72) returned to Melenya
Melenya collected $5.22 from pot
Melenya: doesn't show hand 
*** SUMMARY ***
Total pot $5.50 | Rake $0.28 
Board [4c 8h Jd]
Seat 1: 50CandyJoe folded before Flop (didn't bet)
Seat 2: rostickkin folded before Flop (didn't bet)
Seat 3: Parabelum911 folded before Flop (didn't bet)
Seat 4: Melenya (button) collected ($5.22)
Seat 5: Overmyrange (small blind) folded before Flop
Seat 6: J2DaMac (big blind) folded on the Flop



PokerStars Hand #254409749671:  Hold'em No Limit ($0.50/$1.00 USD) - 2025/01/16 3:06:19 WET [2025/01/16 22:06:19 ET]
Table 'Cloelia III' 6-max Seat #5 is the button
Seat 1: 50CandyJoe ($100 in chips) 
Seat 2: rostickkin ($118.48 in chips) 
Seat 3: Parabelum911 ($109.42 in chips) 
Seat 4: Melenya ($107.76 in chips) 
Seat 5: Overmyrange ($103.77 in chips) 
Seat 6: J2DaMac ($107.34 in chips) 
J2DaMac: posts small blind $0.50
50CandyJoe: posts big blind $1
*** HOLE CARDS ***
rostickkin: folds 
Parabelum911: folds 
Melenya: raises $1.30 to $2.30
Overmyrange: folds 
J2DaMac: calls $1.80
50CandyJoe: raises $11.20 to $13.50
Melenya: raises $12.50 to $26
J2DaMac: folds 
50CandyJoe: raises $74 to $100 and is all-in
Melenya: calls $74
*** FIRST FLOP *** [Qh 4s Qd]
*** FIRST TURN *** [Qh 4s Qd] [5h]
*** FIRST RIVER *** [Qh 4s Qd 5h] [Jc]
*** SECOND FLOP *** [Ts Th 7d]
*** SECOND TURN *** [Ts Th 7d] [7h]
*** SECOND RIVER *** [Ts Th 7d 7h] [6c]
*** FIRST SHOW DOWN ***
50CandyJoe: shows [9s 9h] (two pair, Queens and Nines)
Melenya: shows [Qc Qs] (four of a kind, Queens)
Melenya collected $99.90 from pot
*** SECOND SHOW DOWN ***
50CandyJoe: shows [9s 9h] (two pair, Tens and Nines)
Melenya: shows [Qc Qs] (two pair, Queens and Tens)
Melenya collected $99.90 from pot
*** SUMMARY ***
Total pot $202.30 | Rake $2.50 
Hand was run twice
FIRST Board [Qh 4s Qd 5h Jc]
SECOND Board [Ts Th 7d 7h 6c]
Seat 1: 50CandyJoe (big blind) showed [9s 9h] and lost with two pair, Queens and Nines, and lost with two pair, Tens and Nines
Seat 2: rostickkin folded before Flop (didn't bet)
Seat 3: Parabelum911 folded before Flop (didn't bet)
Seat 4: Melenya showed [Qc Qs] and won ($99.90) with four of a kind, Queens, and won ($99.90) with two pair, Queens and Tens
Seat 5: Overmyrange (button) folded before Flop (didn't bet)
Seat 6: J2DaMac (small blind) folded before Flop



PokerStars Hand #254409757013:  Hold'em No Limit ($0.50/$1.00 USD) - 2025/01/16 3:07:13 WET [2025/01/16 22:07:13 ET]
Table 'Cloelia III' 6-max Seat #6 is the button
Seat 1: 50CandyJoe ($100 in chips) 
Seat 2: rostickkin ($118.48 in chips) 
Seat 3: Parabelum911 ($109.42 in chips) 
Seat 4: Melenya ($207.56 in chips) 
Seat 5: Overmyrange ($103.77 in chips) 
Seat 6: J2DaMac ($105.04 in chips) 
50CandyJoe: posts small blind $0.50
rostickkin: posts big blind $1
*** HOLE CARDS ***
Parabelum911: raises $1.50 to $2.50
Melenya: folds 
Overmyrange: calls $2.50
J2DaMac: folds 
50CandyJoe: folds 
rostickkin: folds 
*** FLOP *** [Qd 9h Jd]
Parabelum911: bets $2.10
Overmyrange: calls $2.10
*** TURN *** [Qd 9h Jd] [5s]
Parabelum911: bets $7.60
Overmyrange: calls $7.60
*** RIVER *** [Qd 9h Jd 5s] [Jc]
Parabelum911: checks 
Overmyrange: checks 
*** SHOW DOWN ***
Parabelum911: shows [Qh Kd] (two pair, Queens and Jacks)
Overmyrange: shows [Ad As] (two pair, Aces and Jacks)
Overmyrange collected $24.60 from pot
*** SUMMARY ***
Total pot $25.90 | Rake $1.30 
Board [Qd 9h Jd 5s Jc]
Seat 1: 50CandyJoe (small blind) folded before Flop
Seat 2: rostickkin (big blind) folded before Flop
Seat 3: Parabelum911 showed [Qh Kd] and lost with two pair, Queens and Jacks
Seat 4: Melenya folded before Flop (didn't bet)
Seat 5: Overmyrange showed [Ad As] and won ($24.60) with two pair, Aces and Jacks
Seat 6: J2DaMac (button) folded before Flop (didn't bet)



PokerStars Hand #254409767779:  Hold'em No Limit ($0.50/$1.00 USD) - 2025/01/16 3:08:33 WET [2025/01/16 22:08:33 ET]
Table 'Cloelia III' 6-max Seat #1 is the button
Seat 1: 50CandyJoe ($100 in chips) 
Seat 2: rostickkin ($117.48 in chips) 
Seat 3: Parabelum911 ($100 in chips) 
Seat 4: Melenya ($207.56 in chips) 
Seat 5: Overmyrange ($116.17 in chips) 
Seat 6: J2DaMac ($105.04 in chips) 
rostickkin: posts small blind $0.50
Parabelum911: posts big blind $1
*** HOLE CARDS ***
Melenya: folds 
Overmyrange: raises $1.20 to $2.20
J2DaMac: folds 
50CandyJoe: folds 
rostickkin: folds 
Parabelum911: folds 
Uncalled bet ($1.20) returned to Overmyrange
Overmyrange collected $2.50 from pot
Overmyrange: doesn't show hand 
*** SUMMARY ***
Total pot $2.50 | Rake $0 
Seat 1: 50CandyJoe (button) folded before Flop (didn't bet)
Seat 2: rostickkin (small blind) folded before Flop
Seat 3: Parabelum911 (big blind) folded before Flop
Seat 4: Melenya folded before Flop (didn't bet)
Seat 5: Overmyrange collected ($2.50)
Seat 6: J2DaMac folded before Flop (didn't bet)



PokerStars Hand #254409770412:  Hold'em No Limit ($0.50/$1.00 USD) - 2025/01/16 3:08:52 WET [2025/01/16 22:08:52 ET]
Table 'Cloelia III' 6-max Seat #2 is the button
Seat 1: 50CandyJoe ($100 in chips) 
Seat 2: rostickkin ($116.98 in chips) 
Seat 3: Parabelum911 ($100 in chips) 
Seat 4: Melenya ($207.56 in chips) 
Seat 5: Overmyrange ($117.67 in chips) 
Seat 6: J2DaMac ($105.04 in chips) 
Parabelum911: posts small blind $0.50
Melenya: posts big blind $1
*** HOLE CARDS ***
Overmyrange: folds 
J2DaMac: calls $1
50CandyJoe: folds 
rostickkin: folds 
Parabelum911: raises $4 to $5
Melenya: folds 
J2DaMac: calls $4
*** FLOP *** [5s 8s 4s]
Parabelum911: bets $3.55
J2DaMac: calls $3.55
*** TURN *** [5s 8s 4s] [As]
Parabelum911: checks 
J2DaMac: bets $6
Parabelum911: calls $6
*** RIVER *** [5s 8s 4s As] [Td]
Parabelum911: checks 
J2DaMac: bets $13
Parabelum911: calls $13
*** SHOW DOWN ***
J2DaMac: shows [Th Qs] (a flush, Ace high)
Parabelum911: mucks hand 
J2DaMac collected $53.60 from pot
*** SUMMARY ***
Total pot $56.10 | Rake $2.50 
Board [5s 8s 4s As Td]
Seat 1: 50CandyJoe folded before Flop (didn't bet)
Seat 2: rostickkin (button) folded before Flop (didn't bet)
Seat 3: Parabelum911 (small blind) mucked
Seat 4: Melenya (big blind) folded before Flop
Seat 5: Overmyrange folded before Flop (didn't bet)
Seat 6: J2DaMac showed [Th Qs] and won ($53.60) with a flush, Ace high



PokerStars Hand #254409781083:  Hold'em No Limit ($0.50/$1.00 USD) - 2025/01/16 3:10:12 WET [2025/01/16 22:10:12 ET]
Table 'Cloelia III' 6-max Seat #3 is the button
Seat 1: 50CandyJoe ($100 in chips) 
Seat 2: rostickkin ($116.98 in chips) 
Seat 3: Parabelum911 ($100 in chips) 
Seat 4: Melenya ($206.56 in chips) 
Seat 5: Overmyrange ($117.67 in chips) 
Seat 6: J2DaMac ($131.09 in chips) 
Melenya: posts small blind $0.50
Overmyrange: posts big blind $1
*** HOLE CARDS ***
J2DaMac: calls $1
50CandyJoe: raises $2.50 to $3.50
rostickkin: folds 
Parabelum911: folds 
Melenya: raises $10.50 to $14
Overmyrange: folds 
J2DaMac: folds 
50CandyJoe: folds 
Uncalled bet ($10.50) returned to Melenya
Melenya collected $9 from pot
Melenya: doesn't show hand 
*** SUMMARY ***
Total pot $9 | Rake $0 
Seat 1: 50CandyJoe folded before Flop
Seat 2: rostickkin folded before Flop (didn't bet)
Seat 3: Parabelum911 (button) folded before Flop (didn't bet)
Seat 4: Melenya (small blind) collected ($9)
Seat 5: Overmyrange (big blind) folded before Flop
Seat 6: J2DaMac folded before Flop



PokerStars Hand #254409785641:  Hold'em No Limit ($0.50/$1.00 USD) - 2025/01/16 3:10:47 WET [2025/01/16 22:10:47 ET]
Table 'Cloelia III' 6-max Seat #4 is the button
Seat 1: 50CandyJoe ($100 in chips) 
Seat 2: rostickkin ($116.98 in chips) 
Seat 3: Parabelum911 ($100 in chips) 
Seat 4: Melenya ($212.06 in chips) 
Seat 5: Overmyrange ($116.67 in chips) 
Seat 6: J2DaMac ($130.09 in chips) 
Overmyrange: posts small blind $0.50
J2DaMac: posts big blind $1
*** HOLE CARDS ***
50CandyJoe: folds 
rostickkin: folds 
Parabelum911: folds 
Melenya: folds 
Overmyrange: raises $2.25 to $3.25
J2DaMac: calls $2.25
*** FLOP *** [9h 6c 7d]
Overmyrange: checks 
J2DaMac: bets $2
Overmyrange: folds 
Uncalled bet ($2) returned to J2DaMac
J2DaMac collected $6.18 from pot
*** SUMMARY ***
Total pot $6.50 | Rake $0.32 
Board [9h 6c 7d]
Seat 1: 50CandyJoe folded before Flop (didn't bet)
Seat 2: rostickkin folded before Flop (didn't bet)
Seat 3: Parabelum911 folded before Flop (didn't bet)
Seat 4: Melenya (button) folded before Flop (didn't bet)
Seat 5: Overmyrange (small blind) folded on the Flop
Seat 6: J2DaMac (big blind) collected ($6.18)



PokerStars Hand #254409789608:  Hold'em No Limit ($0.50/$1.00 USD) - 2025/01/16 3:11:16 WET [2025/01/16 22:11:16 ET]
Table 'Cloelia III' 6-max Seat #5 is the button
Seat 1: 50CandyJoe ($100 in chips) 
Seat 2: rostickkin ($116.98 in chips) 
Seat 3: Parabelum911 ($100 in chips) 
Seat 4: Melenya ($212.06 in chips) 
Seat 5: Overmyrange ($113.42 in chips) 
Seat 6: J2DaMac ($133.02 in chips) 
J2DaMac: posts small blind $0.50
50CandyJoe: posts big blind $1
*** HOLE CARDS ***
rostickkin: folds 
Parabelum911: folds 
Melenya: raises $1.30 to $2.30
Overmyrange: folds 
J2DaMac: folds 
50CandyJoe: folds 
Uncalled bet ($1.30) returned to Melenya
Melenya collected $2.50 from pot
Melenya: doesn't show hand 
*** SUMMARY ***
Total pot $2.50 | Rake $0 
Seat 1: 50CandyJoe (big blind) folded before Flop
Seat 2: rostickkin folded before Flop (didn't bet)
Seat 3: Parabelum911 folded before Flop (didn't bet)
Seat 4: Melenya collected ($2.50)
Seat 5: Overmyrange (button) folded before Flop (didn't bet)
Seat 6: J2DaMac (small blind) folded before Flop



PokerStars Hand #254409793600:  Hold'em No Limit ($0.50/$1.00 USD) - 2025/01/16 3:11:46 WET [2025/01/16 22:11:46 ET]
Table 'Cloelia III' 6-max Seat #6 is the button
Seat 1: 50CandyJoe ($100 in chips) 
Seat 2: rostickkin ($116.98 in chips) 
Seat 3: Parabelum911 ($100 in chips) 
Seat 4: Melenya ($213.56 in chips) 
Seat 5: Overmyrange ($113.42 in chips) 
Seat 6: J2DaMac ($132.52 in chips) 
50CandyJoe: posts small blind $0.50
rostickkin: posts big blind $1
*** HOLE CARDS ***
Parabelum911: folds 
Melenya: folds 
Overmyrange: folds 
J2DaMac: calls $1
50CandyJoe: raises $9 to $10
rostickkin: folds 
J2DaMac: folds 
Uncalled bet ($9) returned to 50CandyJoe
50CandyJoe collected $3 from pot
50CandyJoe: doesn't show hand 
*** SUMMARY ***
Total pot $3 | Rake $0 
Seat 1: 50CandyJoe (small blind) collected ($3)
Seat 2: rostickkin (big blind) folded before Flop
Seat 3: Parabelum911 folded before Flop (didn't bet)
Seat 4: Melenya folded before Flop (didn't bet)
Seat 5: Overmyrange folded before Flop (didn't bet)
Seat 6: J2DaMac (button) folded before Flop



PokerStars Hand #254409798449:  Hold'em No Limit ($0.50/$1.00 USD) - 2025/01/16 3:12:22 WET [2025/01/16 22:12:22 ET]
Table 'Cloelia III' 6-max Seat #1 is the button
Seat 1: 50CandyJoe ($102 in chips) 
Seat 2: rostickkin ($115.98 in chips) 
Seat 3: Parabelum911 ($100 in chips) 
Seat 4: Melenya ($213.56 in chips) 
Seat 5: Overmyrange ($113.42 in chips) 
Seat 6: J2DaMac ($131.52 in chips) 
rostickkin: posts small blind $0.50
Parabelum911: posts big blind $1
*** HOLE CARDS ***
Melenya: folds 
Overmyrange: folds 
J2DaMac: folds 
50CandyJoe: folds 
rostickkin: raises $2 to $3
Parabelum911: calls $2
*** FLOP *** [3d 3h Ts]
rostickkin: checks 
Parabelum911: bets $1.94
rostickkin: raises $3.26 to $5.20
Parabelum911: calls $3.26
*** TURN *** [3d 3h Ts] [5h]
rostickkin: bets $11.84
Parabelum911: calls $11.84
*** RIVER *** [3d 3h Ts 5h] [Ks]
rostickkin: bets $28.94
Parabelum911: calls $28.94
*** SHOW DOWN ***
rostickkin: shows [6h Kh] (two pair, Kings and Threes)
Parabelum911: mucks hand 
rostickkin collected $95.46 from pot
*** SUMMARY ***
Total pot $97.96 | Rake $2.50 
Board [3d 3h Ts 5h Ks]
Seat 1: 50CandyJoe (button) folded before Flop (didn't bet)
Seat 2: rostickkin (small blind) showed [6h Kh] and won ($95.46) with two pair, Kings and Threes
Seat 3: Parabelum911 (big blind) mucked
Seat 4: Melenya folded before Flop (didn't bet)
Seat 5: Overmyrange folded before Flop (didn't bet)
Seat 6: J2DaMac folded before Flop (didn't bet)



PokerStars Hand #254409807709:  Hold'em No Limit ($0.50/$1.00 USD) - 2025/01/16 3:13:32 WET [2025/01/16 22:13:32 ET]
Table 'Cloelia III' 6-max Seat #2 is the button
Seat 1: 50CandyJoe ($102 in chips) 
Seat 2: rostickkin ($162.46 in chips) 
Seat 3: Parabelum911 ($100 in chips) 
Seat 4: Melenya ($213.56 in chips) 
Seat 5: Overmyrange ($113.42 in chips) 
Seat 6: J2DaMac ($131.52 in chips) 
Parabelum911: posts small blind $0.50
Melenya: posts big blind $1
*** HOLE CARDS ***
Overmyrange: folds 
J2DaMac: folds 
50CandyJoe: folds 
rostickkin: folds 
Parabelum911: folds 
Uncalled bet ($0.50) returned to Melenya
Melenya collected $1 from pot
Melenya: doesn't show hand 
*** SUMMARY ***
Total pot $1 | Rake $0 
Seat 1: 50CandyJoe folded before Flop (didn't bet)
Seat 2: rostickkin (button) folded before Flop (didn't bet)
Seat 3: Parabelum911 (small blind) folded before Flop
Seat 4: Melenya (big blind) collected ($1)
Seat 5: Overmyrange folded before Flop (didn't bet)
Seat 6: J2DaMac folded before Flop (didn't bet)



