PokerStars Hand #254398933718:  Hold'em No Limit ($0.50/$1.00 USD) - 2025/01/16 15:47:48 WET [2025/01/16 10:47:48 ET]
Table 'Terebellum III' 6-max Seat #6 is the button
Seat 1: tukeiron ($100 in chips) 
Seat 2: Evelexy1 ($100 in chips) 
Seat 3: jaeciorn ($114.50 in chips) 
Seat 4: easy_sarcasm ($104.50 in chips) 
Seat 5: ptolejmus ($10 in chips) 
Seat 6: NoonTime1991 ($102 in chips) 
tukeiron: posts small blind $0.50
Evelexy1: posts big blind $1
*** HOLE CARDS ***
jaeciorn: folds 
easy_sarcasm: folds 
ptolejmus: raises $9 to $10 and is all-in
NoonTime1991: folds 
tukeiron: folds 
Evelexy1: calls $9
jaeciorn leaves the table
*** FIRST FLOP *** [3s 8d 3c]
*** FIRST TURN *** [3s 8d 3c] [Ts]
*** FIRST RIVER *** [3s 8d 3c Ts] [Kd]
*** SECOND FLOP *** [Td Qd 7d]
*** SECOND TURN *** [Td Qd 7d] [2d]
*** SECOND RIVER *** [Td Qd 7d 2d] [4s]
*** FIRST SHOW DOWN ***
Evelexy1: shows [Ac Kc] (two pair, Kings and Threes)
ptolejmus: shows [Qc Jd] (a pair of Threes)
Evelexy1 collected $9.74 from pot
*** SECOND SHOW DOWN ***
Evelexy1: shows [Ac Kc] (high card Ace)
ptolejmus: shows [Qc Jd] (a flush, Queen high)
ptolejmus collected $9.74 from pot
*** SUMMARY ***
Total pot $20.50 | Rake $1.02 
Hand was run twice
FIRST Board [3s 8d 3c Ts Kd]
SECOND Board [Td Qd 7d 2d 4s]
Seat 1: tukeiron (small blind) folded before Flop
Seat 2: Evelexy1 (big blind) showed [Ac Kc] and won ($9.74) with two pair, Kings and Threes, and lost with high card Ace
Seat 3: jaeciorn folded before Flop (didn't bet)
Seat 4: easy_sarcasm folded before Flop (didn't bet)
Seat 5: ptolejmus showed [Qc Jd] and lost with a pair of Threes, and won ($9.74) with a flush, Queen high
Seat 6: NoonTime1991 (button) folded before Flop (didn't bet)



PokerStars Hand #254398939577:  Hold'em No Limit ($0.50/$1.00 USD) - 2025/01/16 15:48:15 WET [2025/01/16 10:48:15 ET]
Table 'Terebellum III' 6-max Seat #1 is the button
Seat 1: tukeiron ($100 in chips) 
Seat 2: Evelexy1 ($100 in chips) 
Seat 4: easy_sarcasm ($104.50 in chips) 
Seat 5: ptolejmus ($10 in chips) 
Seat 6: NoonTime1991 ($102 in chips) 
Evelexy1: posts small blind $0.50
easy_sarcasm: posts big blind $1
*** HOLE CARDS ***
ptolejmus: folds 
NoonTime1991: folds 
tukeiron: folds 
Evelexy1: folds 
Uncalled bet ($0.50) returned to easy_sarcasm
easy_sarcasm collected $1 from pot
*** SUMMARY ***
Total pot $1 | Rake $0 
Seat 1: tukeiron (button) folded before Flop (didn't bet)
Seat 2: Evelexy1 (small blind) folded before Flop
Seat 4: easy_sarcasm (big blind) collected ($1)
Seat 5: ptolejmus folded before Flop (didn't bet)
Seat 6: NoonTime1991 folded before Flop (didn't bet)



PokerStars Hand #254398942377:  Hold'em No Limit ($0.50/$1.00 USD) - 2025/01/16 15:48:29 WET [2025/01/16 10:48:29 ET]
Table 'Terebellum III' 6-max Seat #2 is the button
Seat 5: ptolejmus ($10 in chips) is sitting out
Seat 1: tukeiron ($100 in chips) 
Seat 2: Evelexy1 ($100 in chips) 
Seat 4: easy_sarcasm ($105 in chips) 
Seat 6: NoonTime1991 ($102 in chips) 
easy_sarcasm: posts small blind $0.50
ptolejmus: is sitting out 
NoonTime1991: posts big blind $1
*** HOLE CARDS ***
tukeiron: folds 
ptolejmus leaves the table
Evelexy1: raises $1.50 to $2.50
easy_sarcasm: folds 
NoonTime1991: folds 
Uncalled bet ($1.50) returned to Evelexy1
Evelexy1 collected $2.50 from pot
Evelexy1: doesn't show hand 
*** SUMMARY ***
Total pot $2.50 | Rake $0 
Seat 5: ptolejmus
Seat 1: tukeiron folded before Flop (didn't bet)
Seat 2: Evelexy1 (button) collected ($2.50)
Seat 4: easy_sarcasm (small blind) folded before Flop
Seat 6: NoonTime1991 (big blind) folded before Flop



PokerStars Hand #254398945140:  Hold'em No Limit ($0.50/$1.00 USD) - 2025/01/16 15:48:42 WET [2025/01/16 10:48:42 ET]
Table 'Terebellum III' 6-max Seat #4 is the button
Seat 1: tukeiron ($100 in chips) 
Seat 2: Evelexy1 ($101.50 in chips) 
Seat 4: easy_sarcasm ($104.50 in chips) 
Seat 6: NoonTime1991 ($101 in chips) 
NoonTime1991: posts small blind $0.50
tukeiron: posts big blind $1
*** HOLE CARDS ***
Evelexy1: folds 
easy_sarcasm: folds 
NoonTime1991: raises $2 to $3
tukeiron: folds 
Uncalled bet ($2) returned to NoonTime1991
NoonTime1991 collected $2 from pot
NoonTime1991: doesn't show hand 
*** SUMMARY ***
Total pot $2 | Rake $0 
Seat 1: tukeiron (big blind) folded before Flop
Seat 2: Evelexy1 folded before Flop (didn't bet)
Seat 4: easy_sarcasm (button) folded before Flop (didn't bet)
Seat 6: NoonTime1991 (small blind) collected ($2)



PokerStars Hand #254398948392:  Hold'em No Limit ($0.50/$1.00 USD) - 2025/01/16 15:48:57 WET [2025/01/16 10:48:57 ET]
Table 'Terebellum III' 6-max Seat #6 is the button
Seat 1: tukeiron ($100 in chips) 
Seat 2: Evelexy1 ($101.50 in chips) 
Seat 4: easy_sarcasm ($104.50 in chips) 
Seat 6: NoonTime1991 ($102 in chips) 
tukeiron: posts small blind $0.50
Evelexy1: posts big blind $1
*** HOLE CARDS ***
easy_sarcasm: folds 
NoonTime1991: folds 
easy_sarcasm leaves the table
tukeiron: raises $2 to $3
Evelexy1: calls $2
*** FLOP *** [Qd Ks Kc]
tukeiron: bets $1.43
Evelexy1: calls $1.43
*** TURN *** [Qd Ks Kc] [2c]
tukeiron: bets $8.42
Evelexy1: calls $8.42
*** RIVER *** [Qd Ks Kc 2c] [8c]
tukeiron: checks 
Evelexy1: checks 
*** SHOW DOWN ***
tukeiron: shows [Tc Jd] (a pair of Kings)
Evelexy1: shows [7s Kd] (three of a kind, Kings)
Evelexy1 collected $24.70 from pot
*** SUMMARY ***
Total pot $25.70 | Rake $1 
Board [Qd Ks Kc 2c 8c]
Seat 1: tukeiron (small blind) showed [Tc Jd] and lost with a pair of Kings
Seat 2: Evelexy1 (big blind) showed [7s Kd] and won ($24.70) with three of a kind, Kings
Seat 4: easy_sarcasm folded before Flop (didn't bet)
Seat 6: NoonTime1991 (button) folded before Flop (didn't bet)



PokerStars Hand #254398956233:  Hold'em No Limit ($0.50/$1.00 USD) - 2025/01/16 15:49:35 WET [2025/01/16 10:49:35 ET]
Table 'Terebellum III' 6-max Seat #1 is the button
Seat 2: Evelexy1 ($113.35 in chips) is sitting out
Seat 1: tukeiron ($100 in chips) 
Seat 6: NoonTime1991 ($102 in chips) 
tukeiron: posts small blind $0.50
NoonTime1991: posts big blind $1
*** HOLE CARDS ***
Evelexy1 leaves the table
tukeiron: folds 
Uncalled bet ($0.50) returned to NoonTime1991
NoonTime1991 collected $1 from pot
NoonTime1991: doesn't show hand 
*** SUMMARY ***
Total pot $1 | Rake $0 
Seat 2: Evelexy1
Seat 1: tukeiron (button) (small blind) folded before Flop
Seat 6: NoonTime1991 (big blind) collected ($1)



PokerStars Hand #254398958012:  Hold'em No Limit ($0.50/$1.00 USD) - 2025/01/16 15:49:43 WET [2025/01/16 10:49:43 ET]
Table 'Terebellum III' 6-max Seat #6 is the button
Seat 1: tukeiron ($100 in chips) 
Seat 6: NoonTime1991 ($102.50 in chips) 
NoonTime1991: posts small blind $0.50
tukeiron: posts big blind $1
*** HOLE CARDS ***
NoonTime1991: raises $2 to $3
tukeiron: folds 
Uncalled bet ($2) returned to NoonTime1991
NoonTime1991 collected $2 from pot
NoonTime1991: doesn't show hand 
*** SUMMARY ***
Total pot $2 | Rake $0 
Seat 1: tukeiron (big blind) folded before Flop
Seat 6: NoonTime1991 (button) (small blind) collected ($2)



