PokerStars Hand #254403873823:  Hold'em No Limit ($0.50/$1.00 USD) - 2025/01/16 20:35:57 WET [2025/01/16 15:35:57 ET]
Table 'Imhotep III' 6-max Seat #5 is the button
Seat 1: ImaPeppaPig ($104.50 in chips) 
Seat 2: ptolejmus ($10 in chips) 
Seat 3: Diamondplaces ($10 in chips) 
Seat 4: DanielZan7 ($41.37 in chips) 
Seat 5: chinokevin13 ($108.98 in chips) 
Seat 6: blistein ($100 in chips) 
blistein: posts small blind $0.50
ImaPeppaPig: posts big blind $1
*** HOLE CARDS ***
ptolejmus: folds 
Diamondplaces: folds 
DanielZan7: folds 
chinokevin13: folds 
blistein: folds 
Uncalled bet ($0.50) returned to ImaPeppaPig
ImaPeppaPig collected $1 from pot
ImaPeppaPig: doesn't show hand 
*** SUMMARY ***
Total pot $1 | Rake $0 
Seat 1: ImaPeppaPig (big blind) collected ($1)
Seat 2: ptolejmus folded before Flop (didn't bet)
Seat 3: Diamondplaces folded before Flop (didn't bet)
Seat 4: DanielZan7 folded before Flop (didn't bet)
Seat 5: chinokevin13 (button) folded before Flop (didn't bet)
Seat 6: blistein (small blind) folded before Flop



PokerStars Hand #254403877791:  Hold'em No Limit ($0.50/$1.00 USD) - 2025/01/16 20:36:10 WET [2025/01/16 15:36:10 ET]
Table 'Imhotep III' 6-max Seat #6 is the button
Seat 1: ImaPeppaPig ($105 in chips) 
Seat 2: ptolejmus ($10 in chips) 
Seat 3: Diamondplaces ($10 in chips) 
Seat 4: DanielZan7 ($41.37 in chips) 
Seat 5: chinokevin13 ($108.98 in chips) 
Seat 6: blistein ($100 in chips) 
ImaPeppaPig: posts small blind $0.50
ptolejmus: posts big blind $1
*** HOLE CARDS ***
Diamondplaces: folds 
DanielZan7: calls $1
chinokevin13: raises $3 to $4
blistein: folds 
ImaPeppaPig: folds 
ptolejmus: folds 
DanielZan7: calls $3
*** FLOP *** [As 2h Qd]
DanielZan7: checks 
chinokevin13: bets $2.98
DanielZan7: calls $2.98
*** TURN *** [As 2h Qd] [3s]
DanielZan7: checks 
chinokevin13: checks 
*** RIVER *** [As 2h Qd 3s] [Jd]
DanielZan7: bets $5.35
chinokevin13: folds 
Uncalled bet ($5.35) returned to DanielZan7
DanielZan7 collected $14.69 from pot
*** SUMMARY ***
Total pot $15.46 | Rake $0.77 
Board [As 2h Qd 3s Jd]
Seat 1: ImaPeppaPig (small blind) folded before Flop
Seat 2: ptolejmus (big blind) folded before Flop
Seat 3: Diamondplaces folded before Flop (didn't bet)
Seat 4: DanielZan7 collected ($14.69)
Seat 5: chinokevin13 folded on the River
Seat 6: blistein (button) folded before Flop (didn't bet)



PokerStars Hand #254403907196:  Hold'em No Limit ($0.50/$1.00 USD) - 2025/01/16 20:37:47 WET [2025/01/16 15:37:47 ET]
Table 'Imhotep III' 6-max Seat #1 is the button
Seat 1: ImaPeppaPig ($104.50 in chips) 
Seat 2: ptolejmus ($10 in chips) 
Seat 3: Diamondplaces ($10 in chips) 
Seat 4: DanielZan7 ($49.08 in chips) 
Seat 5: chinokevin13 ($102 in chips) 
Seat 6: blistein ($100 in chips) 
ptolejmus: posts small blind $0.50
Diamondplaces: posts big blind $1
*** HOLE CARDS ***
DanielZan7: calls $1
chinokevin13: folds 
blistein: folds 
ImaPeppaPig: raises $2 to $3
ptolejmus: folds 
Diamondplaces: folds 
DanielZan7: calls $2
*** FLOP *** [2d 5s 6s]
DanielZan7: checks 
ImaPeppaPig: bets $5.41
DanielZan7: raises $8.97 to $14.38
ImaPeppaPig: raises $45.93 to $60.31
DanielZan7: calls $31.70 and is all-in
Uncalled bet ($14.23) returned to ImaPeppaPig
*** TURN *** [2d 5s 6s] [Ah]
*** RIVER *** [2d 5s 6s Ah] [9d]
*** SHOW DOWN ***
DanielZan7: shows [5h 3h] (a pair of Fives)
ImaPeppaPig: shows [6d 5d] (two pair, Sixes and Fives)
ImaPeppaPig collected $97.16 from pot
*** SUMMARY ***
Total pot $99.66 | Rake $2.50 
Board [2d 5s 6s Ah 9d]
Seat 1: ImaPeppaPig (button) showed [6d 5d] and won ($97.16) with two pair, Sixes and Fives
Seat 2: ptolejmus (small blind) folded before Flop
Seat 3: Diamondplaces (big blind) folded before Flop
Seat 4: DanielZan7 showed [5h 3h] and lost with a pair of Fives
Seat 5: chinokevin13 folded before Flop (didn't bet)
Seat 6: blistein folded before Flop (didn't bet)



PokerStars Hand #254403921640:  Hold'em No Limit ($0.50/$1.00 USD) - 2025/01/16 20:38:33 WET [2025/01/16 15:38:33 ET]
Table 'Imhotep III' 6-max Seat #2 is the button
Seat 4: DanielZan7 ($0 in chips) is sitting out
Seat 1: ImaPeppaPig ($152.58 in chips) 
Seat 2: ptolejmus ($10 in chips) 
Seat 3: Diamondplaces ($9 in chips) 
Seat 5: chinokevin13 ($102 in chips) 
Seat 6: blistein ($100 in chips) 
Diamondplaces: posts small blind $0.50
chinokevin13: posts big blind $1
*** HOLE CARDS ***
blistein: folds 
ImaPeppaPig: raises $1.50 to $2.50
DanielZan7 is disconnected 
ptolejmus: folds 
Diamondplaces: folds 
chinokevin13: folds 
Uncalled bet ($1.50) returned to ImaPeppaPig
ImaPeppaPig collected $2.50 from pot
ImaPeppaPig: doesn't show hand 
*** SUMMARY ***
Total pot $2.50 | Rake $0 
Seat 4: DanielZan7
Seat 1: ImaPeppaPig collected ($2.50)
Seat 2: ptolejmus (button) folded before Flop (didn't bet)
Seat 3: Diamondplaces (small blind) folded before Flop
Seat 5: chinokevin13 (big blind) folded before Flop
Seat 6: blistein folded before Flop (didn't bet)



PokerStars Hand #254403927160:  Hold'em No Limit ($0.50/$1.00 USD) - 2025/01/16 20:38:51 WET [2025/01/16 15:38:51 ET]
Table 'Imhotep III' 6-max Seat #3 is the button
Seat 4: DanielZan7 ($0 in chips) is sitting out
Seat 1: ImaPeppaPig ($154.08 in chips) 
Seat 2: ptolejmus ($10 in chips) 
Seat 3: Diamondplaces ($8.50 in chips) 
Seat 5: chinokevin13 ($101 in chips) 
Seat 6: blistein ($100 in chips) 
chinokevin13: posts small blind $0.50
blistein: posts big blind $1
*** HOLE CARDS ***
ImaPeppaPig: folds 
ptolejmus: folds 
Diamondplaces: folds 
chinokevin13: folds 
Uncalled bet ($0.50) returned to blistein
blistein collected $1 from pot
blistein: doesn't show hand 
*** SUMMARY ***
Total pot $1 | Rake $0 
Seat 4: DanielZan7
Seat 1: ImaPeppaPig folded before Flop (didn't bet)
Seat 2: ptolejmus folded before Flop (didn't bet)
Seat 3: Diamondplaces (button) folded before Flop (didn't bet)
Seat 5: chinokevin13 (small blind) folded before Flop
Seat 6: blistein (big blind) collected ($1)



PokerStars Hand #254403933078:  Hold'em No Limit ($0.50/$1.00 USD) - 2025/01/16 20:39:10 WET [2025/01/16 15:39:10 ET]
Table 'Imhotep III' 6-max Seat #5 is the button
Seat 4: DanielZan7 ($0 in chips) is sitting out
Seat 1: ImaPeppaPig ($154.08 in chips) 
Seat 2: ptolejmus ($10 in chips) 
Seat 3: Diamondplaces ($8.50 in chips) 
Seat 5: chinokevin13 ($100.50 in chips) 
Seat 6: blistein ($100.50 in chips) 
blistein: posts small blind $0.50
ImaPeppaPig: posts big blind $1
*** HOLE CARDS ***
ptolejmus: folds 
Diamondplaces: raises $7.50 to $8.50 and is all-in
chinokevin13: folds 
blistein: folds 
ImaPeppaPig: folds 
Uncalled bet ($7.50) returned to Diamondplaces
Diamondplaces collected $2.50 from pot
*** SUMMARY ***
Total pot $2.50 | Rake $0 
Seat 4: DanielZan7
Seat 1: ImaPeppaPig (big blind) folded before Flop
Seat 2: ptolejmus folded before Flop (didn't bet)
Seat 3: Diamondplaces collected ($2.50)
Seat 5: chinokevin13 (button) folded before Flop (didn't bet)
Seat 6: blistein (small blind) folded before Flop



PokerStars Hand #254403937953:  Hold'em No Limit ($0.50/$1.00 USD) - 2025/01/16 20:39:26 WET [2025/01/16 15:39:26 ET]
Table 'Imhotep III' 6-max Seat #6 is the button
Seat 2: ptolejmus ($10 in chips) is sitting out
Seat 4: DanielZan7 ($0 in chips) is sitting out
Seat 1: ImaPeppaPig ($153.08 in chips) 
Seat 3: Diamondplaces ($10 in chips) 
Seat 5: chinokevin13 ($100.50 in chips) 
Seat 6: blistein ($100 in chips) 
ImaPeppaPig: posts small blind $0.50
ptolejmus: is sitting out 
Diamondplaces: posts big blind $1
*** HOLE CARDS ***
chinokevin13: folds 
blistein: folds 
ptolejmus leaves the table
ImaPeppaPig: raises $7 to $8
Diamondplaces: raises $2 to $10 and is all-in
ImaPeppaPig: calls $2
*** FLOP *** [4c Ts 4h]
*** TURN *** [4c Ts 4h] [As]
*** RIVER *** [4c Ts 4h As] [Kd]
*** SHOW DOWN ***
ImaPeppaPig: shows [7h 8h] (a pair of Fours)
Diamondplaces: shows [Ac Ah] (a full house, Aces full of Fours)
Diamondplaces collected $19 from pot
*** SUMMARY ***
Total pot $20 | Rake $1 
Board [4c Ts 4h As Kd]
Seat 2: ptolejmus
Seat 4: DanielZan7
Seat 1: ImaPeppaPig (small blind) showed [7h 8h] and lost with a pair of Fours
Seat 3: Diamondplaces (big blind) showed [Ac Ah] and won ($19) with a full house, Aces full of Fours
Seat 5: chinokevin13 folded before Flop (didn't bet)
Seat 6: blistein (button) folded before Flop (didn't bet)



PokerStars Hand #254403945219:  Hold'em No Limit ($0.50/$1.00 USD) - 2025/01/16 20:39:50 WET [2025/01/16 15:39:50 ET]
Table 'Imhotep III' 6-max Seat #1 is the button
Seat 4: DanielZan7 ($0 in chips) is sitting out
Seat 1: ImaPeppaPig ($143.08 in chips) 
Seat 3: Diamondplaces ($19 in chips) 
Seat 5: chinokevin13 ($100.50 in chips) 
Seat 6: blistein ($100 in chips) 
Diamondplaces: posts small blind $0.50
chinokevin13: posts big blind $1
*** HOLE CARDS ***
blistein: folds 
ImaPeppaPig: raises $1.50 to $2.50
Diamondplaces: folds 
blistein leaves the table
chinokevin13: folds 
Uncalled bet ($1.50) returned to ImaPeppaPig
ImaPeppaPig collected $2.50 from pot
ImaPeppaPig: doesn't show hand 
*** SUMMARY ***
Total pot $2.50 | Rake $0 
Seat 4: DanielZan7
Seat 1: ImaPeppaPig (button) collected ($2.50)
Seat 3: Diamondplaces (small blind) folded before Flop
Seat 5: chinokevin13 (big blind) folded before Flop
Seat 6: blistein folded before Flop (didn't bet)



PokerStars Hand #254403951505:  Hold'em No Limit ($0.50/$1.00 USD) - 2025/01/16 20:40:10 WET [2025/01/16 15:40:10 ET]
Table 'Imhotep III' 6-max Seat #3 is the button
Seat 4: DanielZan7 ($0 in chips) is sitting out
Seat 1: ImaPeppaPig ($144.58 in chips) 
Seat 3: Diamondplaces ($18.50 in chips) 
Seat 5: chinokevin13 ($100 in chips) 
chinokevin13: posts small blind $0.50
ImaPeppaPig: posts big blind $1
*** HOLE CARDS ***
Diamondplaces: folds 
chinokevin13: folds 
Uncalled bet ($0.50) returned to ImaPeppaPig
ImaPeppaPig collected $1 from pot
ImaPeppaPig: doesn't show hand 
*** SUMMARY ***
Total pot $1 | Rake $0 
Seat 4: DanielZan7
Seat 1: ImaPeppaPig (big blind) collected ($1)
Seat 3: Diamondplaces (button) folded before Flop (didn't bet)
Seat 5: chinokevin13 (small blind) folded before Flop



PokerStars Hand #254403954395:  Hold'em No Limit ($0.50/$1.00 USD) - 2025/01/16 20:40:19 WET [2025/01/16 15:40:19 ET]
Table 'Imhotep III' 6-max Seat #5 is the button
Seat 4: DanielZan7 ($0 in chips) is sitting out
Seat 1: ImaPeppaPig ($145.08 in chips) 
Seat 3: Diamondplaces ($18.50 in chips) 
Seat 5: chinokevin13 ($100 in chips) 
ImaPeppaPig: posts small blind $0.50
Diamondplaces: posts big blind $1
*** HOLE CARDS ***
chinokevin13: folds 
ImaPeppaPig: raises $2 to $3
Diamondplaces: folds 
Uncalled bet ($2) returned to ImaPeppaPig
ImaPeppaPig collected $2 from pot
ImaPeppaPig: doesn't show hand 
*** SUMMARY ***
Total pot $2 | Rake $0 
Seat 4: DanielZan7
Seat 1: ImaPeppaPig (small blind) collected ($2)
Seat 3: Diamondplaces (big blind) folded before Flop
Seat 5: chinokevin13 (button) folded before Flop (didn't bet)



PokerStars Hand #254403962115:  Hold'em No Limit ($0.50/$1.00 USD) - 2025/01/16 20:40:45 WET [2025/01/16 15:40:45 ET]
Table 'Imhotep III' 6-max Seat #3 is the button
Seat 4: DanielZan7 ($0 in chips) is sitting out
Seat 5: chinokevin13 ($100 in chips) is sitting out
Seat 1: ImaPeppaPig ($146.08 in chips) 
Seat 3: Diamondplaces ($17.50 in chips) 
Diamondplaces: posts small blind $0.50
chinokevin13: is sitting out 
ImaPeppaPig: posts big blind $1
*** HOLE CARDS ***
chinokevin13 leaves the table
Diamondplaces: raises $16.50 to $17.50 and is all-in
ImaPeppaPig: folds 
Uncalled bet ($16.50) returned to Diamondplaces
Diamondplaces collected $2 from pot
*** SUMMARY ***
Total pot $2 | Rake $0 
Seat 4: DanielZan7
Seat 5: chinokevin13
Seat 1: ImaPeppaPig (big blind) folded before Flop
Seat 3: Diamondplaces (button) (small blind) collected ($2)



PokerStars Hand #254404063773:  Hold'em No Limit ($0.50/$1.00 USD) - 2025/01/16 20:46:12 WET [2025/01/16 15:46:12 ET]
Table 'Imhotep III' 6-max Seat #1 is the button
Seat 1: YeeesMan ($100 in chips) 
Seat 2: sltn ($104.20 in chips) 
Seat 3: MCMXCXIX ($59.58 in chips) 
Seat 4: Poker9803 ($101.50 in chips) 
Seat 5: yzuk ($101.50 in chips) 
Seat 6: easy_sarcasm ($100 in chips) 
sltn: posts small blind $0.50
MCMXCXIX: posts big blind $1
*** HOLE CARDS ***
Poker9803: folds 
yzuk: folds 
easy_sarcasm: raises $2 to $3
YeeesMan: folds 
sltn: folds 
MCMXCXIX: calls $2
*** FLOP *** [Td 5d As]
MCMXCXIX: checks 
easy_sarcasm: bets $3.15
MCMXCXIX: folds 
Uncalled bet ($3.15) returned to easy_sarcasm
easy_sarcasm collected $6.18 from pot
*** SUMMARY ***
Total pot $6.50 | Rake $0.32 
Board [Td 5d As]
Seat 1: YeeesMan (button) folded before Flop (didn't bet)
Seat 2: sltn (small blind) folded before Flop
Seat 3: MCMXCXIX (big blind) folded on the Flop
Seat 4: Poker9803 folded before Flop (didn't bet)
Seat 5: yzuk folded before Flop (didn't bet)
Seat 6: easy_sarcasm collected ($6.18)



PokerStars Hand #254404071802:  Hold'em No Limit ($0.50/$1.00 USD) - 2025/01/16 20:46:38 WET [2025/01/16 15:46:38 ET]
Table 'Imhotep III' 6-max Seat #2 is the button
Seat 1: YeeesMan ($100 in chips) 
Seat 2: sltn ($103.70 in chips) 
Seat 3: MCMXCXIX ($56.58 in chips) 
Seat 4: Poker9803 ($101.50 in chips) 
Seat 5: yzuk ($101.50 in chips) 
Seat 6: easy_sarcasm ($103.18 in chips) 
MCMXCXIX: posts small blind $0.50
Poker9803: posts big blind $1
*** HOLE CARDS ***
yzuk: folds 
easy_sarcasm: folds 
YeeesMan: raises $1.50 to $2.50
sltn: folds 
MCMXCXIX: folds 
Poker9803: raises $10.50 to $13
YeeesMan: folds 
Uncalled bet ($10.50) returned to Poker9803
Poker9803 collected $5.50 from pot
Poker9803: doesn't show hand 
*** SUMMARY ***
Total pot $5.50 | Rake $0 
Seat 1: YeeesMan folded before Flop
Seat 2: sltn (button) folded before Flop (didn't bet)
Seat 3: MCMXCXIX (small blind) folded before Flop
Seat 4: Poker9803 (big blind) collected ($5.50)
Seat 5: yzuk folded before Flop (didn't bet)
Seat 6: easy_sarcasm folded before Flop (didn't bet)



PokerStars Hand #254404083799:  Hold'em No Limit ($0.50/$1.00 USD) - 2025/01/16 20:47:17 WET [2025/01/16 15:47:17 ET]
Table 'Imhotep III' 6-max Seat #3 is the button
Seat 1: YeeesMan ($100 in chips) 
Seat 2: sltn ($103.70 in chips) 
Seat 3: MCMXCXIX ($56.08 in chips) 
Seat 4: Poker9803 ($104.50 in chips) 
Seat 5: yzuk ($101.50 in chips) 
Seat 6: easy_sarcasm ($103.18 in chips) 
Poker9803: posts small blind $0.50
yzuk: posts big blind $1
*** HOLE CARDS ***
easy_sarcasm: folds 
YeeesMan: folds 
sltn: folds 
MCMXCXIX: raises $2 to $3
Poker9803: folds 
yzuk: folds 
Uncalled bet ($2) returned to MCMXCXIX
MCMXCXIX collected $2.50 from pot
*** SUMMARY ***
Total pot $2.50 | Rake $0 
Seat 1: YeeesMan folded before Flop (didn't bet)
Seat 2: sltn folded before Flop (didn't bet)
Seat 3: MCMXCXIX (button) collected ($2.50)
Seat 4: Poker9803 (small blind) folded before Flop
Seat 5: yzuk (big blind) folded before Flop
Seat 6: easy_sarcasm folded before Flop (didn't bet)



PokerStars Hand #254404088074:  Hold'em No Limit ($0.50/$1.00 USD) - 2025/01/16 20:47:31 WET [2025/01/16 15:47:31 ET]
Table 'Imhotep III' 6-max Seat #4 is the button
Seat 1: YeeesMan ($100 in chips) 
Seat 2: sltn ($103.70 in chips) 
Seat 3: MCMXCXIX ($57.58 in chips) 
Seat 4: Poker9803 ($104 in chips) 
Seat 5: yzuk ($100.50 in chips) 
Seat 6: easy_sarcasm ($103.18 in chips) 
yzuk: posts small blind $0.50
easy_sarcasm: posts big blind $1
*** HOLE CARDS ***
YeeesMan: folds 
sltn: raises $1.50 to $2.50
MCMXCXIX: folds 
Poker9803: folds 
yzuk: folds 
easy_sarcasm: raises $9 to $11.50
sltn: raises $12.50 to $24
easy_sarcasm: folds 
Uncalled bet ($12.50) returned to sltn
sltn collected $23.50 from pot
sltn: doesn't show hand 
*** SUMMARY ***
Total pot $23.50 | Rake $0 
Seat 1: YeeesMan folded before Flop (didn't bet)
Seat 2: sltn collected ($23.50)
Seat 3: MCMXCXIX folded before Flop (didn't bet)
Seat 4: Poker9803 (button) folded before Flop (didn't bet)
Seat 5: yzuk (small blind) folded before Flop
Seat 6: easy_sarcasm (big blind) folded before Flop



PokerStars Hand #254404099877:  Hold'em No Limit ($0.50/$1.00 USD) - 2025/01/16 20:48:09 WET [2025/01/16 15:48:09 ET]
Table 'Imhotep III' 6-max Seat #5 is the button
Seat 1: YeeesMan ($100 in chips) 
Seat 2: sltn ($115.70 in chips) 
Seat 3: MCMXCXIX ($57.58 in chips) 
Seat 4: Poker9803 ($104 in chips) 
Seat 5: yzuk ($100 in chips) 
Seat 6: easy_sarcasm ($100 in chips) 
easy_sarcasm: posts small blind $0.50
YeeesMan: posts big blind $1
*** HOLE CARDS ***
sltn: folds 
MCMXCXIX: folds 
Poker9803: folds 
yzuk: folds 
easy_sarcasm: folds 
Uncalled bet ($0.50) returned to YeeesMan
YeeesMan collected $1 from pot
YeeesMan: doesn't show hand 
*** SUMMARY ***
Total pot $1 | Rake $0 
Seat 1: YeeesMan (big blind) collected ($1)
Seat 2: sltn folded before Flop (didn't bet)
Seat 3: MCMXCXIX folded before Flop (didn't bet)
Seat 4: Poker9803 folded before Flop (didn't bet)
Seat 5: yzuk (button) folded before Flop (didn't bet)
Seat 6: easy_sarcasm (small blind) folded before Flop



PokerStars Hand #254404103456:  Hold'em No Limit ($0.50/$1.00 USD) - 2025/01/16 20:48:20 WET [2025/01/16 15:48:20 ET]
Table 'Imhotep III' 6-max Seat #6 is the button
Seat 1: YeeesMan ($100.50 in chips) 
Seat 2: sltn ($115.70 in chips) 
Seat 3: MCMXCXIX ($57.58 in chips) 
Seat 4: Poker9803 ($104 in chips) 
Seat 5: yzuk ($100 in chips) 
Seat 6: easy_sarcasm ($100 in chips) 
YeeesMan: posts small blind $0.50
sltn: posts big blind $1
*** HOLE CARDS ***
MCMXCXIX: raises $1 to $2
Poker9803: folds 
yzuk: folds 
easy_sarcasm: folds 
YeeesMan: folds 
sltn: folds 
Uncalled bet ($1) returned to MCMXCXIX
MCMXCXIX collected $2.50 from pot
*** SUMMARY ***
Total pot $2.50 | Rake $0 
Seat 1: YeeesMan (small blind) folded before Flop
Seat 2: sltn (big blind) folded before Flop
Seat 3: MCMXCXIX collected ($2.50)
Seat 4: Poker9803 folded before Flop (didn't bet)
Seat 5: yzuk folded before Flop (didn't bet)
Seat 6: easy_sarcasm (button) folded before Flop (didn't bet)



PokerStars Hand #254404109180:  Hold'em No Limit ($0.50/$1.00 USD) - 2025/01/16 20:48:39 WET [2025/01/16 15:48:39 ET]
Table 'Imhotep III' 6-max Seat #1 is the button
Seat 1: YeeesMan ($100 in chips) 
Seat 2: sltn ($114.70 in chips) 
Seat 3: MCMXCXIX ($59.08 in chips) 
Seat 4: Poker9803 ($104 in chips) 
Seat 5: yzuk ($100 in chips) 
Seat 6: easy_sarcasm ($100 in chips) 
sltn: posts small blind $0.50
MCMXCXIX: posts big blind $1
*** HOLE CARDS ***
Poker9803: raises $1 to $2
yzuk: folds 
easy_sarcasm: folds 
YeeesMan: folds 
sltn: folds 
MCMXCXIX: calls $1
*** FLOP *** [5s 4d 3c]
MCMXCXIX: checks 
Poker9803: bets $1.41
MCMXCXIX: calls $1.41
*** TURN *** [5s 4d 3c] [Kc]
MCMXCXIX: checks 
Poker9803: bets $5.21
MCMXCXIX: folds 
Uncalled bet ($5.21) returned to Poker9803
Poker9803 collected $6.95 from pot
Poker9803: doesn't show hand 
*** SUMMARY ***
Total pot $7.32 | Rake $0.37 
Board [5s 4d 3c Kc]
Seat 1: YeeesMan (button) folded before Flop (didn't bet)
Seat 2: sltn (small blind) folded before Flop
Seat 3: MCMXCXIX (big blind) folded on the Turn
Seat 4: Poker9803 collected ($6.95)
Seat 5: yzuk folded before Flop (didn't bet)
Seat 6: easy_sarcasm folded before Flop (didn't bet)



PokerStars Hand #254404120873:  Hold'em No Limit ($0.50/$1.00 USD) - 2025/01/16 20:49:16 WET [2025/01/16 15:49:16 ET]
Table 'Imhotep III' 6-max Seat #2 is the button
Seat 1: YeeesMan ($100 in chips) 
Seat 2: sltn ($114.20 in chips) 
Seat 3: MCMXCXIX ($55.67 in chips) 
Seat 4: Poker9803 ($107.54 in chips) 
Seat 5: yzuk ($100 in chips) 
Seat 6: easy_sarcasm ($100 in chips) 
MCMXCXIX: posts small blind $0.50
Poker9803: posts big blind $1
*** HOLE CARDS ***
yzuk: folds 
easy_sarcasm: folds 
YeeesMan: folds 
sltn: raises $1.50 to $2.50
MCMXCXIX: folds 
Poker9803: folds 
Uncalled bet ($1.50) returned to sltn
sltn collected $2.50 from pot
sltn: doesn't show hand 
*** SUMMARY ***
Total pot $2.50 | Rake $0 
Seat 1: YeeesMan folded before Flop (didn't bet)
Seat 2: sltn (button) collected ($2.50)
Seat 3: MCMXCXIX (small blind) folded before Flop
Seat 4: Poker9803 (big blind) folded before Flop
Seat 5: yzuk folded before Flop (didn't bet)
Seat 6: easy_sarcasm folded before Flop (didn't bet)



PokerStars Hand #254404129072:  Hold'em No Limit ($0.50/$1.00 USD) - 2025/01/16 20:49:42 WET [2025/01/16 15:49:42 ET]
Table 'Imhotep III' 6-max Seat #3 is the button
Seat 1: YeeesMan ($100 in chips) 
Seat 2: sltn ($115.70 in chips) 
Seat 3: MCMXCXIX ($55.17 in chips) 
Seat 4: Poker9803 ($106.54 in chips) 
Seat 5: yzuk ($100 in chips) 
Seat 6: easy_sarcasm ($100 in chips) 
Poker9803: posts small blind $0.50
yzuk: posts big blind $1
*** HOLE CARDS ***
easy_sarcasm: folds 
YeeesMan: folds 
sltn: folds 
MCMXCXIX: folds 
Poker9803: folds 
Uncalled bet ($0.50) returned to yzuk
yzuk collected $1 from pot
yzuk: doesn't show hand 
*** SUMMARY ***
Total pot $1 | Rake $0 
Seat 1: YeeesMan folded before Flop (didn't bet)
Seat 2: sltn folded before Flop (didn't bet)
Seat 3: MCMXCXIX (button) folded before Flop (didn't bet)
Seat 4: Poker9803 (small blind) folded before Flop
Seat 5: yzuk (big blind) collected ($1)
Seat 6: easy_sarcasm folded before Flop (didn't bet)



PokerStars Hand #254404132094:  Hold'em No Limit ($0.50/$1.00 USD) - 2025/01/16 20:49:51 WET [2025/01/16 15:49:51 ET]
Table 'Imhotep III' 6-max Seat #4 is the button
Seat 1: YeeesMan ($100 in chips) 
Seat 2: sltn ($115.70 in chips) 
Seat 3: MCMXCXIX ($55.17 in chips) 
Seat 4: Poker9803 ($106.04 in chips) 
Seat 5: yzuk ($100.50 in chips) 
Seat 6: easy_sarcasm ($100 in chips) 
yzuk: posts small blind $0.50
easy_sarcasm: posts big blind $1
*** HOLE CARDS ***
YeeesMan: folds 
sltn: folds 
MCMXCXIX: folds 
Poker9803: folds 
yzuk: folds 
Uncalled bet ($0.50) returned to easy_sarcasm
easy_sarcasm collected $1 from pot
*** SUMMARY ***
Total pot $1 | Rake $0 
Seat 1: YeeesMan folded before Flop (didn't bet)
Seat 2: sltn folded before Flop (didn't bet)
Seat 3: MCMXCXIX folded before Flop (didn't bet)
Seat 4: Poker9803 (button) folded before Flop (didn't bet)
Seat 5: yzuk (small blind) folded before Flop
Seat 6: easy_sarcasm (big blind) collected ($1)



PokerStars Hand #254404137641:  Hold'em No Limit ($0.50/$1.00 USD) - 2025/01/16 20:50:09 WET [2025/01/16 15:50:09 ET]
Table 'Imhotep III' 6-max Seat #5 is the button
Seat 1: YeeesMan ($100 in chips) 
Seat 2: sltn ($115.70 in chips) 
Seat 3: MCMXCXIX ($55.17 in chips) 
Seat 4: Poker9803 ($106.04 in chips) 
Seat 5: yzuk ($100 in chips) 
Seat 6: easy_sarcasm ($100.50 in chips) 
easy_sarcasm: posts small blind $0.50
YeeesMan: posts big blind $1
*** HOLE CARDS ***
sltn: raises $1.50 to $2.50
MCMXCXIX: folds 
Poker9803: folds 
yzuk: raises $5 to $7.50
easy_sarcasm: folds 
YeeesMan: folds 
sltn: folds 
Uncalled bet ($5) returned to yzuk
yzuk collected $6.50 from pot
yzuk: doesn't show hand 
*** SUMMARY ***
Total pot $6.50 | Rake $0 
Seat 1: YeeesMan (big blind) folded before Flop
Seat 2: sltn folded before Flop
Seat 3: MCMXCXIX folded before Flop (didn't bet)
Seat 4: Poker9803 folded before Flop (didn't bet)
Seat 5: yzuk (button) collected ($6.50)
Seat 6: easy_sarcasm (small blind) folded before Flop



PokerStars Hand #254404154037:  Hold'em No Limit ($0.50/$1.00 USD) - 2025/01/16 20:51:02 WET [2025/01/16 15:51:02 ET]
Table 'Imhotep III' 6-max Seat #6 is the button
Seat 1: YeeesMan ($100 in chips) 
Seat 2: sltn ($113.20 in chips) 
Seat 3: MCMXCXIX ($55.17 in chips) 
Seat 4: Poker9803 ($106.04 in chips) 
Seat 5: yzuk ($104 in chips) 
Seat 6: easy_sarcasm ($100 in chips) 
YeeesMan: posts small blind $0.50
sltn: posts big blind $1
*** HOLE CARDS ***
MCMXCXIX: folds 
Poker9803: folds 
yzuk: folds 
easy_sarcasm: folds 
YeeesMan: folds 
Uncalled bet ($0.50) returned to sltn
sltn collected $1 from pot
sltn: doesn't show hand 
*** SUMMARY ***
Total pot $1 | Rake $0 
Seat 1: YeeesMan (small blind) folded before Flop
Seat 2: sltn (big blind) collected ($1)
Seat 3: MCMXCXIX folded before Flop (didn't bet)
Seat 4: Poker9803 folded before Flop (didn't bet)
Seat 5: yzuk folded before Flop (didn't bet)
Seat 6: easy_sarcasm (button) folded before Flop (didn't bet)



PokerStars Hand #254404157661:  Hold'em No Limit ($0.50/$1.00 USD) - 2025/01/16 20:51:14 WET [2025/01/16 15:51:14 ET]
Table 'Imhotep III' 6-max Seat #1 is the button
Seat 1: YeeesMan ($100 in chips) 
Seat 2: sltn ($113.70 in chips) 
Seat 3: MCMXCXIX ($55.17 in chips) 
Seat 4: Poker9803 ($106.04 in chips) 
Seat 5: yzuk ($104 in chips) 
Seat 6: easy_sarcasm ($100 in chips) 
sltn: posts small blind $0.50
MCMXCXIX: posts big blind $1
*** HOLE CARDS ***
Poker9803: folds 
yzuk: folds 
easy_sarcasm: folds 
YeeesMan: raises $1.50 to $2.50
sltn: raises $9.50 to $12
YeeesMan is disconnected 
MCMXCXIX: folds 
YeeesMan has timed out while disconnected
YeeesMan: folds 
Uncalled bet ($9.50) returned to sltn
sltn collected $6 from pot
sltn: doesn't show hand 
*** SUMMARY ***
Total pot $6 | Rake $0 
Seat 1: YeeesMan (button) folded before Flop
Seat 2: sltn (small blind) collected ($6)
Seat 3: MCMXCXIX (big blind) folded before Flop
Seat 4: Poker9803 folded before Flop (didn't bet)
Seat 5: yzuk folded before Flop (didn't bet)
Seat 6: easy_sarcasm folded before Flop (didn't bet)



PokerStars Hand #254404177918:  Hold'em No Limit ($0.50/$1.00 USD) - 2025/01/16 20:52:18 WET [2025/01/16 15:52:18 ET]
Table 'Imhotep III' 6-max Seat #2 is the button
Seat 1: YeeesMan ($97.50 in chips) is sitting out
Seat 2: sltn ($117.20 in chips) 
Seat 3: MCMXCXIX ($54.17 in chips) 
Seat 4: Poker9803 ($106.04 in chips) 
Seat 5: yzuk ($104 in chips) 
Seat 6: easy_sarcasm ($100 in chips) 
MCMXCXIX: posts small blind $0.50
Poker9803: posts big blind $1
*** HOLE CARDS ***
yzuk: folds 
easy_sarcasm: raises $2 to $3
sltn: folds 
MCMXCXIX: folds 
Poker9803: folds 
Uncalled bet ($2) returned to easy_sarcasm
easy_sarcasm collected $2.50 from pot
*** SUMMARY ***
Total pot $2.50 | Rake $0 
Seat 1: YeeesMan
Seat 2: sltn (button) folded before Flop (didn't bet)
Seat 3: MCMXCXIX (small blind) folded before Flop
Seat 4: Poker9803 (big blind) folded before Flop
Seat 5: yzuk folded before Flop (didn't bet)
Seat 6: easy_sarcasm collected ($2.50)



PokerStars Hand #254404182374:  Hold'em No Limit ($0.50/$1.00 USD) - 2025/01/16 20:52:33 WET [2025/01/16 15:52:33 ET]
Table 'Imhotep III' 6-max Seat #3 is the button
Seat 5: yzuk ($104 in chips) is sitting out
Seat 1: YeeesMan ($100 in chips) 
Seat 2: sltn ($117.20 in chips) 
Seat 3: MCMXCXIX ($53.67 in chips) 
Seat 4: Poker9803 ($105.04 in chips) 
Seat 6: easy_sarcasm ($101.50 in chips) 
Poker9803: posts small blind $0.50
easy_sarcasm: posts big blind $1
*** HOLE CARDS ***
yzuk leaves the table
YeeesMan: folds 
sltn: folds 
MCMXCXIX: folds 
Poker9803: raises $2.50 to $3.50
easy_sarcasm: folds 
Uncalled bet ($2.50) returned to Poker9803
Poker9803 collected $2 from pot
Poker9803: doesn't show hand 
kars0n joins the table at seat #5 
*** SUMMARY ***
Total pot $2 | Rake $0 
Seat 5: yzuk
Seat 1: YeeesMan folded before Flop (didn't bet)
Seat 2: sltn folded before Flop (didn't bet)
Seat 3: MCMXCXIX (button) folded before Flop (didn't bet)
Seat 4: Poker9803 (small blind) collected ($2)
Seat 6: easy_sarcasm (big blind) folded before Flop



PokerStars Hand #254404187340:  Hold'em No Limit ($0.50/$1.00 USD) - 2025/01/16 20:52:49 WET [2025/01/16 15:52:49 ET]
Table 'Imhotep III' 6-max Seat #4 is the button
Seat 5: kars0n ($10 in chips) is sitting out
Seat 1: YeeesMan ($100 in chips) 
Seat 2: sltn ($117.20 in chips) 
Seat 3: MCMXCXIX ($53.67 in chips) 
Seat 4: Poker9803 ($106.04 in chips) 
Seat 6: easy_sarcasm ($100.50 in chips) 
easy_sarcasm: posts small blind $0.50
YeeesMan: posts big blind $1
*** HOLE CARDS ***
sltn: folds 
MCMXCXIX: raises $2 to $3
Poker9803: folds 
easy_sarcasm: folds 
YeeesMan: folds 
Uncalled bet ($2) returned to MCMXCXIX
MCMXCXIX collected $2.50 from pot
*** SUMMARY ***
Total pot $2.50 | Rake $0 
Seat 5: kars0n
Seat 1: YeeesMan (big blind) folded before Flop
Seat 2: sltn folded before Flop (didn't bet)
Seat 3: MCMXCXIX collected ($2.50)
Seat 4: Poker9803 (button) folded before Flop (didn't bet)
Seat 6: easy_sarcasm (small blind) folded before Flop



PokerStars Hand #254404191874:  Hold'em No Limit ($0.50/$1.00 USD) - 2025/01/16 20:53:04 WET [2025/01/16 15:53:04 ET]
Table 'Imhotep III' 6-max Seat #6 is the button
Seat 5: kars0n ($100 in chips) is sitting out
Seat 1: YeeesMan ($100 in chips) 
Seat 2: sltn ($117.20 in chips) 
Seat 3: MCMXCXIX ($55.17 in chips) 
Seat 4: Poker9803 ($106.04 in chips) 
Seat 6: easy_sarcasm ($100 in chips) 
YeeesMan: posts small blind $0.50
sltn: posts big blind $1
kars0n: sits out 
*** HOLE CARDS ***
MCMXCXIX: raises $1 to $2
Poker9803: raises $4 to $6
easy_sarcasm: folds 
YeeesMan: raises $14 to $20
sltn: folds 
MCMXCXIX: folds 
Poker9803: folds 
Uncalled bet ($14) returned to YeeesMan
YeeesMan collected $15 from pot
YeeesMan: doesn't show hand 
*** SUMMARY ***
Total pot $15 | Rake $0 
Seat 5: kars0n
Seat 1: YeeesMan (small blind) collected ($15)
Seat 2: sltn (big blind) folded before Flop
Seat 3: MCMXCXIX folded before Flop
Seat 4: Poker9803 folded before Flop
Seat 6: easy_sarcasm (button) folded before Flop (didn't bet)



PokerStars Hand #254404202137:  Hold'em No Limit ($0.50/$1.00 USD) - 2025/01/16 20:53:37 WET [2025/01/16 15:53:37 ET]
Table 'Imhotep III' 6-max Seat #1 is the button
Seat 5: kars0n ($100 in chips) is sitting out
Seat 1: YeeesMan ($109 in chips) 
Seat 2: sltn ($116.20 in chips) 
Seat 3: MCMXCXIX ($53.17 in chips) 
Seat 4: Poker9803 ($100.04 in chips) 
Seat 6: easy_sarcasm ($100 in chips) 
sltn: posts small blind $0.50
MCMXCXIX: posts big blind $1
kars0n: sits out 
*** HOLE CARDS ***
Poker9803: folds 
easy_sarcasm: raises $2 to $3
YeeesMan: folds 
sltn: folds 
MCMXCXIX: folds 
Uncalled bet ($2) returned to easy_sarcasm
easy_sarcasm collected $2.50 from pot
*** SUMMARY ***
Total pot $2.50 | Rake $0 
Seat 5: kars0n
Seat 1: YeeesMan (button) folded before Flop (didn't bet)
Seat 2: sltn (small blind) folded before Flop
Seat 3: MCMXCXIX (big blind) folded before Flop
Seat 4: Poker9803 folded before Flop (didn't bet)
Seat 6: easy_sarcasm collected ($2.50)



PokerStars Hand #254404208348:  Hold'em No Limit ($0.50/$1.00 USD) - 2025/01/16 20:53:57 WET [2025/01/16 15:53:57 ET]
Table 'Imhotep III' 6-max Seat #2 is the button
Seat 4: Poker9803 ($100.04 in chips) is sitting out
Seat 1: YeeesMan ($109 in chips) 
Seat 2: sltn ($115.70 in chips) 
Seat 3: MCMXCXIX ($52.17 in chips) 
Seat 5: kars0n ($100 in chips) 
Seat 6: easy_sarcasm ($101.50 in chips) 
MCMXCXIX: posts small blind $0.50
Poker9803: is sitting out 
kars0n: posts big blind $1
*** HOLE CARDS ***
Poker9803 leaves the table
easy_sarcasm: folds 
YeeesMan: raises $1.50 to $2.50
sltn: folds 
MCMXCXIX: folds 
kars0n: folds 
Uncalled bet ($1.50) returned to YeeesMan
YeeesMan collected $2.50 from pot
YeeesMan: doesn't show hand 
*** SUMMARY ***
Total pot $2.50 | Rake $0 
Seat 4: Poker9803
Seat 1: YeeesMan collected ($2.50)
Seat 2: sltn (button) folded before Flop (didn't bet)
Seat 3: MCMXCXIX (small blind) folded before Flop
Seat 5: kars0n (big blind) folded before Flop
Seat 6: easy_sarcasm folded before Flop (didn't bet)



PokerStars Hand #254404212079:  Hold'em No Limit ($0.50/$1.00 USD) - 2025/01/16 20:54:09 WET [2025/01/16 15:54:09 ET]
Table 'Imhotep III' 6-max Seat #3 is the button
Seat 1: YeeesMan ($110.50 in chips) 
Seat 2: sltn ($115.70 in chips) 
Seat 3: MCMXCXIX ($51.67 in chips) 
Seat 5: kars0n ($100 in chips) 
Seat 6: easy_sarcasm ($101.50 in chips) 
kars0n: posts small blind $0.50
easy_sarcasm: posts big blind $1
*** HOLE CARDS ***
ptolejmus joins the table at seat #4 
YeeesMan: raises $1.50 to $2.50
sltn: folds 
MCMXCXIX: folds 
kars0n: folds 
easy_sarcasm: folds 
Uncalled bet ($1.50) returned to YeeesMan
YeeesMan collected $2.50 from pot
YeeesMan: doesn't show hand 
*** SUMMARY ***
Total pot $2.50 | Rake $0 
Seat 1: YeeesMan collected ($2.50)
Seat 2: sltn folded before Flop (didn't bet)
Seat 3: MCMXCXIX (button) folded before Flop (didn't bet)
Seat 5: kars0n (small blind) folded before Flop
Seat 6: easy_sarcasm (big blind) folded before Flop



PokerStars Hand #254404218615:  Hold'em No Limit ($0.50/$1.00 USD) - 2025/01/16 20:54:30 WET [2025/01/16 15:54:30 ET]
Table 'Imhotep III' 6-max Seat #5 is the button
Seat 1: YeeesMan ($112 in chips) is sitting out
Seat 4: ptolejmus ($10 in chips) is sitting out
Seat 2: sltn ($115.70 in chips) 
Seat 3: MCMXCXIX ($51.67 in chips) 
Seat 5: kars0n ($100 in chips) 
Seat 6: easy_sarcasm ($100.50 in chips) 
easy_sarcasm: posts small blind $0.50
YeeesMan: is sitting out 
sltn: posts big blind $1
ptolejmus: sits out 
*** HOLE CARDS ***
YeeesMan leaves the table
MCMXCXIX: folds 
kars0n: folds 
easy_sarcasm: folds 
Uncalled bet ($0.50) returned to sltn
sltn collected $1 from pot
sltn: doesn't show hand 
*** SUMMARY ***
Total pot $1 | Rake $0 
Seat 1: YeeesMan
Seat 4: ptolejmus
Seat 2: sltn (big blind) collected ($1)
Seat 3: MCMXCXIX folded before Flop (didn't bet)
Seat 5: kars0n (button) folded before Flop (didn't bet)
Seat 6: easy_sarcasm (small blind) folded before Flop



PokerStars Hand #254404221283:  Hold'em No Limit ($0.50/$1.00 USD) - 2025/01/16 20:54:39 WET [2025/01/16 15:54:39 ET]
Table 'Imhotep III' 6-max Seat #6 is the button
Seat 4: ptolejmus ($10 in chips) is sitting out
Seat 2: sltn ($116.20 in chips) 
Seat 3: MCMXCXIX ($51.67 in chips) 
Seat 5: kars0n ($100 in chips) 
Seat 6: easy_sarcasm ($100 in chips) 
sltn: posts small blind $0.50
MCMXCXIX: posts big blind $1
ptolejmus: sits out 
*** HOLE CARDS ***
kars0n: raises $1.50 to $2.50
easy_sarcasm: folds 
sltn: folds 
MCMXCXIX: calls $1.50
*** FLOP *** [2h 7c Kc]
Joker007r joins the table at seat #1 
MCMXCXIX: checks 
kars0n: bets $1.72
MCMXCXIX: calls $1.72
*** TURN *** [2h 7c Kc] [Qs]
MCMXCXIX: checks 
kars0n: checks 
*** RIVER *** [2h 7c Kc Qs] [Js]
MCMXCXIX: bets $2
kars0n: calls $2
*** SHOW DOWN ***
MCMXCXIX: shows [Kh Td] (a pair of Kings)
kars0n: mucks hand 
MCMXCXIX collected $12.29 from pot
*** SUMMARY ***
Total pot $12.94 | Rake $0.65 
Board [2h 7c Kc Qs Js]
Seat 4: ptolejmus
Seat 2: sltn (small blind) folded before Flop
Seat 3: MCMXCXIX (big blind) showed [Kh Td] and won ($12.29) with a pair of Kings
Seat 5: kars0n mucked
Seat 6: easy_sarcasm (button) folded before Flop (didn't bet)



PokerStars Hand #254404233626:  Hold'em No Limit ($0.50/$1.00 USD) - 2025/01/16 20:55:22 WET [2025/01/16 15:55:22 ET]
Table 'Imhotep III' 6-max Seat #2 is the button
Seat 1: Joker007r ($100 in chips) is sitting out
Seat 2: sltn ($115.70 in chips) 
Seat 3: MCMXCXIX ($57.74 in chips) 
Seat 4: ptolejmus ($10 in chips) 
Seat 5: kars0n ($100 in chips) 
Seat 6: easy_sarcasm ($100 in chips) 
MCMXCXIX: posts small blind $0.50
ptolejmus: posts big blind $1
Joker007r: sits out 
*** HOLE CARDS ***
kars0n: folds 
easy_sarcasm: folds 
sltn: raises $1.50 to $2.50
MCMXCXIX: folds 
ptolejmus: folds 
Uncalled bet ($1.50) returned to sltn
sltn collected $2.50 from pot
sltn: doesn't show hand 
*** SUMMARY ***
Total pot $2.50 | Rake $0 
Seat 1: Joker007r
Seat 2: sltn (button) collected ($2.50)
Seat 3: MCMXCXIX (small blind) folded before Flop
Seat 4: ptolejmus (big blind) folded before Flop
Seat 5: kars0n folded before Flop (didn't bet)
Seat 6: easy_sarcasm folded before Flop (didn't bet)



PokerStars Hand #254404236885:  Hold'em No Limit ($0.50/$1.00 USD) - 2025/01/16 20:55:37 WET [2025/01/16 15:55:37 ET]
Table 'Imhotep III' 6-max Seat #3 is the button
Seat 1: Joker007r ($100 in chips) is sitting out
Seat 2: sltn ($117.20 in chips) 
Seat 3: MCMXCXIX ($57.24 in chips) 
Seat 4: ptolejmus ($10 in chips) 
Seat 5: kars0n ($100 in chips) 
Seat 6: easy_sarcasm ($100 in chips) 
ptolejmus: posts small blind $0.50
kars0n: posts big blind $1
Joker007r: sits out 
*** HOLE CARDS ***
easy_sarcasm: raises $2 to $3
sltn: folds 
MCMXCXIX: calls $3
ptolejmus: folds 
kars0n: folds 
*** FLOP *** [As 3d 7h]
easy_sarcasm: bets $3
MCMXCXIX: calls $3
*** TURN *** [As 3d 7h] [4c]
easy_sarcasm: checks 
MCMXCXIX: bets $2
easy_sarcasm: folds 
Uncalled bet ($2) returned to MCMXCXIX
MCMXCXIX collected $12.82 from pot
*** SUMMARY ***
Total pot $13.50 | Rake $0.68 
Board [As 3d 7h 4c]
Seat 1: Joker007r
Seat 2: sltn folded before Flop (didn't bet)
Seat 3: MCMXCXIX (button) collected ($12.82)
Seat 4: ptolejmus (small blind) folded before Flop
Seat 5: kars0n (big blind) folded before Flop
Seat 6: easy_sarcasm folded on the Turn



PokerStars Hand #254404246461:  Hold'em No Limit ($0.50/$1.00 USD) - 2025/01/16 20:56:19 WET [2025/01/16 15:56:19 ET]
Table 'Imhotep III' 6-max Seat #4 is the button
Seat 6: easy_sarcasm ($100 in chips) is sitting out
Seat 1: Joker007r ($100 in chips) 
Seat 2: sltn ($117.20 in chips) 
Seat 3: MCMXCXIX ($64.06 in chips) 
Seat 4: ptolejmus ($10 in chips) 
Seat 5: kars0n ($100 in chips) 
kars0n: posts small blind $0.50
easy_sarcasm: is sitting out 
Joker007r: posts big blind $1
*** HOLE CARDS ***
sltn: folds 
easy_sarcasm leaves the table
MCMXCXIX: raises $1 to $2
ptolejmus: folds 
kars0n: folds 
XneferX joins the table at seat #6 
Joker007r: raises $7 to $9
MCMXCXIX: folds 
Uncalled bet ($7) returned to Joker007r
Joker007r collected $4.50 from pot
Joker007r: doesn't show hand 
*** SUMMARY ***
Total pot $4.50 | Rake $0 
Seat 6: easy_sarcasm
Seat 1: Joker007r (big blind) collected ($4.50)
Seat 2: sltn folded before Flop (didn't bet)
Seat 3: MCMXCXIX folded before Flop
Seat 4: ptolejmus (button) folded before Flop (didn't bet)
Seat 5: kars0n (small blind) folded before Flop



PokerStars Hand #254404251871:  Hold'em No Limit ($0.50/$1.00 USD) - 2025/01/16 20:56:43 WET [2025/01/16 15:56:43 ET]
Table 'Imhotep III' 6-max Seat #5 is the button
Seat 2: sltn ($117.20 in chips) is sitting out
Seat 6: XneferX ($100 in chips) is sitting out
Seat 1: Joker007r ($102.50 in chips) 
Seat 3: MCMXCXIX ($62.06 in chips) 
Seat 4: ptolejmus ($10 in chips) 
Seat 5: kars0n ($100 in chips) 
Joker007r: posts small blind $0.50
sltn: is sitting out 
MCMXCXIX: posts big blind $1
*** HOLE CARDS ***
sltn leaves the table
ptolejmus: folds 
kars0n: raises $1.50 to $2.50
Joker007r: folds 
MCMXCXIX: calls $1.50
*** FLOP *** [8s Ac 6s]
MCMXCXIX: checks 
JUANS2 joins the table at seat #2 
kars0n: bets $1.72
MCMXCXIX: folds 
Uncalled bet ($1.72) returned to kars0n
kars0n collected $5.22 from pot
kars0n: doesn't show hand 
*** SUMMARY ***
Total pot $5.50 | Rake $0.28 
Board [8s Ac 6s]
Seat 2: sltn
Seat 6: XneferX
Seat 1: Joker007r (small blind) folded before Flop
Seat 3: MCMXCXIX (big blind) folded on the Flop
Seat 4: ptolejmus folded before Flop (didn't bet)
Seat 5: kars0n (button) collected ($5.22)



PokerStars Hand #254404257460:  Hold'em No Limit ($0.50/$1.00 USD) - 2025/01/16 20:57:08 WET [2025/01/16 15:57:08 ET]
Table 'Imhotep III' 6-max Seat #1 is the button
Seat 2: JUANS2 ($100 in chips) is sitting out
Seat 6: XneferX ($100 in chips) is sitting out
Seat 1: Joker007r ($102 in chips) 
Seat 3: MCMXCXIX ($59.56 in chips) 
Seat 4: ptolejmus ($10 in chips) 
Seat 5: kars0n ($102.72 in chips) 
MCMXCXIX: posts small blind $0.50
ptolejmus: posts big blind $1
XneferX: sits out 
*** HOLE CARDS ***
kars0n: folds 
Joker007r: raises $1.50 to $2.50
MCMXCXIX: folds 
ptolejmus: folds 
Uncalled bet ($1.50) returned to Joker007r
Joker007r collected $2.50 from pot
Joker007r: doesn't show hand 
*** SUMMARY ***
Total pot $2.50 | Rake $0 
Seat 2: JUANS2
Seat 6: XneferX
Seat 1: Joker007r (button) collected ($2.50)
Seat 3: MCMXCXIX (small blind) folded before Flop
Seat 4: ptolejmus (big blind) folded before Flop
Seat 5: kars0n folded before Flop (didn't bet)



PokerStars Hand #254404261475:  Hold'em No Limit ($0.50/$1.00 USD) - 2025/01/16 20:57:26 WET [2025/01/16 15:57:26 ET]
Table 'Imhotep III' 6-max Seat #3 is the button
Seat 2: JUANS2 ($100 in chips) is sitting out
Seat 6: XneferX ($100 in chips) is sitting out
Seat 1: Joker007r ($103.50 in chips) 
Seat 3: MCMXCXIX ($59.06 in chips) 
Seat 4: ptolejmus ($10 in chips) 
Seat 5: kars0n ($102.72 in chips) 
ptolejmus: posts small blind $0.50
kars0n: posts big blind $1
XneferX: sits out 
JUANS2: sits out 
*** HOLE CARDS ***
Joker007r: folds 
MCMXCXIX: folds 
ptolejmus: raises $9 to $10 and is all-in
kars0n: folds 
Uncalled bet ($9) returned to ptolejmus
ptolejmus collected $2 from pot
*** SUMMARY ***
Total pot $2 | Rake $0 
Seat 2: JUANS2
Seat 6: XneferX
Seat 1: Joker007r folded before Flop (didn't bet)
Seat 3: MCMXCXIX (button) folded before Flop (didn't bet)
Seat 4: ptolejmus (small blind) collected ($2)
Seat 5: kars0n (big blind) folded before Flop



PokerStars Hand #254404265667:  Hold'em No Limit ($0.50/$1.00 USD) - 2025/01/16 20:57:44 WET [2025/01/16 15:57:44 ET]
Table 'Imhotep III' 6-max Seat #4 is the button
Seat 1: Joker007r ($103.50 in chips) is sitting out
Seat 2: JUANS2 ($100 in chips) is sitting out
Seat 3: MCMXCXIX ($59.06 in chips) 
Seat 4: ptolejmus ($11 in chips) 
Seat 5: kars0n ($101.72 in chips) 
Seat 6: XneferX ($100 in chips) 
kars0n: posts small blind $0.50
XneferX: posts big blind $1
JUANS2: sits out 
*** HOLE CARDS ***
MCMXCXIX: folds 
ptolejmus: raises $1 to $2
kars0n: folds 
XneferX: calls $1
*** FLOP *** [Qh Kd 2d]
XneferX: checks 
ptolejmus: checks 
*** TURN *** [Qh Kd 2d] [9s]
XneferX: checks 
ptolejmus: checks 
*** RIVER *** [Qh Kd 2d 9s] [6s]
XneferX: checks 
ptolejmus: checks 
*** SHOW DOWN ***
XneferX: shows [4c 7c] (high card King)
ptolejmus: shows [Jd Ad] (high card Ace)
ptolejmus collected $4.28 from pot
*** SUMMARY ***
Total pot $4.50 | Rake $0.22 
Board [Qh Kd 2d 9s 6s]
Seat 1: Joker007r
Seat 2: JUANS2
Seat 3: MCMXCXIX folded before Flop (didn't bet)
Seat 4: ptolejmus (button) showed [Jd Ad] and won ($4.28) with high card Ace
Seat 5: kars0n (small blind) folded before Flop
Seat 6: XneferX (big blind) showed [4c 7c] and lost with high card King



PokerStars Hand #254404287572:  Hold'em No Limit ($0.50/$1.00 USD) - 2025/01/16 20:59:19 WET [2025/01/16 15:59:19 ET]
Table 'Imhotep III' 6-max Seat #5 is the button
Seat 1: Joker007r ($103.50 in chips) is sitting out
Seat 2: JUANS2 ($100 in chips) 
Seat 3: MCMXCXIX ($59.06 in chips) 
Seat 4: ptolejmus ($13.28 in chips) 
Seat 5: kars0n ($101.22 in chips) 
Seat 6: XneferX ($100 in chips) 
XneferX: posts small blind $0.50
JUANS2: posts big blind $1
*** HOLE CARDS ***
MCMXCXIX: raises $1 to $2
ptolejmus: folds 
kars0n: raises $4 to $6
XneferX: folds 
JUANS2: folds 
MCMXCXIX: calls $4
*** FLOP *** [8c Ah Th]
MCMXCXIX: checks 
kars0n: checks 
*** TURN *** [8c Ah Th] [8d]
MCMXCXIX: checks 
kars0n: checks 
*** RIVER *** [8c Ah Th 8d] [Qs]
MCMXCXIX: checks 
kars0n: bets $12.82
MCMXCXIX: folds 
Uncalled bet ($12.82) returned to kars0n
kars0n collected $12.82 from pot
kars0n: doesn't show hand 
*** SUMMARY ***
Total pot $13.50 | Rake $0.68 
Board [8c Ah Th 8d Qs]
Seat 1: Joker007r
Seat 2: JUANS2 (big blind) folded before Flop
Seat 3: MCMXCXIX folded on the River
Seat 4: ptolejmus folded before Flop (didn't bet)
Seat 5: kars0n (button) collected ($12.82)
Seat 6: XneferX (small blind) folded before Flop



PokerStars Hand #254404303487:  Hold'em No Limit ($0.50/$1.00 USD) - 2025/01/16 21:00:27 WET [2025/01/16 16:00:27 ET]
Table 'Imhotep III' 6-max Seat #6 is the button
Seat 1: Joker007r ($103.50 in chips) is sitting out
Seat 2: JUANS2 ($100 in chips) 
Seat 3: MCMXCXIX ($53.06 in chips) 
Seat 4: ptolejmus ($13.28 in chips) 
Seat 5: kars0n ($108.04 in chips) 
Seat 6: XneferX ($100 in chips) 
JUANS2: posts small blind $0.50
MCMXCXIX: posts big blind $1
*** HOLE CARDS ***
ptolejmus: raises $1 to $2
kars0n: folds 
XneferX: folds 
JUANS2: folds 
MCMXCXIX: calls $1
*** FLOP *** [Kc 8c Kh]
MCMXCXIX: checks 
ptolejmus: checks 
*** TURN *** [Kc 8c Kh] [3d]
MCMXCXIX: checks 
ptolejmus: bets $3.21
MCMXCXIX: folds 
Uncalled bet ($3.21) returned to ptolejmus
ptolejmus collected $4.28 from pot
*** SUMMARY ***
Total pot $4.50 | Rake $0.22 
Board [Kc 8c Kh 3d]
Seat 1: Joker007r
Seat 2: JUANS2 (small blind) folded before Flop
Seat 3: MCMXCXIX (big blind) folded on the Turn
Seat 4: ptolejmus collected ($4.28)
Seat 5: kars0n folded before Flop (didn't bet)
Seat 6: XneferX (button) folded before Flop (didn't bet)



PokerStars Hand #254404317510:  Hold'em No Limit ($0.50/$1.00 USD) - 2025/01/16 21:01:21 WET [2025/01/16 16:01:21 ET]
Table 'Imhotep III' 6-max Seat #2 is the button
Seat 1: Joker007r ($103.50 in chips) is sitting out
Seat 2: JUANS2 ($100 in chips) 
Seat 3: MCMXCXIX ($51.06 in chips) 
Seat 4: ptolejmus ($15.56 in chips) 
Seat 5: kars0n ($108.04 in chips) 
Seat 6: XneferX ($100 in chips) 
MCMXCXIX: posts small blind $0.50
ptolejmus: posts big blind $1
Joker007r: sits out 
*** HOLE CARDS ***
kars0n: folds 
XneferX: raises $1.30 to $2.30
JUANS2: folds 
MCMXCXIX: raises $5.60 to $7.90
ptolejmus: folds 
XneferX: folds 
Uncalled bet ($5.60) returned to MCMXCXIX
MCMXCXIX collected $5.60 from pot
*** SUMMARY ***
Total pot $5.60 | Rake $0 
Seat 1: Joker007r
Seat 2: JUANS2 (button) folded before Flop (didn't bet)
Seat 3: MCMXCXIX (small blind) collected ($5.60)
Seat 4: ptolejmus (big blind) folded before Flop
Seat 5: kars0n folded before Flop (didn't bet)
Seat 6: XneferX folded before Flop



PokerStars Hand #254404331090:  Hold'em No Limit ($0.50/$1.00 USD) - 2025/01/16 21:02:06 WET [2025/01/16 16:02:06 ET]
Table 'Imhotep III' 6-max Seat #3 is the button
Seat 1: Joker007r ($103.50 in chips) is sitting out
Seat 2: JUANS2 ($100 in chips) 
Seat 3: MCMXCXIX ($54.36 in chips) 
Seat 4: ptolejmus ($14.56 in chips) 
Seat 5: kars0n ($108.04 in chips) 
Seat 6: XneferX ($100 in chips) 
ptolejmus: posts small blind $0.50
kars0n: posts big blind $1
Joker007r: sits out 
*** HOLE CARDS ***
XneferX: raises $1.10 to $2.10
JUANS2: folds 
MCMXCXIX: folds 
ptolejmus: folds 
kars0n: folds 
Uncalled bet ($1.10) returned to XneferX
XneferX collected $2.50 from pot
XneferX: doesn't show hand 
*** SUMMARY ***
Total pot $2.50 | Rake $0 
Seat 1: Joker007r
Seat 2: JUANS2 folded before Flop (didn't bet)
Seat 3: MCMXCXIX (button) folded before Flop (didn't bet)
Seat 4: ptolejmus (small blind) folded before Flop
Seat 5: kars0n (big blind) folded before Flop
Seat 6: XneferX collected ($2.50)



PokerStars Hand #254404342477:  Hold'em No Limit ($0.50/$1.00 USD) - 2025/01/16 21:02:45 WET [2025/01/16 16:02:45 ET]
Table 'Imhotep III' 6-max Seat #4 is the button
Seat 1: Joker007r ($103.50 in chips) is sitting out
Seat 2: JUANS2 ($100 in chips) 
Seat 3: MCMXCXIX ($54.36 in chips) 
Seat 4: ptolejmus ($14.06 in chips) 
Seat 5: kars0n ($107.04 in chips) 
Seat 6: XneferX ($101.50 in chips) 
kars0n: posts small blind $0.50
XneferX: posts big blind $1
Joker007r: sits out 
*** HOLE CARDS ***
JUANS2: folds 
MCMXCXIX: raises $1 to $2
ptolejmus: raises $12.06 to $14.06 and is all-in
kars0n: folds 
XneferX: folds 
MCMXCXIX: folds 
Uncalled bet ($12.06) returned to ptolejmus
ptolejmus collected $5.50 from pot
*** SUMMARY ***
Total pot $5.50 | Rake $0 
Seat 1: Joker007r
Seat 2: JUANS2 folded before Flop (didn't bet)
Seat 3: MCMXCXIX folded before Flop
Seat 4: ptolejmus (button) collected ($5.50)
Seat 5: kars0n (small blind) folded before Flop
Seat 6: XneferX (big blind) folded before Flop



PokerStars Hand #254404351884:  Hold'em No Limit ($0.50/$1.00 USD) - 2025/01/16 21:03:14 WET [2025/01/16 16:03:14 ET]
Table 'Imhotep III' 6-max Seat #5 is the button
Seat 1: Joker007r ($103.50 in chips) 
Seat 2: JUANS2 ($100 in chips) 
Seat 3: MCMXCXIX ($52.36 in chips) 
Seat 4: ptolejmus ($17.56 in chips) 
Seat 5: kars0n ($106.54 in chips) 
Seat 6: XneferX ($100.50 in chips) 
XneferX: posts small blind $0.50
Joker007r: posts big blind $1
*** HOLE CARDS ***
JUANS2: folds 
MCMXCXIX: folds 
ptolejmus: raises $1 to $2
kars0n: folds 
XneferX: folds 
Joker007r: raises $101.50 to $103.50 and is all-in
ptolejmus: calls $15.56 and is all-in
Uncalled bet ($85.94) returned to Joker007r
*** FIRST FLOP *** [8d 6d Kc]
*** FIRST TURN *** [8d 6d Kc] [Td]
*** FIRST RIVER *** [8d 6d Kc Td] [Ts]
*** SECOND FLOP *** [6h 4s 9s]
*** SECOND TURN *** [6h 4s 9s] [Qs]
*** SECOND RIVER *** [6h 4s 9s Qs] [9c]
*** FIRST SHOW DOWN ***
Joker007r: shows [As Js] (a pair of Tens)
ptolejmus: shows [Jh Ad] (a pair of Tens)
Joker007r collected $8.46 from pot
ptolejmus collected $8.46 from pot
*** SECOND SHOW DOWN ***
Joker007r: shows [As Js] (a flush, Ace high)
ptolejmus: shows [Jh Ad] (a pair of Nines)
Joker007r collected $16.92 from pot
*** SUMMARY ***
Total pot $35.62 | Rake $1.78 
Hand was run twice
FIRST Board [8d 6d Kc Td Ts]
SECOND Board [6h 4s 9s Qs 9c]
Seat 1: Joker007r (big blind) showed [As Js] and won ($8.46) with a pair of Tens, and won ($16.92) with a flush, Ace high
Seat 2: JUANS2 folded before Flop (didn't bet)
Seat 3: MCMXCXIX folded before Flop (didn't bet)
Seat 4: ptolejmus showed [Jh Ad] and won ($8.46) with a pair of Tens, and lost with a pair of Nines
Seat 5: kars0n (button) folded before Flop (didn't bet)
Seat 6: XneferX (small blind) folded before Flop



PokerStars Hand #254404368508:  Hold'em No Limit ($0.50/$1.00 USD) - 2025/01/16 21:04:08 WET [2025/01/16 16:04:08 ET]
Table 'Imhotep III' 6-max Seat #6 is the button
Seat 1: Joker007r ($111.32 in chips) 
Seat 2: JUANS2 ($100 in chips) 
Seat 3: MCMXCXIX ($52.36 in chips) 
Seat 4: ptolejmus ($10 in chips) 
Seat 5: kars0n ($106.54 in chips) 
Seat 6: XneferX ($100 in chips) 
Joker007r: posts small blind $0.50
JUANS2: posts big blind $1
*** HOLE CARDS ***
MCMXCXIX: raises $1 to $2
ptolejmus: folds 
kars0n: folds 
XneferX: folds 
Joker007r: folds 
JUANS2: folds 
Uncalled bet ($1) returned to MCMXCXIX
MCMXCXIX collected $2.50 from pot
*** SUMMARY ***
Total pot $2.50 | Rake $0 
Seat 1: Joker007r (small blind) folded before Flop
Seat 2: JUANS2 (big blind) folded before Flop
Seat 3: MCMXCXIX collected ($2.50)
Seat 4: ptolejmus folded before Flop (didn't bet)
Seat 5: kars0n folded before Flop (didn't bet)
Seat 6: XneferX (button) folded before Flop (didn't bet)



PokerStars Hand #254404376211:  Hold'em No Limit ($0.50/$1.00 USD) - 2025/01/16 21:04:33 WET [2025/01/16 16:04:33 ET]
Table 'Imhotep III' 6-max Seat #1 is the button
Seat 1: Joker007r ($110.82 in chips) 
Seat 2: JUANS2 ($100 in chips) 
Seat 3: MCMXCXIX ($53.86 in chips) 
Seat 4: ptolejmus ($10 in chips) 
Seat 5: kars0n ($106.54 in chips) 
Seat 6: XneferX ($100 in chips) 
JUANS2: posts small blind $0.50
MCMXCXIX: posts big blind $1
*** HOLE CARDS ***
ptolejmus: folds 
kars0n: folds 
XneferX: raises $1.30 to $2.30
Joker007r: folds 
JUANS2: folds 
MCMXCXIX: calls $1.30
*** FLOP *** [8d Jc 3d]
MCMXCXIX: checks 
XneferX: bets $1.20
MCMXCXIX: calls $1.20
*** TURN *** [8d Jc 3d] [9c]
MCMXCXIX: checks 
XneferX: bets $5.48
MCMXCXIX: folds 
Uncalled bet ($5.48) returned to XneferX
XneferX collected $7.12 from pot
XneferX: doesn't show hand 
*** SUMMARY ***
Total pot $7.50 | Rake $0.38 
Board [8d Jc 3d 9c]
Seat 1: Joker007r (button) folded before Flop (didn't bet)
Seat 2: JUANS2 (small blind) folded before Flop
Seat 3: MCMXCXIX (big blind) folded on the Turn
Seat 4: ptolejmus folded before Flop (didn't bet)
Seat 5: kars0n folded before Flop (didn't bet)
Seat 6: XneferX collected ($7.12)



PokerStars Hand #254404392422:  Hold'em No Limit ($0.50/$1.00 USD) - 2025/01/16 21:05:24 WET [2025/01/16 16:05:24 ET]
Table 'Imhotep III' 6-max Seat #2 is the button
Seat 1: Joker007r ($110.82 in chips) 
Seat 2: JUANS2 ($100 in chips) 
Seat 3: MCMXCXIX ($50.36 in chips) 
Seat 4: ptolejmus ($10 in chips) 
Seat 5: kars0n ($106.54 in chips) 
Seat 6: XneferX ($103.62 in chips) 
MCMXCXIX: posts small blind $0.50
ptolejmus: posts big blind $1
*** HOLE CARDS ***
kars0n: folds 
XneferX: raises $1.10 to $2.10
Joker007r: folds 
JUANS2: folds 
MCMXCXIX: folds 
ptolejmus: folds 
Uncalled bet ($1.10) returned to XneferX
XneferX collected $2.50 from pot
XneferX: doesn't show hand 
*** SUMMARY ***
Total pot $2.50 | Rake $0 
Seat 1: Joker007r folded before Flop (didn't bet)
Seat 2: JUANS2 (button) folded before Flop (didn't bet)
Seat 3: MCMXCXIX (small blind) folded before Flop
Seat 4: ptolejmus (big blind) folded before Flop
Seat 5: kars0n folded before Flop (didn't bet)
Seat 6: XneferX collected ($2.50)



PokerStars Hand #254404401767:  Hold'em No Limit ($0.50/$1.00 USD) - 2025/01/16 21:05:53 WET [2025/01/16 16:05:53 ET]
Table 'Imhotep III' 6-max Seat #3 is the button
Seat 1: Joker007r ($110.82 in chips) 
Seat 2: JUANS2 ($100 in chips) 
Seat 3: MCMXCXIX ($49.86 in chips) 
Seat 4: ptolejmus ($10 in chips) 
Seat 5: kars0n ($106.54 in chips) 
Seat 6: XneferX ($105.12 in chips) 
ptolejmus: posts small blind $0.50
kars0n: posts big blind $1
*** HOLE CARDS ***
XneferX: folds 
Joker007r: folds 
JUANS2: folds 
MCMXCXIX: raises $1 to $2
ptolejmus: folds 
kars0n: folds 
Uncalled bet ($1) returned to MCMXCXIX
MCMXCXIX collected $2.50 from pot
*** SUMMARY ***
Total pot $2.50 | Rake $0 
Seat 1: Joker007r folded before Flop (didn't bet)
Seat 2: JUANS2 folded before Flop (didn't bet)
Seat 3: MCMXCXIX (button) collected ($2.50)
Seat 4: ptolejmus (small blind) folded before Flop
Seat 5: kars0n (big blind) folded before Flop
Seat 6: XneferX folded before Flop (didn't bet)



PokerStars Hand #254404410062:  Hold'em No Limit ($0.50/$1.00 USD) - 2025/01/16 21:06:19 WET [2025/01/16 16:06:19 ET]
Table 'Imhotep III' 6-max Seat #4 is the button
Seat 1: Joker007r ($110.82 in chips) 
Seat 2: JUANS2 ($100 in chips) 
Seat 3: MCMXCXIX ($51.36 in chips) 
Seat 4: ptolejmus ($10 in chips) 
Seat 5: kars0n ($105.54 in chips) 
Seat 6: XneferX ($105.12 in chips) 
kars0n: posts small blind $0.50
XneferX: posts big blind $1
*** HOLE CARDS ***
Joker007r: folds 
JUANS2: folds 
MCMXCXIX: calls $1
ptolejmus: folds 
kars0n: folds 
XneferX: raises $3 to $4
MCMXCXIX: calls $3
*** FLOP *** [Js 3c 7d]
XneferX: bets $4.12
MCMXCXIX: calls $4.12
*** TURN *** [Js 3c 7d] [9c]
XneferX: bets $11.65
MCMXCXIX: calls $11.65
*** RIVER *** [Js 3c 7d 9c] [Qs]
XneferX: checks 
MCMXCXIX: checks 
*** SHOW DOWN ***
XneferX: shows [Ah Ac] (a pair of Aces)
MCMXCXIX: mucks hand 
XneferX collected $38.04 from pot
*** SUMMARY ***
Total pot $40.04 | Rake $2 
Board [Js 3c 7d 9c Qs]
Seat 1: Joker007r folded before Flop (didn't bet)
Seat 2: JUANS2 folded before Flop (didn't bet)
Seat 3: MCMXCXIX mucked
Seat 4: ptolejmus (button) folded before Flop (didn't bet)
Seat 5: kars0n (small blind) folded before Flop
Seat 6: XneferX (big blind) showed [Ah Ac] and won ($38.04) with a pair of Aces



PokerStars Hand #254404448698:  Hold'em No Limit ($0.50/$1.00 USD) - 2025/01/16 21:08:21 WET [2025/01/16 16:08:21 ET]
Table 'Imhotep III' 6-max Seat #5 is the button
Seat 1: Joker007r ($110.82 in chips) 
Seat 2: JUANS2 ($100 in chips) 
Seat 3: MCMXCXIX ($31.59 in chips) 
Seat 4: ptolejmus ($10 in chips) 
Seat 5: kars0n ($105.04 in chips) 
Seat 6: XneferX ($123.39 in chips) 
XneferX: posts small blind $0.50
Joker007r: posts big blind $1
*** HOLE CARDS ***
JUANS2: folds 
MCMXCXIX: folds 
ptolejmus: raises $1 to $2
kars0n: folds 
XneferX: folds 
Joker007r: folds 
Uncalled bet ($1) returned to ptolejmus
ptolejmus collected $2.50 from pot
*** SUMMARY ***
Total pot $2.50 | Rake $0 
Seat 1: Joker007r (big blind) folded before Flop
Seat 2: JUANS2 folded before Flop (didn't bet)
Seat 3: MCMXCXIX folded before Flop (didn't bet)
Seat 4: ptolejmus collected ($2.50)
Seat 5: kars0n (button) folded before Flop (didn't bet)
Seat 6: XneferX (small blind) folded before Flop



PokerStars Hand #254404453958:  Hold'em No Limit ($0.50/$1.00 USD) - 2025/01/16 21:08:38 WET [2025/01/16 16:08:38 ET]
Table 'Imhotep III' 6-max Seat #6 is the button
Seat 1: Joker007r ($109.82 in chips) 
Seat 2: JUANS2 ($100 in chips) 
Seat 3: MCMXCXIX ($31.59 in chips) 
Seat 4: ptolejmus ($11.50 in chips) 
Seat 5: kars0n ($105.04 in chips) 
Seat 6: XneferX ($122.89 in chips) 
Joker007r: posts small blind $0.50
JUANS2: posts big blind $1
*** HOLE CARDS ***
MCMXCXIX: folds 
ptolejmus: folds 
kars0n: raises $1.50 to $2.50
XneferX: folds 
Joker007r: folds 
JUANS2: folds 
Uncalled bet ($1.50) returned to kars0n
kars0n collected $2.50 from pot
kars0n: doesn't show hand 
*** SUMMARY ***
Total pot $2.50 | Rake $0 
Seat 1: Joker007r (small blind) folded before Flop
Seat 2: JUANS2 (big blind) folded before Flop
Seat 3: MCMXCXIX folded before Flop (didn't bet)
Seat 4: ptolejmus folded before Flop (didn't bet)
Seat 5: kars0n collected ($2.50)
Seat 6: XneferX (button) folded before Flop (didn't bet)



PokerStars Hand #254404458603:  Hold'em No Limit ($0.50/$1.00 USD) - 2025/01/16 21:08:53 WET [2025/01/16 16:08:53 ET]
Table 'Imhotep III' 6-max Seat #1 is the button
Seat 1: Joker007r ($109.32 in chips) 
Seat 2: JUANS2 ($100 in chips) 
Seat 3: MCMXCXIX ($31.59 in chips) 
Seat 4: ptolejmus ($11.50 in chips) 
Seat 5: kars0n ($106.54 in chips) 
Seat 6: XneferX ($122.89 in chips) 
JUANS2: posts small blind $0.50
MCMXCXIX: posts big blind $1
*** HOLE CARDS ***
ptolejmus: folds 
kars0n: folds 
XneferX: folds 
Joker007r: raises $1.50 to $2.50
JUANS2: folds 
MCMXCXIX: folds 
Uncalled bet ($1.50) returned to Joker007r
Joker007r collected $2.50 from pot
Joker007r: doesn't show hand 
*** SUMMARY ***
Total pot $2.50 | Rake $0 
Seat 1: Joker007r (button) collected ($2.50)
Seat 2: JUANS2 (small blind) folded before Flop
Seat 3: MCMXCXIX (big blind) folded before Flop
Seat 4: ptolejmus folded before Flop (didn't bet)
Seat 5: kars0n folded before Flop (didn't bet)
Seat 6: XneferX folded before Flop (didn't bet)



PokerStars Hand #254404464780:  Hold'em No Limit ($0.50/$1.00 USD) - 2025/01/16 21:09:13 WET [2025/01/16 16:09:13 ET]
Table 'Imhotep III' 6-max Seat #2 is the button
Seat 1: Joker007r ($110.82 in chips) 
Seat 2: JUANS2 ($100 in chips) 
Seat 3: MCMXCXIX ($30.59 in chips) 
Seat 4: ptolejmus ($11.50 in chips) 
Seat 5: kars0n ($106.54 in chips) 
Seat 6: XneferX ($122.89 in chips) 
MCMXCXIX: posts small blind $0.50
ptolejmus: posts big blind $1
*** HOLE CARDS ***
kars0n: folds 
XneferX: raises $1.10 to $2.10
Joker007r: folds 
JUANS2: folds 
MCMXCXIX: calls $1.60
ptolejmus: calls $1.10
*** FLOP *** [3c Kd 7s]
MCMXCXIX: checks 
ptolejmus: checks 
XneferX: checks 
*** TURN *** [3c Kd 7s] [9c]
MCMXCXIX: checks 
ptolejmus: bets $3.05
XneferX: folds 
MCMXCXIX: calls $3.05
*** RIVER *** [3c Kd 7s 9c] [3d]
MCMXCXIX: bets $5.89
ptolejmus: folds 
Uncalled bet ($5.89) returned to MCMXCXIX
MCMXCXIX collected $11.78 from pot
*** SUMMARY ***
Total pot $12.40 | Rake $0.62 
Board [3c Kd 7s 9c 3d]
Seat 1: Joker007r folded before Flop (didn't bet)
Seat 2: JUANS2 (button) folded before Flop (didn't bet)
Seat 3: MCMXCXIX (small blind) collected ($11.78)
Seat 4: ptolejmus (big blind) folded on the River
Seat 5: kars0n folded before Flop (didn't bet)
Seat 6: XneferX folded on the Turn



PokerStars Hand #254404490473:  Hold'em No Limit ($0.50/$1.00 USD) - 2025/01/16 21:10:34 WET [2025/01/16 16:10:34 ET]
Table 'Imhotep III' 6-max Seat #3 is the button
Seat 1: Joker007r ($110.82 in chips) 
Seat 2: JUANS2 ($100 in chips) 
Seat 3: MCMXCXIX ($37.22 in chips) 
Seat 4: ptolejmus ($10 in chips) 
Seat 5: kars0n ($106.54 in chips) 
Seat 6: XneferX ($120.79 in chips) 
ptolejmus: posts small blind $0.50
kars0n: posts big blind $1
*** HOLE CARDS ***
XneferX: folds 
Joker007r: folds 
JUANS2: folds 
MCMXCXIX: folds 
ptolejmus: folds 
Uncalled bet ($0.50) returned to kars0n
kars0n collected $1 from pot
kars0n: doesn't show hand 
*** SUMMARY ***
Total pot $1 | Rake $0 
Seat 1: Joker007r folded before Flop (didn't bet)
Seat 2: JUANS2 folded before Flop (didn't bet)
Seat 3: MCMXCXIX (button) folded before Flop (didn't bet)
Seat 4: ptolejmus (small blind) folded before Flop
Seat 5: kars0n (big blind) collected ($1)
Seat 6: XneferX folded before Flop (didn't bet)



PokerStars Hand #254404499440:  Hold'em No Limit ($0.50/$1.00 USD) - 2025/01/16 21:11:02 WET [2025/01/16 16:11:02 ET]
Table 'Imhotep III' 6-max Seat #4 is the button
Seat 1: Joker007r ($110.82 in chips) 
Seat 2: JUANS2 ($100 in chips) 
Seat 3: MCMXCXIX ($37.22 in chips) 
Seat 4: ptolejmus ($10 in chips) 
Seat 5: kars0n ($107.04 in chips) 
Seat 6: XneferX ($120.79 in chips) 
kars0n: posts small blind $0.50
XneferX: posts big blind $1
*** HOLE CARDS ***
Joker007r: folds 
JUANS2: folds 
MCMXCXIX: calls $1
ptolejmus: folds 
kars0n: folds 
XneferX: checks 
*** FLOP *** [9h Qd 3s]
XneferX: checks 
MCMXCXIX: bets $1
XneferX: folds 
Uncalled bet ($1) returned to MCMXCXIX
MCMXCXIX collected $2.38 from pot
*** SUMMARY ***
Total pot $2.50 | Rake $0.12 
Board [9h Qd 3s]
Seat 1: Joker007r folded before Flop (didn't bet)
Seat 2: JUANS2 folded before Flop (didn't bet)
Seat 3: MCMXCXIX collected ($2.38)
Seat 4: ptolejmus (button) folded before Flop (didn't bet)
Seat 5: kars0n (small blind) folded before Flop
Seat 6: XneferX (big blind) folded on the Flop



PokerStars Hand #254404517715:  Hold'em No Limit ($0.50/$1.00 USD) - 2025/01/16 21:11:59 WET [2025/01/16 16:11:59 ET]
Table 'Imhotep III' 6-max Seat #5 is the button
Seat 1: Joker007r ($110.82 in chips) 
Seat 2: JUANS2 ($100 in chips) 
Seat 3: MCMXCXIX ($38.60 in chips) 
Seat 4: ptolejmus ($10 in chips) 
Seat 5: kars0n ($106.54 in chips) 
Seat 6: XneferX ($119.79 in chips) 
XneferX: posts small blind $0.50
Joker007r: posts big blind $1
*** HOLE CARDS ***
JUANS2: folds 
MCMXCXIX: folds 
ptolejmus: folds 
kars0n: folds 
XneferX: folds 
Uncalled bet ($0.50) returned to Joker007r
Joker007r collected $1 from pot
Joker007r: doesn't show hand 
*** SUMMARY ***
Total pot $1 | Rake $0 
Seat 1: Joker007r (big blind) collected ($1)
Seat 2: JUANS2 folded before Flop (didn't bet)
Seat 3: MCMXCXIX folded before Flop (didn't bet)
Seat 4: ptolejmus folded before Flop (didn't bet)
Seat 5: kars0n (button) folded before Flop (didn't bet)
Seat 6: XneferX (small blind) folded before Flop



PokerStars Hand #254404525090:  Hold'em No Limit ($0.50/$1.00 USD) - 2025/01/16 21:12:22 WET [2025/01/16 16:12:22 ET]
Table 'Imhotep III' 6-max Seat #6 is the button
Seat 1: Joker007r ($111.32 in chips) 
Seat 2: JUANS2 ($100 in chips) 
Seat 3: MCMXCXIX ($38.60 in chips) 
Seat 4: ptolejmus ($10 in chips) 
Seat 5: kars0n ($106.54 in chips) 
Seat 6: XneferX ($119.29 in chips) 
Joker007r: posts small blind $0.50
JUANS2: posts big blind $1
*** HOLE CARDS ***
MCMXCXIX: raises $2 to $3
ptolejmus: folds 
kars0n: raises $6 to $9
XneferX: folds 
Joker007r: folds 
JUANS2: folds 
MCMXCXIX: calls $6
*** FLOP *** [Ad 3c 4s]
MCMXCXIX: checks 
kars0n: bets $6.11
MCMXCXIX: calls $6.11
*** TURN *** [Ad 3c 4s] [2h]
MCMXCXIX: checks 
kars0n: checks 
*** RIVER *** [Ad 3c 4s 2h] [8h]
MCMXCXIX: checks 
kars0n: bets $23
MCMXCXIX: calls $23
*** SHOW DOWN ***
kars0n: shows [Kc Ah] (a pair of Aces)
MCMXCXIX: mucks hand 
kars0n collected $75.22 from pot
*** SUMMARY ***
Total pot $77.72 | Rake $2.50 
Board [Ad 3c 4s 2h 8h]
Seat 1: Joker007r (small blind) folded before Flop
Seat 2: JUANS2 (big blind) folded before Flop
Seat 3: MCMXCXIX mucked
Seat 4: ptolejmus folded before Flop (didn't bet)
Seat 5: kars0n showed [Kc Ah] and won ($75.22) with a pair of Aces
Seat 6: XneferX (button) folded before Flop (didn't bet)



PokerStars Hand #254404550239:  Hold'em No Limit ($0.50/$1.00 USD) - 2025/01/16 21:13:41 WET [2025/01/16 16:13:41 ET]
Table 'Imhotep III' 6-max Seat #1 is the button
Seat 3: MCMXCXIX ($0.49 in chips) is sitting out
Seat 1: Joker007r ($110.82 in chips) 
Seat 2: JUANS2 ($100 in chips) 
Seat 4: ptolejmus ($10 in chips) 
Seat 5: kars0n ($143.65 in chips) 
Seat 6: XneferX ($119.29 in chips) 
JUANS2: posts small blind $0.50
ptolejmus: posts big blind $1
*** HOLE CARDS ***
kars0n: folds 
XneferX: folds 
Joker007r: raises $1.50 to $2.50
JUANS2: folds 
ptolejmus: raises $7.50 to $10 and is all-in
Joker007r: calls $7.50
*** FIRST FLOP *** [6c Jc Ad]
*** FIRST TURN *** [6c Jc Ad] [Jd]
*** FIRST RIVER *** [6c Jc Ad Jd] [Ks]
*** SECOND FLOP *** [Kd 2h 9s]
*** SECOND TURN *** [Kd 2h 9s] [Td]
*** SECOND RIVER *** [Kd 2h 9s Td] [8h]
*** FIRST SHOW DOWN ***
ptolejmus: shows [Qd Qs] (two pair, Queens and Jacks)
Joker007r: shows [5h 5c] (two pair, Jacks and Fives)
ptolejmus collected $9.74 from pot
*** SECOND SHOW DOWN ***
ptolejmus: shows [Qd Qs] (a pair of Queens)
Joker007r: shows [5h 5c] (a pair of Fives)
ptolejmus collected $9.74 from pot
*** SUMMARY ***
Total pot $20.50 | Rake $1.02 
Hand was run twice
FIRST Board [6c Jc Ad Jd Ks]
SECOND Board [Kd 2h 9s Td 8h]
Seat 3: MCMXCXIX
Seat 1: Joker007r (button) showed [5h 5c] and lost with two pair, Jacks and Fives, and lost with a pair of Fives
Seat 2: JUANS2 (small blind) folded before Flop
Seat 4: ptolejmus (big blind) showed [Qd Qs] and won ($9.74) with two pair, Queens and Jacks, and won ($9.74) with a pair of Queens
Seat 5: kars0n folded before Flop (didn't bet)
Seat 6: XneferX folded before Flop (didn't bet)



PokerStars Hand #254404563150:  Hold'em No Limit ($0.50/$1.00 USD) - 2025/01/16 21:14:21 WET [2025/01/16 16:14:21 ET]
Table 'Imhotep III' 6-max Seat #2 is the button
Seat 3: MCMXCXIX ($0.49 in chips) is sitting out
Seat 1: Joker007r ($100.82 in chips) 
Seat 2: JUANS2 ($100 in chips) 
Seat 4: ptolejmus ($19.48 in chips) 
Seat 5: kars0n ($143.65 in chips) 
Seat 6: XneferX ($119.29 in chips) 
ptolejmus: posts small blind $0.50
kars0n: posts big blind $1
*** HOLE CARDS ***
XneferX: folds 
Joker007r: folds 
JUANS2: folds 
ptolejmus: raises $1.25 to $2.25
MCMXCXIX is disconnected 
kars0n: raises $5.25 to $7.50
ptolejmus: folds 
Uncalled bet ($5.25) returned to kars0n
kars0n collected $4.50 from pot
kars0n: doesn't show hand 
*** SUMMARY ***
Total pot $4.50 | Rake $0 
Seat 3: MCMXCXIX
Seat 1: Joker007r folded before Flop (didn't bet)
Seat 2: JUANS2 (button) folded before Flop (didn't bet)
Seat 4: ptolejmus (small blind) folded before Flop
Seat 5: kars0n (big blind) collected ($4.50)
Seat 6: XneferX folded before Flop (didn't bet)



PokerStars Hand #254404575426:  Hold'em No Limit ($0.50/$1.00 USD) - 2025/01/16 21:14:59 WET [2025/01/16 16:14:59 ET]
Table 'Imhotep III' 6-max Seat #4 is the button
Seat 3: MCMXCXIX ($0.49 in chips) is sitting out
Seat 1: Joker007r ($100.82 in chips) 
Seat 2: JUANS2 ($100 in chips) 
Seat 4: ptolejmus ($17.23 in chips) 
Seat 5: kars0n ($145.90 in chips) 
Seat 6: XneferX ($119.29 in chips) 
kars0n: posts small blind $0.50
XneferX: posts big blind $1
*** HOLE CARDS ***
Joker007r: folds 
JUANS2: raises $1.50 to $2.50
ptolejmus: folds 
kars0n: folds 
XneferX: folds 
Uncalled bet ($1.50) returned to JUANS2
JUANS2 collected $2.50 from pot
JUANS2: doesn't show hand 
*** SUMMARY ***
Total pot $2.50 | Rake $0 
Seat 3: MCMXCXIX
Seat 1: Joker007r folded before Flop (didn't bet)
Seat 2: JUANS2 collected ($2.50)
Seat 4: ptolejmus (button) folded before Flop (didn't bet)
Seat 5: kars0n (small blind) folded before Flop
Seat 6: XneferX (big blind) folded before Flop



PokerStars Hand #254404579618:  Hold'em No Limit ($0.50/$1.00 USD) - 2025/01/16 21:15:13 WET [2025/01/16 16:15:13 ET]
Table 'Imhotep III' 6-max Seat #5 is the button
Seat 3: MCMXCXIX ($0.49 in chips) is sitting out
Seat 1: Joker007r ($100.82 in chips) 
Seat 2: JUANS2 ($101.50 in chips) 
Seat 4: ptolejmus ($17.23 in chips) 
Seat 5: kars0n ($145.40 in chips) 
Seat 6: XneferX ($118.29 in chips) 
XneferX: posts small blind $0.50
Joker007r: posts big blind $1
*** HOLE CARDS ***
JUANS2: folds 
ptolejmus: folds 
kars0n: raises $1.50 to $2.50
XneferX: folds 
Joker007r: folds 
Uncalled bet ($1.50) returned to kars0n
kars0n collected $2.50 from pot
kars0n: doesn't show hand 
*** SUMMARY ***
Total pot $2.50 | Rake $0 
Seat 3: MCMXCXIX
Seat 1: Joker007r (big blind) folded before Flop
Seat 2: JUANS2 folded before Flop (didn't bet)
Seat 4: ptolejmus folded before Flop (didn't bet)
Seat 5: kars0n (button) collected ($2.50)
Seat 6: XneferX (small blind) folded before Flop



PokerStars Hand #254404586005:  Hold'em No Limit ($0.50/$1.00 USD) - 2025/01/16 21:15:33 WET [2025/01/16 16:15:33 ET]
Table 'Imhotep III' 6-max Seat #6 is the button
Seat 2: JUANS2 ($101.50 in chips) is sitting out
Seat 3: MCMXCXIX ($0.49 in chips) is sitting out
Seat 4: ptolejmus ($17.23 in chips) is sitting out
Seat 1: Joker007r ($100 in chips) 
Seat 5: kars0n ($146.90 in chips) 
Seat 6: XneferX ($117.79 in chips) 
Joker007r: posts small blind $0.50
JUANS2: is sitting out 
ptolejmus: is sitting out 
kars0n: posts big blind $1
*** HOLE CARDS ***
JUANS2 leaves the table
XneferX: raises $1.77 to $2.77
ptolejmus leaves the table
Joker007r: folds 
kars0n: folds 
Uncalled bet ($1.77) returned to XneferX
XneferX collected $2.50 from pot
XneferX: doesn't show hand 
*** SUMMARY ***
Total pot $2.50 | Rake $0 
Seat 2: JUANS2
Seat 3: MCMXCXIX
Seat 4: ptolejmus
Seat 1: Joker007r (small blind) folded before Flop
Seat 5: kars0n (big blind) folded before Flop
Seat 6: XneferX (button) collected ($2.50)



PokerStars Hand #254404591143:  Hold'em No Limit ($0.50/$1.00 USD) - 2025/01/16 21:15:48 WET [2025/01/16 16:15:48 ET]
Table 'Imhotep III' 6-max Seat #1 is the button
Seat 3: MCMXCXIX ($0.49 in chips) is sitting out
Seat 1: Joker007r ($100 in chips) 
Seat 5: kars0n ($145.90 in chips) 
Seat 6: XneferX ($119.29 in chips) 
kars0n: posts small blind $0.50
XneferX: posts big blind $1
*** HOLE CARDS ***
Joker007r: raises $1.50 to $2.50
kars0n: folds 
XneferX: folds 
Uncalled bet ($1.50) returned to Joker007r
Joker007r collected $2.50 from pot
Joker007r: doesn't show hand 
*** SUMMARY ***
Total pot $2.50 | Rake $0 
Seat 3: MCMXCXIX
Seat 1: Joker007r (button) collected ($2.50)
Seat 5: kars0n (small blind) folded before Flop
Seat 6: XneferX (big blind) folded before Flop



PokerStars Hand #254404594677:  Hold'em No Limit ($0.50/$1.00 USD) - 2025/01/16 21:15:59 WET [2025/01/16 16:15:59 ET]
Table 'Imhotep III' 6-max Seat #5 is the button
Seat 3: MCMXCXIX ($0.49 in chips) is sitting out
Seat 1: Joker007r ($101.50 in chips) 
Seat 5: kars0n ($145.40 in chips) 
Seat 6: XneferX ($118.29 in chips) 
XneferX: posts small blind $0.50
Joker007r: posts big blind $1
*** HOLE CARDS ***
kars0n: folds 
XneferX: folds 
Uncalled bet ($0.50) returned to Joker007r
Joker007r collected $1 from pot
Joker007r: doesn't show hand 
*** SUMMARY ***
Total pot $1 | Rake $0 
Seat 3: MCMXCXIX
Seat 1: Joker007r (big blind) collected ($1)
Seat 5: kars0n (button) folded before Flop (didn't bet)
Seat 6: XneferX (small blind) folded before Flop



PokerStars Hand #254404600000:  Hold'em No Limit ($0.50/$1.00 USD) - 2025/01/16 21:16:16 WET [2025/01/16 16:16:16 ET]
Table 'Imhotep III' 6-max Seat #6 is the button
Seat 3: MCMXCXIX ($0.49 in chips) is sitting out
Seat 1: Joker007r ($102 in chips) 
Seat 5: kars0n ($145.40 in chips) 
Seat 6: XneferX ($117.79 in chips) 
Joker007r: posts small blind $0.50
kars0n: posts big blind $1
*** HOLE CARDS ***
XneferX: folds 
Joker007r: folds 
Uncalled bet ($0.50) returned to kars0n
franbasualdo10 joins the table at seat #2 
kars0n collected $1 from pot
kars0n: doesn't show hand 
franbasualdo10 is disconnected 
*** SUMMARY ***
Total pot $1 | Rake $0 
Seat 3: MCMXCXIX
Seat 1: Joker007r (small blind) folded before Flop
Seat 5: kars0n (big blind) collected ($1)
Seat 6: XneferX (button) folded before Flop (didn't bet)



PokerStars Hand #254404607736:  Hold'em No Limit ($0.50/$1.00 USD) - 2025/01/16 21:16:39 WET [2025/01/16 16:16:39 ET]
Table 'Imhotep III' 6-max Seat #2 is the button
Seat 3: MCMXCXIX ($0.49 in chips) is sitting out
Seat 2: franbasualdo10 ($15.07 in chips) 
Seat 5: kars0n ($145.90 in chips) 
franbasualdo10: posts small blind $0.50
kars0n: posts big blind $1
*** HOLE CARDS ***
franbasualdo10: calls $0.50
kars0n: checks 
*** FLOP *** [8s 8h Td]
kars0n: checks 
franbasualdo10: checks 
*** TURN *** [8s 8h Td] [9h]
kars0n: checks 
franbasualdo10: checks 
*** RIVER *** [8s 8h Td 9h] [6c]
kars0n: checks 
franbasualdo10: bets $1
kars0n: folds 
Uncalled bet ($1) returned to franbasualdo10
franbasualdo10 collected $1.90 from pot
*** SUMMARY ***
Total pot $2 | Rake $0.10 
Board [8s 8h Td 9h 6c]
Seat 3: MCMXCXIX
Seat 2: franbasualdo10 (button) (small blind) collected ($1.90)
Seat 5: kars0n (big blind) folded on the River



PokerStars Hand #254404614048:  Hold'em No Limit ($0.50/$1.00 USD) - 2025/01/16 21:16:59 WET [2025/01/16 16:16:59 ET]
Table 'Imhotep III' 6-max Seat #5 is the button
Seat 3: MCMXCXIX ($0.49 in chips) is sitting out
Seat 2: franbasualdo10 ($15.97 in chips) 
Seat 5: kars0n ($144.90 in chips) 
kars0n: posts small blind $0.50
franbasualdo10: posts big blind $1
*** HOLE CARDS ***
kars0n: raises $2 to $3
franbasualdo10: folds 
Uncalled bet ($2) returned to kars0n
kars0n collected $2 from pot
kars0n: doesn't show hand 
*** SUMMARY ***
Total pot $2 | Rake $0 
Seat 3: MCMXCXIX
Seat 2: franbasualdo10 (big blind) folded before Flop
Seat 5: kars0n (button) (small blind) collected ($2)



PokerStars Hand #254404617027:  Hold'em No Limit ($0.50/$1.00 USD) - 2025/01/16 21:17:08 WET [2025/01/16 16:17:08 ET]
Table 'Imhotep III' 6-max Seat #2 is the button
Seat 3: MCMXCXIX ($0.49 in chips) is sitting out
Seat 2: franbasualdo10 ($14.97 in chips) 
Seat 5: kars0n ($145.90 in chips) 
franbasualdo10: posts small blind $0.50
kars0n: posts big blind $1
*** HOLE CARDS ***
franbasualdo10: raises $1 to $2
kars0n: calls $1
*** FLOP *** [3d Ac Qs]
kars0n: checks 
franbasualdo10: checks 
*** TURN *** [3d Ac Qs] [8c]
kars0n: bets $2.85
franbasualdo10: calls $2.85
*** RIVER *** [3d Ac Qs 8c] [9h]
kars0n: checks 
franbasualdo10: checks 
*** SHOW DOWN ***
kars0n: shows [5d 4d] (high card Ace)
franbasualdo10: shows [8d Kc] (a pair of Eights)
franbasualdo10 collected $9.22 from pot
*** SUMMARY ***
Total pot $9.70 | Rake $0.48 
Board [3d Ac Qs 8c 9h]
Seat 3: MCMXCXIX
Seat 2: franbasualdo10 (button) (small blind) showed [8d Kc] and won ($9.22) with a pair of Eights
Seat 5: kars0n (big blind) showed [5d 4d] and lost with high card Ace



PokerStars Hand #254404624566:  Hold'em No Limit ($0.50/$1.00 USD) - 2025/01/16 21:17:31 WET [2025/01/16 16:17:31 ET]
Table 'Imhotep III' 6-max Seat #5 is the button
Seat 3: MCMXCXIX ($0.49 in chips) is sitting out
Seat 2: franbasualdo10 ($19.34 in chips) 
Seat 5: kars0n ($141.05 in chips) 
kars0n: posts small blind $0.50
franbasualdo10: posts big blind $1
*** HOLE CARDS ***
kars0n: folds 
Uncalled bet ($0.50) returned to franbasualdo10
franbasualdo10 collected $1 from pot
kars0n leaves the table
*** SUMMARY ***
Total pot $1 | Rake $0 
Seat 3: MCMXCXIX
Seat 2: franbasualdo10 (big blind) collected ($1)
Seat 5: kars0n (button) (small blind) folded before Flop



PokerStars Hand #254404656474:  Hold'em No Limit ($0.50/$1.00 USD) - 2025/01/16 21:19:10 WET [2025/01/16 16:19:10 ET]
Table 'Imhotep III' 6-max Seat #6 is the button
Seat 3: MCMXCXIX ($0.49 in chips) is sitting out
Seat 2: tukeiron ($100 in chips) 
Seat 5: alex042491 ($10 in chips) 
Seat 6: JUANS2 ($101.50 in chips) 
tukeiron: posts small blind $0.50
alex042491: posts big blind $1
*** HOLE CARDS ***
ptolejmus joins the table at seat #1 
JUANS2: folds 
getjet1952 joins the table at seat #4 
tukeiron: raises $9.50 to $10.50
alex042491: folds 
Uncalled bet ($9.50) returned to tukeiron
tukeiron collected $2 from pot
*** SUMMARY ***
Total pot $2 | Rake $0 
Seat 3: MCMXCXIX
Seat 2: tukeiron (small blind) collected ($2)
Seat 5: alex042491 (big blind) folded before Flop
Seat 6: JUANS2 (button) folded before Flop (didn't bet)



PokerStars Hand #254404663282:  Hold'em No Limit ($0.50/$1.00 USD) - 2025/01/16 21:19:31 WET [2025/01/16 16:19:31 ET]
Table 'Imhotep III' 6-max Seat #2 is the button
Seat 1: ptolejmus ($17.23 in chips) is sitting out
Seat 3: MCMXCXIX ($0.49 in chips) is sitting out
Seat 4: getjet1952 ($92.42 in chips) is sitting out
Seat 2: tukeiron ($101 in chips) 
Seat 5: alex042491 ($9 in chips) 
Seat 6: JUANS2 ($101.50 in chips) 
alex042491: posts small blind $0.50
JUANS2: posts big blind $1
ptolejmus: sits out 
*** HOLE CARDS ***
tukeiron: folds 
alex042491: folds 
Uncalled bet ($0.50) returned to JUANS2
JUANS2 collected $1 from pot
JUANS2: doesn't show hand 
*** SUMMARY ***
Total pot $1 | Rake $0 
Seat 1: ptolejmus
Seat 3: MCMXCXIX
Seat 4: getjet1952
Seat 2: tukeiron (button) folded before Flop (didn't bet)
Seat 5: alex042491 (small blind) folded before Flop
Seat 6: JUANS2 (big blind) collected ($1)



PokerStars Hand #254404666869:  Hold'em No Limit ($0.50/$1.00 USD) - 2025/01/16 21:19:42 WET [2025/01/16 16:19:42 ET]
Table 'Imhotep III' 6-max Seat #5 is the button
Seat 3: MCMXCXIX ($0.49 in chips) is sitting out
Seat 1: ptolejmus ($17.23 in chips) 
Seat 2: tukeiron ($101 in chips) 
Seat 4: getjet1952 ($92.42 in chips) 
Seat 5: alex042491 ($8.50 in chips) 
Seat 6: JUANS2 ($102 in chips) 
JUANS2: posts small blind $0.50
ptolejmus: posts big blind $1
getjet1952: posts big blind $1
*** HOLE CARDS ***
tukeiron: folds 
getjet1952: checks 
alex042491: folds 
JUANS2: folds 
ptolejmus: checks 
*** FLOP *** [4s Js 5c]
ptolejmus: checks 
getjet1952: checks 
*** TURN *** [4s Js 5c] [As]
ptolejmus: checks 
getjet1952: bets $1
ptolejmus: calls $1
*** RIVER *** [4s Js 5c As] [9s]
ptolejmus: checks 
getjet1952: checks 
*** SHOW DOWN ***
ptolejmus: shows [4c 8c] (a pair of Fours)
getjet1952: shows [Jd Kh] (a pair of Jacks)
getjet1952 collected $4.28 from pot
*** SUMMARY ***
Total pot $4.50 | Rake $0.22 
Board [4s Js 5c As 9s]
Seat 3: MCMXCXIX
Seat 1: ptolejmus (big blind) showed [4c 8c] and lost with a pair of Fours
Seat 2: tukeiron folded before Flop (didn't bet)
Seat 4: getjet1952 showed [Jd Kh] and won ($4.28) with a pair of Jacks
Seat 5: alex042491 (button) folded before Flop (didn't bet)
Seat 6: JUANS2 (small blind) folded before Flop



PokerStars Hand #254404682686:  Hold'em No Limit ($0.50/$1.00 USD) - 2025/01/16 21:20:31 WET [2025/01/16 16:20:31 ET]
Table 'Imhotep III' 6-max Seat #6 is the button
Seat 3: MCMXCXIX ($0.49 in chips) is sitting out
Seat 1: ptolejmus ($17.23 in chips) 
Seat 2: tukeiron ($101 in chips) 
Seat 4: getjet1952 ($94.70 in chips) 
Seat 5: alex042491 ($8.50 in chips) 
Seat 6: JUANS2 ($101.50 in chips) 
ptolejmus: posts small blind $0.50
tukeiron: posts big blind $1
*** HOLE CARDS ***
getjet1952: folds 
alex042491: raises $1 to $2
JUANS2: folds 
ptolejmus: raises $15.23 to $17.23 and is all-in
tukeiron: folds 
alex042491: calls $6.50 and is all-in
Uncalled bet ($8.73) returned to ptolejmus
*** FLOP *** [4h 3d Qh]
*** TURN *** [4h 3d Qh] [Kd]
*** RIVER *** [4h 3d Qh Kd] [8h]
*** SHOW DOWN ***
ptolejmus: shows [2c Ac] (high card Ace)
alex042491: shows [Qc Jh] (a pair of Queens)
alex042491 collected $16.88 from pot
*** SUMMARY ***
Total pot $18 | Rake $1.12 
Board [4h 3d Qh Kd 8h]
Seat 3: MCMXCXIX
Seat 1: ptolejmus (small blind) showed [2c Ac] and lost with high card Ace
Seat 2: tukeiron (big blind) folded before Flop
Seat 4: getjet1952 folded before Flop (didn't bet)
Seat 5: alex042491 showed [Qc Jh] and won ($16.88) with a pair of Queens
Seat 6: JUANS2 (button) folded before Flop (didn't bet)



PokerStars Hand #254404699598:  Hold'em No Limit ($0.50/$1.00 USD) - 2025/01/16 21:21:24 WET [2025/01/16 16:21:24 ET]
Table 'Imhotep III' 6-max Seat #1 is the button
Seat 3: MCMXCXIX ($0.49 in chips) is sitting out
Seat 1: ptolejmus ($17.23 in chips) 
Seat 2: tukeiron ($100 in chips) 
Seat 4: getjet1952 ($94.70 in chips) 
Seat 5: alex042491 ($16.88 in chips) 
Seat 6: JUANS2 ($101.50 in chips) 
tukeiron: posts small blind $0.50
getjet1952: posts big blind $1
*** HOLE CARDS ***
alex042491: raises $1 to $2
JUANS2: folds 
ptolejmus: folds 
tukeiron: folds 
getjet1952: folds 
Uncalled bet ($1) returned to alex042491
alex042491 collected $2.50 from pot
*** SUMMARY ***
Total pot $2.50 | Rake $0 
Seat 3: MCMXCXIX
Seat 1: ptolejmus (button) folded before Flop (didn't bet)
Seat 2: tukeiron (small blind) folded before Flop
Seat 4: getjet1952 (big blind) folded before Flop
Seat 5: alex042491 collected ($2.50)
Seat 6: JUANS2 folded before Flop (didn't bet)



PokerStars Hand #254404704539:  Hold'em No Limit ($0.50/$1.00 USD) - 2025/01/16 21:21:39 WET [2025/01/16 16:21:39 ET]
Table 'Imhotep III' 6-max Seat #2 is the button
Seat 3: MCMXCXIX ($0.49 in chips) is sitting out
Seat 1: ptolejmus ($17.23 in chips) 
Seat 2: tukeiron ($100 in chips) 
Seat 4: getjet1952 ($93.70 in chips) 
Seat 5: alex042491 ($18.38 in chips) 
Seat 6: JUANS2 ($101.50 in chips) 
getjet1952: posts small blind $0.50
alex042491: posts big blind $1
*** HOLE CARDS ***
JUANS2: folds 
ptolejmus: folds 
tukeiron: folds 
getjet1952: calls $0.50
alex042491: checks 
*** FLOP *** [Th 4s 5d]
getjet1952: checks 
alex042491: checks 
*** TURN *** [Th 4s 5d] [3d]
getjet1952: bets $1
alex042491: calls $1
*** RIVER *** [Th 4s 5d 3d] [2c]
getjet1952: checks 
alex042491: checks 
*** SHOW DOWN ***
getjet1952: shows [5c Ks] (a pair of Fives)
alex042491: mucks hand 
getjet1952 collected $3.80 from pot
*** SUMMARY ***
Total pot $4 | Rake $0.20 
Board [Th 4s 5d 3d 2c]
Seat 3: MCMXCXIX
Seat 1: ptolejmus folded before Flop (didn't bet)
Seat 2: tukeiron (button) folded before Flop (didn't bet)
Seat 4: getjet1952 (small blind) showed [5c Ks] and won ($3.80) with a pair of Fives
Seat 5: alex042491 (big blind) mucked
Seat 6: JUANS2 folded before Flop (didn't bet)



PokerStars Hand #254404719687:  Hold'em No Limit ($0.50/$1.00 USD) - 2025/01/16 21:22:25 WET [2025/01/16 16:22:25 ET]
Table 'Imhotep III' 6-max Seat #4 is the button
Seat 3: MCMXCXIX ($0.49 in chips) is sitting out
Seat 1: ptolejmus ($17.23 in chips) 
Seat 2: tukeiron ($100 in chips) 
Seat 4: getjet1952 ($95.50 in chips) 
Seat 5: alex042491 ($16.38 in chips) 
Seat 6: JUANS2 ($101.50 in chips) 
alex042491: posts small blind $0.50
JUANS2: posts big blind $1
*** HOLE CARDS ***
ptolejmus: folds 
tukeiron: folds 
getjet1952: calls $1
alex042491: folds 
JUANS2: checks 
*** FLOP *** [5h 9c Jc]
JUANS2: checks 
getjet1952: checks 
*** TURN *** [5h 9c Jc] [Qh]
JUANS2: bets $1.19
getjet1952: folds 
Uncalled bet ($1.19) returned to JUANS2
JUANS2 collected $2.38 from pot
JUANS2: doesn't show hand 
*** SUMMARY ***
Total pot $2.50 | Rake $0.12 
Board [5h 9c Jc Qh]
Seat 3: MCMXCXIX
Seat 1: ptolejmus folded before Flop (didn't bet)
Seat 2: tukeiron folded before Flop (didn't bet)
Seat 4: getjet1952 (button) folded on the Turn
Seat 5: alex042491 (small blind) folded before Flop
Seat 6: JUANS2 (big blind) collected ($2.38)



PokerStars Hand #254404728512:  Hold'em No Limit ($0.50/$1.00 USD) - 2025/01/16 21:22:53 WET [2025/01/16 16:22:53 ET]
Table 'Imhotep III' 6-max Seat #5 is the button
Seat 3: MCMXCXIX ($0.49 in chips) is sitting out
Seat 1: ptolejmus ($17.23 in chips) 
Seat 2: tukeiron ($100 in chips) 
Seat 4: getjet1952 ($94.50 in chips) 
Seat 5: alex042491 ($15.88 in chips) 
Seat 6: JUANS2 ($102.88 in chips) 
JUANS2: posts small blind $0.50
ptolejmus: posts big blind $1
*** HOLE CARDS ***
tukeiron: folds 
getjet1952: folds 
alex042491: raises $1 to $2
JUANS2: folds 
ptolejmus: raises $15.23 to $17.23 and is all-in
alex042491: calls $13.88 and is all-in
Uncalled bet ($1.35) returned to ptolejmus
*** FLOP *** [Kc 2h 9h]
*** TURN *** [Kc 2h 9h] [3s]
*** RIVER *** [Kc 2h 9h 3s] [6d]
*** SHOW DOWN ***
ptolejmus: shows [Tc Ad] (high card Ace)
alex042491: shows [Ah Qd] (high card Ace - King+Queen kicker)
alex042491 collected $30.25 from pot
*** SUMMARY ***
Total pot $32.26 | Rake $2.01 
Board [Kc 2h 9h 3s 6d]
Seat 3: MCMXCXIX
Seat 1: ptolejmus (big blind) showed [Tc Ad] and lost with high card Ace
Seat 2: tukeiron folded before Flop (didn't bet)
Seat 4: getjet1952 folded before Flop (didn't bet)
Seat 5: alex042491 (button) showed [Ah Qd] and won ($30.25) with high card Ace
Seat 6: JUANS2 (small blind) folded before Flop



PokerStars Hand #254404737481:  Hold'em No Limit ($0.50/$1.00 USD) - 2025/01/16 21:23:21 WET [2025/01/16 16:23:21 ET]
Table 'Imhotep III' 6-max Seat #6 is the button
Seat 3: MCMXCXIX ($0.49 in chips) is sitting out
Seat 1: ptolejmus ($17.23 in chips) 
Seat 2: tukeiron ($100 in chips) 
Seat 4: getjet1952 ($94.50 in chips) 
Seat 5: alex042491 ($30.25 in chips) 
Seat 6: JUANS2 ($102.38 in chips) 
ptolejmus: posts small blind $0.50
tukeiron: posts big blind $1
*** HOLE CARDS ***
getjet1952: calls $1
alex042491: folds 
JUANS2: folds 
ptolejmus: folds 
tukeiron: raises $1.50 to $2.50
getjet1952: calls $1.50
*** FLOP *** [Qs Kc 7s]
tukeiron: bets $1.72
getjet1952: calls $1.72
*** TURN *** [Qs Kc 7s] [8h]
tukeiron: bets $3.40
getjet1952: calls $3.40
*** RIVER *** [Qs Kc 7s 8h] [2h]
tukeiron: bets $14.95
getjet1952: folds 
Uncalled bet ($14.95) returned to tukeiron
tukeiron collected $14.95 from pot
tukeiron: doesn't show hand 
*** SUMMARY ***
Total pot $15.74 | Rake $0.79 
Board [Qs Kc 7s 8h 2h]
Seat 3: MCMXCXIX
Seat 1: ptolejmus (small blind) folded before Flop
Seat 2: tukeiron (big blind) collected ($14.95)
Seat 4: getjet1952 folded on the River
Seat 5: alex042491 folded before Flop (didn't bet)
Seat 6: JUANS2 (button) folded before Flop (didn't bet)



PokerStars Hand #254404751344:  Hold'em No Limit ($0.50/$1.00 USD) - 2025/01/16 21:24:03 WET [2025/01/16 16:24:03 ET]
Table 'Imhotep III' 6-max Seat #1 is the button
Seat 3: MCMXCXIX ($0.49 in chips) is sitting out
Seat 1: ptolejmus ($17.23 in chips) 
Seat 2: tukeiron ($107.33 in chips) 
Seat 4: getjet1952 ($86.88 in chips) 
Seat 5: alex042491 ($30.25 in chips) 
Seat 6: JUANS2 ($102.38 in chips) 
tukeiron: posts small blind $0.50
getjet1952: posts big blind $1
*** HOLE CARDS ***
alex042491: raises $1 to $2
JUANS2: folds 
ptolejmus: folds 
tukeiron: folds 
getjet1952: raises $4.50 to $6.50
alex042491: raises $23.75 to $30.25 and is all-in
getjet1952: calls $23.75
*** FLOP *** [7s 8h 9s]
*** TURN *** [7s 8h 9s] [8d]
*** RIVER *** [7s 8h 9s 8d] [Jc]
*** SHOW DOWN ***
getjet1952: shows [Kh Kc] (two pair, Kings and Eights)
alex042491: shows [Ks As] (a pair of Eights)
getjet1952 collected $58.50 from pot
*** SUMMARY ***
Total pot $61 | Rake $2.50 
Board [7s 8h 9s 8d Jc]
Seat 3: MCMXCXIX
Seat 1: ptolejmus (button) folded before Flop (didn't bet)
Seat 2: tukeiron (small blind) folded before Flop
Seat 4: getjet1952 (big blind) showed [Kh Kc] and won ($58.50) with two pair, Kings and Eights
Seat 5: alex042491 showed [Ks As] and lost with a pair of Eights
Seat 6: JUANS2 folded before Flop (didn't bet)



PokerStars Hand #254404761159:  Hold'em No Limit ($0.50/$1.00 USD) - 2025/01/16 21:24:34 WET [2025/01/16 16:24:34 ET]
Table 'Imhotep III' 6-max Seat #2 is the button
Seat 3: MCMXCXIX ($0.49 in chips) is sitting out
Seat 4: getjet1952 ($115.13 in chips) is sitting out
Seat 5: alex042491 ($0 in chips) is sitting out
Seat 1: ptolejmus ($17.23 in chips) 
Seat 2: tukeiron ($106.83 in chips) 
Seat 6: JUANS2 ($102.38 in chips) 
JUANS2: posts small blind $0.50
ptolejmus: posts big blind $1
*** HOLE CARDS ***
getjet1952 leaves the table
tukeiron: folds 
MCMXCXIX leaves the table
alex042491 is disconnected 
JUANS2: raises $24.50 to $25.50
ptolejmus: folds 
Uncalled bet ($24.50) returned to JUANS2
JUANS2 collected $2 from pot
JUANS2: doesn't show hand 
*** SUMMARY ***
Total pot $2 | Rake $0 
Seat 3: MCMXCXIX
Seat 4: getjet1952
Seat 5: alex042491
Seat 1: ptolejmus (big blind) folded before Flop
Seat 2: tukeiron (button) folded before Flop (didn't bet)
Seat 6: JUANS2 (small blind) collected ($2)



PokerStars Hand #254404769962:  Hold'em No Limit ($0.50/$1.00 USD) - 2025/01/16 21:25:01 WET [2025/01/16 16:25:01 ET]
Table 'Imhotep III' 6-max Seat #6 is the button
Seat 5: alex042491 ($0 in chips) is sitting out
Seat 1: ptolejmus ($17.23 in chips) 
Seat 2: tukeiron ($106.83 in chips) 
Seat 6: JUANS2 ($103.38 in chips) 
ptolejmus: posts small blind $0.50
tukeiron: posts big blind $1
*** HOLE CARDS ***
JUANS2: folds 
ptolejmus: folds 
Uncalled bet ($0.50) returned to tukeiron
tukeiron collected $1 from pot
*** SUMMARY ***
Total pot $1 | Rake $0 
Seat 5: alex042491
Seat 1: ptolejmus (small blind) folded before Flop
Seat 2: tukeiron (big blind) collected ($1)
Seat 6: JUANS2 (button) folded before Flop (didn't bet)



PokerStars Hand #254404775080:  Hold'em No Limit ($0.50/$1.00 USD) - 2025/01/16 21:25:17 WET [2025/01/16 16:25:17 ET]
Table 'Imhotep III' 6-max Seat #2 is the button
Seat 5: alex042491 ($0 in chips) is sitting out
Seat 6: JUANS2 ($103.38 in chips) is sitting out
Seat 1: ptolejmus ($17.23 in chips) 
Seat 2: tukeiron ($107.33 in chips) 
tukeiron: posts small blind $0.50
JUANS2: is sitting out 
ptolejmus: posts big blind $1
*** HOLE CARDS ***
tukeiron: calls $0.50
ptolejmus: raises $16.23 to $17.23 and is all-in
tukeiron: folds 
Uncalled bet ($16.23) returned to ptolejmus
ptolejmus collected $2 from pot
*** SUMMARY ***
Total pot $2 | Rake $0 
Seat 5: alex042491
Seat 6: JUANS2
Seat 1: ptolejmus (big blind) collected ($2)
Seat 2: tukeiron (button) (small blind) folded before Flop



PokerStars Hand #254404781081:  Hold'em No Limit ($0.50/$1.00 USD) - 2025/01/16 21:25:36 WET [2025/01/16 16:25:36 ET]
Table 'Imhotep III' 6-max Seat #1 is the button
Seat 5: alex042491 ($0 in chips) is sitting out
Seat 6: JUANS2 ($103.38 in chips) is sitting out
Seat 1: ptolejmus ($18.23 in chips) 
Seat 2: tukeiron ($106.33 in chips) 
ptolejmus: posts small blind $0.50
tukeiron: posts big blind $1
*** HOLE CARDS ***
ptolejmus: raises $1 to $2
tukeiron: raises $104.33 to $106.33 and is all-in
JUANS2 leaves the table
ptolejmus: folds 
Uncalled bet ($104.33) returned to tukeiron
tukeiron collected $4 from pot
*** SUMMARY ***
Total pot $4 | Rake $0 
Seat 5: alex042491
Seat 6: JUANS2
Seat 1: ptolejmus (button) (small blind) folded before Flop
Seat 2: tukeiron (big blind) collected ($4)



