PokerStars Hand #254405458165:  Hold'em No Limit ($0.50/$1.00 USD) - 2025/01/16 22:03:08 WET [2025/01/16 17:03:08 ET]
Table 'Istria IV' 6-max Seat #6 is the button
Seat 1: avstero ($106.04 in chips) 
Seat 2: YeeesMan ($106.05 in chips) 
Seat 3: littleboy930 ($16.37 in chips) 
Seat 4: IREQO ($100 in chips) 
Seat 5: Armin1992550 ($14.89 in chips) 
Seat 6: easy_sarcasm ($101.90 in chips) 
avstero: posts small blind $0.50
YeeesMan: posts big blind $1
*** HOLE CARDS ***
littleboy930: raises $1 to $2
IREQO: folds 
Armin1992550: calls $2
easy_sarcasm: folds 
avstero: folds 
YeeesMan: folds 
*** FLOP *** [8s 2h 2s]
littleboy930: bets $1
Armin1992550: calls $1
*** TURN *** [8s 2h 2s] [6h]
littleboy930: bets $3.56
Armin1992550: raises $8.33 to $11.89 and is all-in
littleboy930: calls $8.33
*** RIVER *** [8s 2h 2s 6h] [3d]
*** SHOW DOWN ***
littleboy930: shows [6d 7h] (two pair, Sixes and Deuces)
Armin1992550: shows [6s 4c] (two pair, Sixes and Deuces)
littleboy930 collected $14.86 from pot
Armin1992550 collected $14.66 from pot
*** SUMMARY ***
Total pot $31.28 | Rake $1.76 
Board [8s 2h 2s 6h 3d]
Seat 1: avstero (small blind) folded before Flop
Seat 2: YeeesMan (big blind) folded before Flop
Seat 3: littleboy930 showed [6d 7h] and won ($14.86) with two pair, Sixes and Deuces
Seat 4: IREQO folded before Flop (didn't bet)
Seat 5: Armin1992550 showed [6s 4c] and won ($14.66) with two pair, Sixes and Deuces
Seat 6: easy_sarcasm (button) folded before Flop (didn't bet)



PokerStars Hand #254405472637:  Hold'em No Limit ($0.50/$1.00 USD) - 2025/01/16 22:03:55 WET [2025/01/16 17:03:55 ET]
Table 'Istria IV' 6-max Seat #1 is the button
Seat 1: avstero ($105.54 in chips) 
Seat 2: YeeesMan ($105.05 in chips) 
Seat 3: littleboy930 ($16.34 in chips) 
Seat 4: IREQO ($100 in chips) 
Seat 5: Armin1992550 ($14.66 in chips) 
Seat 6: easy_sarcasm ($101.90 in chips) 
YeeesMan: posts small blind $0.50
littleboy930: posts big blind $1
*** HOLE CARDS ***
IREQO: folds 
Armin1992550: calls $1
easy_sarcasm: raises $3.50 to $4.50
avstero: folds 
YeeesMan: folds 
littleboy930: raises $11.84 to $16.34 and is all-in
Armin1992550: calls $13.66 and is all-in
easy_sarcasm: calls $11.84
*** FLOP *** [6d 6s 4d]
*** TURN *** [6d 6s 4d] [8s]
*** RIVER *** [6d 6s 4d 8s] [3h]
*** SHOW DOWN ***
littleboy930: shows [Kc Ac] (a pair of Sixes)
easy_sarcasm: shows [8h 8c] (a full house, Eights full of Sixes)
easy_sarcasm collected $3.19 from side pot
Armin1992550: shows [7s 7d] (two pair, Sevens and Sixes)
easy_sarcasm collected $42.26 from main pot
*** SUMMARY ***
Total pot $47.84 Main pot $42.26. Side pot $3.19. | Rake $2.39 
Board [6d 6s 4d 8s 3h]
Seat 1: avstero (button) folded before Flop (didn't bet)
Seat 2: YeeesMan (small blind) folded before Flop
Seat 3: littleboy930 (big blind) showed [Kc Ac] and lost with a pair of Sixes
Seat 4: IREQO folded before Flop (didn't bet)
Seat 5: Armin1992550 showed [7s 7d] and lost with two pair, Sevens and Sixes
Seat 6: easy_sarcasm showed [8h 8c] and won ($45.45) with a full house, Eights full of Sixes



PokerStars Hand #254405489323:  Hold'em No Limit ($0.50/$1.00 USD) - 2025/01/16 22:04:49 WET [2025/01/16 17:04:49 ET]
Table 'Istria IV' 6-max Seat #2 is the button
Seat 3: littleboy930 ($0 in chips) is sitting out
Seat 5: Armin1992550 ($0 in chips) is sitting out
Seat 1: avstero ($105.54 in chips) 
Seat 2: YeeesMan ($104.55 in chips) 
Seat 4: IREQO ($100 in chips) 
Seat 6: easy_sarcasm ($131.01 in chips) 
IREQO: posts small blind $0.50
easy_sarcasm: posts big blind $1
*** HOLE CARDS ***
avstero: raises $1.20 to $2.20
YeeesMan: folds 
IREQO: folds 
easy_sarcasm: folds 
Uncalled bet ($1.20) returned to avstero
avstero collected $2.50 from pot
avstero: doesn't show hand 
*** SUMMARY ***
Total pot $2.50 | Rake $0 
Seat 3: littleboy930
Seat 5: Armin1992550
Seat 1: avstero collected ($2.50)
Seat 2: YeeesMan (button) folded before Flop (didn't bet)
Seat 4: IREQO (small blind) folded before Flop
Seat 6: easy_sarcasm (big blind) folded before Flop



PokerStars Hand #254405493546:  Hold'em No Limit ($0.50/$1.00 USD) - 2025/01/16 22:05:03 WET [2025/01/16 17:05:03 ET]
Table 'Istria IV' 6-max Seat #4 is the button
Seat 1: avstero ($107.04 in chips) is sitting out
Seat 3: littleboy930 ($0 in chips) is sitting out
Seat 5: Armin1992550 ($0 in chips) is sitting out
Seat 2: YeeesMan ($104.55 in chips) 
Seat 4: IREQO ($100 in chips) 
Seat 6: easy_sarcasm ($130.01 in chips) 
easy_sarcasm: posts small blind $0.50
avstero: is sitting out 
YeeesMan: posts big blind $1
*** HOLE CARDS ***
littleboy930 leaves the table
avstero leaves the table
IREQO: raises $1.50 to $2.50
easy_sarcasm: folds 
YeeesMan: calls $1.50
*** FLOP *** [6d 7c 9c]
YeeesMan: checks 
tintin641 joins the table at seat #1 
IREQO: checks 
*** TURN *** [6d 7c 9c] [6h]
Rookus2 joins the table at seat #3 
Rookus2 is disconnected 
YeeesMan: bets $3.92
IREQO: calls $3.92
*** RIVER *** [6d 7c 9c 6h] [8c]
YeeesMan: bets $9.50
Rookus2 leaves the table
IREQO: calls $9.50
*** SHOW DOWN ***
YeeesMan: shows [Kc Js] (a pair of Sixes)
IREQO: shows [7d Td] (a straight, Six to Ten)
IREQO collected $31.34 from pot
*** SUMMARY ***
Total pot $32.34 | Rake $1 
Board [6d 7c 9c 6h 8c]
Seat 1: avstero
Seat 3: littleboy930
Seat 5: Armin1992550
Seat 2: YeeesMan (big blind) showed [Kc Js] and lost with a pair of Sixes
Seat 4: IREQO (button) showed [7d Td] and won ($31.34) with a straight, Six to Ten
Seat 6: easy_sarcasm (small blind) folded before Flop



