PokerStars Hand #254409568716:  Hold'em No Limit ($0.50/$1.00 USD) - 2025/01/16 2:43:49 WET [2025/01/16 21:43:49 ET]
Table 'Paloque III' 6-max Seat #2 is the button
Seat 1: jamieshea14 ($80 in chips) 
Seat 2: steelNike ($40 in chips) 
Seat 3: Melenya ($100 in chips) 
Seat 4: Supermegopro ($100 in chips) 
Seat 5: Rysiff ($100 in chips) 
Seat 6: Manifestorr ($100 in chips) 
Melenya: posts small blind $0.50
Supermegopro: posts big blind $1
*** HOLE CARDS ***
Rysiff: raises $1.50 to $2.50
Manifestorr: folds 
jamieshea14: calls $2.50
steelNike: folds 
Melenya: folds 
Supermegopro: folds 
*** FLOP *** [5s 5c 3d]
Rysiff: bets $3.09
jamieshea14: folds 
Uncalled bet ($3.09) returned to Rysiff
Rysiff collected $6.18 from pot
Rysiff: doesn't show hand 
*** SUMMARY ***
Total pot $6.50 | Rake $0.32 
Board [5s 5c 3d]
Seat 1: jamieshea14 folded on the Flop
Seat 2: steelNike (button) folded before Flop (didn't bet)
Seat 3: Melenya (small blind) folded before Flop
Seat 4: Supermegopro (big blind) folded before Flop
Seat 5: Rysiff collected ($6.18)
Seat 6: Manifestorr folded before Flop (didn't bet)



PokerStars Hand #254409572004:  Hold'em No Limit ($0.50/$1.00 USD) - 2025/01/16 2:44:12 WET [2025/01/16 21:44:12 ET]
Table 'Paloque III' 6-max Seat #3 is the button
Seat 1: jamieshea14 ($77.50 in chips) 
Seat 2: steelNike ($40 in chips) 
Seat 3: Melenya ($100 in chips) 
Seat 4: Supermegopro ($100 in chips) 
Seat 5: Rysiff ($103.68 in chips) 
Seat 6: Manifestorr ($100 in chips) 
Supermegopro: posts small blind $0.50
Rysiff: posts big blind $1
*** HOLE CARDS ***
Manifestorr: folds 
jamieshea14: folds 
steelNike: raises $1 to $2
Melenya: calls $2
Supermegopro: calls $1.50
Rysiff: raises $11 to $13
steelNike: folds 
Melenya: folds 
Supermegopro: folds 
Uncalled bet ($11) returned to Rysiff
Rysiff collected $8 from pot
Rysiff: doesn't show hand 
*** SUMMARY ***
Total pot $8 | Rake $0 
Seat 1: jamieshea14 folded before Flop (didn't bet)
Seat 2: steelNike folded before Flop
Seat 3: Melenya (button) folded before Flop
Seat 4: Supermegopro (small blind) folded before Flop
Seat 5: Rysiff (big blind) collected ($8)
Seat 6: Manifestorr folded before Flop (didn't bet)



PokerStars Hand #254409577314:  Hold'em No Limit ($0.50/$1.00 USD) - 2025/01/16 2:44:49 WET [2025/01/16 21:44:49 ET]
Table 'Paloque III' 6-max Seat #4 is the button
Seat 1: jamieshea14 ($77.50 in chips) 
Seat 2: steelNike ($100 in chips) 
Seat 3: Melenya ($100 in chips) 
Seat 4: Supermegopro ($100 in chips) 
Seat 5: Rysiff ($109.68 in chips) 
Seat 6: Manifestorr ($100 in chips) 
Rysiff: posts small blind $0.50
Manifestorr: posts big blind $1
*** HOLE CARDS ***
jamieshea14: folds 
steelNike: folds 
Melenya: folds 
Supermegopro: raises $1.50 to $2.50
Rysiff: raises $8.50 to $11
Manifestorr: folds 
Supermegopro: folds 
Uncalled bet ($8.50) returned to Rysiff
Rysiff collected $6 from pot
Rysiff: doesn't show hand 
*** SUMMARY ***
Total pot $6 | Rake $0 
Seat 1: jamieshea14 folded before Flop (didn't bet)
Seat 2: steelNike folded before Flop (didn't bet)
Seat 3: Melenya folded before Flop (didn't bet)
Seat 4: Supermegopro (button) folded before Flop
Seat 5: Rysiff (small blind) collected ($6)
Seat 6: Manifestorr (big blind) folded before Flop



PokerStars Hand #254409580208:  Hold'em No Limit ($0.50/$1.00 USD) - 2025/01/16 2:45:09 WET [2025/01/16 21:45:09 ET]
Table 'Paloque III' 6-max Seat #5 is the button
Seat 1: jamieshea14 ($77.50 in chips) 
Seat 2: steelNike ($100 in chips) 
Seat 3: Melenya ($100 in chips) 
Seat 4: Supermegopro ($100 in chips) 
Seat 5: Rysiff ($113.18 in chips) 
Seat 6: Manifestorr ($100 in chips) 
Manifestorr: posts small blind $0.50
jamieshea14: posts big blind $1
*** HOLE CARDS ***
steelNike: folds 
Melenya: folds 
Supermegopro: raises $1.50 to $2.50
Rysiff: folds 
Manifestorr: folds 
jamieshea14: calls $1.50
*** FLOP *** [4s Td 3c]
jamieshea14: checks 
Supermegopro: bets $1.72
jamieshea14: calls $1.72
*** TURN *** [4s Td 3c] [3s]
jamieshea14: bets $4.25
Supermegopro: folds 
Uncalled bet ($4.25) returned to jamieshea14
jamieshea14 collected $8.49 from pot
jamieshea14: doesn't show hand 
*** SUMMARY ***
Total pot $8.94 | Rake $0.45 
Board [4s Td 3c 3s]
Seat 1: jamieshea14 (big blind) collected ($8.49)
Seat 2: steelNike folded before Flop (didn't bet)
Seat 3: Melenya folded before Flop (didn't bet)
Seat 4: Supermegopro folded on the Turn
Seat 5: Rysiff (button) folded before Flop (didn't bet)
Seat 6: Manifestorr (small blind) folded before Flop



PokerStars Hand #254409584527:  Hold'em No Limit ($0.50/$1.00 USD) - 2025/01/16 2:45:39 WET [2025/01/16 21:45:39 ET]
Table 'Paloque III' 6-max Seat #6 is the button
Seat 1: jamieshea14 ($81.77 in chips) 
Seat 2: steelNike ($100 in chips) 
Seat 3: Melenya ($100 in chips) 
Seat 4: Supermegopro ($100 in chips) 
Seat 5: Rysiff ($113.18 in chips) 
Seat 6: Manifestorr ($100 in chips) 
jamieshea14: posts small blind $0.50
steelNike: posts big blind $1
*** HOLE CARDS ***
Melenya: raises $1 to $2
Supermegopro: folds 
Rysiff: folds 
Manifestorr: folds 
jamieshea14: calls $1.50
steelNike: folds 
*** FLOP *** [8h 3c 4h]
jamieshea14: bets $2.38
Melenya: raises $9.51 to $11.89
jamieshea14: folds 
Uncalled bet ($9.51) returned to Melenya
Melenya collected $9.27 from pot
Melenya: doesn't show hand 
*** SUMMARY ***
Total pot $9.76 | Rake $0.49 
Board [8h 3c 4h]
Seat 1: jamieshea14 (small blind) folded on the Flop
Seat 2: steelNike (big blind) folded before Flop
Seat 3: Melenya collected ($9.27)
Seat 4: Supermegopro folded before Flop (didn't bet)
Seat 5: Rysiff folded before Flop (didn't bet)
Seat 6: Manifestorr (button) folded before Flop (didn't bet)



PokerStars Hand #254409588861:  Hold'em No Limit ($0.50/$1.00 USD) - 2025/01/16 2:46:09 WET [2025/01/16 21:46:09 ET]
Table 'Paloque III' 6-max Seat #1 is the button
Seat 1: jamieshea14 ($77.39 in chips) 
Seat 2: steelNike ($99 in chips) 
Seat 3: Melenya ($104.89 in chips) 
Seat 4: Supermegopro ($100 in chips) 
Seat 5: Rysiff ($113.18 in chips) 
Seat 6: Manifestorr ($100 in chips) 
steelNike: posts small blind $0.50
Melenya: posts big blind $1
*** HOLE CARDS ***
Supermegopro: folds 
Rysiff: folds 
Manifestorr: folds 
jamieshea14: folds 
steelNike: folds 
Uncalled bet ($0.50) returned to Melenya
Melenya collected $1 from pot
Melenya: doesn't show hand 
*** SUMMARY ***
Total pot $1 | Rake $0 
Seat 1: jamieshea14 (button) folded before Flop (didn't bet)
Seat 2: steelNike (small blind) folded before Flop
Seat 3: Melenya (big blind) collected ($1)
Seat 4: Supermegopro folded before Flop (didn't bet)
Seat 5: Rysiff folded before Flop (didn't bet)
Seat 6: Manifestorr folded before Flop (didn't bet)



PokerStars Hand #254409591614:  Hold'em No Limit ($0.50/$1.00 USD) - 2025/01/16 2:46:27 WET [2025/01/16 21:46:27 ET]
Table 'Paloque III' 6-max Seat #2 is the button
Seat 1: jamieshea14 ($77.39 in chips) 
Seat 2: steelNike ($98.50 in chips) 
Seat 3: Melenya ($105.39 in chips) 
Seat 4: Supermegopro ($100 in chips) 
Seat 5: Rysiff ($113.18 in chips) 
Seat 6: Manifestorr ($100 in chips) 
Melenya: posts small blind $0.50
Supermegopro: posts big blind $1
*** HOLE CARDS ***
Rysiff: folds 
Manifestorr: raises $1.20 to $2.20
jamieshea14: calls $2.20
steelNike: folds 
Melenya: folds 
Supermegopro: folds 
*** FLOP *** [4h 7d 9c]
Manifestorr: checks 
jamieshea14: checks 
*** TURN *** [4h 7d 9c] [Ad]
Manifestorr: bets $5.04
jamieshea14: folds 
Uncalled bet ($5.04) returned to Manifestorr
Manifestorr collected $5.60 from pot
*** SUMMARY ***
Total pot $5.90 | Rake $0.30 
Board [4h 7d 9c Ad]
Seat 1: jamieshea14 folded on the Turn
Seat 2: steelNike (button) folded before Flop (didn't bet)
Seat 3: Melenya (small blind) folded before Flop
Seat 4: Supermegopro (big blind) folded before Flop
Seat 5: Rysiff folded before Flop (didn't bet)
Seat 6: Manifestorr collected ($5.60)



PokerStars Hand #254409595873:  Hold'em No Limit ($0.50/$1.00 USD) - 2025/01/16 2:46:57 WET [2025/01/16 21:46:57 ET]
Table 'Paloque III' 6-max Seat #3 is the button
Seat 1: jamieshea14 ($75.19 in chips) 
Seat 2: steelNike ($98.50 in chips) 
Seat 3: Melenya ($104.89 in chips) 
Seat 4: Supermegopro ($100 in chips) 
Seat 5: Rysiff ($113.18 in chips) 
Seat 6: Manifestorr ($103.40 in chips) 
Supermegopro: posts small blind $0.50
Rysiff: posts big blind $1
*** HOLE CARDS ***
Manifestorr: raises $1.20 to $2.20
jamieshea14: folds 
steelNike: folds 
Melenya: folds 
Supermegopro: folds 
Rysiff: folds 
Uncalled bet ($1.20) returned to Manifestorr
Manifestorr collected $2.50 from pot
*** SUMMARY ***
Total pot $2.50 | Rake $0 
Seat 1: jamieshea14 folded before Flop (didn't bet)
Seat 2: steelNike folded before Flop (didn't bet)
Seat 3: Melenya (button) folded before Flop (didn't bet)
Seat 4: Supermegopro (small blind) folded before Flop
Seat 5: Rysiff (big blind) folded before Flop
Seat 6: Manifestorr collected ($2.50)



PokerStars Hand #254409597759:  Hold'em No Limit ($0.50/$1.00 USD) - 2025/01/16 2:47:09 WET [2025/01/16 21:47:09 ET]
Table 'Paloque III' 6-max Seat #4 is the button
Seat 1: jamieshea14 ($75.19 in chips) 
Seat 2: steelNike ($98.50 in chips) 
Seat 3: Melenya ($104.89 in chips) 
Seat 4: Supermegopro ($100 in chips) 
Seat 5: Rysiff ($112.18 in chips) 
Seat 6: Manifestorr ($104.90 in chips) 
Rysiff: posts small blind $0.50
Manifestorr: posts big blind $1
*** HOLE CARDS ***
jamieshea14: calls $1
steelNike: folds 
Melenya: raises $2.50 to $3.50
Supermegopro: folds 
Rysiff: folds 
Manifestorr: folds 
jamieshea14: calls $2.50
*** FLOP *** [Qh 3s 6d]
jamieshea14: checks 
Melenya: bets $2.02
jamieshea14: calls $2.02
*** TURN *** [Qh 3s 6d] [Ac]
jamieshea14: bets $5.96
Melenya: folds 
Uncalled bet ($5.96) returned to jamieshea14
jamieshea14 collected $11.91 from pot
jamieshea14: doesn't show hand 
*** SUMMARY ***
Total pot $12.54 | Rake $0.63 
Board [Qh 3s 6d Ac]
Seat 1: jamieshea14 collected ($11.91)
Seat 2: steelNike folded before Flop (didn't bet)
Seat 3: Melenya folded on the Turn
Seat 4: Supermegopro (button) folded before Flop (didn't bet)
Seat 5: Rysiff (small blind) folded before Flop
Seat 6: Manifestorr (big blind) folded before Flop



PokerStars Hand #254409605327:  Hold'em No Limit ($0.50/$1.00 USD) - 2025/01/16 2:48:02 WET [2025/01/16 21:48:02 ET]
Table 'Paloque III' 6-max Seat #5 is the button
Seat 1: jamieshea14 ($81.58 in chips) 
Seat 2: steelNike ($98.50 in chips) 
Seat 3: Melenya ($100 in chips) 
Seat 4: Supermegopro ($100 in chips) 
Seat 5: Rysiff ($111.68 in chips) 
Seat 6: Manifestorr ($103.90 in chips) 
Manifestorr: posts small blind $0.50
jamieshea14: posts big blind $1
*** HOLE CARDS ***
steelNike: raises $1 to $2
Melenya: folds 
Supermegopro: folds 
Rysiff: folds 
Manifestorr: folds 
jamieshea14: calls $1
*** FLOP *** [9h 9s 3h]
jamieshea14: checks 
steelNike: checks 
*** TURN *** [9h 9s 3h] [6c]
jamieshea14: checks 
steelNike: checks 
*** RIVER *** [9h 9s 3h 6c] [4s]
jamieshea14: bets $2.14
steelNike: calls $2.14
*** SHOW DOWN ***
jamieshea14: shows [Tc 8s] (a pair of Nines)
steelNike: shows [Ac Td] (a pair of Nines - Ace kicker)
steelNike collected $8.34 from pot
*** SUMMARY ***
Total pot $8.78 | Rake $0.44 
Board [9h 9s 3h 6c 4s]
Seat 1: jamieshea14 (big blind) showed [Tc 8s] and lost with a pair of Nines
Seat 2: steelNike showed [Ac Td] and won ($8.34) with a pair of Nines
Seat 3: Melenya folded before Flop (didn't bet)
Seat 4: Supermegopro folded before Flop (didn't bet)
Seat 5: Rysiff (button) folded before Flop (didn't bet)
Seat 6: Manifestorr (small blind) folded before Flop



PokerStars Hand #254409613560:  Hold'em No Limit ($0.50/$1.00 USD) - 2025/01/16 2:48:58 WET [2025/01/16 21:48:58 ET]
Table 'Paloque III' 6-max Seat #6 is the button
Seat 1: jamieshea14 ($77.44 in chips) 
Seat 2: steelNike ($102.70 in chips) 
Seat 3: Melenya ($100 in chips) 
Seat 4: Supermegopro ($100 in chips) 
Seat 5: Rysiff ($111.68 in chips) 
Seat 6: Manifestorr ($103.40 in chips) 
jamieshea14: posts small blind $0.50
steelNike: posts big blind $1
*** HOLE CARDS ***
Melenya: folds 
Supermegopro: raises $1.50 to $2.50
Rysiff: folds 
Manifestorr: folds 
jamieshea14: calls $2
steelNike: folds 
*** FLOP *** [3h Qd 2s]
jamieshea14: checks 
Supermegopro: bets $3
jamieshea14: calls $3
*** TURN *** [3h Qd 2s] [9c]
jamieshea14: checks 
Supermegopro: bets $9
jamieshea14: calls $9
*** RIVER *** [3h Qd 2s 9c] [Ts]
jamieshea14: checks 
Supermegopro: bets $24.23
jamieshea14: calls $24.23
*** SHOW DOWN ***
Supermegopro: shows [2d 2c] (three of a kind, Deuces)
jamieshea14: mucks hand 
Supermegopro collected $75.96 from pot
*** SUMMARY ***
Total pot $78.46 | Rake $2.50 
Board [3h Qd 2s 9c Ts]
Seat 1: jamieshea14 (small blind) mucked
Seat 2: steelNike (big blind) folded before Flop
Seat 3: Melenya folded before Flop (didn't bet)
Seat 4: Supermegopro showed [2d 2c] and won ($75.96) with three of a kind, Deuces
Seat 5: Rysiff folded before Flop (didn't bet)
Seat 6: Manifestorr (button) folded before Flop (didn't bet)



PokerStars Hand #254409619905:  Hold'em No Limit ($0.50/$1.00 USD) - 2025/01/16 2:49:42 WET [2025/01/16 21:49:42 ET]
Table 'Paloque III' 6-max Seat #1 is the button
Seat 1: jamieshea14 ($38.71 in chips) 
Seat 2: steelNike ($101.70 in chips) 
Seat 3: Melenya ($100 in chips) 
Seat 4: Supermegopro ($137.23 in chips) 
Seat 5: Rysiff ($111.68 in chips) 
Seat 6: Manifestorr ($103.40 in chips) 
steelNike: posts small blind $0.50
Melenya: posts big blind $1
*** HOLE CARDS ***
Supermegopro: folds 
Rysiff: folds 
Manifestorr: folds 
jamieshea14: folds 
steelNike: raises $2 to $3
Melenya: folds 
Uncalled bet ($2) returned to steelNike
steelNike collected $2 from pot
*** SUMMARY ***
Total pot $2 | Rake $0 
Seat 1: jamieshea14 (button) folded before Flop (didn't bet)
Seat 2: steelNike (small blind) collected ($2)
Seat 3: Melenya (big blind) folded before Flop
Seat 4: Supermegopro folded before Flop (didn't bet)
Seat 5: Rysiff folded before Flop (didn't bet)
Seat 6: Manifestorr folded before Flop (didn't bet)



PokerStars Hand #254409622305:  Hold'em No Limit ($0.50/$1.00 USD) - 2025/01/16 2:49:59 WET [2025/01/16 21:49:59 ET]
Table 'Paloque III' 6-max Seat #2 is the button
Seat 4: Supermegopro ($137.23 in chips) is sitting out
Seat 1: jamieshea14 ($38.71 in chips) 
Seat 2: steelNike ($102.70 in chips) 
Seat 3: Melenya ($100 in chips) 
Seat 5: Rysiff ($111.68 in chips) 
Seat 6: Manifestorr ($103.40 in chips) 
Melenya: posts small blind $0.50
Supermegopro: is sitting out 
Rysiff: posts big blind $1
*** HOLE CARDS ***
Manifestorr: folds 
jamieshea14: calls $1
steelNike: folds 
Melenya: folds 
Rysiff: checks 
*** FLOP *** [6h 3s 8d]
Rysiff: checks 
jamieshea14: checks 
*** TURN *** [6h 3s 8d] [5h]
Rysiff: checks 
jamieshea14: checks 
*** RIVER *** [6h 3s 8d 5h] [4c]
Rysiff: checks 
jamieshea14: checks 
*** SHOW DOWN ***
Rysiff: shows [Ac 9h] (high card Ace)
jamieshea14: shows [Kd 4d] (a pair of Fours)
jamieshea14 collected $2.38 from pot
*** SUMMARY ***
Total pot $2.50 | Rake $0.12 
Board [6h 3s 8d 5h 4c]
Seat 4: Supermegopro
Seat 1: jamieshea14 showed [Kd 4d] and won ($2.38) with a pair of Fours
Seat 2: steelNike (button) folded before Flop (didn't bet)
Seat 3: Melenya (small blind) folded before Flop
Seat 5: Rysiff (big blind) showed [Ac 9h] and lost with high card Ace
Seat 6: Manifestorr folded before Flop (didn't bet)



PokerStars Hand #254409626721:  Hold'em No Limit ($0.50/$1.00 USD) - 2025/01/16 2:50:30 WET [2025/01/16 21:50:30 ET]
Table 'Paloque III' 6-max Seat #3 is the button
Seat 4: Supermegopro ($137.23 in chips) is sitting out
Seat 1: jamieshea14 ($40.09 in chips) 
Seat 2: steelNike ($102.70 in chips) 
Seat 3: Melenya ($100 in chips) 
Seat 5: Rysiff ($110.68 in chips) 
Seat 6: Manifestorr ($103.40 in chips) 
Rysiff: posts small blind $0.50
Manifestorr: posts big blind $1
*** HOLE CARDS ***
jamieshea14: calls $1
steelNike: folds 
Melenya: raises $1.50 to $2.50
Rysiff: folds 
Manifestorr: folds 
jamieshea14: calls $1.50
*** FLOP *** [7s Td 4s]
jamieshea14: checks 
Melenya: bets $1.54
jamieshea14: calls $1.54
*** TURN *** [7s Td 4s] [7d]
jamieshea14: checks 
Melenya: bets $6.10
jamieshea14: calls $6.10
*** RIVER *** [7s Td 4s 7d] [Jd]
jamieshea14: checks 
Melenya: checks 
*** SHOW DOWN ***
jamieshea14: shows [3s 3d] (two pair, Sevens and Threes)
Melenya: mucks hand 
jamieshea14 collected $20.69 from pot
*** SUMMARY ***
Total pot $21.78 | Rake $1.09 
Board [7s Td 4s 7d Jd]
Seat 4: Supermegopro
Seat 1: jamieshea14 showed [3s 3d] and won ($20.69) with two pair, Sevens and Threes
Seat 2: steelNike folded before Flop (didn't bet)
Seat 3: Melenya (button) mucked
Seat 5: Rysiff (small blind) folded before Flop
Seat 6: Manifestorr (big blind) folded before Flop



PokerStars Hand #254409634866:  Hold'em No Limit ($0.50/$1.00 USD) - 2025/01/16 2:51:27 WET [2025/01/16 21:51:27 ET]
Table 'Paloque III' 6-max Seat #5 is the button
Seat 4: Supermegopro ($137.23 in chips) is sitting out
Seat 1: jamieshea14 ($50.64 in chips) 
Seat 2: steelNike ($102.70 in chips) 
Seat 3: Melenya ($100 in chips) 
Seat 5: Rysiff ($110.18 in chips) 
Seat 6: Manifestorr ($102.40 in chips) 
Manifestorr: posts small blind $0.50
jamieshea14: posts big blind $1
*** HOLE CARDS ***
steelNike: folds 
Melenya: folds 
Rysiff: folds 
Manifestorr: raises $2 to $3
jamieshea14: calls $2
*** FLOP *** [Tc Th 9d]
Manifestorr: bets $1.88
jamieshea14: calls $1.88
*** TURN *** [Tc Th 9d] [6d]
Manifestorr: checks 
jamieshea14: bets $4.64
Manifestorr: calls $4.64
*** RIVER *** [Tc Th 9d 6d] [Ad]
Manifestorr: checks 
jamieshea14: bets $9.05
Manifestorr: folds 
Uncalled bet ($9.05) returned to jamieshea14
jamieshea14 collected $18.09 from pot
jamieshea14: doesn't show hand 
*** SUMMARY ***
Total pot $19.04 | Rake $0.95 
Board [Tc Th 9d 6d Ad]
Seat 4: Supermegopro
Seat 1: jamieshea14 (big blind) collected ($18.09)
Seat 2: steelNike folded before Flop (didn't bet)
Seat 3: Melenya folded before Flop (didn't bet)
Seat 5: Rysiff (button) folded before Flop (didn't bet)
Seat 6: Manifestorr (small blind) folded on the River



PokerStars Hand #254409643906:  Hold'em No Limit ($0.50/$1.00 USD) - 2025/01/16 2:52:31 WET [2025/01/16 21:52:31 ET]
Table 'Paloque III' 6-max Seat #6 is the button
Seat 4: Supermegopro ($137.23 in chips) is sitting out
Seat 1: jamieshea14 ($59.21 in chips) 
Seat 2: steelNike ($102.70 in chips) 
Seat 3: Melenya ($100 in chips) 
Seat 5: Rysiff ($110.18 in chips) 
Seat 6: Manifestorr ($100 in chips) 
jamieshea14: posts small blind $0.50
steelNike: posts big blind $1
*** HOLE CARDS ***
Melenya: folds 
Rysiff: raises $1.50 to $2.50
Manifestorr: folds 
jamieshea14: calls $2
steelNike: folds 
*** FLOP *** [7h 8h 6s]
jamieshea14: checks 
Rysiff: checks 
*** TURN *** [7h 8h 6s] [Ac]
jamieshea14: checks 
Rysiff: checks 
*** RIVER *** [7h 8h 6s Ac] [8c]
jamieshea14: checks 
Rysiff: checks 
*** SHOW DOWN ***
jamieshea14: shows [4d Kd] (a pair of Eights)
Rysiff: shows [Js Ks] (a pair of Eights - Ace+King+Jack kicker)
Rysiff collected $5.70 from pot
*** SUMMARY ***
Total pot $6 | Rake $0.30 
Board [7h 8h 6s Ac 8c]
Seat 4: Supermegopro
Seat 1: jamieshea14 (small blind) showed [4d Kd] and lost with a pair of Eights
Seat 2: steelNike (big blind) folded before Flop
Seat 3: Melenya folded before Flop (didn't bet)
Seat 5: Rysiff showed [Js Ks] and won ($5.70) with a pair of Eights
Seat 6: Manifestorr (button) folded before Flop (didn't bet)



PokerStars Hand #254409651127:  Hold'em No Limit ($0.50/$1.00 USD) - 2025/01/16 2:53:22 WET [2025/01/16 21:53:22 ET]
Table 'Paloque III' 6-max Seat #1 is the button
Seat 4: Supermegopro ($137.23 in chips) is sitting out
Seat 1: jamieshea14 ($56.71 in chips) 
Seat 2: steelNike ($101.70 in chips) 
Seat 3: Melenya ($100 in chips) 
Seat 5: Rysiff ($113.38 in chips) 
Seat 6: Manifestorr ($100 in chips) 
steelNike: posts small blind $0.50
Melenya: posts big blind $1
*** HOLE CARDS ***
Rysiff: folds 
Manifestorr: raises $1.20 to $2.20
jamieshea14: calls $2.20
steelNike: folds 
Melenya: folds 
*** FLOP *** [8s 6h 3c]
Manifestorr: checks 
jamieshea14: checks 
*** TURN *** [8s 6h 3c] [As]
Manifestorr: checks 
jamieshea14: checks 
*** RIVER *** [8s 6h 3c As] [6c]
Manifestorr: checks 
jamieshea14: bets $5.60
Manifestorr: folds 
Uncalled bet ($5.60) returned to jamieshea14
jamieshea14 collected $5.60 from pot
jamieshea14: doesn't show hand 
*** SUMMARY ***
Total pot $5.90 | Rake $0.30 
Board [8s 6h 3c As 6c]
Seat 4: Supermegopro
Seat 1: jamieshea14 (button) collected ($5.60)
Seat 2: steelNike (small blind) folded before Flop
Seat 3: Melenya (big blind) folded before Flop
Seat 5: Rysiff folded before Flop (didn't bet)
Seat 6: Manifestorr folded on the River



PokerStars Hand #254409661194:  Hold'em No Limit ($0.50/$1.00 USD) - 2025/01/16 2:54:34 WET [2025/01/16 21:54:34 ET]
Table 'Paloque III' 6-max Seat #2 is the button
Seat 1: jamieshea14 ($60.11 in chips) 
Seat 2: steelNike ($101.20 in chips) 
Seat 3: Melenya ($100 in chips) 
Seat 4: Supermegopro ($137.23 in chips) 
Seat 5: Rysiff ($113.38 in chips) 
Seat 6: Manifestorr ($100 in chips) 
Melenya: posts small blind $0.50
Supermegopro: posts big blind $1
*** HOLE CARDS ***
Rysiff: folds 
Manifestorr: folds 
jamieshea14: folds 
steelNike: raises $1.50 to $2.50
Melenya: folds 
Supermegopro: calls $1.50
*** FLOP *** [5d 2h As]
Supermegopro: checks 
steelNike: bets $1.31
Supermegopro: folds 
Uncalled bet ($1.31) returned to steelNike
steelNike collected $5.22 from pot
*** SUMMARY ***
Total pot $5.50 | Rake $0.28 
Board [5d 2h As]
Seat 1: jamieshea14 folded before Flop (didn't bet)
Seat 2: steelNike (button) collected ($5.22)
Seat 3: Melenya (small blind) folded before Flop
Seat 4: Supermegopro (big blind) folded on the Flop
Seat 5: Rysiff folded before Flop (didn't bet)
Seat 6: Manifestorr folded before Flop (didn't bet)



PokerStars Hand #254409665188:  Hold'em No Limit ($0.50/$1.00 USD) - 2025/01/16 2:55:02 WET [2025/01/16 21:55:02 ET]
Table 'Paloque III' 6-max Seat #3 is the button
Seat 1: jamieshea14 ($60.11 in chips) 
Seat 2: steelNike ($103.92 in chips) 
Seat 3: Melenya ($100 in chips) 
Seat 4: Supermegopro ($134.73 in chips) 
Seat 5: Rysiff ($113.38 in chips) 
Seat 6: Manifestorr ($100 in chips) 
Supermegopro: posts small blind $0.50
Rysiff: posts big blind $1
*** HOLE CARDS ***
Manifestorr: folds 
jamieshea14: folds 
steelNike: folds 
Melenya: folds 
Supermegopro: raises $2 to $3
Rysiff: folds 
Uncalled bet ($2) returned to Supermegopro
Supermegopro collected $2 from pot
Supermegopro: doesn't show hand 
*** SUMMARY ***
Total pot $2 | Rake $0 
Seat 1: jamieshea14 folded before Flop (didn't bet)
Seat 2: steelNike folded before Flop (didn't bet)
Seat 3: Melenya (button) folded before Flop (didn't bet)
Seat 4: Supermegopro (small blind) collected ($2)
Seat 5: Rysiff (big blind) folded before Flop
Seat 6: Manifestorr folded before Flop (didn't bet)



PokerStars Hand #254409669674:  Hold'em No Limit ($0.50/$1.00 USD) - 2025/01/16 2:55:41 WET [2025/01/16 21:55:41 ET]
Table 'Paloque III' 6-max Seat #4 is the button
Seat 1: jamieshea14 ($60.11 in chips) 
Seat 2: steelNike ($103.92 in chips) 
Seat 3: Melenya ($100 in chips) 
Seat 4: Supermegopro ($135.73 in chips) 
Seat 5: Rysiff ($112.38 in chips) 
Seat 6: Manifestorr ($100 in chips) 
Rysiff: posts small blind $0.50
Manifestorr: posts big blind $1
*** HOLE CARDS ***
jamieshea14: folds 
steelNike: raises $1 to $2
Melenya: folds 
Supermegopro: folds 
Rysiff: folds 
Manifestorr: calls $1
*** FLOP *** [4d 5h Qh]
Manifestorr: checks 
steelNike: bets $1.07
Manifestorr: raises $2.93 to $4
steelNike: folds 
Uncalled bet ($2.93) returned to Manifestorr
Manifestorr collected $6.31 from pot
*** SUMMARY ***
Total pot $6.64 | Rake $0.33 
Board [4d 5h Qh]
Seat 1: jamieshea14 folded before Flop (didn't bet)
Seat 2: steelNike folded on the Flop
Seat 3: Melenya folded before Flop (didn't bet)
Seat 4: Supermegopro (button) folded before Flop (didn't bet)
Seat 5: Rysiff (small blind) folded before Flop
Seat 6: Manifestorr (big blind) collected ($6.31)



PokerStars Hand #254409675467:  Hold'em No Limit ($0.50/$1.00 USD) - 2025/01/16 2:56:32 WET [2025/01/16 21:56:32 ET]
Table 'Paloque III' 6-max Seat #5 is the button
Seat 3: Melenya ($100 in chips) is sitting out
Seat 1: jamieshea14 ($60.11 in chips) 
Seat 2: steelNike ($100.85 in chips) 
Seat 4: Supermegopro ($135.73 in chips) 
Seat 5: Rysiff ($111.88 in chips) 
Seat 6: Manifestorr ($103.24 in chips) 
Manifestorr: posts small blind $0.50
jamieshea14: posts big blind $1
*** HOLE CARDS ***
steelNike: raises $1 to $2
Supermegopro: folds 
Rysiff: folds 
Manifestorr: calls $1.50
jamieshea14: calls $1
*** FLOP *** [4c 4s Jc]
Manifestorr: checks 
jamieshea14: checks 
steelNike: bets $2.85
Manifestorr: folds 
jamieshea14: calls $2.85
*** TURN *** [4c 4s Jc] [7s]
jamieshea14: checks 
steelNike: bets $14
jamieshea14: folds 
Uncalled bet ($14) returned to steelNike
steelNike collected $11.12 from pot
*** SUMMARY ***
Total pot $11.70 | Rake $0.58 
Board [4c 4s Jc 7s]
Seat 3: Melenya
Seat 1: jamieshea14 (big blind) folded on the Turn
Seat 2: steelNike collected ($11.12)
Seat 4: Supermegopro folded before Flop (didn't bet)
Seat 5: Rysiff (button) folded before Flop (didn't bet)
Seat 6: Manifestorr (small blind) folded on the Flop



PokerStars Hand #254409682143:  Hold'em No Limit ($0.50/$1.00 USD) - 2025/01/16 2:57:33 WET [2025/01/16 21:57:33 ET]
Table 'Paloque III' 6-max Seat #6 is the button
Seat 3: Melenya ($100 in chips) is sitting out
Seat 1: jamieshea14 ($55.26 in chips) 
Seat 2: steelNike ($107.12 in chips) 
Seat 4: Supermegopro ($135.73 in chips) 
Seat 5: Rysiff ($111.88 in chips) 
Seat 6: Manifestorr ($101.24 in chips) 
jamieshea14: posts small blind $0.50
steelNike: posts big blind $1
*** HOLE CARDS ***
Supermegopro: folds 
Rysiff: folds 
Manifestorr: folds 
jamieshea14: folds 
Uncalled bet ($0.50) returned to steelNike
steelNike collected $1 from pot
*** SUMMARY ***
Total pot $1 | Rake $0 
Seat 3: Melenya
Seat 1: jamieshea14 (small blind) folded before Flop
Seat 2: steelNike (big blind) collected ($1)
Seat 4: Supermegopro folded before Flop (didn't bet)
Seat 5: Rysiff folded before Flop (didn't bet)
Seat 6: Manifestorr (button) folded before Flop (didn't bet)



PokerStars Hand #254409683037:  Hold'em No Limit ($0.50/$1.00 USD) - 2025/01/16 2:57:40 WET [2025/01/16 21:57:40 ET]
Table 'Paloque III' 6-max Seat #1 is the button
Seat 3: Melenya ($100 in chips) is sitting out
Seat 1: jamieshea14 ($54.76 in chips) 
Seat 2: steelNike ($107.62 in chips) 
Seat 4: Supermegopro ($135.73 in chips) 
Seat 5: Rysiff ($111.88 in chips) 
Seat 6: Manifestorr ($101.24 in chips) 
steelNike: posts small blind $0.50
Supermegopro: posts big blind $1
*** HOLE CARDS ***
Rysiff: raises $1.50 to $2.50
Manifestorr: folds 
jamieshea14: folds 
steelNike: folds 
Supermegopro: folds 
Uncalled bet ($1.50) returned to Rysiff
Rysiff collected $2.50 from pot
Rysiff: doesn't show hand 
*** SUMMARY ***
Total pot $2.50 | Rake $0 
Seat 3: Melenya
Seat 1: jamieshea14 (button) folded before Flop (didn't bet)
Seat 2: steelNike (small blind) folded before Flop
Seat 4: Supermegopro (big blind) folded before Flop
Seat 5: Rysiff collected ($2.50)
Seat 6: Manifestorr folded before Flop (didn't bet)



PokerStars Hand #254409685058:  Hold'em No Limit ($0.50/$1.00 USD) - 2025/01/16 2:57:59 WET [2025/01/16 21:57:59 ET]
Table 'Paloque III' 6-max Seat #2 is the button
Seat 3: Melenya ($100 in chips) is sitting out
Seat 1: jamieshea14 ($54.76 in chips) 
Seat 2: steelNike ($107.12 in chips) 
Seat 4: Supermegopro ($134.73 in chips) 
Seat 5: Rysiff ($113.38 in chips) 
Seat 6: Manifestorr ($101.24 in chips) 
Supermegopro: posts small blind $0.50
Rysiff: posts big blind $1
*** HOLE CARDS ***
Manifestorr: folds 
jamieshea14: calls $1
steelNike: folds 
Supermegopro is connected 
Supermegopro has timed out
Supermegopro: folds 
Rysiff: raises $4 to $5
jamieshea14: folds 
Uncalled bet ($4) returned to Rysiff
Rysiff collected $2.50 from pot
Rysiff: doesn't show hand 
*** SUMMARY ***
Total pot $2.50 | Rake $0 
Seat 3: Melenya
Seat 1: jamieshea14 folded before Flop
Seat 2: steelNike (button) folded before Flop (didn't bet)
Seat 4: Supermegopro (small blind) folded before Flop
Seat 5: Rysiff (big blind) collected ($2.50)
Seat 6: Manifestorr folded before Flop (didn't bet)



PokerStars Hand #254409689473:  Hold'em No Limit ($0.50/$1.00 USD) - 2025/01/16 2:58:38 WET [2025/01/16 21:58:38 ET]
Table 'Paloque III' 6-max Seat #5 is the button
Seat 3: Melenya ($100 in chips) is sitting out
Seat 4: Supermegopro ($134.23 in chips) is sitting out
Seat 1: jamieshea14 ($53.76 in chips) 
Seat 2: steelNike ($107.12 in chips) 
Seat 5: Rysiff ($114.88 in chips) 
Seat 6: Manifestorr ($101.24 in chips) 
Manifestorr: posts small blind $0.50
jamieshea14: posts big blind $1
*** HOLE CARDS ***
steelNike: folds 
Rysiff: raises $1.50 to $2.50
Manifestorr: folds 
jamieshea14: folds 
Uncalled bet ($1.50) returned to Rysiff
Rysiff collected $2.50 from pot
Rysiff: doesn't show hand 
*** SUMMARY ***
Total pot $2.50 | Rake $0 
Seat 3: Melenya
Seat 4: Supermegopro
Seat 1: jamieshea14 (big blind) folded before Flop
Seat 2: steelNike folded before Flop (didn't bet)
Seat 5: Rysiff (button) collected ($2.50)
Seat 6: Manifestorr (small blind) folded before Flop



PokerStars Hand #254409690744:  Hold'em No Limit ($0.50/$1.00 USD) - 2025/01/16 2:58:50 WET [2025/01/16 21:58:50 ET]
Table 'Paloque III' 6-max Seat #6 is the button
Seat 3: Melenya ($100 in chips) is sitting out
Seat 4: Supermegopro ($134.23 in chips) is sitting out
Seat 1: jamieshea14 ($52.76 in chips) 
Seat 2: steelNike ($107.12 in chips) 
Seat 5: Rysiff ($116.38 in chips) 
Seat 6: Manifestorr ($100.74 in chips) 
jamieshea14: posts small blind $0.50
steelNike: posts big blind $1
Melenya: sits out 
*** HOLE CARDS ***
Rysiff: raises $1.50 to $2.50
Manifestorr: raises $5.50 to $8
jamieshea14: folds 
steelNike: folds 
Rysiff: raises $14 to $22
Manifestorr: folds 
Uncalled bet ($14) returned to Rysiff
Rysiff collected $17.50 from pot
Rysiff: doesn't show hand 
*** SUMMARY ***
Total pot $17.50 | Rake $0 
Seat 3: Melenya
Seat 4: Supermegopro
Seat 1: jamieshea14 (small blind) folded before Flop
Seat 2: steelNike (big blind) folded before Flop
Seat 5: Rysiff collected ($17.50)
Seat 6: Manifestorr (button) folded before Flop



PokerStars Hand #254409693716:  Hold'em No Limit ($0.50/$1.00 USD) - 2025/01/16 2:59:17 WET [2025/01/16 21:59:17 ET]
Table 'Paloque III' 6-max Seat #1 is the button
Seat 1: jamieshea14 ($52.26 in chips) 
Seat 2: steelNike ($106.12 in chips) 
Seat 3: Melenya ($100 in chips) 
Seat 4: Supermegopro ($134.23 in chips) 
Seat 5: Rysiff ($125.88 in chips) 
Seat 6: Manifestorr ($100 in chips) 
steelNike: posts small blind $0.50
Melenya: posts big blind $1
*** HOLE CARDS ***
Supermegopro: folds 
Rysiff: folds 
Manifestorr: folds 
jamieshea14: calls $1
steelNike: calls $0.50
Melenya: checks 
*** FLOP *** [Kd 8c 9s]
steelNike: bets $5
Melenya: folds 
jamieshea14: calls $5
*** TURN *** [Kd 8c 9s] [Jd]
steelNike: checks 
jamieshea14: checks 
*** RIVER *** [Kd 8c 9s Jd] [Ah]
steelNike: bets $7.41
jamieshea14: folds 
Uncalled bet ($7.41) returned to steelNike
steelNike collected $12.35 from pot
*** SUMMARY ***
Total pot $13 | Rake $0.65 
Board [Kd 8c 9s Jd Ah]
Seat 1: jamieshea14 (button) folded on the River
Seat 2: steelNike (small blind) collected ($12.35)
Seat 3: Melenya (big blind) folded on the Flop
Seat 4: Supermegopro folded before Flop (didn't bet)
Seat 5: Rysiff folded before Flop (didn't bet)
Seat 6: Manifestorr folded before Flop (didn't bet)



PokerStars Hand #254409700708:  Hold'em No Limit ($0.50/$1.00 USD) - 2025/01/16 3:00:18 WET [2025/01/16 22:00:18 ET]
Table 'Paloque III' 6-max Seat #2 is the button
Seat 1: jamieshea14 ($46.26 in chips) 
Seat 2: steelNike ($112.47 in chips) 
Seat 3: Melenya ($100 in chips) 
Seat 4: Supermegopro ($134.23 in chips) 
Seat 5: Rysiff ($125.88 in chips) 
Seat 6: Manifestorr ($100 in chips) 
Melenya: posts small blind $0.50
Supermegopro: posts big blind $1
*** HOLE CARDS ***
Rysiff: folds 
Manifestorr: folds 
jamieshea14: folds 
steelNike: folds 
Melenya: raises $2 to $3
Supermegopro: calls $2
*** FLOP *** [Ah Ks Qs]
Melenya: checks 
Supermegopro: bets $1.88
Melenya: calls $1.88
*** TURN *** [Ah Ks Qs] [Tc]
Melenya: checks 
Supermegopro: bets $6.18
Melenya: folds 
Uncalled bet ($6.18) returned to Supermegopro
Supermegopro collected $9.27 from pot
Supermegopro: doesn't show hand 
*** SUMMARY ***
Total pot $9.76 | Rake $0.49 
Board [Ah Ks Qs Tc]
Seat 1: jamieshea14 folded before Flop (didn't bet)
Seat 2: steelNike (button) folded before Flop (didn't bet)
Seat 3: Melenya (small blind) folded on the Turn
Seat 4: Supermegopro (big blind) collected ($9.27)
Seat 5: Rysiff folded before Flop (didn't bet)
Seat 6: Manifestorr folded before Flop (didn't bet)



PokerStars Hand #254409708988:  Hold'em No Limit ($0.50/$1.00 USD) - 2025/01/16 3:01:23 WET [2025/01/16 22:01:23 ET]
Table 'Paloque III' 6-max Seat #3 is the button
Seat 1: jamieshea14 ($46.26 in chips) 
Seat 2: steelNike ($112.47 in chips) 
Seat 3: Melenya ($100 in chips) 
Seat 4: Supermegopro ($138.62 in chips) 
Seat 5: Rysiff ($125.88 in chips) 
Seat 6: Manifestorr ($100 in chips) 
Supermegopro: posts small blind $0.50
Rysiff: posts big blind $1
*** HOLE CARDS ***
Manifestorr: raises $1.20 to $2.20
jamieshea14: folds 
steelNike: raises $5.30 to $7.50
Melenya: folds 
Supermegopro: folds 
Rysiff: folds 
Manifestorr: calls $5.30
*** FLOP *** [6d Js 2s]
Manifestorr: checks 
steelNike: checks 
*** TURN *** [6d Js 2s] [2d]
Manifestorr: bets $7.84
steelNike: calls $7.84
*** RIVER *** [6d Js 2s 2d] [8c]
Manifestorr: bets $38.21
steelNike: calls $38.21
*** SHOW DOWN ***
Manifestorr: shows [8s 8h] (a full house, Eights full of Deuces)
steelNike: mucks hand 
Manifestorr collected $106.10 from pot
*** SUMMARY ***
Total pot $108.60 | Rake $2.50 
Board [6d Js 2s 2d 8c]
Seat 1: jamieshea14 folded before Flop (didn't bet)
Seat 2: steelNike mucked
Seat 3: Melenya (button) folded before Flop (didn't bet)
Seat 4: Supermegopro (small blind) folded before Flop
Seat 5: Rysiff (big blind) folded before Flop
Seat 6: Manifestorr showed [8s 8h] and won ($106.10) with a full house, Eights full of Deuces



PokerStars Hand #254409718262:  Hold'em No Limit ($0.50/$1.00 USD) - 2025/01/16 3:02:30 WET [2025/01/16 22:02:30 ET]
Table 'Paloque III' 6-max Seat #4 is the button
Seat 1: jamieshea14 ($46.26 in chips) 
Seat 2: steelNike ($58.92 in chips) 
Seat 3: Melenya ($100 in chips) 
Seat 4: Supermegopro ($138.12 in chips) 
Seat 5: Rysiff ($124.88 in chips) 
Seat 6: Manifestorr ($152.55 in chips) 
Rysiff: posts small blind $0.50
Manifestorr: posts big blind $1
*** HOLE CARDS ***
jamieshea14: calls $1
steelNike: folds 
Melenya: calls $1
Supermegopro: folds 
Rysiff: folds 
Manifestorr: checks 
*** FLOP *** [Ad Qs 2h]
Manifestorr: checks 
jamieshea14: checks 
Melenya: bets $1.66
Manifestorr: folds 
jamieshea14: calls $1.66
*** TURN *** [Ad Qs 2h] [Ts]
jamieshea14: checks 
Melenya: bets $9.72
jamieshea14: calls $9.72
*** RIVER *** [Ad Qs 2h Ts] [Qh]
jamieshea14: checks 
Melenya: bets $34
jamieshea14: folds 
Uncalled bet ($34) returned to Melenya
Melenya collected $24.95 from pot
Melenya: doesn't show hand 
*** SUMMARY ***
Total pot $26.26 | Rake $1.31 
Board [Ad Qs 2h Ts Qh]
Seat 1: jamieshea14 folded on the River
Seat 2: steelNike folded before Flop (didn't bet)
Seat 3: Melenya collected ($24.95)
Seat 4: Supermegopro (button) folded before Flop (didn't bet)
Seat 5: Rysiff (small blind) folded before Flop
Seat 6: Manifestorr (big blind) folded on the Flop



PokerStars Hand #254409729163:  Hold'em No Limit ($0.50/$1.00 USD) - 2025/01/16 3:03:50 WET [2025/01/16 22:03:50 ET]
Table 'Paloque III' 6-max Seat #5 is the button
Seat 1: jamieshea14 ($33.88 in chips) 
Seat 2: steelNike ($98.92 in chips) 
Seat 3: Melenya ($112.57 in chips) 
Seat 4: Supermegopro ($138.12 in chips) 
Seat 5: Rysiff ($124.38 in chips) 
Seat 6: Manifestorr ($151.55 in chips) 
Manifestorr: posts small blind $0.50
jamieshea14: posts big blind $1
*** HOLE CARDS ***
steelNike: folds 
Melenya: folds 
Supermegopro: folds 
Rysiff: folds 
Manifestorr: folds 
Uncalled bet ($0.50) returned to jamieshea14
jamieshea14 collected $1 from pot
jamieshea14: doesn't show hand 
*** SUMMARY ***
Total pot $1 | Rake $0 
Seat 1: jamieshea14 (big blind) collected ($1)
Seat 2: steelNike folded before Flop (didn't bet)
Seat 3: Melenya folded before Flop (didn't bet)
Seat 4: Supermegopro folded before Flop (didn't bet)
Seat 5: Rysiff (button) folded before Flop (didn't bet)
Seat 6: Manifestorr (small blind) folded before Flop



PokerStars Hand #254409730486:  Hold'em No Limit ($0.50/$1.00 USD) - 2025/01/16 3:03:59 WET [2025/01/16 22:03:59 ET]
Table 'Paloque III' 6-max Seat #6 is the button
Seat 1: jamieshea14 ($34.38 in chips) 
Seat 2: steelNike ($98.92 in chips) 
Seat 3: Melenya ($112.57 in chips) 
Seat 4: Supermegopro ($138.12 in chips) 
Seat 5: Rysiff ($124.38 in chips) 
Seat 6: Manifestorr ($151.05 in chips) 
jamieshea14: posts small blind $0.50
steelNike: posts big blind $1
*** HOLE CARDS ***
Melenya: folds 
Supermegopro: folds 
Rysiff: raises $1.50 to $2.50
Manifestorr: folds 
jamieshea14: folds 
steelNike: folds 
Uncalled bet ($1.50) returned to Rysiff
Rysiff collected $2.50 from pot
Rysiff: doesn't show hand 
*** SUMMARY ***
Total pot $2.50 | Rake $0 
Seat 1: jamieshea14 (small blind) folded before Flop
Seat 2: steelNike (big blind) folded before Flop
Seat 3: Melenya folded before Flop (didn't bet)
Seat 4: Supermegopro folded before Flop (didn't bet)
Seat 5: Rysiff collected ($2.50)
Seat 6: Manifestorr (button) folded before Flop (didn't bet)



PokerStars Hand #254409732726:  Hold'em No Limit ($0.50/$1.00 USD) - 2025/01/16 3:04:15 WET [2025/01/16 22:04:15 ET]
Table 'Paloque III' 6-max Seat #1 is the button
Seat 1: jamieshea14 ($33.88 in chips) 
Seat 2: steelNike ($97.92 in chips) 
Seat 3: Melenya ($112.57 in chips) 
Seat 4: Supermegopro ($138.12 in chips) 
Seat 5: Rysiff ($125.88 in chips) 
Seat 6: Manifestorr ($151.05 in chips) 
steelNike: posts small blind $0.50
Melenya: posts big blind $1
*** HOLE CARDS ***
Supermegopro: folds 
Rysiff: folds 
Manifestorr: raises $1.20 to $2.20
jamieshea14: folds 
steelNike: folds 
Melenya: calls $1.20
*** FLOP *** [2s Ad Jd]
Melenya: checks 
Manifestorr: checks 
*** TURN *** [2s Ad Jd] [3s]
Melenya: bets $6.99
Manifestorr: folds 
Uncalled bet ($6.99) returned to Melenya
Melenya collected $4.66 from pot
Melenya: doesn't show hand 
*** SUMMARY ***
Total pot $4.90 | Rake $0.24 
Board [2s Ad Jd 3s]
Seat 1: jamieshea14 (button) folded before Flop (didn't bet)
Seat 2: steelNike (small blind) folded before Flop
Seat 3: Melenya (big blind) collected ($4.66)
Seat 4: Supermegopro folded before Flop (didn't bet)
Seat 5: Rysiff folded before Flop (didn't bet)
Seat 6: Manifestorr folded on the Turn



PokerStars Hand #254409738973:  Hold'em No Limit ($0.50/$1.00 USD) - 2025/01/16 3:05:01 WET [2025/01/16 22:05:01 ET]
Table 'Paloque III' 6-max Seat #2 is the button
Seat 1: jamieshea14 ($33.88 in chips) 
Seat 2: steelNike ($97.42 in chips) 
Seat 3: Melenya ($115.03 in chips) 
Seat 4: Supermegopro ($138.12 in chips) 
Seat 5: Rysiff ($125.88 in chips) 
Seat 6: Manifestorr ($148.85 in chips) 
Melenya: posts small blind $0.50
Supermegopro: posts big blind $1
*** HOLE CARDS ***
Rysiff: folds 
Manifestorr: folds 
jamieshea14: calls $1
steelNike: folds 
Melenya: folds 
Supermegopro: raises $3 to $4
jamieshea14: calls $3
*** FLOP *** [9h 7s 4d]
Supermegopro: checks 
jamieshea14: bets $4.04
Supermegopro: folds 
Uncalled bet ($4.04) returned to jamieshea14
jamieshea14 collected $8.08 from pot
jamieshea14: doesn't show hand 
*** SUMMARY ***
Total pot $8.50 | Rake $0.42 
Board [9h 7s 4d]
Seat 1: jamieshea14 collected ($8.08)
Seat 2: steelNike (button) folded before Flop (didn't bet)
Seat 3: Melenya (small blind) folded before Flop
Seat 4: Supermegopro (big blind) folded on the Flop
Seat 5: Rysiff folded before Flop (didn't bet)
Seat 6: Manifestorr folded before Flop (didn't bet)



PokerStars Hand #254409742973:  Hold'em No Limit ($0.50/$1.00 USD) - 2025/01/16 3:05:30 WET [2025/01/16 22:05:30 ET]
Table 'Paloque III' 6-max Seat #3 is the button
Seat 1: jamieshea14 ($37.96 in chips) 
Seat 2: steelNike ($97.42 in chips) 
Seat 3: Melenya ($114.53 in chips) 
Seat 4: Supermegopro ($134.12 in chips) 
Seat 5: Rysiff ($125.88 in chips) 
Seat 6: Manifestorr ($148.85 in chips) 
Supermegopro: posts small blind $0.50
Rysiff: posts big blind $1
*** HOLE CARDS ***
Manifestorr: folds 
jamieshea14: calls $1
steelNike: folds 
Melenya: folds 
Supermegopro: raises $4 to $5
Rysiff: folds 
jamieshea14: calls $4
*** FLOP *** [5h 9d Jd]
Supermegopro: checks 
jamieshea14: bets $5.23
Supermegopro: raises $41.82 to $47.05
jamieshea14: folds 
Uncalled bet ($41.82) returned to Supermegopro
Supermegopro collected $20.39 from pot
Supermegopro: doesn't show hand 
*** SUMMARY ***
Total pot $21.46 | Rake $1.07 
Board [5h 9d Jd]
Seat 1: jamieshea14 folded on the Flop
Seat 2: steelNike folded before Flop (didn't bet)
Seat 3: Melenya (button) folded before Flop (didn't bet)
Seat 4: Supermegopro (small blind) collected ($20.39)
Seat 5: Rysiff (big blind) folded before Flop
Seat 6: Manifestorr folded before Flop (didn't bet)



PokerStars Hand #254409748643:  Hold'em No Limit ($0.50/$1.00 USD) - 2025/01/16 3:06:12 WET [2025/01/16 22:06:12 ET]
Table 'Paloque III' 6-max Seat #4 is the button
Seat 1: jamieshea14 ($27.73 in chips) 
Seat 2: steelNike ($97.42 in chips) 
Seat 3: Melenya ($114.53 in chips) 
Seat 4: Supermegopro ($144.28 in chips) 
Seat 5: Rysiff ($124.88 in chips) 
Seat 6: Manifestorr ($148.85 in chips) 
Rysiff: posts small blind $0.50
Manifestorr: posts big blind $1
*** HOLE CARDS ***
jamieshea14: calls $1
steelNike: folds 
Melenya: folds 
Supermegopro: raises $3 to $4
Rysiff: folds 
Manifestorr: folds 
jamieshea14: calls $3
*** FLOP *** [Jc 7s 8d]
jamieshea14: checks 
Supermegopro: bets $25
jamieshea14: folds 
Uncalled bet ($25) returned to Supermegopro
Supermegopro collected $9.02 from pot
Supermegopro: doesn't show hand 
*** SUMMARY ***
Total pot $9.50 | Rake $0.48 
Board [Jc 7s 8d]
Seat 1: jamieshea14 folded on the Flop
Seat 2: steelNike folded before Flop (didn't bet)
Seat 3: Melenya folded before Flop (didn't bet)
Seat 4: Supermegopro (button) collected ($9.02)
Seat 5: Rysiff (small blind) folded before Flop
Seat 6: Manifestorr (big blind) folded before Flop



PokerStars Hand #254409752206:  Hold'em No Limit ($0.50/$1.00 USD) - 2025/01/16 3:06:38 WET [2025/01/16 22:06:38 ET]
Table 'Paloque III' 6-max Seat #5 is the button
Seat 1: jamieshea14 ($44.65 in chips) 
Seat 2: steelNike ($97.42 in chips) 
Seat 3: Melenya ($114.53 in chips) 
Seat 4: Supermegopro ($149.30 in chips) 
Seat 5: Rysiff ($124.38 in chips) 
Seat 6: Manifestorr ($147.85 in chips) 
Manifestorr: posts small blind $0.50
jamieshea14: posts big blind $1
*** HOLE CARDS ***
steelNike: folds 
Melenya: folds 
Supermegopro: folds 
Rysiff: folds 
Manifestorr: raises $2 to $3
jamieshea14: calls $2
*** FLOP *** [Kh 3h 3d]
Manifestorr: checks 
jamieshea14: checks 
*** TURN *** [Kh 3h 3d] [4h]
Manifestorr: checks 
jamieshea14: checks 
*** RIVER *** [Kh 3h 3d 4h] [Ks]
Manifestorr: checks 
jamieshea14: checks 
*** SHOW DOWN ***
Manifestorr: shows [9c Ac] (two pair, Kings and Threes)
jamieshea14: shows [Qd Ah] (two pair, Kings and Threes)
Manifestorr collected $2.85 from pot
jamieshea14 collected $2.85 from pot
*** SUMMARY ***
Total pot $6 | Rake $0.30 
Board [Kh 3h 3d 4h Ks]
Seat 1: jamieshea14 (big blind) showed [Qd Ah] and won ($2.85) with two pair, Kings and Threes
Seat 2: steelNike folded before Flop (didn't bet)
Seat 3: Melenya folded before Flop (didn't bet)
Seat 4: Supermegopro folded before Flop (didn't bet)
Seat 5: Rysiff (button) folded before Flop (didn't bet)
Seat 6: Manifestorr (small blind) showed [9c Ac] and won ($2.85) with two pair, Kings and Threes



PokerStars Hand #254409758556:  Hold'em No Limit ($0.50/$1.00 USD) - 2025/01/16 3:07:24 WET [2025/01/16 22:07:24 ET]
Table 'Paloque III' 6-max Seat #6 is the button
Seat 1: jamieshea14 ($44.50 in chips) 
Seat 2: steelNike ($97.42 in chips) 
Seat 3: Melenya ($114.53 in chips) 
Seat 4: Supermegopro ($149.30 in chips) 
Seat 5: Rysiff ($124.38 in chips) 
Seat 6: Manifestorr ($147.70 in chips) 
jamieshea14: posts small blind $0.50
steelNike: posts big blind $1
*** HOLE CARDS ***
Melenya: folds 
Supermegopro: folds 
Rysiff: folds 
Manifestorr: raises $1.20 to $2.20
jamieshea14: calls $1.70
steelNike: calls $1.20
*** FLOP *** [7c Qh 5s]
jamieshea14: checks 
steelNike: checks 
Manifestorr: checks 
*** TURN *** [7c Qh 5s] [7d]
jamieshea14: checks 
steelNike: checks 
Manifestorr: checks 
*** RIVER *** [7c Qh 5s 7d] [Qs]
jamieshea14: checks 
steelNike: checks 
Manifestorr: checks 
*** SHOW DOWN ***
jamieshea14: shows [Tc Ac] (two pair, Queens and Sevens)
steelNike: shows [Ad 6h] (two pair, Queens and Sevens)
Manifestorr: mucks hand 
jamieshea14 collected $3.14 from pot
steelNike collected $3.13 from pot
*** SUMMARY ***
Total pot $6.60 | Rake $0.33 
Board [7c Qh 5s 7d Qs]
Seat 1: jamieshea14 (small blind) showed [Tc Ac] and won ($3.14) with two pair, Queens and Sevens
Seat 2: steelNike (big blind) showed [Ad 6h] and won ($3.13) with two pair, Queens and Sevens
Seat 3: Melenya folded before Flop (didn't bet)
Seat 4: Supermegopro folded before Flop (didn't bet)
Seat 5: Rysiff folded before Flop (didn't bet)
Seat 6: Manifestorr (button) mucked



PokerStars Hand #254409768899:  Hold'em No Limit ($0.50/$1.00 USD) - 2025/01/16 3:08:41 WET [2025/01/16 22:08:41 ET]
Table 'Paloque III' 6-max Seat #1 is the button
Seat 1: jamieshea14 ($45.44 in chips) 
Seat 2: steelNike ($98.35 in chips) 
Seat 3: Melenya ($114.53 in chips) 
Seat 4: Supermegopro ($149.30 in chips) 
Seat 5: Rysiff ($124.38 in chips) 
Seat 6: Manifestorr ($145.50 in chips) 
steelNike: posts small blind $0.50
Melenya: posts big blind $1
*** HOLE CARDS ***
Supermegopro: folds 
Rysiff: raises $1.50 to $2.50
Manifestorr: raises $5.50 to $8
jamieshea14: folds 
steelNike: folds 
Melenya: folds 
Rysiff: calls $5.50
*** FLOP *** [4d 6s 2c]
Rysiff: checks 
Manifestorr: bets $8.31
Rysiff: folds 
Uncalled bet ($8.31) returned to Manifestorr
Manifestorr collected $16.62 from pot
*** SUMMARY ***
Total pot $17.50 | Rake $0.88 
Board [4d 6s 2c]
Seat 1: jamieshea14 (button) folded before Flop (didn't bet)
Seat 2: steelNike (small blind) folded before Flop
Seat 3: Melenya (big blind) folded before Flop
Seat 4: Supermegopro folded before Flop (didn't bet)
Seat 5: Rysiff folded on the Flop
Seat 6: Manifestorr collected ($16.62)



PokerStars Hand #254409774256:  Hold'em No Limit ($0.50/$1.00 USD) - 2025/01/16 3:09:22 WET [2025/01/16 22:09:22 ET]
Table 'Paloque III' 6-max Seat #2 is the button
Seat 1: jamieshea14 ($45.44 in chips) 
Seat 2: steelNike ($97.85 in chips) 
Seat 3: Melenya ($113.53 in chips) 
Seat 4: Supermegopro ($149.30 in chips) 
Seat 5: Rysiff ($116.38 in chips) 
Seat 6: Manifestorr ($154.12 in chips) 
Melenya: posts small blind $0.50
Supermegopro: posts big blind $1
*** HOLE CARDS ***
Rysiff: folds 
Manifestorr: folds 
jamieshea14: folds 
steelNike: folds 
Melenya: raises $2 to $3
Supermegopro: calls $2
*** FLOP *** [2d Ts 5c]
Melenya: bets $1.43
Supermegopro: calls $1.43
*** TURN *** [2d Ts 5c] [Qh]
Melenya: bets $12.63
Supermegopro: folds 
Uncalled bet ($12.63) returned to Melenya
Melenya collected $8.42 from pot
Melenya: doesn't show hand 
*** SUMMARY ***
Total pot $8.86 | Rake $0.44 
Board [2d Ts 5c Qh]
Seat 1: jamieshea14 folded before Flop (didn't bet)
Seat 2: steelNike (button) folded before Flop (didn't bet)
Seat 3: Melenya (small blind) collected ($8.42)
Seat 4: Supermegopro (big blind) folded on the Turn
Seat 5: Rysiff folded before Flop (didn't bet)
Seat 6: Manifestorr folded before Flop (didn't bet)



PokerStars Hand #254409780175:  Hold'em No Limit ($0.50/$1.00 USD) - 2025/01/16 3:10:06 WET [2025/01/16 22:10:06 ET]
Table 'Paloque III' 6-max Seat #3 is the button
Seat 1: jamieshea14 ($45.44 in chips) 
Seat 2: steelNike ($97.85 in chips) 
Seat 3: Melenya ($117.52 in chips) 
Seat 4: Supermegopro ($144.87 in chips) 
Seat 5: Rysiff ($116.38 in chips) 
Seat 6: Manifestorr ($154.12 in chips) 
Supermegopro: posts small blind $0.50
Rysiff: posts big blind $1
*** HOLE CARDS ***
Manifestorr: raises $1.20 to $2.20
jamieshea14: calls $2.20
steelNike: folds 
Melenya: folds 
Supermegopro: folds 
Rysiff: folds 
*** FLOP *** [9s 9h 8d]
Manifestorr: checks 
jamieshea14: checks 
*** TURN *** [9s 9h 8d] [4h]
Manifestorr: bets $1.85
jamieshea14: calls $1.85
*** RIVER *** [9s 9h 8d 4h] [2d]
Manifestorr: bets $6.84
jamieshea14: folds 
Uncalled bet ($6.84) returned to Manifestorr
Manifestorr collected $9.12 from pot
*** SUMMARY ***
Total pot $9.60 | Rake $0.48 
Board [9s 9h 8d 4h 2d]
Seat 1: jamieshea14 folded on the River
Seat 2: steelNike folded before Flop (didn't bet)
Seat 3: Melenya (button) folded before Flop (didn't bet)
Seat 4: Supermegopro (small blind) folded before Flop
Seat 5: Rysiff (big blind) folded before Flop
Seat 6: Manifestorr collected ($9.12)



PokerStars Hand #254409784453:  Hold'em No Limit ($0.50/$1.00 USD) - 2025/01/16 3:10:37 WET [2025/01/16 22:10:37 ET]
Table 'Paloque III' 6-max Seat #4 is the button
Seat 1: jamieshea14 ($41.39 in chips) 
Seat 2: steelNike ($97.85 in chips) 
Seat 3: Melenya ($117.52 in chips) 
Seat 4: Supermegopro ($144.37 in chips) 
Seat 5: Rysiff ($115.38 in chips) 
Seat 6: Manifestorr ($159.19 in chips) 
Rysiff: posts small blind $0.50
Manifestorr: posts big blind $1
*** HOLE CARDS ***
jamieshea14: calls $1
steelNike: folds 
Melenya: folds 
Supermegopro: folds 
Rysiff: calls $0.50
Manifestorr: raises $5 to $6
jamieshea14: calls $5
Rysiff: folds 
*** FLOP *** [2c 6c As]
Manifestorr: bets $11.12
jamieshea14: folds 
Uncalled bet ($11.12) returned to Manifestorr
Manifestorr collected $12.35 from pot
*** SUMMARY ***
Total pot $13 | Rake $0.65 
Board [2c 6c As]
Seat 1: jamieshea14 folded on the Flop
Seat 2: steelNike folded before Flop (didn't bet)
Seat 3: Melenya folded before Flop (didn't bet)
Seat 4: Supermegopro (button) folded before Flop (didn't bet)
Seat 5: Rysiff (small blind) folded before Flop
Seat 6: Manifestorr (big blind) collected ($12.35)



PokerStars Hand #254409789450:  Hold'em No Limit ($0.50/$1.00 USD) - 2025/01/16 3:11:15 WET [2025/01/16 22:11:15 ET]
Table 'Paloque III' 6-max Seat #5 is the button
Seat 1: jamieshea14 ($35.39 in chips) 
Seat 2: steelNike ($97.85 in chips) 
Seat 3: Melenya ($117.52 in chips) 
Seat 4: Supermegopro ($144.37 in chips) 
Seat 5: Rysiff ($114.38 in chips) 
Seat 6: Manifestorr ($165.54 in chips) 
Manifestorr: posts small blind $0.50
jamieshea14: posts big blind $1
*** HOLE CARDS ***
steelNike: folds 
Melenya: folds 
Supermegopro: folds 
Rysiff: folds 
Manifestorr: folds 
Uncalled bet ($0.50) returned to jamieshea14
jamieshea14 collected $1 from pot
jamieshea14: doesn't show hand 
*** SUMMARY ***
Total pot $1 | Rake $0 
Seat 1: jamieshea14 (big blind) collected ($1)
Seat 2: steelNike folded before Flop (didn't bet)
Seat 3: Melenya folded before Flop (didn't bet)
Seat 4: Supermegopro folded before Flop (didn't bet)
Seat 5: Rysiff (button) folded before Flop (didn't bet)
Seat 6: Manifestorr (small blind) folded before Flop



PokerStars Hand #254409792633:  Hold'em No Limit ($0.50/$1.00 USD) - 2025/01/16 3:11:39 WET [2025/01/16 22:11:39 ET]
Table 'Paloque III' 6-max Seat #6 is the button
Seat 1: jamieshea14 ($35.89 in chips) 
Seat 2: steelNike ($97.85 in chips) 
Seat 3: Melenya ($117.52 in chips) 
Seat 4: Supermegopro ($144.37 in chips) 
Seat 5: Rysiff ($114.38 in chips) 
Seat 6: Manifestorr ($165.04 in chips) 
jamieshea14: posts small blind $0.50
steelNike: posts big blind $1
*** HOLE CARDS ***
Melenya: folds 
Supermegopro: folds 
Rysiff: raises $1.50 to $2.50
Manifestorr: folds 
jamieshea14: calls $2
steelNike: folds 
*** FLOP *** [Jh 7h 4s]
jamieshea14: checks 
Rysiff: bets $1.88
jamieshea14: calls $1.88
*** TURN *** [Jh 7h 4s] [2c]
jamieshea14: checks 
Rysiff: bets $5
jamieshea14: calls $5
*** RIVER *** [Jh 7h 4s 2c] [9h]
jamieshea14: checks 
Rysiff: checks 
*** SHOW DOWN ***
jamieshea14: shows [Jc 7d] (two pair, Jacks and Sevens)
Rysiff: mucks hand 
jamieshea14 collected $18.77 from pot
*** SUMMARY ***
Total pot $19.76 | Rake $0.99 
Board [Jh 7h 4s 2c 9h]
Seat 1: jamieshea14 (small blind) showed [Jc 7d] and won ($18.77) with two pair, Jacks and Sevens
Seat 2: steelNike (big blind) folded before Flop
Seat 3: Melenya folded before Flop (didn't bet)
Seat 4: Supermegopro folded before Flop (didn't bet)
Seat 5: Rysiff mucked
Seat 6: Manifestorr (button) folded before Flop (didn't bet)



PokerStars Hand #254409797758:  Hold'em No Limit ($0.50/$1.00 USD) - 2025/01/16 3:12:17 WET [2025/01/16 22:12:17 ET]
Table 'Paloque III' 6-max Seat #1 is the button
Seat 1: jamieshea14 ($45.28 in chips) 
Seat 2: steelNike ($96.85 in chips) 
Seat 3: Melenya ($117.52 in chips) 
Seat 4: Supermegopro ($144.37 in chips) 
Seat 5: Rysiff ($105 in chips) 
Seat 6: Manifestorr ($165.04 in chips) 
steelNike: posts small blind $0.50
Melenya: posts big blind $1
*** HOLE CARDS ***
Supermegopro: raises $1.50 to $2.50
Rysiff: raises $4.50 to $7
Manifestorr: raises $13 to $20
jamieshea14: folds 
steelNike: folds 
Melenya: folds 
Supermegopro: folds 
Rysiff: folds 
Uncalled bet ($13) returned to Manifestorr
Manifestorr collected $18 from pot
*** SUMMARY ***
Total pot $18 | Rake $0 
Seat 1: jamieshea14 (button) folded before Flop (didn't bet)
Seat 2: steelNike (small blind) folded before Flop
Seat 3: Melenya (big blind) folded before Flop
Seat 4: Supermegopro folded before Flop
Seat 5: Rysiff folded before Flop
Seat 6: Manifestorr collected ($18)



PokerStars Hand #254409831607:  Hold'em No Limit ($0.50/$1.00 USD) - 2025/01/16 3:16:34 WET [2025/01/16 22:16:34 ET]
Table 'Paloque III' 6-max Seat #1 is the button
Seat 1: jamieshea14 ($32.24 in chips) 
Seat 2: steelNike ($77.62 in chips) 
Seat 3: Melenya ($116.02 in chips) 
Seat 4: Supermegopro ($172.29 in chips) 
Seat 5: Rysiff ($100 in chips) 
Seat 6: Manifestorr ($176.04 in chips) 
steelNike: posts small blind $0.50
Melenya: posts big blind $1
*** HOLE CARDS ***
Supermegopro: folds 
Rysiff: folds 
Manifestorr: folds 
jamieshea14: calls $1
steelNike: folds 
Melenya: checks 
*** FLOP *** [5d 4c Kd]
Melenya: bets $1
jamieshea14: folds 
Uncalled bet ($1) returned to Melenya
Melenya collected $2.38 from pot
Melenya: doesn't show hand 
*** SUMMARY ***
Total pot $2.50 | Rake $0.12 
Board [5d 4c Kd]
Seat 1: jamieshea14 (button) folded on the Flop
Seat 2: steelNike (small blind) folded before Flop
Seat 3: Melenya (big blind) collected ($2.38)
Seat 4: Supermegopro folded before Flop (didn't bet)
Seat 5: Rysiff folded before Flop (didn't bet)
Seat 6: Manifestorr folded before Flop (didn't bet)



