PokerStars Hand #254397774965:  Hold'em No Limit ($0.50/$1.00 USD) - 2025/01/16 14:04:48 WET [2025/01/16 9:04:48 ET]
Table 'Elektra III' 6-max Seat #6 is the button
Seat 1: yzuk ($100 in chips) 
Seat 2: janarr5 ($132.58 in chips) 
Seat 3: Rysiff ($142.93 in chips) 
Seat 5: VahTang_89 ($100 in chips) 
Seat 6: easy_sarcasm ($100 in chips) 
yzuk: posts small blind $0.50
janarr5: posts big blind $1
*** HOLE CARDS ***
Rysiff: raises $1.50 to $2.50
VahTang_89: folds 
easy_sarcasm: folds 
yzuk: folds 
janarr5: folds 
Uncalled bet ($1.50) returned to Rysiff
Rysiff collected $2.50 from pot
Rysiff: doesn't show hand 
*** SUMMARY ***
Total pot $2.50 | Rake $0 
Seat 1: yzuk (small blind) folded before Flop
Seat 2: janarr5 (big blind) folded before Flop
Seat 3: Rysiff collected ($2.50)
Seat 5: VahTang_89 folded before Flop (didn't bet)
Seat 6: easy_sarcasm (button) folded before Flop (didn't bet)



PokerStars Hand #254397776636:  Hold'em No Limit ($0.50/$1.00 USD) - 2025/01/16 14:04:58 WET [2025/01/16 9:04:58 ET]
Table 'Elektra III' 6-max Seat #1 is the button
Seat 1: yzuk ($100 in chips) 
Seat 2: janarr5 ($131.58 in chips) 
Seat 3: Rysiff ($144.43 in chips) 
Seat 5: VahTang_89 ($100 in chips) 
Seat 6: easy_sarcasm ($100 in chips) 
janarr5: posts small blind $0.50
Rysiff: posts big blind $1
*** HOLE CARDS ***
VahTang_89: folds 
easy_sarcasm: folds 
yzuk: raises $1.50 to $2.50
janarr5: folds 
Rysiff: folds 
Uncalled bet ($1.50) returned to yzuk
yzuk collected $2.50 from pot
yzuk: doesn't show hand 
*** SUMMARY ***
Total pot $2.50 | Rake $0 
Seat 1: yzuk (button) collected ($2.50)
Seat 2: janarr5 (small blind) folded before Flop
Seat 3: Rysiff (big blind) folded before Flop
Seat 5: VahTang_89 folded before Flop (didn't bet)
Seat 6: easy_sarcasm folded before Flop (didn't bet)



PokerStars Hand #254397778428:  Hold'em No Limit ($0.50/$1.00 USD) - 2025/01/16 14:05:08 WET [2025/01/16 9:05:08 ET]
Table 'Elektra III' 6-max Seat #2 is the button
Seat 5: VahTang_89 ($100 in chips) is sitting out
Seat 1: yzuk ($101.50 in chips) 
Seat 2: janarr5 ($131.08 in chips) 
Seat 3: Rysiff ($143.43 in chips) 
Seat 6: easy_sarcasm ($100 in chips) 
Rysiff: posts small blind $0.50
VahTang_89: is sitting out 
easy_sarcasm: posts big blind $1
*** HOLE CARDS ***
yzuk: folds 
janarr5: folds 
Rysiff: folds 
Uncalled bet ($0.50) returned to easy_sarcasm
easy_sarcasm collected $1 from pot
*** SUMMARY ***
Total pot $1 | Rake $0 
Seat 5: VahTang_89
Seat 1: yzuk folded before Flop (didn't bet)
Seat 2: janarr5 (button) folded before Flop (didn't bet)
Seat 3: Rysiff (small blind) folded before Flop
Seat 6: easy_sarcasm (big blind) collected ($1)



PokerStars Hand #254397780084:  Hold'em No Limit ($0.50/$1.00 USD) - 2025/01/16 14:05:17 WET [2025/01/16 9:05:17 ET]
Table 'Elektra III' 6-max Seat #3 is the button
Seat 1: yzuk ($101.50 in chips) is sitting out
Seat 5: VahTang_89 ($100 in chips) is sitting out
Seat 2: janarr5 ($131.08 in chips) 
Seat 3: Rysiff ($142.93 in chips) 
Seat 6: easy_sarcasm ($100.50 in chips) 
easy_sarcasm: posts small blind $0.50
yzuk: is sitting out 
janarr5: posts big blind $1
*** HOLE CARDS ***
yzuk leaves the table
Rysiff: raises $1.50 to $2.50
easy_sarcasm: folds 
janarr5: folds 
Uncalled bet ($1.50) returned to Rysiff
Rysiff collected $2.50 from pot
Rysiff: doesn't show hand 
*** SUMMARY ***
Total pot $2.50 | Rake $0 
Seat 1: yzuk
Seat 5: VahTang_89
Seat 2: janarr5 (big blind) folded before Flop
Seat 3: Rysiff (button) collected ($2.50)
Seat 6: easy_sarcasm (small blind) folded before Flop



