PokerStars Hand #254405608887:  Hold'em No Limit ($0.50/$1.00 USD) - 2025/01/16 22:11:21 WET [2025/01/16 17:11:21 ET]
Table 'Baillauda III' 6-max Seat #1 is the button
Seat 4: Poker-KING1369 ($0 in chips) is sitting out
Seat 1: BenCampbel10 ($133.50 in chips) 
Seat 2: tintin641 ($112.27 in chips) 
Seat 3: kuca86 ($100 in chips) 
Seat 5: BelSv ($100 in chips) 
Seat 6: MaikonAll ($136.63 in chips) 
tintin641: posts small blind $0.50
kuca86: posts big blind $1
*** HOLE CARDS ***
BelSv: folds 
MaikonAll: folds 
BenCampbel10: raises $1 to $2
Poker-KING1369 leaves the table
tintin641: raises $8 to $10
kuca86: raises $12 to $22
BenCampbel10: folds 
tintin641: calls $12
*** FLOP *** [Ad 7h Jh]
tintin641: checks 
wasserfreund joins the table at seat #4 
kuca86: bets $10.93
tintin641: calls $10.93
*** TURN *** [Ad 7h Jh] [6h]
tintin641: checks 
kuca86: checks 
*** RIVER *** [Ad 7h Jh 6h] [9h]
tintin641: checks 
kuca86: checks 
*** SHOW DOWN ***
tintin641: shows [7d 7s] (three of a kind, Sevens)
kuca86: mucks hand 
tintin641 collected $65.36 from pot
*** SUMMARY ***
Total pot $67.86 | Rake $2.50 
Board [Ad 7h Jh 6h 9h]
Seat 4: Poker-KING1369
Seat 1: BenCampbel10 (button) folded before Flop
Seat 2: tintin641 (small blind) showed [7d 7s] and won ($65.36) with three of a kind, Sevens
Seat 3: kuca86 (big blind) mucked
Seat 5: BelSv folded before Flop (didn't bet)
Seat 6: MaikonAll folded before Flop (didn't bet)



PokerStars Hand #254405642334:  Hold'em No Limit ($0.50/$1.00 USD) - 2025/01/16 22:13:12 WET [2025/01/16 17:13:12 ET]
Table 'Baillauda III' 6-max Seat #2 is the button
Seat 1: BenCampbel10 ($131.50 in chips) 
Seat 2: tintin641 ($144.70 in chips) 
Seat 3: kuca86 ($100 in chips) 
Seat 4: wasserfreund ($100 in chips) 
Seat 5: BelSv ($100 in chips) 
Seat 6: MaikonAll ($136.63 in chips) 
kuca86: posts small blind $0.50
wasserfreund: posts big blind $1
*** HOLE CARDS ***
BelSv: folds 
MaikonAll: raises $1.30 to $2.30
BenCampbel10: folds 
tintin641: folds 
kuca86: raises $7.70 to $10
wasserfreund: folds 
MaikonAll: folds 
Uncalled bet ($7.70) returned to kuca86
kuca86 collected $5.60 from pot
kuca86: doesn't show hand 
*** SUMMARY ***
Total pot $5.60 | Rake $0 
Seat 1: BenCampbel10 folded before Flop (didn't bet)
Seat 2: tintin641 (button) folded before Flop (didn't bet)
Seat 3: kuca86 (small blind) collected ($5.60)
Seat 4: wasserfreund (big blind) folded before Flop
Seat 5: BelSv folded before Flop (didn't bet)
Seat 6: MaikonAll folded before Flop



PokerStars Hand #254405652771:  Hold'em No Limit ($0.50/$1.00 USD) - 2025/01/16 22:13:46 WET [2025/01/16 17:13:46 ET]
Table 'Baillauda III' 6-max Seat #3 is the button
Seat 1: BenCampbel10 ($131.50 in chips) 
Seat 2: tintin641 ($144.70 in chips) 
Seat 3: kuca86 ($103.30 in chips) 
Seat 4: wasserfreund ($99 in chips) 
Seat 5: BelSv ($100 in chips) 
Seat 6: MaikonAll ($134.33 in chips) 
wasserfreund: posts small blind $0.50
BelSv: posts big blind $1
*** HOLE CARDS ***
MaikonAll: folds 
BenCampbel10: folds 
tintin641: folds 
kuca86: folds 
wasserfreund: folds 
Uncalled bet ($0.50) returned to BelSv
BelSv collected $1 from pot
BelSv: doesn't show hand 
*** SUMMARY ***
Total pot $1 | Rake $0 
Seat 1: BenCampbel10 folded before Flop (didn't bet)
Seat 2: tintin641 folded before Flop (didn't bet)
Seat 3: kuca86 (button) folded before Flop (didn't bet)
Seat 4: wasserfreund (small blind) folded before Flop
Seat 5: BelSv (big blind) collected ($1)
Seat 6: MaikonAll folded before Flop (didn't bet)



PokerStars Hand #254405659416:  Hold'em No Limit ($0.50/$1.00 USD) - 2025/01/16 22:14:08 WET [2025/01/16 17:14:08 ET]
Table 'Baillauda III' 6-max Seat #4 is the button
Seat 1: BenCampbel10 ($131.50 in chips) 
Seat 2: tintin641 ($144.70 in chips) 
Seat 3: kuca86 ($103.30 in chips) 
Seat 4: wasserfreund ($98.50 in chips) 
Seat 5: BelSv ($100.50 in chips) 
Seat 6: MaikonAll ($134.33 in chips) 
BelSv: posts small blind $0.50
MaikonAll: posts big blind $1
*** HOLE CARDS ***
BenCampbel10: folds 
tintin641: raises $1.50 to $2.50
kuca86: raises $5.50 to $8
wasserfreund: folds 
BelSv: folds 
MaikonAll: folds 
tintin641: folds 
Uncalled bet ($5.50) returned to kuca86
kuca86 collected $6.50 from pot
kuca86: doesn't show hand 
*** SUMMARY ***
Total pot $6.50 | Rake $0 
Seat 1: BenCampbel10 folded before Flop (didn't bet)
Seat 2: tintin641 folded before Flop
Seat 3: kuca86 collected ($6.50)
Seat 4: wasserfreund (button) folded before Flop (didn't bet)
Seat 5: BelSv (small blind) folded before Flop
Seat 6: MaikonAll (big blind) folded before Flop



PokerStars Hand #254405665713:  Hold'em No Limit ($0.50/$1.00 USD) - 2025/01/16 22:14:29 WET [2025/01/16 17:14:29 ET]
Table 'Baillauda III' 6-max Seat #5 is the button
Seat 1: BenCampbel10 ($131.50 in chips) 
Seat 2: tintin641 ($142.20 in chips) 
Seat 3: kuca86 ($107.30 in chips) 
Seat 4: wasserfreund ($98.50 in chips) 
Seat 5: BelSv ($100 in chips) 
Seat 6: MaikonAll ($133.33 in chips) 
MaikonAll: posts small blind $0.50
BenCampbel10: posts big blind $1
*** HOLE CARDS ***
tintin641: folds 
kuca86: folds 
wasserfreund: raises $1 to $2
BelSv: folds 
MaikonAll: folds 
BenCampbel10: calls $1
*** FLOP *** [Kh 9c Kc]
BenCampbel10: checks 
wasserfreund: checks 
*** TURN *** [Kh 9c Kc] [9s]
BenCampbel10: checks 
wasserfreund: bets $2.14
BenCampbel10: calls $2.14
*** RIVER *** [Kh 9c Kc 9s] [Tc]
BenCampbel10: checks 
wasserfreund: checks 
*** SHOW DOWN ***
BenCampbel10: shows [Qc 8c] (a flush, King high)
wasserfreund: mucks hand 
BenCampbel10 collected $8.34 from pot
*** SUMMARY ***
Total pot $8.78 | Rake $0.44 
Board [Kh 9c Kc 9s Tc]
Seat 1: BenCampbel10 (big blind) showed [Qc 8c] and won ($8.34) with a flush, King high
Seat 2: tintin641 folded before Flop (didn't bet)
Seat 3: kuca86 folded before Flop (didn't bet)
Seat 4: wasserfreund mucked
Seat 5: BelSv (button) folded before Flop (didn't bet)
Seat 6: MaikonAll (small blind) folded before Flop



PokerStars Hand #254405684390:  Hold'em No Limit ($0.50/$1.00 USD) - 2025/01/16 22:15:30 WET [2025/01/16 17:15:30 ET]
Table 'Baillauda III' 6-max Seat #6 is the button
Seat 1: BenCampbel10 ($135.70 in chips) 
Seat 2: tintin641 ($142.20 in chips) 
Seat 3: kuca86 ($107.30 in chips) 
Seat 4: wasserfreund ($94.36 in chips) 
Seat 5: BelSv ($100 in chips) 
Seat 6: MaikonAll ($132.83 in chips) 
BenCampbel10: posts small blind $0.50
tintin641: posts big blind $1
*** HOLE CARDS ***
kuca86: folds 
wasserfreund: folds 
BelSv: folds 
MaikonAll: raises $1.50 to $2.50
BenCampbel10: folds 
tintin641: calls $1.50
*** FLOP *** [4h Ts As]
tintin641: checks 
MaikonAll: bets $1.30
tintin641: calls $1.30
*** TURN *** [4h Ts As] [6c]
tintin641: checks 
MaikonAll: bets $11.55
tintin641: calls $11.55
*** RIVER *** [4h Ts As 6c] [Tc]
tintin641: checks 
MaikonAll: checks 
*** SHOW DOWN ***
tintin641: shows [Ac 9h] (two pair, Aces and Tens)
MaikonAll: shows [Qs Ah] (two pair, Aces and Tens - Queen kicker)
MaikonAll collected $29.64 from pot
*** SUMMARY ***
Total pot $31.20 | Rake $1.56 
Board [4h Ts As 6c Tc]
Seat 1: BenCampbel10 (small blind) folded before Flop
Seat 2: tintin641 (big blind) showed [Ac 9h] and lost with two pair, Aces and Tens
Seat 3: kuca86 folded before Flop (didn't bet)
Seat 4: wasserfreund folded before Flop (didn't bet)
Seat 5: BelSv folded before Flop (didn't bet)
Seat 6: MaikonAll (button) showed [Qs Ah] and won ($29.64) with two pair, Aces and Tens



PokerStars Hand #254405712906:  Hold'em No Limit ($0.50/$1.00 USD) - 2025/01/16 22:17:05 WET [2025/01/16 17:17:05 ET]
Table 'Baillauda III' 6-max Seat #1 is the button
Seat 1: BenCampbel10 ($135.20 in chips) 
Seat 2: tintin641 ($126.85 in chips) 
Seat 3: kuca86 ($107.30 in chips) 
Seat 4: wasserfreund ($94.36 in chips) 
Seat 5: BelSv ($100 in chips) 
Seat 6: MaikonAll ($147.12 in chips) 
tintin641: posts small blind $0.50
kuca86: posts big blind $1
*** HOLE CARDS ***
wasserfreund: folds 
BelSv: raises $1.25 to $2.25
MaikonAll: folds 
BenCampbel10: folds 
tintin641: folds 
kuca86: folds 
Uncalled bet ($1.25) returned to BelSv
BelSv collected $2.50 from pot
BelSv: doesn't show hand 
*** SUMMARY ***
Total pot $2.50 | Rake $0 
Seat 1: BenCampbel10 (button) folded before Flop (didn't bet)
Seat 2: tintin641 (small blind) folded before Flop
Seat 3: kuca86 (big blind) folded before Flop
Seat 4: wasserfreund folded before Flop (didn't bet)
Seat 5: BelSv collected ($2.50)
Seat 6: MaikonAll folded before Flop (didn't bet)



PokerStars Hand #254405721527:  Hold'em No Limit ($0.50/$1.00 USD) - 2025/01/16 22:17:33 WET [2025/01/16 17:17:33 ET]
Table 'Baillauda III' 6-max Seat #2 is the button
Seat 1: BenCampbel10 ($135.20 in chips) 
Seat 2: tintin641 ($126.35 in chips) 
Seat 3: kuca86 ($106.30 in chips) 
Seat 4: wasserfreund ($94.36 in chips) 
Seat 5: BelSv ($101.50 in chips) 
Seat 6: MaikonAll ($147.12 in chips) 
kuca86: posts small blind $0.50
wasserfreund: posts big blind $1
*** HOLE CARDS ***
BelSv: folds 
MaikonAll: folds 
BenCampbel10: folds 
tintin641: folds 
kuca86: raises $2 to $3
wasserfreund: calls $2
*** FLOP *** [3d 5s 9d]
kuca86: bets $1.43
wasserfreund: raises $4.28 to $5.71
kuca86: folds 
Uncalled bet ($4.28) returned to wasserfreund
wasserfreund collected $8.42 from pot
wasserfreund: doesn't show hand 
*** SUMMARY ***
Total pot $8.86 | Rake $0.44 
Board [3d 5s 9d]
Seat 1: BenCampbel10 folded before Flop (didn't bet)
Seat 2: tintin641 (button) folded before Flop (didn't bet)
Seat 3: kuca86 (small blind) folded on the Flop
Seat 4: wasserfreund (big blind) collected ($8.42)
Seat 5: BelSv folded before Flop (didn't bet)
Seat 6: MaikonAll folded before Flop (didn't bet)



PokerStars Hand #254405738132:  Hold'em No Limit ($0.50/$1.00 USD) - 2025/01/16 22:18:28 WET [2025/01/16 17:18:28 ET]
Table 'Baillauda III' 6-max Seat #3 is the button
Seat 1: BenCampbel10 ($135.20 in chips) 
Seat 2: tintin641 ($126.35 in chips) 
Seat 3: kuca86 ($101.87 in chips) 
Seat 4: wasserfreund ($98.35 in chips) 
Seat 5: BelSv ($101.50 in chips) 
Seat 6: MaikonAll ($147.12 in chips) 
wasserfreund: posts small blind $0.50
BelSv: posts big blind $1
*** HOLE CARDS ***
MaikonAll: folds 
BenCampbel10: folds 
tintin641: folds 
kuca86: raises $1.50 to $2.50
wasserfreund: folds 
BelSv: folds 
Uncalled bet ($1.50) returned to kuca86
kuca86 collected $2.50 from pot
kuca86: doesn't show hand 
*** SUMMARY ***
Total pot $2.50 | Rake $0 
Seat 1: BenCampbel10 folded before Flop (didn't bet)
Seat 2: tintin641 folded before Flop (didn't bet)
Seat 3: kuca86 (button) collected ($2.50)
Seat 4: wasserfreund (small blind) folded before Flop
Seat 5: BelSv (big blind) folded before Flop
Seat 6: MaikonAll folded before Flop (didn't bet)



PokerStars Hand #254405746772:  Hold'em No Limit ($0.50/$1.00 USD) - 2025/01/16 22:18:57 WET [2025/01/16 17:18:57 ET]
Table 'Baillauda III' 6-max Seat #4 is the button
Seat 1: BenCampbel10 ($135.20 in chips) 
Seat 2: tintin641 ($126.35 in chips) 
Seat 3: kuca86 ($103.37 in chips) 
Seat 4: wasserfreund ($97.85 in chips) 
Seat 5: BelSv ($100.50 in chips) 
Seat 6: MaikonAll ($147.12 in chips) 
BelSv: posts small blind $0.50
MaikonAll: posts big blind $1
*** HOLE CARDS ***
BenCampbel10: folds 
tintin641: folds 
kuca86: folds 
wasserfreund: folds 
BelSv: raises $2 to $3
MaikonAll: raises $7 to $10
BelSv: folds 
Uncalled bet ($7) returned to MaikonAll
MaikonAll collected $6 from pot
MaikonAll: doesn't show hand 
*** SUMMARY ***
Total pot $6 | Rake $0 
Seat 1: BenCampbel10 folded before Flop (didn't bet)
Seat 2: tintin641 folded before Flop (didn't bet)
Seat 3: kuca86 folded before Flop (didn't bet)
Seat 4: wasserfreund (button) folded before Flop (didn't bet)
Seat 5: BelSv (small blind) folded before Flop
Seat 6: MaikonAll (big blind) collected ($6)



PokerStars Hand #254405755147:  Hold'em No Limit ($0.50/$1.00 USD) - 2025/01/16 22:19:26 WET [2025/01/16 17:19:26 ET]
Table 'Baillauda III' 6-max Seat #5 is the button
Seat 1: BenCampbel10 ($135.20 in chips) 
Seat 2: tintin641 ($126.35 in chips) 
Seat 3: kuca86 ($103.37 in chips) 
Seat 4: wasserfreund ($97.85 in chips) 
Seat 5: BelSv ($100 in chips) 
Seat 6: MaikonAll ($150.12 in chips) 
MaikonAll: posts small blind $0.50
BenCampbel10: posts big blind $1
*** HOLE CARDS ***
tintin641: folds 
kuca86: raises $1.50 to $2.50
wasserfreund: folds 
BelSv: folds 
MaikonAll: folds 
BenCampbel10: folds 
Uncalled bet ($1.50) returned to kuca86
kuca86 collected $2.50 from pot
kuca86: doesn't show hand 
*** SUMMARY ***
Total pot $2.50 | Rake $0 
Seat 1: BenCampbel10 (big blind) folded before Flop
Seat 2: tintin641 folded before Flop (didn't bet)
Seat 3: kuca86 collected ($2.50)
Seat 4: wasserfreund folded before Flop (didn't bet)
Seat 5: BelSv (button) folded before Flop (didn't bet)
Seat 6: MaikonAll (small blind) folded before Flop



PokerStars Hand #254405761118:  Hold'em No Limit ($0.50/$1.00 USD) - 2025/01/16 22:19:46 WET [2025/01/16 17:19:46 ET]
Table 'Baillauda III' 6-max Seat #6 is the button
Seat 1: BenCampbel10 ($134.20 in chips) 
Seat 2: tintin641 ($126.35 in chips) 
Seat 3: kuca86 ($104.87 in chips) 
Seat 4: wasserfreund ($97.85 in chips) 
Seat 5: BelSv ($100 in chips) 
Seat 6: MaikonAll ($149.62 in chips) 
BenCampbel10: posts small blind $0.50
tintin641: posts big blind $1
*** HOLE CARDS ***
kuca86: folds 
wasserfreund: calls $1
BelSv: raises $2.50 to $3.50
MaikonAll: folds 
BenCampbel10: folds 
tintin641: folds 
wasserfreund: calls $2.50
*** FLOP *** [9h 5h 9d]
wasserfreund: checks 
BelSv: bets $2.42
wasserfreund: calls $2.42
*** TURN *** [9h 5h 9d] [2d]
wasserfreund: checks 
BelSv: bets $9.50
wasserfreund: calls $9.50
*** RIVER *** [9h 5h 9d 2d] [4d]
wasserfreund: checks 
BelSv: bets $42.50
wasserfreund: calls $42.50
*** SHOW DOWN ***
BelSv: shows [Jd Td] (a flush, Jack high)
wasserfreund: shows [3d Kd] (a flush, King high)
wasserfreund collected $114.84 from pot
kuca86 leaves the table
*** SUMMARY ***
Total pot $117.34 | Rake $2.50 
Board [9h 5h 9d 2d 4d]
Seat 1: BenCampbel10 (small blind) folded before Flop
Seat 2: tintin641 (big blind) folded before Flop
Seat 3: kuca86 folded before Flop (didn't bet)
Seat 4: wasserfreund showed [3d Kd] and won ($114.84) with a flush, King high
Seat 5: BelSv showed [Jd Td] and lost with a flush, Jack high
Seat 6: MaikonAll (button) folded before Flop (didn't bet)



PokerStars Hand #254405776040:  Hold'em No Limit ($0.50/$1.00 USD) - 2025/01/16 22:20:36 WET [2025/01/16 17:20:36 ET]
Table 'Baillauda III' 6-max Seat #1 is the button
Seat 1: BenCampbel10 ($133.70 in chips) 
Seat 2: tintin641 ($125.35 in chips) 
Seat 4: wasserfreund ($154.77 in chips) 
Seat 5: BelSv ($100 in chips) 
Seat 6: MaikonAll ($149.62 in chips) 
tintin641: posts small blind $0.50
wasserfreund: posts big blind $1
*** HOLE CARDS ***
BelSv: folds 
MaikonAll: raises $1.30 to $2.30
Nazareno1999 joins the table at seat #3 
BenCampbel10: calls $2.30
tintin641: folds 
wasserfreund: calls $1.30
*** FLOP *** [Ah 3c Tc]
wasserfreund: bets $1
MaikonAll: calls $1
BenCampbel10: calls $1
*** TURN *** [Ah 3c Tc] [4s]
wasserfreund: bets $4.94
MaikonAll: folds 
BenCampbel10: folds 
Uncalled bet ($4.94) returned to wasserfreund
wasserfreund collected $9.88 from pot
wasserfreund: doesn't show hand 
*** SUMMARY ***
Total pot $10.40 | Rake $0.52 
Board [Ah 3c Tc 4s]
Seat 1: BenCampbel10 (button) folded on the Turn
Seat 2: tintin641 (small blind) folded before Flop
Seat 4: wasserfreund (big blind) collected ($9.88)
Seat 5: BelSv folded before Flop (didn't bet)
Seat 6: MaikonAll folded on the Turn



PokerStars Hand #254405796183:  Hold'em No Limit ($0.50/$1.00 USD) - 2025/01/16 22:21:44 WET [2025/01/16 17:21:44 ET]
Table 'Baillauda III' 6-max Seat #2 is the button
Seat 3: Nazareno1999 ($100 in chips) is sitting out
Seat 1: BenCampbel10 ($130.40 in chips) 
Seat 2: tintin641 ($124.85 in chips) 
Seat 4: wasserfreund ($161.35 in chips) 
Seat 5: BelSv ($100 in chips) 
Seat 6: MaikonAll ($146.32 in chips) 
wasserfreund: posts small blind $0.50
BelSv: posts big blind $1
*** HOLE CARDS ***
MaikonAll: folds 
BenCampbel10: folds 
tintin641: folds 
wasserfreund: folds 
Uncalled bet ($0.50) returned to BelSv
BelSv collected $1 from pot
BelSv: doesn't show hand 
*** SUMMARY ***
Total pot $1 | Rake $0 
Seat 3: Nazareno1999
Seat 1: BenCampbel10 folded before Flop (didn't bet)
Seat 2: tintin641 (button) folded before Flop (didn't bet)
Seat 4: wasserfreund (small blind) folded before Flop
Seat 5: BelSv (big blind) collected ($1)
Seat 6: MaikonAll folded before Flop (didn't bet)



PokerStars Hand #254405801234:  Hold'em No Limit ($0.50/$1.00 USD) - 2025/01/16 22:22:02 WET [2025/01/16 17:22:02 ET]
Table 'Baillauda III' 6-max Seat #4 is the button
Seat 3: Nazareno1999 ($100 in chips) is sitting out
Seat 1: BenCampbel10 ($130.40 in chips) 
Seat 2: tintin641 ($124.85 in chips) 
Seat 4: wasserfreund ($160.85 in chips) 
Seat 5: BelSv ($100.50 in chips) 
Seat 6: MaikonAll ($146.32 in chips) 
BelSv: posts small blind $0.50
MaikonAll: posts big blind $1
Nazareno1999: sits out 
*** HOLE CARDS ***
BenCampbel10: folds 
tintin641: raises $1.50 to $2.50
wasserfreund: folds 
BelSv: folds 
MaikonAll: folds 
Uncalled bet ($1.50) returned to tintin641
tintin641 collected $2.50 from pot
tintin641: doesn't show hand 
*** SUMMARY ***
Total pot $2.50 | Rake $0 
Seat 3: Nazareno1999
Seat 1: BenCampbel10 folded before Flop (didn't bet)
Seat 2: tintin641 collected ($2.50)
Seat 4: wasserfreund (button) folded before Flop (didn't bet)
Seat 5: BelSv (small blind) folded before Flop
Seat 6: MaikonAll (big blind) folded before Flop



PokerStars Hand #254405807849:  Hold'em No Limit ($0.50/$1.00 USD) - 2025/01/16 22:22:24 WET [2025/01/16 17:22:24 ET]
Table 'Baillauda III' 6-max Seat #5 is the button
Seat 3: Nazareno1999 ($100 in chips) is sitting out
Seat 1: BenCampbel10 ($130.40 in chips) 
Seat 2: tintin641 ($126.35 in chips) 
Seat 4: wasserfreund ($160.85 in chips) 
Seat 5: BelSv ($100 in chips) 
Seat 6: MaikonAll ($145.32 in chips) 
MaikonAll: posts small blind $0.50
BenCampbel10: posts big blind $1
Nazareno1999: sits out 
*** HOLE CARDS ***
tintin641: folds 
wasserfreund: folds 
BelSv: raises $1.50 to $2.50
MaikonAll: folds 
BenCampbel10: folds 
Uncalled bet ($1.50) returned to BelSv
BelSv collected $2.50 from pot
BelSv: doesn't show hand 
*** SUMMARY ***
Total pot $2.50 | Rake $0 
Seat 3: Nazareno1999
Seat 1: BenCampbel10 (big blind) folded before Flop
Seat 2: tintin641 folded before Flop (didn't bet)
Seat 4: wasserfreund folded before Flop (didn't bet)
Seat 5: BelSv (button) collected ($2.50)
Seat 6: MaikonAll (small blind) folded before Flop



PokerStars Hand #254405811795:  Hold'em No Limit ($0.50/$1.00 USD) - 2025/01/16 22:22:37 WET [2025/01/16 17:22:37 ET]
Table 'Baillauda III' 6-max Seat #6 is the button
Seat 3: Nazareno1999 ($100 in chips) is sitting out
Seat 1: BenCampbel10 ($129.40 in chips) 
Seat 2: tintin641 ($126.35 in chips) 
Seat 4: wasserfreund ($160.85 in chips) 
Seat 5: BelSv ($101.50 in chips) 
Seat 6: MaikonAll ($144.82 in chips) 
BenCampbel10: posts small blind $0.50
tintin641: posts big blind $1
Nazareno1999: sits out 
*** HOLE CARDS ***
wasserfreund: folds 
BelSv: raises $1.25 to $2.25
MaikonAll: folds 
BenCampbel10: folds 
tintin641: folds 
Uncalled bet ($1.25) returned to BelSv
BelSv collected $2.50 from pot
BelSv: doesn't show hand 
*** SUMMARY ***
Total pot $2.50 | Rake $0 
Seat 3: Nazareno1999
Seat 1: BenCampbel10 (small blind) folded before Flop
Seat 2: tintin641 (big blind) folded before Flop
Seat 4: wasserfreund folded before Flop (didn't bet)
Seat 5: BelSv collected ($2.50)
Seat 6: MaikonAll (button) folded before Flop (didn't bet)



PokerStars Hand #254405816823:  Hold'em No Limit ($0.50/$1.00 USD) - 2025/01/16 22:22:54 WET [2025/01/16 17:22:54 ET]
Table 'Baillauda III' 6-max Seat #1 is the button
Seat 1: BenCampbel10 ($128.90 in chips) 
Seat 2: tintin641 ($125.35 in chips) 
Seat 3: Nazareno1999 ($100 in chips) 
Seat 4: wasserfreund ($160.85 in chips) 
Seat 5: BelSv ($103 in chips) 
Seat 6: MaikonAll ($144.82 in chips) 
tintin641: posts small blind $0.50
Nazareno1999: posts big blind $1
*** HOLE CARDS ***
wasserfreund: folds 
BelSv: folds 
MaikonAll: folds 
BenCampbel10: folds 
tintin641: folds 
Uncalled bet ($0.50) returned to Nazareno1999
Nazareno1999 collected $1 from pot
Nazareno1999: doesn't show hand 
*** SUMMARY ***
Total pot $1 | Rake $0 
Seat 1: BenCampbel10 (button) folded before Flop (didn't bet)
Seat 2: tintin641 (small blind) folded before Flop
Seat 3: Nazareno1999 (big blind) collected ($1)
Seat 4: wasserfreund folded before Flop (didn't bet)
Seat 5: BelSv folded before Flop (didn't bet)
Seat 6: MaikonAll folded before Flop (didn't bet)



PokerStars Hand #254405822418:  Hold'em No Limit ($0.50/$1.00 USD) - 2025/01/16 22:23:13 WET [2025/01/16 17:23:13 ET]
Table 'Baillauda III' 6-max Seat #2 is the button
Seat 1: BenCampbel10 ($128.90 in chips) 
Seat 2: tintin641 ($124.85 in chips) 
Seat 3: Nazareno1999 ($100.50 in chips) 
Seat 4: wasserfreund ($160.85 in chips) 
Seat 5: BelSv ($103 in chips) 
Seat 6: MaikonAll ($144.82 in chips) 
Nazareno1999: posts small blind $0.50
wasserfreund: posts big blind $1
*** HOLE CARDS ***
BelSv: folds 
MaikonAll: raises $1.30 to $2.30
BenCampbel10: folds 
tintin641: folds 
Nazareno1999: folds 
wasserfreund: calls $1.30
*** FLOP *** [Kc 9h 8d]
wasserfreund: checks 
MaikonAll: bets $1.21
wasserfreund: folds 
Uncalled bet ($1.21) returned to MaikonAll
MaikonAll collected $4.84 from pot
MaikonAll: doesn't show hand 
*** SUMMARY ***
Total pot $5.10 | Rake $0.26 
Board [Kc 9h 8d]
Seat 1: BenCampbel10 folded before Flop (didn't bet)
Seat 2: tintin641 (button) folded before Flop (didn't bet)
Seat 3: Nazareno1999 (small blind) folded before Flop
Seat 4: wasserfreund (big blind) folded on the Flop
Seat 5: BelSv folded before Flop (didn't bet)
Seat 6: MaikonAll collected ($4.84)



PokerStars Hand #254405834139:  Hold'em No Limit ($0.50/$1.00 USD) - 2025/01/16 22:23:52 WET [2025/01/16 17:23:52 ET]
Table 'Baillauda III' 6-max Seat #3 is the button
Seat 1: BenCampbel10 ($128.90 in chips) 
Seat 2: tintin641 ($124.85 in chips) 
Seat 3: Nazareno1999 ($100 in chips) 
Seat 4: wasserfreund ($158.55 in chips) 
Seat 5: BelSv ($103 in chips) 
Seat 6: MaikonAll ($147.36 in chips) 
wasserfreund: posts small blind $0.50
BelSv: posts big blind $1
*** HOLE CARDS ***
MaikonAll: folds 
BenCampbel10: folds 
tintin641: raises $1.50 to $2.50
Nazareno1999: folds 
wasserfreund: calls $2
BelSv: folds 
*** FLOP *** [8d 2h 3c]
wasserfreund: bets $5.70
tintin641: folds 
Uncalled bet ($5.70) returned to wasserfreund
wasserfreund collected $5.70 from pot
wasserfreund: doesn't show hand 
*** SUMMARY ***
Total pot $6 | Rake $0.30 
Board [8d 2h 3c]
Seat 1: BenCampbel10 folded before Flop (didn't bet)
Seat 2: tintin641 folded on the Flop
Seat 3: Nazareno1999 (button) folded before Flop (didn't bet)
Seat 4: wasserfreund (small blind) collected ($5.70)
Seat 5: BelSv (big blind) folded before Flop
Seat 6: MaikonAll folded before Flop (didn't bet)



PokerStars Hand #254405845601:  Hold'em No Limit ($0.50/$1.00 USD) - 2025/01/16 22:24:31 WET [2025/01/16 17:24:31 ET]
Table 'Baillauda III' 6-max Seat #4 is the button
Seat 1: BenCampbel10 ($128.90 in chips) 
Seat 2: tintin641 ($122.35 in chips) 
Seat 3: Nazareno1999 ($100 in chips) 
Seat 4: wasserfreund ($161.75 in chips) 
Seat 5: BelSv ($102 in chips) 
Seat 6: MaikonAll ($147.36 in chips) 
BelSv: posts small blind $0.50
MaikonAll: posts big blind $1
*** HOLE CARDS ***
BenCampbel10: folds 
tintin641: raises $1.50 to $2.50
Nazareno1999: folds 
wasserfreund: calls $2.50
BelSv: folds 
MaikonAll: folds 
*** FLOP *** [Jh 6c Td]
tintin641: checks 
wasserfreund: bets $3.09
tintin641: calls $3.09
*** TURN *** [Jh 6c Td] [8c]
tintin641: checks 
wasserfreund: bets $12.05
tintin641: folds 
Uncalled bet ($12.05) returned to wasserfreund
wasserfreund collected $12.05 from pot
wasserfreund: doesn't show hand 
*** SUMMARY ***
Total pot $12.68 | Rake $0.63 
Board [Jh 6c Td 8c]
Seat 1: BenCampbel10 folded before Flop (didn't bet)
Seat 2: tintin641 folded on the Turn
Seat 3: Nazareno1999 folded before Flop (didn't bet)
Seat 4: wasserfreund (button) collected ($12.05)
Seat 5: BelSv (small blind) folded before Flop
Seat 6: MaikonAll (big blind) folded before Flop



PokerStars Hand #254405870454:  Hold'em No Limit ($0.50/$1.00 USD) - 2025/01/16 22:25:55 WET [2025/01/16 17:25:55 ET]
Table 'Baillauda III' 6-max Seat #5 is the button
Seat 1: BenCampbel10 ($128.90 in chips) 
Seat 2: tintin641 ($116.76 in chips) 
Seat 3: Nazareno1999 ($100 in chips) 
Seat 4: wasserfreund ($168.21 in chips) 
Seat 5: BelSv ($101.50 in chips) 
Seat 6: MaikonAll ($146.36 in chips) 
MaikonAll: posts small blind $0.50
BenCampbel10: posts big blind $1
*** HOLE CARDS ***
tintin641: folds 
Nazareno1999: folds 
wasserfreund: folds 
BelSv: folds 
MaikonAll: folds 
Uncalled bet ($0.50) returned to BenCampbel10
BenCampbel10 collected $1 from pot
*** SUMMARY ***
Total pot $1 | Rake $0 
Seat 1: BenCampbel10 (big blind) collected ($1)
Seat 2: tintin641 folded before Flop (didn't bet)
Seat 3: Nazareno1999 folded before Flop (didn't bet)
Seat 4: wasserfreund folded before Flop (didn't bet)
Seat 5: BelSv (button) folded before Flop (didn't bet)
Seat 6: MaikonAll (small blind) folded before Flop



PokerStars Hand #254405875395:  Hold'em No Limit ($0.50/$1.00 USD) - 2025/01/16 22:26:12 WET [2025/01/16 17:26:12 ET]
Table 'Baillauda III' 6-max Seat #6 is the button
Seat 1: BenCampbel10 ($129.40 in chips) 
Seat 2: tintin641 ($116.76 in chips) 
Seat 3: Nazareno1999 ($100 in chips) 
Seat 4: wasserfreund ($168.21 in chips) 
Seat 5: BelSv ($101.50 in chips) 
Seat 6: MaikonAll ($145.86 in chips) 
BenCampbel10: posts small blind $0.50
tintin641: posts big blind $1
*** HOLE CARDS ***
Nazareno1999: folds 
wasserfreund: folds 
BelSv: raises $1.25 to $2.25
MaikonAll: folds 
BenCampbel10: folds 
tintin641: calls $1.25
*** FLOP *** [Kc 3h Kd]
tintin641: checks 
BelSv: bets $1.43
tintin641: raises $3.81 to $5.24
BelSv: calls $3.81
*** TURN *** [Kc 3h Kd] [Jd]
tintin641: checks 
BelSv: bets $7.36
tintin641: folds 
Uncalled bet ($7.36) returned to BelSv
BelSv collected $14.71 from pot
BelSv: doesn't show hand 
*** SUMMARY ***
Total pot $15.48 | Rake $0.77 
Board [Kc 3h Kd Jd]
Seat 1: BenCampbel10 (small blind) folded before Flop
Seat 2: tintin641 (big blind) folded on the Turn
Seat 3: Nazareno1999 folded before Flop (didn't bet)
Seat 4: wasserfreund folded before Flop (didn't bet)
Seat 5: BelSv collected ($14.71)
Seat 6: MaikonAll (button) folded before Flop (didn't bet)



PokerStars Hand #254405906468:  Hold'em No Limit ($0.50/$1.00 USD) - 2025/01/16 22:27:57 WET [2025/01/16 17:27:57 ET]
Table 'Baillauda III' 6-max Seat #1 is the button
Seat 1: BenCampbel10 ($128.90 in chips) 
Seat 2: tintin641 ($109.27 in chips) 
Seat 3: Nazareno1999 ($100 in chips) 
Seat 4: wasserfreund ($168.21 in chips) 
Seat 5: BelSv ($108.72 in chips) 
Seat 6: MaikonAll ($145.86 in chips) 
tintin641: posts small blind $0.50
Nazareno1999: posts big blind $1
*** HOLE CARDS ***
wasserfreund: folds 
BelSv: folds 
MaikonAll: folds 
BenCampbel10: folds 
tintin641: folds 
Uncalled bet ($0.50) returned to Nazareno1999
Nazareno1999 collected $1 from pot
Nazareno1999: doesn't show hand 
*** SUMMARY ***
Total pot $1 | Rake $0 
Seat 1: BenCampbel10 (button) folded before Flop (didn't bet)
Seat 2: tintin641 (small blind) folded before Flop
Seat 3: Nazareno1999 (big blind) collected ($1)
Seat 4: wasserfreund folded before Flop (didn't bet)
Seat 5: BelSv folded before Flop (didn't bet)
Seat 6: MaikonAll folded before Flop (didn't bet)



PokerStars Hand #254405913501:  Hold'em No Limit ($0.50/$1.00 USD) - 2025/01/16 22:28:21 WET [2025/01/16 17:28:21 ET]
Table 'Baillauda III' 6-max Seat #2 is the button
Seat 3: Nazareno1999 ($100.50 in chips) is sitting out
Seat 1: BenCampbel10 ($128.90 in chips) 
Seat 2: tintin641 ($108.77 in chips) 
Seat 4: wasserfreund ($168.21 in chips) 
Seat 5: BelSv ($108.72 in chips) 
Seat 6: MaikonAll ($145.86 in chips) 
wasserfreund: posts small blind $0.50
BelSv: posts big blind $1
*** HOLE CARDS ***
MaikonAll: folds 
BenCampbel10: folds 
tintin641: folds 
wasserfreund: folds 
Uncalled bet ($0.50) returned to BelSv
BelSv collected $1 from pot
BelSv: doesn't show hand 
*** SUMMARY ***
Total pot $1 | Rake $0 
Seat 3: Nazareno1999
Seat 1: BenCampbel10 folded before Flop (didn't bet)
Seat 2: tintin641 (button) folded before Flop (didn't bet)
Seat 4: wasserfreund (small blind) folded before Flop
Seat 5: BelSv (big blind) collected ($1)
Seat 6: MaikonAll folded before Flop (didn't bet)



PokerStars Hand #254405918030:  Hold'em No Limit ($0.50/$1.00 USD) - 2025/01/16 22:28:36 WET [2025/01/16 17:28:36 ET]
Table 'Baillauda III' 6-max Seat #4 is the button
Seat 3: Nazareno1999 ($100.50 in chips) is sitting out
Seat 1: BenCampbel10 ($128.90 in chips) 
Seat 2: tintin641 ($108.77 in chips) 
Seat 4: wasserfreund ($167.71 in chips) 
Seat 5: BelSv ($109.22 in chips) 
Seat 6: MaikonAll ($145.86 in chips) 
BelSv: posts small blind $0.50
MaikonAll: posts big blind $1
*** HOLE CARDS ***
BenCampbel10: raises $1 to $2
tintin641: raises $5 to $7
wasserfreund: folds 
BelSv: folds 
MaikonAll: folds 
BenCampbel10: folds 
Uncalled bet ($5) returned to tintin641
tintin641 collected $5.50 from pot
tintin641: doesn't show hand 
*** SUMMARY ***
Total pot $5.50 | Rake $0 
Seat 3: Nazareno1999
Seat 1: BenCampbel10 folded before Flop
Seat 2: tintin641 collected ($5.50)
Seat 4: wasserfreund (button) folded before Flop (didn't bet)
Seat 5: BelSv (small blind) folded before Flop
Seat 6: MaikonAll (big blind) folded before Flop



PokerStars Hand #254405923963:  Hold'em No Limit ($0.50/$1.00 USD) - 2025/01/16 22:28:57 WET [2025/01/16 17:28:57 ET]
Table 'Baillauda III' 6-max Seat #5 is the button
Seat 3: Nazareno1999 ($100.50 in chips) is sitting out
Seat 1: BenCampbel10 ($126.90 in chips) 
Seat 2: tintin641 ($112.27 in chips) 
Seat 4: wasserfreund ($167.71 in chips) 
Seat 5: BelSv ($108.72 in chips) 
Seat 6: MaikonAll ($144.86 in chips) 
MaikonAll: posts small blind $0.50
BenCampbel10: posts big blind $1
*** HOLE CARDS ***
tintin641: raises $1.50 to $2.50
wasserfreund: calls $2.50
BelSv: folds 
MaikonAll: folds 
BenCampbel10: calls $1.50
*** FLOP *** [5h Ah 2s]
BenCampbel10: checks 
tintin641: checks 
wasserfreund: checks 
*** TURN *** [5h Ah 2s] [Qs]
BenCampbel10: checks 
tintin641: checks 
wasserfreund: checks 
*** RIVER *** [5h Ah 2s Qs] [6c]
BenCampbel10: bets $5.70
tintin641: calls $5.70
wasserfreund: folds 
*** SHOW DOWN ***
BenCampbel10: shows [8d 9d] (high card Ace)
tintin641: shows [Js Qd] (a pair of Queens)
tintin641 collected $18.43 from pot
*** SUMMARY ***
Total pot $19.40 | Rake $0.97 
Board [5h Ah 2s Qs 6c]
Seat 3: Nazareno1999
Seat 1: BenCampbel10 (big blind) showed [8d 9d] and lost with high card Ace
Seat 2: tintin641 showed [Js Qd] and won ($18.43) with a pair of Queens
Seat 4: wasserfreund folded on the River
Seat 5: BelSv (button) folded before Flop (didn't bet)
Seat 6: MaikonAll (small blind) folded before Flop



PokerStars Hand #254405944465:  Hold'em No Limit ($0.50/$1.00 USD) - 2025/01/16 22:30:07 WET [2025/01/16 17:30:07 ET]
Table 'Baillauda III' 6-max Seat #6 is the button
Seat 2: tintin641 ($122.50 in chips) is sitting out
Seat 1: BenCampbel10 ($118.70 in chips) 
Seat 3: Nazareno1999 ($100.50 in chips) 
Seat 4: wasserfreund ($165.21 in chips) 
Seat 5: BelSv ($108.72 in chips) 
Seat 6: MaikonAll ($144.36 in chips) 
BenCampbel10: posts small blind $0.50
tintin641: is sitting out 
Nazareno1999: posts big blind $1
*** HOLE CARDS ***
tintin641 leaves the table
wasserfreund: folds 
BelSv: raises $1.25 to $2.25
MaikonAll: folds 
BenCampbel10: folds 
Nazareno1999: folds 
Uncalled bet ($1.25) returned to BelSv
BelSv collected $2.50 from pot
BelSv: doesn't show hand 
*** SUMMARY ***
Total pot $2.50 | Rake $0 
Seat 2: tintin641
Seat 1: BenCampbel10 (small blind) folded before Flop
Seat 3: Nazareno1999 (big blind) folded before Flop
Seat 4: wasserfreund folded before Flop (didn't bet)
Seat 5: BelSv collected ($2.50)
Seat 6: MaikonAll (button) folded before Flop (didn't bet)



PokerStars Hand #254405950911:  Hold'em No Limit ($0.50/$1.00 USD) - 2025/01/16 22:30:29 WET [2025/01/16 17:30:29 ET]
Table 'Baillauda III' 6-max Seat #1 is the button
Seat 1: BenCampbel10 ($118.20 in chips) 
Seat 3: Nazareno1999 ($100 in chips) 
Seat 4: wasserfreund ($165.21 in chips) 
Seat 5: BelSv ($110.22 in chips) 
Seat 6: MaikonAll ($144.36 in chips) 
Nazareno1999: posts small blind $0.50
wasserfreund: posts big blind $1
*** HOLE CARDS ***
BelSv: folds 
MaikonAll: folds 
BenCampbel10: raises $1 to $2
Nazareno1999: folds 
wasserfreund: calls $1
*** FLOP *** [9c Kc Ks]
wasserfreund: checks 
BenCampbel10: bets $1
wasserfreund: calls $1
*** TURN *** [9c Kc Ks] [7d]
wasserfreund: checks 
BenCampbel10: checks 
*** RIVER *** [9c Kc Ks 7d] [Qh]
wasserfreund: checks 
BenCampbel10: bets $9.20
wasserfreund: calls $9.20
*** SHOW DOWN ***
BenCampbel10: shows [6s 4d] (a pair of Kings)
wasserfreund: shows [Kh Ac] (three of a kind, Kings)
wasserfreund collected $23.66 from pot
*** SUMMARY ***
Total pot $24.90 | Rake $1.24 
Board [9c Kc Ks 7d Qh]
Seat 1: BenCampbel10 (button) showed [6s 4d] and lost with a pair of Kings
Seat 3: Nazareno1999 (small blind) folded before Flop
Seat 4: wasserfreund (big blind) showed [Kh Ac] and won ($23.66) with three of a kind, Kings
Seat 5: BelSv folded before Flop (didn't bet)
Seat 6: MaikonAll folded before Flop (didn't bet)



PokerStars Hand #254405964709:  Hold'em No Limit ($0.50/$1.00 USD) - 2025/01/16 22:31:16 WET [2025/01/16 17:31:16 ET]
Table 'Baillauda III' 6-max Seat #3 is the button
Seat 1: BenCampbel10 ($106 in chips) 
Seat 3: Nazareno1999 ($100 in chips) 
Seat 4: wasserfreund ($176.67 in chips) 
Seat 5: BelSv ($110.22 in chips) 
Seat 6: MaikonAll ($144.36 in chips) 
wasserfreund: posts small blind $0.50
BelSv: posts big blind $1
*** HOLE CARDS ***
MaikonAll: folds 
BenCampbel10: folds 
Nazareno1999: folds 
wasserfreund: calls $0.50
BGS013 joins the table at seat #2 
BelSv: checks 
*** FLOP *** [9s 4h 9d]
wasserfreund: checks 
BelSv: bets $1.43
wasserfreund: folds 
Uncalled bet ($1.43) returned to BelSv
BelSv collected $1.90 from pot
BelSv: doesn't show hand 
*** SUMMARY ***
Total pot $2 | Rake $0.10 
Board [9s 4h 9d]
Seat 1: BenCampbel10 folded before Flop (didn't bet)
Seat 3: Nazareno1999 (button) folded before Flop (didn't bet)
Seat 4: wasserfreund (small blind) folded on the Flop
Seat 5: BelSv (big blind) collected ($1.90)
Seat 6: MaikonAll folded before Flop (didn't bet)



PokerStars Hand #254405970851:  Hold'em No Limit ($0.50/$1.00 USD) - 2025/01/16 22:31:37 WET [2025/01/16 17:31:37 ET]
Table 'Baillauda III' 6-max Seat #4 is the button
Seat 2: BGS013 ($100 in chips) is sitting out
Seat 1: BenCampbel10 ($106 in chips) 
Seat 3: Nazareno1999 ($100 in chips) 
Seat 4: wasserfreund ($175.67 in chips) 
Seat 5: BelSv ($111.12 in chips) 
Seat 6: MaikonAll ($144.36 in chips) 
BelSv: posts small blind $0.50
MaikonAll: posts big blind $1
BGS013: sits out 
*** HOLE CARDS ***
BenCampbel10: folds 
Nazareno1999: folds 
wasserfreund: raises $2 to $3
BelSv: folds 
MaikonAll: calls $2
*** FLOP *** [7s Ah 9h]
MaikonAll: checks 
wasserfreund: bets $6.18
MaikonAll: raises $9.27 to $15.45
wasserfreund: folds 
Uncalled bet ($9.27) returned to MaikonAll
MaikonAll collected $17.92 from pot
MaikonAll: doesn't show hand 
*** SUMMARY ***
Total pot $18.86 | Rake $0.94 
Board [7s Ah 9h]
Seat 2: BGS013
Seat 1: BenCampbel10 folded before Flop (didn't bet)
Seat 3: Nazareno1999 folded before Flop (didn't bet)
Seat 4: wasserfreund (button) folded on the Flop
Seat 5: BelSv (small blind) folded before Flop
Seat 6: MaikonAll (big blind) collected ($17.92)



PokerStars Hand #254405987051:  Hold'em No Limit ($0.50/$1.00 USD) - 2025/01/16 22:32:33 WET [2025/01/16 17:32:33 ET]
Table 'Baillauda III' 6-max Seat #5 is the button
Seat 2: BGS013 ($100 in chips) is sitting out
Seat 1: BenCampbel10 ($106 in chips) 
Seat 3: Nazareno1999 ($100 in chips) 
Seat 4: wasserfreund ($166.49 in chips) 
Seat 5: BelSv ($110.62 in chips) 
Seat 6: MaikonAll ($153.10 in chips) 
MaikonAll: posts small blind $0.50
BenCampbel10: posts big blind $1
BGS013: sits out 
*** HOLE CARDS ***
Nazareno1999: folds 
wasserfreund: raises $2 to $3
BelSv: folds 
MaikonAll: folds 
BenCampbel10: calls $2
*** FLOP *** [As Ts Ks]
BenCampbel10: checks 
wasserfreund: bets $3.09
BenCampbel10: folds 
Uncalled bet ($3.09) returned to wasserfreund
wasserfreund collected $6.18 from pot
wasserfreund: doesn't show hand 
*** SUMMARY ***
Total pot $6.50 | Rake $0.32 
Board [As Ts Ks]
Seat 2: BGS013
Seat 1: BenCampbel10 (big blind) folded on the Flop
Seat 3: Nazareno1999 folded before Flop (didn't bet)
Seat 4: wasserfreund collected ($6.18)
Seat 5: BelSv (button) folded before Flop (didn't bet)
Seat 6: MaikonAll (small blind) folded before Flop



PokerStars Hand #254405995582:  Hold'em No Limit ($0.50/$1.00 USD) - 2025/01/16 22:33:02 WET [2025/01/16 17:33:02 ET]
Table 'Baillauda III' 6-max Seat #6 is the button
Seat 1: BenCampbel10 ($103 in chips) 
Seat 2: BGS013 ($100 in chips) 
Seat 3: Nazareno1999 ($100 in chips) 
Seat 4: wasserfreund ($169.67 in chips) 
Seat 5: BelSv ($110.62 in chips) 
Seat 6: MaikonAll ($152.60 in chips) 
BenCampbel10: posts small blind $0.50
BGS013: posts big blind $1
*** HOLE CARDS ***
Nazareno1999: folds 
wasserfreund: calls $1
BelSv: folds 
MaikonAll: folds 
BenCampbel10: raises $3.50 to $4.50
BGS013: folds 
wasserfreund: calls $3.50
*** FLOP *** [Js Ts Jc]
BenCampbel10: bets $2.50
wasserfreund: folds 
Uncalled bet ($2.50) returned to BenCampbel10
BenCampbel10 collected $9.50 from pot
BenCampbel10: doesn't show hand 
*** SUMMARY ***
Total pot $10 | Rake $0.50 
Board [Js Ts Jc]
Seat 1: BenCampbel10 (small blind) collected ($9.50)
Seat 2: BGS013 (big blind) folded before Flop
Seat 3: Nazareno1999 folded before Flop (didn't bet)
Seat 4: wasserfreund folded on the Flop
Seat 5: BelSv folded before Flop (didn't bet)
Seat 6: MaikonAll (button) folded before Flop (didn't bet)



PokerStars Hand #254406006135:  Hold'em No Limit ($0.50/$1.00 USD) - 2025/01/16 22:33:38 WET [2025/01/16 17:33:38 ET]
Table 'Baillauda III' 6-max Seat #1 is the button
Seat 1: BenCampbel10 ($108 in chips) 
Seat 2: BGS013 ($100 in chips) 
Seat 3: Nazareno1999 ($100 in chips) 
Seat 4: wasserfreund ($165.17 in chips) 
Seat 5: BelSv ($110.62 in chips) 
Seat 6: MaikonAll ($152.60 in chips) 
BGS013: posts small blind $0.50
Nazareno1999: posts big blind $1
*** HOLE CARDS ***
wasserfreund: calls $1
BelSv: folds 
MaikonAll: folds 
BenCampbel10: raises $2.50 to $3.50
BGS013: folds 
Nazareno1999: folds 
wasserfreund: calls $2.50
*** FLOP *** [Js Jd Ac]
wasserfreund: checks 
BenCampbel10: bets $2
wasserfreund: folds 
Uncalled bet ($2) returned to BenCampbel10
BenCampbel10 collected $8.08 from pot
BenCampbel10: doesn't show hand 
*** SUMMARY ***
Total pot $8.50 | Rake $0.42 
Board [Js Jd Ac]
Seat 1: BenCampbel10 (button) collected ($8.08)
Seat 2: BGS013 (small blind) folded before Flop
Seat 3: Nazareno1999 (big blind) folded before Flop
Seat 4: wasserfreund folded on the Flop
Seat 5: BelSv folded before Flop (didn't bet)
Seat 6: MaikonAll folded before Flop (didn't bet)



PokerStars Hand #254406019312:  Hold'em No Limit ($0.50/$1.00 USD) - 2025/01/16 22:34:24 WET [2025/01/16 17:34:24 ET]
Table 'Baillauda III' 6-max Seat #2 is the button
Seat 1: BenCampbel10 ($112.58 in chips) 
Seat 2: BGS013 ($100 in chips) 
Seat 3: Nazareno1999 ($100 in chips) 
Seat 4: wasserfreund ($161.67 in chips) 
Seat 5: BelSv ($110.62 in chips) 
Seat 6: MaikonAll ($152.60 in chips) 
Nazareno1999: posts small blind $0.50
wasserfreund: posts big blind $1
*** HOLE CARDS ***
BelSv: folds 
MaikonAll: folds 
BenCampbel10: folds 
BGS013: folds 
Nazareno1999: raises $1.50 to $2.50
wasserfreund: calls $1.50
*** FLOP *** [Ks 4h 2d]
Nazareno1999: checks 
wasserfreund: bets $4.75
Nazareno1999: folds 
Uncalled bet ($4.75) returned to wasserfreund
wasserfreund collected $4.75 from pot
wasserfreund: doesn't show hand 
*** SUMMARY ***
Total pot $5 | Rake $0.25 
Board [Ks 4h 2d]
Seat 1: BenCampbel10 folded before Flop (didn't bet)
Seat 2: BGS013 (button) folded before Flop (didn't bet)
Seat 3: Nazareno1999 (small blind) folded on the Flop
Seat 4: wasserfreund (big blind) collected ($4.75)
Seat 5: BelSv folded before Flop (didn't bet)
Seat 6: MaikonAll folded before Flop (didn't bet)



PokerStars Hand #254406029618:  Hold'em No Limit ($0.50/$1.00 USD) - 2025/01/16 22:34:59 WET [2025/01/16 17:34:59 ET]
Table 'Baillauda III' 6-max Seat #3 is the button
Seat 1: BenCampbel10 ($112.58 in chips) 
Seat 2: BGS013 ($100 in chips) 
Seat 3: Nazareno1999 ($100 in chips) 
Seat 4: wasserfreund ($163.92 in chips) 
Seat 5: BelSv ($110.62 in chips) 
Seat 6: MaikonAll ($152.60 in chips) 
wasserfreund: posts small blind $0.50
BelSv: posts big blind $1
*** HOLE CARDS ***
MaikonAll: raises $1.30 to $2.30
BenCampbel10: folds 
BGS013: raises $5.70 to $8
Nazareno1999: folds 
wasserfreund: folds 
BelSv: folds 
MaikonAll: folds 
Uncalled bet ($5.70) returned to BGS013
BGS013 collected $6.10 from pot
BGS013: doesn't show hand 
*** SUMMARY ***
Total pot $6.10 | Rake $0 
Seat 1: BenCampbel10 folded before Flop (didn't bet)
Seat 2: BGS013 collected ($6.10)
Seat 3: Nazareno1999 (button) folded before Flop (didn't bet)
Seat 4: wasserfreund (small blind) folded before Flop
Seat 5: BelSv (big blind) folded before Flop
Seat 6: MaikonAll folded before Flop



PokerStars Hand #254406040239:  Hold'em No Limit ($0.50/$1.00 USD) - 2025/01/16 22:35:36 WET [2025/01/16 17:35:36 ET]
Table 'Baillauda III' 6-max Seat #4 is the button
Seat 1: BenCampbel10 ($112.58 in chips) 
Seat 2: BGS013 ($103.80 in chips) 
Seat 3: Nazareno1999 ($100 in chips) 
Seat 4: wasserfreund ($163.42 in chips) 
Seat 5: BelSv ($109.62 in chips) 
Seat 6: MaikonAll ($150.30 in chips) 
BelSv: posts small blind $0.50
MaikonAll: posts big blind $1
*** HOLE CARDS ***
BenCampbel10: folds 
BGS013: folds 
Nazareno1999: raises $1.20 to $2.20
wasserfreund: folds 
BelSv: raises $8.30 to $10.50
MaikonAll: folds 
Nazareno1999: folds 
Uncalled bet ($8.30) returned to BelSv
BelSv collected $5.40 from pot
BelSv: doesn't show hand 
*** SUMMARY ***
Total pot $5.40 | Rake $0 
Seat 1: BenCampbel10 folded before Flop (didn't bet)
Seat 2: BGS013 folded before Flop (didn't bet)
Seat 3: Nazareno1999 folded before Flop
Seat 4: wasserfreund (button) folded before Flop (didn't bet)
Seat 5: BelSv (small blind) collected ($5.40)
Seat 6: MaikonAll (big blind) folded before Flop



PokerStars Hand #254406050549:  Hold'em No Limit ($0.50/$1.00 USD) - 2025/01/16 22:36:11 WET [2025/01/16 17:36:11 ET]
Table 'Baillauda III' 6-max Seat #5 is the button
Seat 1: BenCampbel10 ($112.58 in chips) 
Seat 2: BGS013 ($103.80 in chips) 
Seat 3: Nazareno1999 ($100 in chips) 
Seat 4: wasserfreund ($163.42 in chips) 
Seat 5: BelSv ($112.82 in chips) 
Seat 6: MaikonAll ($149.30 in chips) 
MaikonAll: posts small blind $0.50
BenCampbel10: posts big blind $1
*** HOLE CARDS ***
BGS013: raises $1 to $2
Nazareno1999: folds 
wasserfreund: calls $2
BelSv: folds 
MaikonAll: folds 
BenCampbel10: raises $10.60 to $12.60
BGS013: folds 
wasserfreund: folds 
Uncalled bet ($10.60) returned to BenCampbel10
BenCampbel10 collected $6.50 from pot
*** SUMMARY ***
Total pot $6.50 | Rake $0 
Seat 1: BenCampbel10 (big blind) collected ($6.50)
Seat 2: BGS013 folded before Flop
Seat 3: Nazareno1999 folded before Flop (didn't bet)
Seat 4: wasserfreund folded before Flop
Seat 5: BelSv (button) folded before Flop (didn't bet)
Seat 6: MaikonAll (small blind) folded before Flop



PokerStars Hand #254406060658:  Hold'em No Limit ($0.50/$1.00 USD) - 2025/01/16 22:36:46 WET [2025/01/16 17:36:46 ET]
Table 'Baillauda III' 6-max Seat #6 is the button
Seat 1: BenCampbel10 ($117.08 in chips) 
Seat 2: BGS013 ($101.80 in chips) 
Seat 3: Nazareno1999 ($100 in chips) 
Seat 4: wasserfreund ($161.42 in chips) 
Seat 5: BelSv ($112.82 in chips) 
Seat 6: MaikonAll ($148.80 in chips) 
BenCampbel10: posts small blind $0.50
BGS013: posts big blind $1
*** HOLE CARDS ***
Nazareno1999: raises $1.20 to $2.20
wasserfreund: calls $2.20
BelSv: folds 
MaikonAll: folds 
BenCampbel10: folds 
BGS013: folds 
*** FLOP *** [4s Kc Kd]
Nazareno1999: bets $1.85
wasserfreund: calls $1.85
*** TURN *** [4s Kc Kd] [2s]
Nazareno1999: bets $3.01
wasserfreund: calls $3.01
*** RIVER *** [4s Kc Kd 2s] [Qh]
Nazareno1999: bets $4.90
wasserfreund: calls $4.90
*** SHOW DOWN ***
Nazareno1999: shows [Ts Th] (two pair, Kings and Tens)
wasserfreund: shows [3c Qc] (two pair, Kings and Queens)
wasserfreund collected $24.15 from pot
*** SUMMARY ***
Total pot $25.42 | Rake $1.27 
Board [4s Kc Kd 2s Qh]
Seat 1: BenCampbel10 (small blind) folded before Flop
Seat 2: BGS013 (big blind) folded before Flop
Seat 3: Nazareno1999 showed [Ts Th] and lost with two pair, Kings and Tens
Seat 4: wasserfreund showed [3c Qc] and won ($24.15) with two pair, Kings and Queens
Seat 5: BelSv folded before Flop (didn't bet)
Seat 6: MaikonAll (button) folded before Flop (didn't bet)



PokerStars Hand #254406071316:  Hold'em No Limit ($0.50/$1.00 USD) - 2025/01/16 22:37:23 WET [2025/01/16 17:37:23 ET]
Table 'Baillauda III' 6-max Seat #1 is the button
Seat 1: BenCampbel10 ($116.58 in chips) 
Seat 2: BGS013 ($100.80 in chips) 
Seat 3: Nazareno1999 ($100 in chips) 
Seat 4: wasserfreund ($173.61 in chips) 
Seat 5: BelSv ($112.82 in chips) 
Seat 6: MaikonAll ($148.80 in chips) 
BGS013: posts small blind $0.50
Nazareno1999: posts big blind $1
*** HOLE CARDS ***
wasserfreund: calls $1
BelSv: raises $2.50 to $3.50
MaikonAll: folds 
BenCampbel10: folds 
BGS013: folds 
Nazareno1999: folds 
wasserfreund: calls $2.50
*** FLOP *** [6c 9d Qs]
wasserfreund: checks 
BelSv: bets $4.04
wasserfreund: calls $4.04
*** TURN *** [6c 9d Qs] [Ts]
wasserfreund: checks 
BelSv: checks 
*** RIVER *** [6c 9d Qs Ts] [Qh]
wasserfreund: checks 
BelSv: checks 
*** SHOW DOWN ***
wasserfreund: shows [Td Ad] (two pair, Queens and Tens)
BelSv: mucks hand 
wasserfreund collected $15.75 from pot
*** SUMMARY ***
Total pot $16.58 | Rake $0.83 
Board [6c 9d Qs Ts Qh]
Seat 1: BenCampbel10 (button) folded before Flop (didn't bet)
Seat 2: BGS013 (small blind) folded before Flop
Seat 3: Nazareno1999 (big blind) folded before Flop
Seat 4: wasserfreund showed [Td Ad] and won ($15.75) with two pair, Queens and Tens
Seat 5: BelSv mucked
Seat 6: MaikonAll folded before Flop (didn't bet)



PokerStars Hand #254406089089:  Hold'em No Limit ($0.50/$1.00 USD) - 2025/01/16 22:38:24 WET [2025/01/16 17:38:24 ET]
Table 'Baillauda III' 6-max Seat #2 is the button
Seat 1: BenCampbel10 ($116.58 in chips) 
Seat 2: BGS013 ($100.30 in chips) 
Seat 3: Nazareno1999 ($100 in chips) 
Seat 4: wasserfreund ($181.82 in chips) 
Seat 5: BelSv ($105.28 in chips) 
Seat 6: MaikonAll ($148.80 in chips) 
Nazareno1999: posts small blind $0.50
wasserfreund: posts big blind $1
*** HOLE CARDS ***
BelSv: raises $1.25 to $2.25
MaikonAll: folds 
BenCampbel10: folds 
BGS013: calls $2.25
Nazareno1999: folds 
wasserfreund: folds 
*** FLOP *** [5c 3h 8h]
BelSv: checks 
BGS013: bets $1.48
BelSv: calls $1.48
*** TURN *** [5c 3h 8h] [2s]
BelSv: checks 
BGS013: checks 
*** RIVER *** [5c 3h 8h 2s] [Ts]
BelSv: checks 
BGS013: bets $6.64
BelSv: folds 
Uncalled bet ($6.64) returned to BGS013
BGS013 collected $8.51 from pot
BGS013: doesn't show hand 
*** SUMMARY ***
Total pot $8.96 | Rake $0.45 
Board [5c 3h 8h 2s Ts]
Seat 1: BenCampbel10 folded before Flop (didn't bet)
Seat 2: BGS013 (button) collected ($8.51)
Seat 3: Nazareno1999 (small blind) folded before Flop
Seat 4: wasserfreund (big blind) folded before Flop
Seat 5: BelSv folded on the River
Seat 6: MaikonAll folded before Flop (didn't bet)



PokerStars Hand #254406108861:  Hold'em No Limit ($0.50/$1.00 USD) - 2025/01/16 22:39:33 WET [2025/01/16 17:39:33 ET]
Table 'Baillauda III' 6-max Seat #3 is the button
Seat 1: BenCampbel10 ($116.58 in chips) 
Seat 2: BGS013 ($105.08 in chips) 
Seat 3: Nazareno1999 ($100 in chips) 
Seat 4: wasserfreund ($180.82 in chips) 
Seat 5: BelSv ($101.55 in chips) 
Seat 6: MaikonAll ($148.80 in chips) 
wasserfreund: posts small blind $0.50
BelSv: posts big blind $1
*** HOLE CARDS ***
MaikonAll: folds 
BenCampbel10: folds 
BGS013: folds 
Nazareno1999: folds 
wasserfreund: raises $1 to $2
BelSv: raises $4 to $6
wasserfreund: calls $4
*** FLOP *** [Qh 6d Ad]
wasserfreund: checks 
BelSv: bets $3.42
wasserfreund: calls $3.42
*** TURN *** [Qh 6d Ad] [Ks]
wasserfreund: checks 
BelSv: bets $19
wasserfreund: calls $19
*** RIVER *** [Qh 6d Ad Ks] [6h]
wasserfreund: checks 
BelSv: bets $73.13 and is all-in
wasserfreund: folds 
Uncalled bet ($73.13) returned to BelSv
BelSv collected $54.34 from pot
BelSv: doesn't show hand 
*** SUMMARY ***
Total pot $56.84 | Rake $2.50 
Board [Qh 6d Ad Ks 6h]
Seat 1: BenCampbel10 folded before Flop (didn't bet)
Seat 2: BGS013 folded before Flop (didn't bet)
Seat 3: Nazareno1999 (button) folded before Flop (didn't bet)
Seat 4: wasserfreund (small blind) folded on the River
Seat 5: BelSv (big blind) collected ($54.34)
Seat 6: MaikonAll folded before Flop (didn't bet)



PokerStars Hand #254406131956:  Hold'em No Limit ($0.50/$1.00 USD) - 2025/01/16 22:40:53 WET [2025/01/16 17:40:53 ET]
Table 'Baillauda III' 6-max Seat #4 is the button
Seat 1: BenCampbel10 ($116.58 in chips) 
Seat 2: BGS013 ($105.08 in chips) 
Seat 3: Nazareno1999 ($100 in chips) 
Seat 4: wasserfreund ($152.40 in chips) 
Seat 5: BelSv ($127.47 in chips) 
Seat 6: MaikonAll ($148.80 in chips) 
BelSv: posts small blind $0.50
MaikonAll: posts big blind $1
*** HOLE CARDS ***
BenCampbel10: folds 
BGS013: raises $1 to $2
Nazareno1999: folds 
wasserfreund: folds 
BelSv: folds 
MaikonAll: folds 
Uncalled bet ($1) returned to BGS013
BGS013 collected $2.50 from pot
BGS013: doesn't show hand 
*** SUMMARY ***
Total pot $2.50 | Rake $0 
Seat 1: BenCampbel10 folded before Flop (didn't bet)
Seat 2: BGS013 collected ($2.50)
Seat 3: Nazareno1999 folded before Flop (didn't bet)
Seat 4: wasserfreund (button) folded before Flop (didn't bet)
Seat 5: BelSv (small blind) folded before Flop
Seat 6: MaikonAll (big blind) folded before Flop



PokerStars Hand #254406136318:  Hold'em No Limit ($0.50/$1.00 USD) - 2025/01/16 22:41:09 WET [2025/01/16 17:41:09 ET]
Table 'Baillauda III' 6-max Seat #5 is the button
Seat 1: BenCampbel10 ($116.58 in chips) is sitting out
Seat 2: BGS013 ($106.58 in chips) 
Seat 3: Nazareno1999 ($100 in chips) 
Seat 4: wasserfreund ($152.40 in chips) 
Seat 5: BelSv ($126.97 in chips) 
Seat 6: MaikonAll ($147.80 in chips) 
MaikonAll: posts small blind $0.50
BenCampbel10: is sitting out 
BGS013: posts big blind $1
*** HOLE CARDS ***
Nazareno1999: folds 
wasserfreund: raises $1 to $2
BelSv: folds 
MaikonAll: folds 
BGS013: calls $1
*** FLOP *** [Qh 6c 8s]
BGS013: checks 
wasserfreund: bets $4.28
BGS013: calls $4.28
*** TURN *** [Qh 6c 8s] [9d]
BGS013: checks 
wasserfreund: bets $6.21
BGS013: folds 
Uncalled bet ($6.21) returned to wasserfreund
wasserfreund collected $12.41 from pot
wasserfreund: doesn't show hand 
*** SUMMARY ***
Total pot $13.06 | Rake $0.65 
Board [Qh 6c 8s 9d]
Seat 1: BenCampbel10
Seat 2: BGS013 (big blind) folded on the Turn
Seat 3: Nazareno1999 folded before Flop (didn't bet)
Seat 4: wasserfreund collected ($12.41)
Seat 5: BelSv (button) folded before Flop (didn't bet)
Seat 6: MaikonAll (small blind) folded before Flop



PokerStars Hand #254406151195:  Hold'em No Limit ($0.50/$1.00 USD) - 2025/01/16 22:42:00 WET [2025/01/16 17:42:00 ET]
Table 'Baillauda III' 6-max Seat #6 is the button
Seat 1: BenCampbel10 ($116.58 in chips) is sitting out
Seat 2: BGS013 ($100.30 in chips) 
Seat 3: Nazareno1999 ($100 in chips) 
Seat 4: wasserfreund ($158.53 in chips) 
Seat 5: BelSv ($126.97 in chips) 
Seat 6: MaikonAll ($147.30 in chips) 
BGS013: posts small blind $0.50
Nazareno1999: posts big blind $1
*** HOLE CARDS ***
wasserfreund: raises $1 to $2
BelSv: raises $4 to $6
MaikonAll: raises $9 to $15
BGS013: folds 
Nazareno1999: folds 
wasserfreund: folds 
BelSv: raises $111.97 to $126.97 and is all-in
MaikonAll: folds 
Uncalled bet ($111.97) returned to BelSv
BelSv collected $33.50 from pot
BelSv: doesn't show hand 
*** SUMMARY ***
Total pot $33.50 | Rake $0 
Seat 1: BenCampbel10
Seat 2: BGS013 (small blind) folded before Flop
Seat 3: Nazareno1999 (big blind) folded before Flop
Seat 4: wasserfreund folded before Flop
Seat 5: BelSv collected ($33.50)
Seat 6: MaikonAll (button) folded before Flop



PokerStars Hand #254406167851:  Hold'em No Limit ($0.50/$1.00 USD) - 2025/01/16 22:42:58 WET [2025/01/16 17:42:58 ET]
Table 'Baillauda III' 6-max Seat #2 is the button
Seat 1: BenCampbel10 ($116.58 in chips) is sitting out
Seat 2: BGS013 ($100 in chips) 
Seat 3: Nazareno1999 ($100 in chips) 
Seat 4: wasserfreund ($156.53 in chips) 
Seat 5: BelSv ($145.47 in chips) 
Seat 6: MaikonAll ($132.30 in chips) 
Nazareno1999: posts small blind $0.50
wasserfreund: posts big blind $1
*** HOLE CARDS ***
BelSv: folds 
MaikonAll: folds 
BGS013: raises $1.50 to $2.50
Nazareno1999: folds 
wasserfreund: folds 
Uncalled bet ($1.50) returned to BGS013
BGS013 collected $2.50 from pot
BGS013: doesn't show hand 
*** SUMMARY ***
Total pot $2.50 | Rake $0 
Seat 1: BenCampbel10
Seat 2: BGS013 (button) collected ($2.50)
Seat 3: Nazareno1999 (small blind) folded before Flop
Seat 4: wasserfreund (big blind) folded before Flop
Seat 5: BelSv folded before Flop (didn't bet)
Seat 6: MaikonAll folded before Flop (didn't bet)



PokerStars Hand #254406172810:  Hold'em No Limit ($0.50/$1.00 USD) - 2025/01/16 22:43:16 WET [2025/01/16 17:43:16 ET]
Table 'Baillauda III' 6-max Seat #3 is the button
Seat 1: BenCampbel10 ($116.58 in chips) is sitting out
Seat 2: BGS013 ($101.50 in chips) 
Seat 3: Nazareno1999 ($100 in chips) 
Seat 4: wasserfreund ($155.53 in chips) 
Seat 5: BelSv ($145.47 in chips) 
Seat 6: MaikonAll ($132.30 in chips) 
wasserfreund: posts small blind $0.50
BelSv: posts big blind $1
*** HOLE CARDS ***
MaikonAll: folds 
BGS013: raises $1.50 to $2.50
Nazareno1999: calls $2.50
wasserfreund: folds 
BelSv: calls $1.50
*** FLOP *** [6c 5h 2d]
BelSv: checks 
BGS013: checks 
Nazareno1999: bets $2.51
BelSv: folds 
BGS013: folds 
Uncalled bet ($2.51) returned to Nazareno1999
Nazareno1999 collected $7.60 from pot
Nazareno1999: doesn't show hand 
*** SUMMARY ***
Total pot $8 | Rake $0.40 
Board [6c 5h 2d]
Seat 1: BenCampbel10
Seat 2: BGS013 folded on the Flop
Seat 3: Nazareno1999 (button) collected ($7.60)
Seat 4: wasserfreund (small blind) folded before Flop
Seat 5: BelSv (big blind) folded on the Flop
Seat 6: MaikonAll folded before Flop (didn't bet)



PokerStars Hand #254406182472:  Hold'em No Limit ($0.50/$1.00 USD) - 2025/01/16 22:43:51 WET [2025/01/16 17:43:51 ET]
Table 'Baillauda III' 6-max Seat #4 is the button
Seat 1: BenCampbel10 ($116.58 in chips) is sitting out
Seat 2: BGS013 ($100 in chips) 
Seat 3: Nazareno1999 ($105.10 in chips) 
Seat 4: wasserfreund ($155.03 in chips) 
Seat 5: BelSv ($142.97 in chips) 
Seat 6: MaikonAll ($132.30 in chips) 
BelSv: posts small blind $0.50
MaikonAll: posts big blind $1
*** HOLE CARDS ***
BGS013: raises $1 to $2
Nazareno1999: folds 
wasserfreund: calls $2
BelSv: folds 
MaikonAll: folds 
*** FLOP *** [Qh 6d Qc]
BGS013: bets $1.36
wasserfreund: calls $1.36
*** TURN *** [Qh 6d Qc] [Jd]
BGS013: checks 
wasserfreund: bets $3.91
BGS013: calls $3.91
*** RIVER *** [Qh 6d Qc Jd] [7h]
BGS013: checks 
wasserfreund: checks 
*** SHOW DOWN ***
BGS013: shows [Js Ks] (two pair, Queens and Jacks)
wasserfreund: mucks hand 
BGS013 collected $15.24 from pot
*** SUMMARY ***
Total pot $16.04 | Rake $0.80 
Board [Qh 6d Qc Jd 7h]
Seat 1: BenCampbel10
Seat 2: BGS013 showed [Js Ks] and won ($15.24) with two pair, Queens and Jacks
Seat 3: Nazareno1999 folded before Flop (didn't bet)
Seat 4: wasserfreund (button) mucked
Seat 5: BelSv (small blind) folded before Flop
Seat 6: MaikonAll (big blind) folded before Flop



PokerStars Hand #254406193137:  Hold'em No Limit ($0.50/$1.00 USD) - 2025/01/16 22:44:29 WET [2025/01/16 17:44:29 ET]
Table 'Baillauda III' 6-max Seat #5 is the button
Seat 1: BenCampbel10 ($116.58 in chips) is sitting out
Seat 2: BGS013 ($107.97 in chips) 
Seat 3: Nazareno1999 ($105.10 in chips) 
Seat 4: wasserfreund ($147.76 in chips) 
Seat 5: BelSv ($142.47 in chips) 
Seat 6: MaikonAll ($131.30 in chips) 
MaikonAll: posts small blind $0.50
BGS013: posts big blind $1
*** HOLE CARDS ***
Nazareno1999: folds 
wasserfreund: folds 
BelSv: raises $1.50 to $2.50
MaikonAll: raises $8.50 to $11
BGS013: folds 
BelSv: folds 
Uncalled bet ($8.50) returned to MaikonAll
MaikonAll collected $6 from pot
MaikonAll: doesn't show hand 
*** SUMMARY ***
Total pot $6 | Rake $0 
Seat 1: BenCampbel10
Seat 2: BGS013 (big blind) folded before Flop
Seat 3: Nazareno1999 folded before Flop (didn't bet)
Seat 4: wasserfreund folded before Flop (didn't bet)
Seat 5: BelSv (button) folded before Flop
Seat 6: MaikonAll (small blind) collected ($6)



PokerStars Hand #254406201777:  Hold'em No Limit ($0.50/$1.00 USD) - 2025/01/16 22:44:59 WET [2025/01/16 17:44:59 ET]
Table 'Baillauda III' 6-max Seat #6 is the button
Seat 1: BenCampbel10 ($116.58 in chips) is sitting out
Seat 2: BGS013 ($106.97 in chips) 
Seat 3: Nazareno1999 ($105.10 in chips) 
Seat 4: wasserfreund ($147.76 in chips) 
Seat 5: BelSv ($139.97 in chips) 
Seat 6: MaikonAll ($134.80 in chips) 
BGS013: posts small blind $0.50
Nazareno1999: posts big blind $1
*** HOLE CARDS ***
wasserfreund: folds 
BelSv: folds 
MaikonAll: folds 
MaikonAll leaves the table
BGS013: folds 
Uncalled bet ($0.50) returned to Nazareno1999
Nazareno1999 collected $1 from pot
Nazareno1999: doesn't show hand 
*** SUMMARY ***
Total pot $1 | Rake $0 
Seat 1: BenCampbel10
Seat 2: BGS013 (small blind) folded before Flop
Seat 3: Nazareno1999 (big blind) collected ($1)
Seat 4: wasserfreund folded before Flop (didn't bet)
Seat 5: BelSv folded before Flop (didn't bet)
Seat 6: MaikonAll (button) folded before Flop (didn't bet)



PokerStars Hand #254406206901:  Hold'em No Limit ($0.50/$1.00 USD) - 2025/01/16 22:45:17 WET [2025/01/16 17:45:17 ET]
Table 'Baillauda III' 6-max Seat #2 is the button
Seat 1: BenCampbel10 ($116.58 in chips) is sitting out
Seat 2: BGS013 ($106.47 in chips) 
Seat 3: Nazareno1999 ($105.60 in chips) 
Seat 4: wasserfreund ($147.76 in chips) 
Seat 5: BelSv ($139.97 in chips) 
Nazareno1999: posts small blind $0.50
wasserfreund: posts big blind $1
*** HOLE CARDS ***
BelSv: folds 
BGS013: folds 
Nazareno1999: folds 
Uncalled bet ($0.50) returned to wasserfreund
wasserfreund collected $1 from pot
wasserfreund: doesn't show hand 
*** SUMMARY ***
Total pot $1 | Rake $0 
Seat 1: BenCampbel10
Seat 2: BGS013 (button) folded before Flop (didn't bet)
Seat 3: Nazareno1999 (small blind) folded before Flop
Seat 4: wasserfreund (big blind) collected ($1)
Seat 5: BelSv folded before Flop (didn't bet)



PokerStars Hand #254406212029:  Hold'em No Limit ($0.50/$1.00 USD) - 2025/01/16 22:45:36 WET [2025/01/16 17:45:36 ET]
Table 'Baillauda III' 6-max Seat #3 is the button
Seat 1: BenCampbel10 ($116.58 in chips) is sitting out
Seat 2: BGS013 ($106.47 in chips) 
Seat 3: Nazareno1999 ($105.10 in chips) 
Seat 4: wasserfreund ($148.26 in chips) 
Seat 5: BelSv ($139.97 in chips) 
wasserfreund: posts small blind $0.50
BelSv: posts big blind $1
*** HOLE CARDS ***
BGS013: raises $1.50 to $2.50
Nazareno1999: folds 
wasserfreund: folds 
BelSv: folds 
Uncalled bet ($1.50) returned to BGS013
BGS013 collected $2.50 from pot
BGS013: doesn't show hand 
*** SUMMARY ***
Total pot $2.50 | Rake $0 
Seat 1: BenCampbel10
Seat 2: BGS013 collected ($2.50)
Seat 3: Nazareno1999 (button) folded before Flop (didn't bet)
Seat 4: wasserfreund (small blind) folded before Flop
Seat 5: BelSv (big blind) folded before Flop



PokerStars Hand #254406216916:  Hold'em No Limit ($0.50/$1.00 USD) - 2025/01/16 22:45:53 WET [2025/01/16 17:45:53 ET]
Table 'Baillauda III' 6-max Seat #4 is the button
Seat 1: BenCampbel10 ($116.58 in chips) is sitting out
Seat 2: BGS013 ($107.97 in chips) 
Seat 3: Nazareno1999 ($105.10 in chips) 
Seat 4: wasserfreund ($147.76 in chips) 
Seat 5: BelSv ($138.97 in chips) 
BelSv: posts small blind $0.50
BGS013: posts big blind $1
*** HOLE CARDS ***
Nazareno1999: folds 
wasserfreund: raises $1 to $2
Parabelum911 joins the table at seat #6 
BelSv: calls $1.50
BGS013: folds 
*** FLOP *** [5d 6d 2d]
BelSv: checks 
wasserfreund: bets $4.75
BelSv: calls $4.75
*** TURN *** [5d 6d 2d] [Jc]
BelSv: checks 
wasserfreund: bets $6.89
BelSv: calls $6.89
*** RIVER *** [5d 6d 2d Jc] [4d]
BelSv: checks 
wasserfreund: bets $27.28
BelSv: calls $27.28
*** SHOW DOWN ***
wasserfreund: shows [8d 3d] (a straight flush, Deuce to Six)
BelSv: mucks hand 
wasserfreund collected $81.84 from pot
*** SUMMARY ***
Total pot $82.84 | Rake $1 
Board [5d 6d 2d Jc 4d]
Seat 1: BenCampbel10
Seat 2: BGS013 (big blind) folded before Flop
Seat 3: Nazareno1999 folded before Flop (didn't bet)
Seat 4: wasserfreund (button) showed [8d 3d] and won ($81.84) with a straight flush, Deuce to Six
Seat 5: BelSv (small blind) mucked



PokerStars Hand #254406240547:  Hold'em No Limit ($0.50/$1.00 USD) - 2025/01/16 22:47:17 WET [2025/01/16 17:47:17 ET]
Table 'Baillauda III' 6-max Seat #5 is the button
Seat 1: BenCampbel10 ($116.58 in chips) is sitting out
Seat 3: Nazareno1999 ($105.10 in chips) is sitting out
Seat 6: Parabelum911 ($100 in chips) is sitting out
Seat 2: BGS013 ($106.97 in chips) 
Seat 4: wasserfreund ($188.68 in chips) 
Seat 5: BelSv ($100 in chips) 
BGS013: posts small blind $0.50
Nazareno1999: is sitting out 
wasserfreund: posts big blind $1
*** HOLE CARDS ***
BelSv: folds 
BGS013: folds 
Uncalled bet ($0.50) returned to wasserfreund
Nazareno1999 leaves the table
wasserfreund collected $1 from pot
wasserfreund: doesn't show hand 
*** SUMMARY ***
Total pot $1 | Rake $0 
Seat 1: BenCampbel10
Seat 3: Nazareno1999
Seat 6: Parabelum911
Seat 2: BGS013 (small blind) folded before Flop
Seat 4: wasserfreund (big blind) collected ($1)
Seat 5: BelSv (button) folded before Flop (didn't bet)



PokerStars Hand #254406243325:  Hold'em No Limit ($0.50/$1.00 USD) - 2025/01/16 22:47:27 WET [2025/01/16 17:47:27 ET]
Table 'Baillauda III' 6-max Seat #2 is the button
Seat 1: BenCampbel10 ($116.58 in chips) is sitting out
Seat 6: Parabelum911 ($100 in chips) is sitting out
Seat 2: BGS013 ($106.47 in chips) 
Seat 4: wasserfreund ($189.18 in chips) 
Seat 5: BelSv ($100 in chips) 
wasserfreund: posts small blind $0.50
BelSv: posts big blind $1
Parabelum911: sits out 
*** HOLE CARDS ***
wojts joins the table at seat #3 
BGS013: raises $1.50 to $2.50
wasserfreund: folds 
BelSv: folds 
Uncalled bet ($1.50) returned to BGS013
BGS013 collected $2.50 from pot
BGS013: doesn't show hand 
*** SUMMARY ***
Total pot $2.50 | Rake $0 
Seat 1: BenCampbel10
Seat 6: Parabelum911
Seat 2: BGS013 (button) collected ($2.50)
Seat 4: wasserfreund (small blind) folded before Flop
Seat 5: BelSv (big blind) folded before Flop



PokerStars Hand #254406246334:  Hold'em No Limit ($0.50/$1.00 USD) - 2025/01/16 22:47:37 WET [2025/01/16 17:47:37 ET]
Table 'Baillauda III' 6-max Seat #4 is the button
Seat 1: BenCampbel10 ($116.58 in chips) is sitting out
Seat 3: wojts ($100 in chips) is sitting out
Seat 2: BGS013 ($107.97 in chips) 
Seat 4: wasserfreund ($188.68 in chips) 
Seat 5: BelSv ($100 in chips) 
Seat 6: Parabelum911 ($100 in chips) 
BelSv: posts small blind $0.50
Parabelum911: posts big blind $1
wojts: sits out 
*** HOLE CARDS ***
BGS013: folds 
wasserfreund: raises $1 to $2
BelSv: folds 
Parabelum911: folds 
Uncalled bet ($1) returned to wasserfreund
wasserfreund collected $2.50 from pot
wasserfreund: doesn't show hand 
*** SUMMARY ***
Total pot $2.50 | Rake $0 
Seat 1: BenCampbel10
Seat 3: wojts
Seat 2: BGS013 folded before Flop (didn't bet)
Seat 4: wasserfreund (button) collected ($2.50)
Seat 5: BelSv (small blind) folded before Flop
Seat 6: Parabelum911 (big blind) folded before Flop



PokerStars Hand #254406250498:  Hold'em No Limit ($0.50/$1.00 USD) - 2025/01/16 22:47:52 WET [2025/01/16 17:47:52 ET]
Table 'Baillauda III' 6-max Seat #5 is the button
Seat 1: BenCampbel10 ($116.58 in chips) is sitting out
Seat 3: wojts ($100 in chips) is sitting out
Seat 2: BGS013 ($107.97 in chips) 
Seat 4: wasserfreund ($190.18 in chips) 
Seat 5: BelSv ($100 in chips) 
Seat 6: Parabelum911 ($100 in chips) 
Parabelum911: posts small blind $0.50
BGS013: posts big blind $1
wojts: sits out 
*** HOLE CARDS ***
wasserfreund: folds 
BelSv: folds 
Parabelum911: folds 
Uncalled bet ($0.50) returned to BGS013
BGS013 collected $1 from pot
BenCampbel10 leaves the table
BGS013: doesn't show hand 
*** SUMMARY ***
Total pot $1 | Rake $0 
Seat 1: BenCampbel10
Seat 3: wojts
Seat 2: BGS013 (big blind) collected ($1)
Seat 4: wasserfreund folded before Flop (didn't bet)
Seat 5: BelSv (button) folded before Flop (didn't bet)
Seat 6: Parabelum911 (small blind) folded before Flop



PokerStars Hand #254406254361:  Hold'em No Limit ($0.50/$1.00 USD) - 2025/01/16 22:48:06 WET [2025/01/16 17:48:06 ET]
Table 'Baillauda III' 6-max Seat #6 is the button
Seat 2: BGS013 ($108.47 in chips) 
Seat 3: wojts ($100 in chips) 
Seat 4: wasserfreund ($190.18 in chips) 
Seat 5: BelSv ($100 in chips) 
Seat 6: Parabelum911 ($100 in chips) 
BGS013: posts small blind $0.50
wojts: posts big blind $1
*** HOLE CARDS ***
wasserfreund: raises $1.18 to $2.18
BelSv: folds 
Parabelum911: folds 
BGS013: folds 
z00mba joins the table at seat #1 
wojts: folds 
Uncalled bet ($1.18) returned to wasserfreund
wasserfreund collected $2.50 from pot
wasserfreund: doesn't show hand 
*** SUMMARY ***
Total pot $2.50 | Rake $0 
Seat 2: BGS013 (small blind) folded before Flop
Seat 3: wojts (big blind) folded before Flop
Seat 4: wasserfreund collected ($2.50)
Seat 5: BelSv folded before Flop (didn't bet)
Seat 6: Parabelum911 (button) folded before Flop (didn't bet)



PokerStars Hand #254406260109:  Hold'em No Limit ($0.50/$1.00 USD) - 2025/01/16 22:48:27 WET [2025/01/16 17:48:27 ET]
Table 'Baillauda III' 6-max Seat #2 is the button
Seat 1: z00mba ($100 in chips) is sitting out
Seat 2: BGS013 ($107.97 in chips) 
Seat 3: wojts ($99 in chips) 
Seat 4: wasserfreund ($191.68 in chips) 
Seat 5: BelSv ($100 in chips) 
Seat 6: Parabelum911 ($100 in chips) 
wojts: posts small blind $0.50
wasserfreund: posts big blind $1
z00mba: sits out 
*** HOLE CARDS ***
BelSv: raises $1.25 to $2.25
Parabelum911: folds 
BGS013: calls $2.25
wojts: folds 
wasserfreund: calls $1.25
*** FLOP *** [Ah 8d As]
wasserfreund: bets $1
BelSv: calls $1
BGS013: calls $1
*** TURN *** [Ah 8d As] [Qc]
wasserfreund: bets $4.87
BelSv: folds 
BGS013: folds 
Uncalled bet ($4.87) returned to wasserfreund
wasserfreund collected $9.74 from pot
wasserfreund: doesn't show hand 
*** SUMMARY ***
Total pot $10.25 | Rake $0.51 
Board [Ah 8d As Qc]
Seat 1: z00mba
Seat 2: BGS013 (button) folded on the Turn
Seat 3: wojts (small blind) folded before Flop
Seat 4: wasserfreund (big blind) collected ($9.74)
Seat 5: BelSv folded on the Turn
Seat 6: Parabelum911 folded before Flop (didn't bet)



PokerStars Hand #254406277912:  Hold'em No Limit ($0.50/$1.00 USD) - 2025/01/16 22:49:30 WET [2025/01/16 17:49:30 ET]
Table 'Baillauda III' 6-max Seat #3 is the button
Seat 1: z00mba ($100 in chips) is sitting out
Seat 5: BelSv ($100 in chips) is sitting out
Seat 2: BGS013 ($104.72 in chips) 
Seat 3: wojts ($98.50 in chips) 
Seat 4: wasserfreund ($198.17 in chips) 
Seat 6: Parabelum911 ($100 in chips) 
wasserfreund: posts small blind $0.50
BelSv: is sitting out 
Parabelum911: posts big blind $1
z00mba: sits out 
*** HOLE CARDS ***
BGS013: folds 
wojts: folds 
wasserfreund: calls $0.50
Parabelum911: checks 
*** FLOP *** [Ks Td 9s]
BelSv leaves the table
wasserfreund: bets $1.90
Parabelum911: folds 
Uncalled bet ($1.90) returned to wasserfreund
wasserfreund collected $1.90 from pot
wasserfreund: doesn't show hand 
*** SUMMARY ***
Total pot $2 | Rake $0.10 
Board [Ks Td 9s]
Seat 1: z00mba
Seat 5: BelSv
Seat 2: BGS013 folded before Flop (didn't bet)
Seat 3: wojts (button) folded before Flop (didn't bet)
Seat 4: wasserfreund (small blind) collected ($1.90)
Seat 6: Parabelum911 (big blind) folded on the Flop



PokerStars Hand #254406285626:  Hold'em No Limit ($0.50/$1.00 USD) - 2025/01/16 22:49:58 WET [2025/01/16 17:49:58 ET]
Table 'Baillauda III' 6-max Seat #4 is the button
Seat 1: z00mba ($100 in chips) 
Seat 2: BGS013 ($104.72 in chips) 
Seat 3: wojts ($98.50 in chips) 
Seat 4: wasserfreund ($199.07 in chips) 
Seat 6: Parabelum911 ($100 in chips) 
Parabelum911: posts small blind $0.50
z00mba: posts big blind $1
*** HOLE CARDS ***
BGS013: folds 
wojts: folds 
wasserfreund: raises $2 to $3
Parabelum911: folds 
z00mba: folds 
Uncalled bet ($2) returned to wasserfreund
wasserfreund collected $2.50 from pot
wasserfreund: doesn't show hand 
*** SUMMARY ***
Total pot $2.50 | Rake $0 
Seat 1: z00mba (big blind) folded before Flop
Seat 2: BGS013 folded before Flop (didn't bet)
Seat 3: wojts folded before Flop (didn't bet)
Seat 4: wasserfreund (button) collected ($2.50)
Seat 6: Parabelum911 (small blind) folded before Flop



PokerStars Hand #254406292522:  Hold'em No Limit ($0.50/$1.00 USD) - 2025/01/16 22:50:23 WET [2025/01/16 17:50:23 ET]
Table 'Baillauda III' 6-max Seat #6 is the button
Seat 1: z00mba ($100 in chips) 
Seat 2: BGS013 ($104.72 in chips) 
Seat 3: wojts ($98.50 in chips) 
Seat 4: wasserfreund ($200.57 in chips) 
Seat 6: Parabelum911 ($100 in chips) 
z00mba: posts small blind $0.50
BGS013: posts big blind $1
*** HOLE CARDS ***
wojts: folds 
wasserfreund: folds 
Parabelum911: folds 
z00mba: raises $2 to $3
BGS013: calls $2
*** FLOP *** [7c 3h Kc]
z00mba: checks 
BGS013: checks 
*** TURN *** [7c 3h Kc] [4s]
z00mba: checks 
BGS013: bets $3.14
JUANS2 joins the table at seat #5 
z00mba: folds 
Uncalled bet ($3.14) returned to BGS013
BGS013 collected $5.70 from pot
BGS013: doesn't show hand 
*** SUMMARY ***
Total pot $6 | Rake $0.30 
Board [7c 3h Kc 4s]
Seat 1: z00mba (small blind) folded on the Turn
Seat 2: BGS013 (big blind) collected ($5.70)
Seat 3: wojts folded before Flop (didn't bet)
Seat 4: wasserfreund folded before Flop (didn't bet)
Seat 6: Parabelum911 (button) folded before Flop (didn't bet)



PokerStars Hand #254406312130:  Hold'em No Limit ($0.50/$1.00 USD) - 2025/01/16 22:51:34 WET [2025/01/16 17:51:34 ET]
Table 'Baillauda III' 6-max Seat #1 is the button
Seat 5: JUANS2 ($100 in chips) is sitting out
Seat 1: z00mba ($100 in chips) 
Seat 3: wojts ($98.50 in chips) 
Seat 4: wasserfreund ($200.57 in chips) 
Seat 6: Parabelum911 ($100 in chips) 
wojts: posts small blind $0.50
wasserfreund: posts big blind $1
JUANS2: sits out 
*** HOLE CARDS ***
Parabelum911: raises $1.50 to $2.50
z00mba: folds 
wojts: folds 
wasserfreund: folds 
Uncalled bet ($1.50) returned to Parabelum911
Parabelum911 collected $2.50 from pot
Parabelum911: doesn't show hand 
*** SUMMARY ***
Total pot $2.50 | Rake $0 
Seat 5: JUANS2
Seat 1: z00mba (button) folded before Flop (didn't bet)
Seat 3: wojts (small blind) folded before Flop
Seat 4: wasserfreund (big blind) folded before Flop
Seat 6: Parabelum911 collected ($2.50)



PokerStars Hand #254406319766:  Hold'em No Limit ($0.50/$1.00 USD) - 2025/01/16 22:52:01 WET [2025/01/16 17:52:01 ET]
Table 'Baillauda III' 6-max Seat #3 is the button
Seat 1: z00mba ($100 in chips) 
Seat 3: wojts ($98 in chips) 
Seat 4: wasserfreund ($199.57 in chips) 
Seat 5: JUANS2 ($100 in chips) 
Seat 6: Parabelum911 ($101.50 in chips) 
wasserfreund: posts small blind $0.50
JUANS2: posts big blind $1
*** HOLE CARDS ***
Parabelum911: folds 
z00mba: raises $1.50 to $2.50
wojts: folds 
wasserfreund: folds 
JUANS2: folds 
Uncalled bet ($1.50) returned to z00mba
z00mba collected $2.50 from pot
z00mba: doesn't show hand 
*** SUMMARY ***
Total pot $2.50 | Rake $0 
Seat 1: z00mba collected ($2.50)
Seat 3: wojts (button) folded before Flop (didn't bet)
Seat 4: wasserfreund (small blind) folded before Flop
Seat 5: JUANS2 (big blind) folded before Flop
Seat 6: Parabelum911 folded before Flop (didn't bet)



PokerStars Hand #254406327772:  Hold'em No Limit ($0.50/$1.00 USD) - 2025/01/16 22:52:31 WET [2025/01/16 17:52:31 ET]
Table 'Baillauda III' 6-max Seat #4 is the button
Seat 1: z00mba ($101.50 in chips) 
Seat 3: wojts ($98 in chips) 
Seat 4: wasserfreund ($199.07 in chips) 
Seat 5: JUANS2 ($100 in chips) 
Seat 6: Parabelum911 ($101.50 in chips) 
JUANS2: posts small blind $0.50
Parabelum911: posts big blind $1
*** HOLE CARDS ***
z00mba: folds 
wojts: folds 
wasserfreund: folds 
JUANS2: folds 
Uncalled bet ($0.50) returned to Parabelum911
Parabelum911 collected $1 from pot
Parabelum911: doesn't show hand 
*** SUMMARY ***
Total pot $1 | Rake $0 
Seat 1: z00mba folded before Flop (didn't bet)
Seat 3: wojts folded before Flop (didn't bet)
Seat 4: wasserfreund (button) folded before Flop (didn't bet)
Seat 5: JUANS2 (small blind) folded before Flop
Seat 6: Parabelum911 (big blind) collected ($1)



PokerStars Hand #254406331219:  Hold'em No Limit ($0.50/$1.00 USD) - 2025/01/16 22:52:43 WET [2025/01/16 17:52:43 ET]
Table 'Baillauda III' 6-max Seat #5 is the button
Seat 1: z00mba ($101.50 in chips) 
Seat 3: wojts ($98 in chips) 
Seat 4: wasserfreund ($199.07 in chips) 
Seat 5: JUANS2 ($100 in chips) 
Seat 6: Parabelum911 ($102 in chips) 
Parabelum911: posts small blind $0.50
z00mba: posts big blind $1
*** HOLE CARDS ***
wojts: folds 
wasserfreund: raises $1 to $2
JUANS2: folds 
kvcsszblcs joins the table at seat #2 
Parabelum911: folds 
z00mba: calls $1
*** FLOP *** [Th Jc 4c]
z00mba: checks 
wasserfreund: checks 
*** TURN *** [Th Jc 4c] [5c]
z00mba: bets $3
wasserfreund: calls $3
*** RIVER *** [Th Jc 4c 5c] [Qs]
z00mba: checks 
wasserfreund: bets $9.98
z00mba: folds 
Uncalled bet ($9.98) returned to wasserfreund
wasserfreund collected $9.98 from pot
wasserfreund: doesn't show hand 
*** SUMMARY ***
Total pot $10.50 | Rake $0.52 
Board [Th Jc 4c 5c Qs]
Seat 1: z00mba (big blind) folded on the River
Seat 3: wojts folded before Flop (didn't bet)
Seat 4: wasserfreund collected ($9.98)
Seat 5: JUANS2 (button) folded before Flop (didn't bet)
Seat 6: Parabelum911 (small blind) folded before Flop



PokerStars Hand #254406347699:  Hold'em No Limit ($0.50/$1.00 USD) - 2025/01/16 22:53:44 WET [2025/01/16 17:53:44 ET]
Table 'Baillauda III' 6-max Seat #6 is the button
Seat 1: z00mba ($100 in chips) 
Seat 2: kvcsszblcs ($100 in chips) 
Seat 3: wojts ($98 in chips) 
Seat 4: wasserfreund ($204.05 in chips) 
Seat 5: JUANS2 ($100 in chips) 
Seat 6: Parabelum911 ($101.50 in chips) 
z00mba: posts small blind $0.50
kvcsszblcs: posts big blind $1
*** HOLE CARDS ***
wojts: folds 
wasserfreund: folds 
JUANS2: raises $1.50 to $2.50
Parabelum911: folds 
z00mba: folds 
kvcsszblcs: folds 
Uncalled bet ($1.50) returned to JUANS2
JUANS2 collected $2.50 from pot
JUANS2: doesn't show hand 
*** SUMMARY ***
Total pot $2.50 | Rake $0 
Seat 1: z00mba (small blind) folded before Flop
Seat 2: kvcsszblcs (big blind) folded before Flop
Seat 3: wojts folded before Flop (didn't bet)
Seat 4: wasserfreund folded before Flop (didn't bet)
Seat 5: JUANS2 collected ($2.50)
Seat 6: Parabelum911 (button) folded before Flop (didn't bet)



PokerStars Hand #254406352805:  Hold'em No Limit ($0.50/$1.00 USD) - 2025/01/16 22:54:03 WET [2025/01/16 17:54:03 ET]
Table 'Baillauda III' 6-max Seat #1 is the button
Seat 1: z00mba ($100 in chips) 
Seat 2: kvcsszblcs ($100 in chips) 
Seat 3: wojts ($98 in chips) 
Seat 4: wasserfreund ($204.05 in chips) 
Seat 5: JUANS2 ($101.50 in chips) 
Seat 6: Parabelum911 ($101.50 in chips) 
kvcsszblcs: posts small blind $0.50
wojts: posts big blind $1
*** HOLE CARDS ***
wasserfreund has timed out
wasserfreund: folds 
JUANS2: folds 
Parabelum911: folds 
z00mba: raises $1.50 to $2.50
kvcsszblcs: folds 
wojts: folds 
Uncalled bet ($1.50) returned to z00mba
z00mba collected $2.50 from pot
z00mba: doesn't show hand 
*** SUMMARY ***
Total pot $2.50 | Rake $0 
Seat 1: z00mba (button) collected ($2.50)
Seat 2: kvcsszblcs (small blind) folded before Flop
Seat 3: wojts (big blind) folded before Flop
Seat 4: wasserfreund folded before Flop (didn't bet)
Seat 5: JUANS2 folded before Flop (didn't bet)
Seat 6: Parabelum911 folded before Flop (didn't bet)



PokerStars Hand #254406359275:  Hold'em No Limit ($0.50/$1.00 USD) - 2025/01/16 22:54:27 WET [2025/01/16 17:54:27 ET]
Table 'Baillauda III' 6-max Seat #2 is the button
Seat 1: z00mba ($101.50 in chips) 
Seat 2: kvcsszblcs ($100 in chips) 
Seat 3: wojts ($97 in chips) 
Seat 4: wasserfreund ($204.05 in chips) 
Seat 5: JUANS2 ($101.50 in chips) 
Seat 6: Parabelum911 ($101.50 in chips) 
wojts: posts small blind $0.50
wasserfreund: posts big blind $1
*** HOLE CARDS ***
JUANS2: folds 
Parabelum911: folds 
z00mba: raises $1.50 to $2.50
kvcsszblcs: raises $5.50 to $8
wojts: folds 
wasserfreund: calls $7
z00mba: calls $5.50
*** FLOP *** [Js Th 3s]
wasserfreund: checks 
z00mba: checks 
kvcsszblcs: bets $9.31
wasserfreund: calls $9.31
z00mba: folds 
*** TURN *** [Js Th 3s] [Kc]
wasserfreund: checks 
kvcsszblcs: bets $30.72
wasserfreund: calls $30.72
*** RIVER *** [Js Th 3s Kc] [4s]
wasserfreund: bets $51.03
kvcsszblcs: calls $51.03
*** SHOW DOWN ***
wasserfreund: shows [2s As] (a flush, Ace high)
kvcsszblcs: mucks hand 
wasserfreund collected $204.12 from pot
*** SUMMARY ***
Total pot $206.62 | Rake $2.50 
Board [Js Th 3s Kc 4s]
Seat 1: z00mba folded on the Flop
Seat 2: kvcsszblcs (button) mucked
Seat 3: wojts (small blind) folded before Flop
Seat 4: wasserfreund (big blind) showed [2s As] and won ($204.12) with a flush, Ace high
Seat 5: JUANS2 folded before Flop (didn't bet)
Seat 6: Parabelum911 folded before Flop (didn't bet)



PokerStars Hand #254406383210:  Hold'em No Limit ($0.50/$1.00 USD) - 2025/01/16 22:56:11 WET [2025/01/16 17:56:11 ET]
Table 'Baillauda III' 6-max Seat #3 is the button
Seat 1: z00mba ($100 in chips) 
Seat 2: kvcsszblcs ($100 in chips) 
Seat 3: wojts ($96.50 in chips) 
Seat 4: wasserfreund ($309.11 in chips) 
Seat 5: JUANS2 ($101.50 in chips) 
Seat 6: Parabelum911 ($101.50 in chips) 
wasserfreund: posts small blind $0.50
JUANS2: posts big blind $1
*** HOLE CARDS ***
Parabelum911: folds 
z00mba: folds 
kvcsszblcs: folds 
wojts: folds 
wasserfreund: raises $1.61 to $2.61
JUANS2: calls $1.61
*** FLOP *** [6c Jh 6d]
wasserfreund: checks 
JUANS2: checks 
*** TURN *** [6c Jh 6d] [5s]
wasserfreund: checks 
JUANS2: bets $2.48
wasserfreund: calls $2.48
*** RIVER *** [6c Jh 6d 5s] [Th]
wasserfreund: checks 
JUANS2: bets $7.25
wasserfreund: folds 
Uncalled bet ($7.25) returned to JUANS2
JUANS2 collected $9.67 from pot
JUANS2: doesn't show hand 
*** SUMMARY ***
Total pot $10.18 | Rake $0.51 
Board [6c Jh 6d 5s Th]
Seat 1: z00mba folded before Flop (didn't bet)
Seat 2: kvcsszblcs folded before Flop (didn't bet)
Seat 3: wojts (button) folded before Flop (didn't bet)
Seat 4: wasserfreund (small blind) folded on the River
Seat 5: JUANS2 (big blind) collected ($9.67)
Seat 6: Parabelum911 folded before Flop (didn't bet)



PokerStars Hand #254406396007:  Hold'em No Limit ($0.50/$1.00 USD) - 2025/01/16 22:57:14 WET [2025/01/16 17:57:14 ET]
Table 'Baillauda III' 6-max Seat #4 is the button
Seat 1: z00mba ($100 in chips) 
Seat 2: kvcsszblcs ($100 in chips) 
Seat 3: wojts ($96.50 in chips) 
Seat 4: wasserfreund ($304.02 in chips) 
Seat 5: JUANS2 ($106.08 in chips) 
Seat 6: Parabelum911 ($101.50 in chips) 
JUANS2: posts small blind $0.50
Parabelum911: posts big blind $1
*** HOLE CARDS ***
z00mba: folds 
kvcsszblcs: folds 
wojts: folds 
wasserfreund: folds 
JUANS2: raises $2 to $3
Parabelum911: raises $6 to $9
JUANS2: folds 
Uncalled bet ($6) returned to Parabelum911
Parabelum911 collected $6 from pot
Parabelum911: doesn't show hand 
*** SUMMARY ***
Total pot $6 | Rake $0 
Seat 1: z00mba folded before Flop (didn't bet)
Seat 2: kvcsszblcs folded before Flop (didn't bet)
Seat 3: wojts folded before Flop (didn't bet)
Seat 4: wasserfreund (button) folded before Flop (didn't bet)
Seat 5: JUANS2 (small blind) folded before Flop
Seat 6: Parabelum911 (big blind) collected ($6)



PokerStars Hand #254406401534:  Hold'em No Limit ($0.50/$1.00 USD) - 2025/01/16 22:57:41 WET [2025/01/16 17:57:41 ET]
Table 'Baillauda III' 6-max Seat #5 is the button
Seat 1: z00mba ($100 in chips) 
Seat 2: kvcsszblcs ($100 in chips) 
Seat 3: wojts ($96.50 in chips) 
Seat 4: wasserfreund ($304.02 in chips) 
Seat 5: JUANS2 ($103.08 in chips) 
Seat 6: Parabelum911 ($104.50 in chips) 
Parabelum911: posts small blind $0.50
z00mba: posts big blind $1
*** HOLE CARDS ***
kvcsszblcs: folds 
wojts: folds 
wasserfreund: raises $1 to $2
JUANS2: folds 
Parabelum911: folds 
z00mba: calls $1
*** FLOP *** [Td 4h Kh]
z00mba: checks 
wasserfreund: checks 
*** TURN *** [Td 4h Kh] [Qd]
z00mba: checks 
wasserfreund: checks 
*** RIVER *** [Td 4h Kh Qd] [Qc]
z00mba: checks 
wasserfreund: checks 
*** SHOW DOWN ***
z00mba: shows [5d Ah] (a pair of Queens)
wasserfreund: shows [As 5h] (a pair of Queens)
z00mba collected $2.14 from pot
wasserfreund collected $2.14 from pot
*** SUMMARY ***
Total pot $4.50 | Rake $0.22 
Board [Td 4h Kh Qd Qc]
Seat 1: z00mba (big blind) showed [5d Ah] and won ($2.14) with a pair of Queens
Seat 2: kvcsszblcs folded before Flop (didn't bet)
Seat 3: wojts folded before Flop (didn't bet)
Seat 4: wasserfreund showed [As 5h] and won ($2.14) with a pair of Queens
Seat 5: JUANS2 (button) folded before Flop (didn't bet)
Seat 6: Parabelum911 (small blind) folded before Flop



PokerStars Hand #254406409921:  Hold'em No Limit ($0.50/$1.00 USD) - 2025/01/16 22:58:23 WET [2025/01/16 17:58:23 ET]
Table 'Baillauda III' 6-max Seat #6 is the button
Seat 1: z00mba ($100.14 in chips) 
Seat 2: kvcsszblcs ($100 in chips) 
Seat 3: wojts ($96.50 in chips) 
Seat 4: wasserfreund ($304.16 in chips) 
Seat 5: JUANS2 ($103.08 in chips) 
Seat 6: Parabelum911 ($104 in chips) 
z00mba: posts small blind $0.50
kvcsszblcs: posts big blind $1
*** HOLE CARDS ***
wojts: raises $2 to $3
wasserfreund: calls $3
JUANS2: folds 
Parabelum911: folds 
z00mba: folds 
kvcsszblcs: calls $2
*** FLOP *** [Ah 2c 3d]
kvcsszblcs: checks 
wojts: checks 
wasserfreund: checks 
*** TURN *** [Ah 2c 3d] [Ac]
kvcsszblcs: checks 
wojts: bets $4.51
wasserfreund: calls $4.51
kvcsszblcs: folds 
*** RIVER *** [Ah 2c 3d Ac] [9d]
wojts: bets $6.80
wasserfreund: folds 
Uncalled bet ($6.80) returned to wojts
wojts collected $17.59 from pot
wojts: doesn't show hand 
*** SUMMARY ***
Total pot $18.52 | Rake $0.93 
Board [Ah 2c 3d Ac 9d]
Seat 1: z00mba (small blind) folded before Flop
Seat 2: kvcsszblcs (big blind) folded on the Turn
Seat 3: wojts collected ($17.59)
Seat 4: wasserfreund folded on the River
Seat 5: JUANS2 folded before Flop (didn't bet)
Seat 6: Parabelum911 (button) folded before Flop (didn't bet)



PokerStars Hand #254406424497:  Hold'em No Limit ($0.50/$1.00 USD) - 2025/01/16 22:59:37 WET [2025/01/16 17:59:37 ET]
Table 'Baillauda III' 6-max Seat #1 is the button
Seat 1: z00mba ($100 in chips) 
Seat 2: kvcsszblcs ($100 in chips) 
Seat 3: wojts ($106.58 in chips) 
Seat 4: wasserfreund ($296.65 in chips) 
Seat 5: JUANS2 ($103.08 in chips) 
Seat 6: Parabelum911 ($104 in chips) 
kvcsszblcs: posts small blind $0.50
wojts: posts big blind $1
*** HOLE CARDS ***
wasserfreund: calls $1
JUANS2: folds 
Parabelum911: folds 
z00mba: raises $2.50 to $3.50
kvcsszblcs: folds 
wojts: folds 
wasserfreund: calls $2.50
*** FLOP *** [Jh Ac 3s]
wasserfreund: checks 
z00mba: checks 
*** TURN *** [Jh Ac 3s] [9h]
wasserfreund: bets $3.15
z00mba: calls $3.15
*** RIVER *** [Jh Ac 3s 9h] [6h]
wasserfreund: checks 
z00mba: checks 
*** SHOW DOWN ***
wasserfreund: shows [4c 4s] (a pair of Fours)
z00mba: shows [Kh Js] (a pair of Jacks)
z00mba collected $14.06 from pot
*** SUMMARY ***
Total pot $14.80 | Rake $0.74 
Board [Jh Ac 3s 9h 6h]
Seat 1: z00mba (button) showed [Kh Js] and won ($14.06) with a pair of Jacks
Seat 2: kvcsszblcs (small blind) folded before Flop
Seat 3: wojts (big blind) folded before Flop
Seat 4: wasserfreund showed [4c 4s] and lost with a pair of Fours
Seat 5: JUANS2 folded before Flop (didn't bet)
Seat 6: Parabelum911 folded before Flop (didn't bet)



PokerStars Hand #254406436292:  Hold'em No Limit ($0.50/$1.00 USD) - 2025/01/16 23:00:35 WET [2025/01/16 18:00:35 ET]
Table 'Baillauda III' 6-max Seat #2 is the button
Seat 1: z00mba ($107.41 in chips) 
Seat 2: kvcsszblcs ($100 in chips) 
Seat 3: wojts ($105.58 in chips) 
Seat 4: wasserfreund ($290 in chips) 
Seat 5: JUANS2 ($103.08 in chips) 
Seat 6: Parabelum911 ($104 in chips) 
wojts: posts small blind $0.50
wasserfreund: posts big blind $1
*** HOLE CARDS ***
JUANS2: folds 
Parabelum911: raises $1.50 to $2.50
z00mba: folds 
kvcsszblcs: folds 
wojts: folds 
wasserfreund: calls $1.50
*** FLOP *** [Qh 5h 5d]
wasserfreund: checks 
Parabelum911: bets $1.77
wasserfreund: calls $1.77
*** TURN *** [Qh 5h 5d] [5c]
wasserfreund: checks 
Parabelum911: checks 
*** RIVER *** [Qh 5h 5d 5c] [Ts]
wasserfreund: checks 
Parabelum911: checks 
*** SHOW DOWN ***
wasserfreund: shows [9d Th] (a full house, Fives full of Tens)
Parabelum911: mucks hand 
wasserfreund collected $8.59 from pot
*** SUMMARY ***
Total pot $9.04 | Rake $0.45 
Board [Qh 5h 5d 5c Ts]
Seat 1: z00mba folded before Flop (didn't bet)
Seat 2: kvcsszblcs (button) folded before Flop (didn't bet)
Seat 3: wojts (small blind) folded before Flop
Seat 4: wasserfreund (big blind) showed [9d Th] and won ($8.59) with a full house, Fives full of Tens
Seat 5: JUANS2 folded before Flop (didn't bet)
Seat 6: Parabelum911 mucked



PokerStars Hand #254406447214:  Hold'em No Limit ($0.50/$1.00 USD) - 2025/01/16 23:01:23 WET [2025/01/16 18:01:23 ET]
Table 'Baillauda III' 6-max Seat #3 is the button
Seat 1: z00mba ($107.41 in chips) 
Seat 2: kvcsszblcs ($100 in chips) 
Seat 3: wojts ($105.08 in chips) 
Seat 4: wasserfreund ($294.32 in chips) 
Seat 5: JUANS2 ($103.08 in chips) 
Seat 6: Parabelum911 ($100 in chips) 
wasserfreund: posts small blind $0.50
JUANS2: posts big blind $1
*** HOLE CARDS ***
Parabelum911: raises $1.50 to $2.50
z00mba: folds 
kvcsszblcs: folds 
wojts: folds 
wasserfreund: calls $2
JUANS2: calls $1.50
*** FLOP *** [Ks Ac Qs]
wasserfreund: checks 
JUANS2: checks 
Parabelum911: checks 
*** TURN *** [Ks Ac Qs] [Qh]
wasserfreund: checks 
JUANS2: bets $5.34
Parabelum911: folds 
wasserfreund: calls $5.34
*** RIVER *** [Ks Ac Qs Qh] [7h]
wasserfreund: checks 
JUANS2: bets $13.50
wasserfreund: calls $13.50
*** SHOW DOWN ***
JUANS2: shows [Jd Td] (a straight, Ten to Ace)
wasserfreund: shows [Jh Th] (a straight, Ten to Ace)
wasserfreund collected $21.46 from pot
JUANS2 collected $21.46 from pot
*** SUMMARY ***
Total pot $45.18 | Rake $2.26 
Board [Ks Ac Qs Qh 7h]
Seat 1: z00mba folded before Flop (didn't bet)
Seat 2: kvcsszblcs folded before Flop (didn't bet)
Seat 3: wojts (button) folded before Flop (didn't bet)
Seat 4: wasserfreund (small blind) showed [Jh Th] and won ($21.46) with a straight, Ten to Ace
Seat 5: JUANS2 (big blind) showed [Jd Td] and won ($21.46) with a straight, Ten to Ace
Seat 6: Parabelum911 folded on the Turn



PokerStars Hand #254406460387:  Hold'em No Limit ($0.50/$1.00 USD) - 2025/01/16 23:02:15 WET [2025/01/16 18:02:15 ET]
Table 'Baillauda III' 6-max Seat #4 is the button
Seat 1: z00mba ($107.41 in chips) 
Seat 2: kvcsszblcs ($100 in chips) 
Seat 3: wojts ($105.08 in chips) 
Seat 4: wasserfreund ($294.44 in chips) 
Seat 5: JUANS2 ($103.20 in chips) 
Seat 6: Parabelum911 ($100 in chips) 
JUANS2: posts small blind $0.50
Parabelum911: posts big blind $1
*** HOLE CARDS ***
z00mba: folds 
kvcsszblcs: folds 
wojts: raises $2 to $3
wasserfreund: calls $3
JUANS2: folds 
Parabelum911: calls $2
*** FLOP *** [2s Js 4c]
Parabelum911: checks 
wojts: checks 
wasserfreund: checks 
*** TURN *** [2s Js 4c] [Qh]
Parabelum911: bets $2.71
wojts: calls $2.71
wasserfreund: folds 
*** RIVER *** [2s Js 4c Qh] [Ts]
Parabelum911: bets $17
wojts: folds 
Uncalled bet ($17) returned to Parabelum911
Parabelum911 collected $14.17 from pot
Parabelum911: doesn't show hand 
*** SUMMARY ***
Total pot $14.92 | Rake $0.75 
Board [2s Js 4c Qh Ts]
Seat 1: z00mba folded before Flop (didn't bet)
Seat 2: kvcsszblcs folded before Flop (didn't bet)
Seat 3: wojts folded on the River
Seat 4: wasserfreund (button) folded on the Turn
Seat 5: JUANS2 (small blind) folded before Flop
Seat 6: Parabelum911 (big blind) collected ($14.17)



PokerStars Hand #254406477245:  Hold'em No Limit ($0.50/$1.00 USD) - 2025/01/16 23:03:20 WET [2025/01/16 18:03:20 ET]
Table 'Baillauda III' 6-max Seat #5 is the button
Seat 1: z00mba ($107.41 in chips) 
Seat 2: kvcsszblcs ($100 in chips) 
Seat 3: wojts ($99.37 in chips) 
Seat 4: wasserfreund ($291.44 in chips) 
Seat 5: JUANS2 ($102.70 in chips) 
Seat 6: Parabelum911 ($108.46 in chips) 
Parabelum911: posts small blind $0.50
z00mba: posts big blind $1
*** HOLE CARDS ***
kvcsszblcs: folds 
wojts: folds 
wasserfreund: raises $1.44 to $2.44
JUANS2: folds 
Parabelum911: folds 
z00mba: folds 
Uncalled bet ($1.44) returned to wasserfreund
wasserfreund collected $2.50 from pot
wasserfreund: doesn't show hand 
*** SUMMARY ***
Total pot $2.50 | Rake $0 
Seat 1: z00mba (big blind) folded before Flop
Seat 2: kvcsszblcs folded before Flop (didn't bet)
Seat 3: wojts folded before Flop (didn't bet)
Seat 4: wasserfreund collected ($2.50)
Seat 5: JUANS2 (button) folded before Flop (didn't bet)
Seat 6: Parabelum911 (small blind) folded before Flop



PokerStars Hand #254406481433:  Hold'em No Limit ($0.50/$1.00 USD) - 2025/01/16 23:03:36 WET [2025/01/16 18:03:36 ET]
Table 'Baillauda III' 6-max Seat #6 is the button
Seat 1: z00mba ($106.41 in chips) 
Seat 2: kvcsszblcs ($100 in chips) 
Seat 3: wojts ($99.37 in chips) 
Seat 4: wasserfreund ($292.94 in chips) 
Seat 5: JUANS2 ($102.70 in chips) 
Seat 6: Parabelum911 ($107.96 in chips) 
z00mba: posts small blind $0.50
kvcsszblcs: posts big blind $1
*** HOLE CARDS ***
wojts: folds 
wasserfreund: calls $1
JUANS2: folds 
Parabelum911: folds 
z00mba: folds 
kvcsszblcs: raises $5 to $6
wasserfreund: folds 
Uncalled bet ($5) returned to kvcsszblcs
kvcsszblcs collected $2.50 from pot
kvcsszblcs: doesn't show hand 
*** SUMMARY ***
Total pot $2.50 | Rake $0 
Seat 1: z00mba (small blind) folded before Flop
Seat 2: kvcsszblcs (big blind) collected ($2.50)
Seat 3: wojts folded before Flop (didn't bet)
Seat 4: wasserfreund folded before Flop
Seat 5: JUANS2 folded before Flop (didn't bet)
Seat 6: Parabelum911 (button) folded before Flop (didn't bet)



PokerStars Hand #254406487585:  Hold'em No Limit ($0.50/$1.00 USD) - 2025/01/16 23:03:59 WET [2025/01/16 18:03:59 ET]
Table 'Baillauda III' 6-max Seat #1 is the button
Seat 3: wojts ($99.37 in chips) is sitting out
Seat 1: z00mba ($105.91 in chips) 
Seat 2: kvcsszblcs ($101.50 in chips) 
Seat 4: wasserfreund ($291.94 in chips) 
Seat 5: JUANS2 ($102.70 in chips) 
Seat 6: Parabelum911 ($107.96 in chips) 
kvcsszblcs: posts small blind $0.50
wojts: is sitting out 
wasserfreund: posts big blind $1
*** HOLE CARDS ***
JUANS2: folds 
Parabelum911: folds 
z00mba: folds 
kvcsszblcs: folds 
Uncalled bet ($0.50) returned to wasserfreund
wasserfreund collected $1 from pot
wasserfreund: doesn't show hand 
wojts leaves the table
*** SUMMARY ***
Total pot $1 | Rake $0 
Seat 3: wojts
Seat 1: z00mba (button) folded before Flop (didn't bet)
Seat 2: kvcsszblcs (small blind) folded before Flop
Seat 4: wasserfreund (big blind) collected ($1)
Seat 5: JUANS2 folded before Flop (didn't bet)
Seat 6: Parabelum911 folded before Flop (didn't bet)



PokerStars Hand #254406490492:  Hold'em No Limit ($0.50/$1.00 USD) - 2025/01/16 23:04:10 WET [2025/01/16 18:04:10 ET]
Table 'Baillauda III' 6-max Seat #2 is the button
Seat 1: z00mba ($105.91 in chips) 
Seat 2: kvcsszblcs ($101 in chips) 
Seat 4: wasserfreund ($292.44 in chips) 
Seat 5: JUANS2 ($102.70 in chips) 
Seat 6: Parabelum911 ($107.96 in chips) 
wasserfreund: posts small blind $0.50
JUANS2: posts big blind $1
*** HOLE CARDS ***
Parabelum911: folds 
z00mba: raises $1.50 to $2.50
kvcsszblcs: calls $2.50
wasserfreund: folds 
JUANS2: folds 
*** FLOP *** [Kc 2s 7s]
BGS013 joins the table at seat #3 
z00mba: checks 
kvcsszblcs: bets $2.47
z00mba: folds 
Uncalled bet ($2.47) returned to kvcsszblcs
kvcsszblcs collected $6.18 from pot
kvcsszblcs: doesn't show hand 
*** SUMMARY ***
Total pot $6.50 | Rake $0.32 
Board [Kc 2s 7s]
Seat 1: z00mba folded on the Flop
Seat 2: kvcsszblcs (button) collected ($6.18)
Seat 4: wasserfreund (small blind) folded before Flop
Seat 5: JUANS2 (big blind) folded before Flop
Seat 6: Parabelum911 folded before Flop (didn't bet)



PokerStars Hand #254406831353:  Hold'em No Limit ($0.50/$1.00 USD) - 2025/01/16 23:25:40 WET [2025/01/16 18:25:40 ET]
Table 'Baillauda III' 6-max Seat #6 is the button
Seat 1: z00mba ($109 in chips) 
Seat 2: kvcsszblcs ($100 in chips) 
Seat 3: BGS013 ($121.85 in chips) 
Seat 4: wasserfreund ($334.99 in chips) 
Seat 5: BMOGS7 ($117.07 in chips) 
Seat 6: Parabelum911 ($140.90 in chips) 
z00mba: posts small blind $0.50
kvcsszblcs: posts big blind $1
*** HOLE CARDS ***
BGS013: folds 
wasserfreund: raises $1 to $2
BMOGS7: folds 
Parabelum911: folds 
z00mba: folds 
kvcsszblcs: folds 
Uncalled bet ($1) returned to wasserfreund
wasserfreund collected $2.50 from pot
wasserfreund: doesn't show hand 
*** SUMMARY ***
Total pot $2.50 | Rake $0 
Seat 1: z00mba (small blind) folded before Flop
Seat 2: kvcsszblcs (big blind) folded before Flop
Seat 3: BGS013 folded before Flop (didn't bet)
Seat 4: wasserfreund collected ($2.50)
Seat 5: BMOGS7 folded before Flop (didn't bet)
Seat 6: Parabelum911 (button) folded before Flop (didn't bet)



PokerStars Hand #254406499103:  Hold'em No Limit ($0.50/$1.00 USD) - 2025/01/16 23:04:42 WET [2025/01/16 18:04:42 ET]
Table 'Baillauda III' 6-max Seat #4 is the button
Seat 3: BGS013 ($107.42 in chips) is sitting out
Seat 1: z00mba ($103.41 in chips) 
Seat 2: kvcsszblcs ($104.68 in chips) 
Seat 4: wasserfreund ($291.94 in chips) 
Seat 5: JUANS2 ($101.70 in chips) 
Seat 6: Parabelum911 ($107.96 in chips) 
JUANS2: posts small blind $0.50
Parabelum911: posts big blind $1
BGS013: sits out 
*** HOLE CARDS ***
z00mba: folds 
kvcsszblcs: folds 
wasserfreund: raises $1 to $2
JUANS2: raises $5 to $7
Parabelum911: raises $16.60 to $23.60
wasserfreund: folds 
JUANS2: folds 
Uncalled bet ($16.60) returned to Parabelum911
Parabelum911 collected $16 from pot
Parabelum911: doesn't show hand 
*** SUMMARY ***
Total pot $16 | Rake $0 
Seat 3: BGS013
Seat 1: z00mba folded before Flop (didn't bet)
Seat 2: kvcsszblcs folded before Flop (didn't bet)
Seat 4: wasserfreund (button) folded before Flop
Seat 5: JUANS2 (small blind) folded before Flop
Seat 6: Parabelum911 (big blind) collected ($16)



PokerStars Hand #254406509841:  Hold'em No Limit ($0.50/$1.00 USD) - 2025/01/16 23:05:22 WET [2025/01/16 18:05:22 ET]
Table 'Baillauda III' 6-max Seat #5 is the button
Seat 3: BGS013 ($107.42 in chips) is sitting out
Seat 1: z00mba ($103.41 in chips) 
Seat 2: kvcsszblcs ($104.68 in chips) 
Seat 4: wasserfreund ($289.94 in chips) 
Seat 5: JUANS2 ($100 in chips) 
Seat 6: Parabelum911 ($116.96 in chips) 
Parabelum911: posts small blind $0.50
z00mba: posts big blind $1
BGS013: sits out 
*** HOLE CARDS ***
kvcsszblcs: raises $1 to $2
wasserfreund: folds 
JUANS2: raises $5.50 to $7.50
Parabelum911: folds 
z00mba: folds 
kvcsszblcs: folds 
Uncalled bet ($5.50) returned to JUANS2
JUANS2 collected $5.50 from pot
JUANS2: doesn't show hand 
*** SUMMARY ***
Total pot $5.50 | Rake $0 
Seat 3: BGS013
Seat 1: z00mba (big blind) folded before Flop
Seat 2: kvcsszblcs folded before Flop
Seat 4: wasserfreund folded before Flop (didn't bet)
Seat 5: JUANS2 (button) collected ($5.50)
Seat 6: Parabelum911 (small blind) folded before Flop



PokerStars Hand #254406517030:  Hold'em No Limit ($0.50/$1.00 USD) - 2025/01/16 23:05:49 WET [2025/01/16 18:05:49 ET]
Table 'Baillauda III' 6-max Seat #6 is the button
Seat 3: BGS013 ($107.42 in chips) is sitting out
Seat 1: z00mba ($102.41 in chips) 
Seat 2: kvcsszblcs ($102.68 in chips) 
Seat 4: wasserfreund ($289.94 in chips) 
Seat 5: JUANS2 ($103.50 in chips) 
Seat 6: Parabelum911 ($116.46 in chips) 
z00mba: posts small blind $0.50
kvcsszblcs: posts big blind $1
BGS013: sits out 
*** HOLE CARDS ***
wasserfreund: folds 
JUANS2: folds 
Parabelum911: folds 
z00mba: folds 
Uncalled bet ($0.50) returned to kvcsszblcs
kvcsszblcs collected $1 from pot
kvcsszblcs: doesn't show hand 
*** SUMMARY ***
Total pot $1 | Rake $0 
Seat 3: BGS013
Seat 1: z00mba (small blind) folded before Flop
Seat 2: kvcsszblcs (big blind) collected ($1)
Seat 4: wasserfreund folded before Flop (didn't bet)
Seat 5: JUANS2 folded before Flop (didn't bet)
Seat 6: Parabelum911 (button) folded before Flop (didn't bet)



PokerStars Hand #254406519559:  Hold'em No Limit ($0.50/$1.00 USD) - 2025/01/16 23:05:59 WET [2025/01/16 18:05:59 ET]
Table 'Baillauda III' 6-max Seat #1 is the button
Seat 1: z00mba ($101.91 in chips) 
Seat 2: kvcsszblcs ($103.18 in chips) 
Seat 3: BGS013 ($107.42 in chips) 
Seat 4: wasserfreund ($289.94 in chips) 
Seat 5: JUANS2 ($103.50 in chips) 
Seat 6: Parabelum911 ($116.46 in chips) 
kvcsszblcs: posts small blind $0.50
BGS013: posts big blind $1
*** HOLE CARDS ***
wasserfreund: folds 
JUANS2: raises $1.20 to $2.20
Parabelum911: folds 
z00mba: folds 
kvcsszblcs: folds 
BGS013: calls $1.20
*** FLOP *** [Qh 8s 5h]
BGS013: checks 
JUANS2: bets $2.33
BGS013: folds 
Uncalled bet ($2.33) returned to JUANS2
JUANS2 collected $4.66 from pot
JUANS2: doesn't show hand 
*** SUMMARY ***
Total pot $4.90 | Rake $0.24 
Board [Qh 8s 5h]
Seat 1: z00mba (button) folded before Flop (didn't bet)
Seat 2: kvcsszblcs (small blind) folded before Flop
Seat 3: BGS013 (big blind) folded on the Flop
Seat 4: wasserfreund folded before Flop (didn't bet)
Seat 5: JUANS2 collected ($4.66)
Seat 6: Parabelum911 folded before Flop (didn't bet)



PokerStars Hand #254406528051:  Hold'em No Limit ($0.50/$1.00 USD) - 2025/01/16 23:06:31 WET [2025/01/16 18:06:31 ET]
Table 'Baillauda III' 6-max Seat #2 is the button
Seat 1: z00mba ($101.91 in chips) 
Seat 2: kvcsszblcs ($102.68 in chips) 
Seat 3: BGS013 ($105.22 in chips) 
Seat 4: wasserfreund ($289.94 in chips) 
Seat 5: JUANS2 ($105.96 in chips) 
Seat 6: Parabelum911 ($116.46 in chips) 
BGS013: posts small blind $0.50
wasserfreund: posts big blind $1
*** HOLE CARDS ***
JUANS2: folds 
Parabelum911: raises $1.50 to $2.50
z00mba: folds 
kvcsszblcs: folds 
BGS013: folds 
wasserfreund: calls $1.50
*** FLOP *** [4c 6h 4h]
wasserfreund: checks 
Parabelum911: bets $3.92
wasserfreund: calls $3.92
*** TURN *** [4c 6h 4h] [2s]
wasserfreund: checks 
Parabelum911: bets $9.50
wasserfreund: calls $9.50
*** RIVER *** [4c 6h 4h 2s] [4d]
wasserfreund: checks 
Parabelum911: bets $9.22
wasserfreund: folds 
Uncalled bet ($9.22) returned to Parabelum911
Parabelum911 collected $30.72 from pot
Parabelum911: doesn't show hand 
*** SUMMARY ***
Total pot $32.34 | Rake $1.62 
Board [4c 6h 4h 2s 4d]
Seat 1: z00mba folded before Flop (didn't bet)
Seat 2: kvcsszblcs (button) folded before Flop (didn't bet)
Seat 3: BGS013 (small blind) folded before Flop
Seat 4: wasserfreund (big blind) folded on the River
Seat 5: JUANS2 folded before Flop (didn't bet)
Seat 6: Parabelum911 collected ($30.72)



PokerStars Hand #254406544947:  Hold'em No Limit ($0.50/$1.00 USD) - 2025/01/16 23:07:34 WET [2025/01/16 18:07:34 ET]
Table 'Baillauda III' 6-max Seat #3 is the button
Seat 1: z00mba ($101.91 in chips) 
Seat 2: kvcsszblcs ($102.68 in chips) 
Seat 3: BGS013 ($104.72 in chips) 
Seat 4: wasserfreund ($274.02 in chips) 
Seat 5: JUANS2 ($105.96 in chips) 
Seat 6: Parabelum911 ($131.26 in chips) 
wasserfreund: posts small blind $0.50
JUANS2: posts big blind $1
*** HOLE CARDS ***
Parabelum911: folds 
z00mba: raises $1.50 to $2.50
kvcsszblcs: folds 
BGS013: folds 
wasserfreund: calls $2
JUANS2: calls $1.50
*** FLOP *** [9s 2h Kd]
wasserfreund: bets $7.12
JUANS2: folds 
z00mba: folds 
Uncalled bet ($7.12) returned to wasserfreund
wasserfreund collected $7.12 from pot
wasserfreund: doesn't show hand 
*** SUMMARY ***
Total pot $7.50 | Rake $0.38 
Board [9s 2h Kd]
Seat 1: z00mba folded on the Flop
Seat 2: kvcsszblcs folded before Flop (didn't bet)
Seat 3: BGS013 (button) folded before Flop (didn't bet)
Seat 4: wasserfreund (small blind) collected ($7.12)
Seat 5: JUANS2 (big blind) folded on the Flop
Seat 6: Parabelum911 folded before Flop (didn't bet)



PokerStars Hand #254406553277:  Hold'em No Limit ($0.50/$1.00 USD) - 2025/01/16 23:08:05 WET [2025/01/16 18:08:05 ET]
Table 'Baillauda III' 6-max Seat #4 is the button
Seat 1: z00mba ($100 in chips) 
Seat 2: kvcsszblcs ($102.68 in chips) 
Seat 3: BGS013 ($104.72 in chips) 
Seat 4: wasserfreund ($278.64 in chips) 
Seat 5: JUANS2 ($103.46 in chips) 
Seat 6: Parabelum911 ($131.26 in chips) 
JUANS2: posts small blind $0.50
Parabelum911: posts big blind $1
*** HOLE CARDS ***
z00mba: folds 
kvcsszblcs: folds 
BGS013: raises $1.50 to $2.50
wasserfreund: calls $2.50
JUANS2: raises $11.50 to $14
Parabelum911: folds 
BGS013: folds 
wasserfreund: calls $11.50
*** FLOP *** [Ts Ks 4h]
JUANS2: bets $7
wasserfreund: calls $7
*** TURN *** [Ts Ks 4h] [Qh]
JUANS2: bets $28.50
wasserfreund: folds 
Uncalled bet ($28.50) returned to JUANS2
JUANS2 collected $43.22 from pot
JUANS2: doesn't show hand 
*** SUMMARY ***
Total pot $45.50 | Rake $2.28 
Board [Ts Ks 4h Qh]
Seat 1: z00mba folded before Flop (didn't bet)
Seat 2: kvcsszblcs folded before Flop (didn't bet)
Seat 3: BGS013 folded before Flop
Seat 4: wasserfreund (button) folded on the Turn
Seat 5: JUANS2 (small blind) collected ($43.22)
Seat 6: Parabelum911 (big blind) folded before Flop



PokerStars Hand #254406568235:  Hold'em No Limit ($0.50/$1.00 USD) - 2025/01/16 23:09:02 WET [2025/01/16 18:09:02 ET]
Table 'Baillauda III' 6-max Seat #5 is the button
Seat 1: z00mba ($100 in chips) 
Seat 2: kvcsszblcs ($102.68 in chips) 
Seat 3: BGS013 ($102.22 in chips) 
Seat 4: wasserfreund ($257.64 in chips) 
Seat 5: JUANS2 ($125.68 in chips) 
Seat 6: Parabelum911 ($130.26 in chips) 
Parabelum911: posts small blind $0.50
z00mba: posts big blind $1
*** HOLE CARDS ***
kvcsszblcs: folds 
BGS013: folds 
wasserfreund: folds 
JUANS2: folds 
Parabelum911: folds 
Uncalled bet ($0.50) returned to z00mba
z00mba collected $1 from pot
z00mba: doesn't show hand 
*** SUMMARY ***
Total pot $1 | Rake $0 
Seat 1: z00mba (big blind) collected ($1)
Seat 2: kvcsszblcs folded before Flop (didn't bet)
Seat 3: BGS013 folded before Flop (didn't bet)
Seat 4: wasserfreund folded before Flop (didn't bet)
Seat 5: JUANS2 (button) folded before Flop (didn't bet)
Seat 6: Parabelum911 (small blind) folded before Flop



PokerStars Hand #254406571085:  Hold'em No Limit ($0.50/$1.00 USD) - 2025/01/16 23:09:12 WET [2025/01/16 18:09:12 ET]
Table 'Baillauda III' 6-max Seat #6 is the button
Seat 1: z00mba ($100.50 in chips) 
Seat 2: kvcsszblcs ($102.68 in chips) 
Seat 3: BGS013 ($102.22 in chips) 
Seat 4: wasserfreund ($257.64 in chips) 
Seat 5: JUANS2 ($125.68 in chips) 
Seat 6: Parabelum911 ($129.76 in chips) 
z00mba: posts small blind $0.50
kvcsszblcs: posts big blind $1
*** HOLE CARDS ***
BGS013: folds 
wasserfreund: calls $1
JUANS2: raises $3 to $4
Parabelum911: folds 
z00mba: folds 
kvcsszblcs: calls $3
wasserfreund: calls $3
*** FLOP *** [3h 3d Jh]
kvcsszblcs: checks 
wasserfreund: checks 
JUANS2: checks 
*** TURN *** [3h 3d Jh] [Jc]
kvcsszblcs: checks 
wasserfreund: checks 
JUANS2: checks 
*** RIVER *** [3h 3d Jh Jc] [Qs]
kvcsszblcs: checks 
wasserfreund: bets $11.88
JUANS2: folds 
kvcsszblcs: folds 
Uncalled bet ($11.88) returned to wasserfreund
wasserfreund collected $11.88 from pot
wasserfreund: doesn't show hand 
*** SUMMARY ***
Total pot $12.50 | Rake $0.62 
Board [3h 3d Jh Jc Qs]
Seat 1: z00mba (small blind) folded before Flop
Seat 2: kvcsszblcs (big blind) folded on the River
Seat 3: BGS013 folded before Flop (didn't bet)
Seat 4: wasserfreund collected ($11.88)
Seat 5: JUANS2 folded on the River
Seat 6: Parabelum911 (button) folded before Flop (didn't bet)



PokerStars Hand #254406592990:  Hold'em No Limit ($0.50/$1.00 USD) - 2025/01/16 23:10:35 WET [2025/01/16 18:10:35 ET]
Table 'Baillauda III' 6-max Seat #1 is the button
Seat 1: z00mba ($100 in chips) 
Seat 2: kvcsszblcs ($100 in chips) 
Seat 3: BGS013 ($102.22 in chips) 
Seat 4: wasserfreund ($265.52 in chips) 
Seat 5: JUANS2 ($121.68 in chips) 
Seat 6: Parabelum911 ($129.76 in chips) 
kvcsszblcs: posts small blind $0.50
BGS013: posts big blind $1
*** HOLE CARDS ***
wasserfreund: folds 
JUANS2: folds 
Parabelum911: folds 
z00mba: raises $1.50 to $2.50
kvcsszblcs: folds 
BGS013: folds 
Uncalled bet ($1.50) returned to z00mba
z00mba collected $2.50 from pot
z00mba: doesn't show hand 
*** SUMMARY ***
Total pot $2.50 | Rake $0 
Seat 1: z00mba (button) collected ($2.50)
Seat 2: kvcsszblcs (small blind) folded before Flop
Seat 3: BGS013 (big blind) folded before Flop
Seat 4: wasserfreund folded before Flop (didn't bet)
Seat 5: JUANS2 folded before Flop (didn't bet)
Seat 6: Parabelum911 folded before Flop (didn't bet)



PokerStars Hand #254406599573:  Hold'em No Limit ($0.50/$1.00 USD) - 2025/01/16 23:10:59 WET [2025/01/16 18:10:59 ET]
Table 'Baillauda III' 6-max Seat #2 is the button
Seat 1: z00mba ($101.50 in chips) 
Seat 2: kvcsszblcs ($100 in chips) 
Seat 3: BGS013 ($101.22 in chips) 
Seat 4: wasserfreund ($265.52 in chips) 
Seat 5: JUANS2 ($121.68 in chips) 
Seat 6: Parabelum911 ($129.76 in chips) 
BGS013: posts small blind $0.50
wasserfreund: posts big blind $1
*** HOLE CARDS ***
JUANS2: folds 
Parabelum911: raises $1.50 to $2.50
z00mba: folds 
kvcsszblcs: folds 
JUANS2 leaves the table
BGS013: folds 
wasserfreund: calls $1.50
*** FLOP *** [2s Qs 3h]
wasserfreund: checks 
Parabelum911: bets $2
wasserfreund: folds 
Uncalled bet ($2) returned to Parabelum911
Parabelum911 collected $5.22 from pot
Parabelum911: doesn't show hand 
*** SUMMARY ***
Total pot $5.50 | Rake $0.28 
Board [2s Qs 3h]
Seat 1: z00mba folded before Flop (didn't bet)
Seat 2: kvcsszblcs (button) folded before Flop (didn't bet)
Seat 3: BGS013 (small blind) folded before Flop
Seat 4: wasserfreund (big blind) folded on the Flop
Seat 5: JUANS2 folded before Flop (didn't bet)
Seat 6: Parabelum911 collected ($5.22)



PokerStars Hand #254406607686:  Hold'em No Limit ($0.50/$1.00 USD) - 2025/01/16 23:11:30 WET [2025/01/16 18:11:30 ET]
Table 'Baillauda III' 6-max Seat #3 is the button
Seat 1: z00mba ($101.50 in chips) 
Seat 2: kvcsszblcs ($100 in chips) 
Seat 3: BGS013 ($100.72 in chips) 
Seat 4: wasserfreund ($263.02 in chips) 
Seat 6: Parabelum911 ($132.48 in chips) 
wasserfreund: posts small blind $0.50
Parabelum911: posts big blind $1
*** HOLE CARDS ***
z00mba: raises $1.50 to $2.50
kvcsszblcs: raises $5.50 to $8
BGS013: folds 
wasserfreund: folds 
Parabelum911: folds 
z00mba: raises $14 to $22
kvcsszblcs: folds 
Uncalled bet ($14) returned to z00mba
z00mba collected $17.50 from pot
z00mba: doesn't show hand 
*** SUMMARY ***
Total pot $17.50 | Rake $0 
Seat 1: z00mba collected ($17.50)
Seat 2: kvcsszblcs folded before Flop
Seat 3: BGS013 (button) folded before Flop (didn't bet)
Seat 4: wasserfreund (small blind) folded before Flop
Seat 6: Parabelum911 (big blind) folded before Flop



PokerStars Hand #254406614370:  Hold'em No Limit ($0.50/$1.00 USD) - 2025/01/16 23:11:56 WET [2025/01/16 18:11:56 ET]
Table 'Baillauda III' 6-max Seat #4 is the button
Seat 1: z00mba ($111 in chips) is sitting out
Seat 2: kvcsszblcs ($100 in chips) 
Seat 3: BGS013 ($100.72 in chips) 
Seat 4: wasserfreund ($262.52 in chips) 
Seat 6: Parabelum911 ($131.48 in chips) 
Parabelum911: posts small blind $0.50
z00mba: is sitting out 
kvcsszblcs: posts big blind $1
*** HOLE CARDS ***
BGS013: folds 
wasserfreund: raises $1.52 to $2.52
Parabelum911: folds 
kvcsszblcs: folds 
Uncalled bet ($1.52) returned to wasserfreund
wasserfreund collected $2.50 from pot
wasserfreund: doesn't show hand 
*** SUMMARY ***
Total pot $2.50 | Rake $0 
Seat 1: z00mba
Seat 2: kvcsszblcs (big blind) folded before Flop
Seat 3: BGS013 folded before Flop (didn't bet)
Seat 4: wasserfreund (button) collected ($2.50)
Seat 6: Parabelum911 (small blind) folded before Flop



PokerStars Hand #254406620497:  Hold'em No Limit ($0.50/$1.00 USD) - 2025/01/16 23:12:19 WET [2025/01/16 18:12:19 ET]
Table 'Baillauda III' 6-max Seat #6 is the button
Seat 1: z00mba ($111 in chips) is sitting out
Seat 2: kvcsszblcs ($100 in chips) 
Seat 3: BGS013 ($100.72 in chips) 
Seat 4: wasserfreund ($264.02 in chips) 
Seat 6: Parabelum911 ($130.98 in chips) 
kvcsszblcs: posts small blind $0.50
BGS013: posts big blind $1
*** HOLE CARDS ***
wasserfreund: folds 
Parabelum911: folds 
kvcsszblcs: folds 
Uncalled bet ($0.50) returned to BGS013
BGS013 collected $1 from pot
BGS013: doesn't show hand 
*** SUMMARY ***
Total pot $1 | Rake $0 
Seat 1: z00mba
Seat 2: kvcsszblcs (small blind) folded before Flop
Seat 3: BGS013 (big blind) collected ($1)
Seat 4: wasserfreund folded before Flop (didn't bet)
Seat 6: Parabelum911 (button) folded before Flop (didn't bet)



PokerStars Hand #254406623128:  Hold'em No Limit ($0.50/$1.00 USD) - 2025/01/16 23:12:29 WET [2025/01/16 18:12:29 ET]
Table 'Baillauda III' 6-max Seat #2 is the button
Seat 1: z00mba ($111 in chips) is sitting out
Seat 2: kvcsszblcs ($100 in chips) 
Seat 3: BGS013 ($101.22 in chips) 
Seat 4: wasserfreund ($264.02 in chips) 
Seat 6: Parabelum911 ($130.98 in chips) 
BGS013: posts small blind $0.50
wasserfreund: posts big blind $1
*** HOLE CARDS ***
Parabelum911: folds 
kvcsszblcs: folds 
BGS013: raises $2 to $3
wasserfreund: calls $2
*** FLOP *** [8s Jd 2h]
BGS013: checks 
wasserfreund: checks 
*** TURN *** [8s Jd 2h] [Kc]
BMOGS7 joins the table at seat #5 
BMOGS7 is disconnected 
BGS013: checks 
wasserfreund: bets $5.70
BGS013: folds 
Uncalled bet ($5.70) returned to wasserfreund
wasserfreund collected $5.70 from pot
wasserfreund: doesn't show hand 
*** SUMMARY ***
Total pot $6 | Rake $0.30 
Board [8s Jd 2h Kc]
Seat 1: z00mba
Seat 2: kvcsszblcs (button) folded before Flop (didn't bet)
Seat 3: BGS013 (small blind) folded on the Turn
Seat 4: wasserfreund (big blind) collected ($5.70)
Seat 6: Parabelum911 folded before Flop (didn't bet)



PokerStars Hand #254406632709:  Hold'em No Limit ($0.50/$1.00 USD) - 2025/01/16 23:13:05 WET [2025/01/16 18:13:05 ET]
Table 'Baillauda III' 6-max Seat #3 is the button
Seat 1: z00mba ($111 in chips) is sitting out
Seat 2: kvcsszblcs ($100 in chips) 
Seat 3: BGS013 ($100 in chips) 
Seat 4: wasserfreund ($266.72 in chips) 
Seat 5: BMOGS7 ($100 in chips) 
Seat 6: Parabelum911 ($130.98 in chips) 
wasserfreund: posts small blind $0.50
BMOGS7: posts big blind $1
*** HOLE CARDS ***
Parabelum911: folds 
kvcsszblcs: folds 
BGS013: raises $1.50 to $2.50
wasserfreund: folds 
BMOGS7: folds 
Uncalled bet ($1.50) returned to BGS013
BGS013 collected $2.50 from pot
BGS013: doesn't show hand 
*** SUMMARY ***
Total pot $2.50 | Rake $0 
Seat 1: z00mba
Seat 2: kvcsszblcs folded before Flop (didn't bet)
Seat 3: BGS013 (button) collected ($2.50)
Seat 4: wasserfreund (small blind) folded before Flop
Seat 5: BMOGS7 (big blind) folded before Flop
Seat 6: Parabelum911 folded before Flop (didn't bet)



PokerStars Hand #254406637288:  Hold'em No Limit ($0.50/$1.00 USD) - 2025/01/16 23:13:22 WET [2025/01/16 18:13:22 ET]
Table 'Baillauda III' 6-max Seat #4 is the button
Seat 1: z00mba ($111 in chips) is sitting out
Seat 2: kvcsszblcs ($100 in chips) 
Seat 3: BGS013 ($101.50 in chips) 
Seat 4: wasserfreund ($266.22 in chips) 
Seat 5: BMOGS7 ($99 in chips) 
Seat 6: Parabelum911 ($130.98 in chips) 
BMOGS7: posts small blind $0.50
Parabelum911: posts big blind $1
*** HOLE CARDS ***
kvcsszblcs: folds 
BGS013: folds 
wasserfreund: raises $2.22 to $3.22
BMOGS7: folds 
Parabelum911: folds 
Uncalled bet ($2.22) returned to wasserfreund
wasserfreund collected $2.50 from pot
wasserfreund: doesn't show hand 
*** SUMMARY ***
Total pot $2.50 | Rake $0 
Seat 1: z00mba
Seat 2: kvcsszblcs folded before Flop (didn't bet)
Seat 3: BGS013 folded before Flop (didn't bet)
Seat 4: wasserfreund (button) collected ($2.50)
Seat 5: BMOGS7 (small blind) folded before Flop
Seat 6: Parabelum911 (big blind) folded before Flop



PokerStars Hand #254406644003:  Hold'em No Limit ($0.50/$1.00 USD) - 2025/01/16 23:13:48 WET [2025/01/16 18:13:48 ET]
Table 'Baillauda III' 6-max Seat #5 is the button
Seat 1: z00mba ($111 in chips) is sitting out
Seat 2: kvcsszblcs ($100 in chips) 
Seat 3: BGS013 ($101.50 in chips) 
Seat 4: wasserfreund ($267.72 in chips) 
Seat 5: BMOGS7 ($98.50 in chips) 
Seat 6: Parabelum911 ($129.98 in chips) 
Parabelum911: posts small blind $0.50
kvcsszblcs: posts big blind $1
*** HOLE CARDS ***
BGS013: folds 
wasserfreund: folds 
BMOGS7: calls $1
Parabelum911: folds 
kvcsszblcs: checks 
*** FLOP *** [2d Kh 7s]
kvcsszblcs: checks 
BMOGS7: checks 
*** TURN *** [2d Kh 7s] [3c]
kvcsszblcs: bets $2
BMOGS7: calls $2
*** RIVER *** [2d Kh 7s 3c] [Jc]
kvcsszblcs: bets $2
BMOGS7: folds 
Uncalled bet ($2) returned to kvcsszblcs
kvcsszblcs collected $6.18 from pot
kvcsszblcs: doesn't show hand 
*** SUMMARY ***
Total pot $6.50 | Rake $0.32 
Board [2d Kh 7s 3c Jc]
Seat 1: z00mba
Seat 2: kvcsszblcs (big blind) collected ($6.18)
Seat 3: BGS013 folded before Flop (didn't bet)
Seat 4: wasserfreund folded before Flop (didn't bet)
Seat 5: BMOGS7 (button) folded on the River
Seat 6: Parabelum911 (small blind) folded before Flop



PokerStars Hand #254406655658:  Hold'em No Limit ($0.50/$1.00 USD) - 2025/01/16 23:14:32 WET [2025/01/16 18:14:32 ET]
Table 'Baillauda III' 6-max Seat #6 is the button
Seat 1: z00mba ($111 in chips) is sitting out
Seat 2: kvcsszblcs ($103.18 in chips) 
Seat 3: BGS013 ($101.50 in chips) 
Seat 4: wasserfreund ($267.72 in chips) 
Seat 5: BMOGS7 ($95.50 in chips) 
Seat 6: Parabelum911 ($129.48 in chips) 
kvcsszblcs: posts small blind $0.50
BGS013: posts big blind $1
*** HOLE CARDS ***
wasserfreund: raises $1 to $2
BMOGS7: folds 
Parabelum911: folds 
kvcsszblcs: folds 
BGS013: folds 
Uncalled bet ($1) returned to wasserfreund
wasserfreund collected $2.50 from pot
wasserfreund: doesn't show hand 
*** SUMMARY ***
Total pot $2.50 | Rake $0 
Seat 1: z00mba
Seat 2: kvcsszblcs (small blind) folded before Flop
Seat 3: BGS013 (big blind) folded before Flop
Seat 4: wasserfreund collected ($2.50)
Seat 5: BMOGS7 folded before Flop (didn't bet)
Seat 6: Parabelum911 (button) folded before Flop (didn't bet)



PokerStars Hand #254406661853:  Hold'em No Limit ($0.50/$1.00 USD) - 2025/01/16 23:14:55 WET [2025/01/16 18:14:55 ET]
Table 'Baillauda III' 6-max Seat #2 is the button
Seat 1: z00mba ($111 in chips) is sitting out
Seat 2: kvcsszblcs ($102.68 in chips) 
Seat 3: BGS013 ($100.50 in chips) 
Seat 4: wasserfreund ($269.22 in chips) 
Seat 5: BMOGS7 ($95.50 in chips) 
Seat 6: Parabelum911 ($129.48 in chips) 
BGS013: posts small blind $0.50
wasserfreund: posts big blind $1
z00mba: sits out 
*** HOLE CARDS ***
BMOGS7: calls $1
Parabelum911: folds 
kvcsszblcs: folds 
BGS013: folds 
wasserfreund: checks 
*** FLOP *** [Qs 7c 6s]
wasserfreund: checks 
BMOGS7: checks 
*** TURN *** [Qs 7c 6s] [9h]
wasserfreund: checks 
BMOGS7: checks 
*** RIVER *** [Qs 7c 6s 9h] [Qc]
wasserfreund: checks 
BMOGS7: bets $1.19
wasserfreund: folds 
Uncalled bet ($1.19) returned to BMOGS7
BMOGS7 collected $2.38 from pot
*** SUMMARY ***
Total pot $2.50 | Rake $0.12 
Board [Qs 7c 6s 9h Qc]
Seat 1: z00mba
Seat 2: kvcsszblcs (button) folded before Flop (didn't bet)
Seat 3: BGS013 (small blind) folded before Flop
Seat 4: wasserfreund (big blind) folded on the River
Seat 5: BMOGS7 collected ($2.38)
Seat 6: Parabelum911 folded before Flop (didn't bet)



PokerStars Hand #254406670638:  Hold'em No Limit ($0.50/$1.00 USD) - 2025/01/16 23:15:28 WET [2025/01/16 18:15:28 ET]
Table 'Baillauda III' 6-max Seat #3 is the button
Seat 1: z00mba ($111 in chips) is sitting out
Seat 2: kvcsszblcs ($102.68 in chips) 
Seat 3: BGS013 ($100 in chips) 
Seat 4: wasserfreund ($268.22 in chips) 
Seat 5: BMOGS7 ($96.88 in chips) 
Seat 6: Parabelum911 ($129.48 in chips) 
wasserfreund: posts small blind $0.50
BMOGS7: posts big blind $1
z00mba: sits out 
*** HOLE CARDS ***
Parabelum911: folds 
kvcsszblcs: raises $1 to $2
BGS013: folds 
wasserfreund: folds 
BMOGS7: calls $1
*** FLOP *** [6h 5h Jc]
BMOGS7: checks 
kvcsszblcs: checks 
*** TURN *** [6h 5h Jc] [Ts]
BMOGS7: checks 
kvcsszblcs: bets $2.82
BMOGS7: calls $2.82
*** RIVER *** [6h 5h Jc Ts] [9c]
BMOGS7: checks 
kvcsszblcs: bets $6.36
BMOGS7: folds 
Uncalled bet ($6.36) returned to kvcsszblcs
kvcsszblcs collected $9.63 from pot
kvcsszblcs: doesn't show hand 
*** SUMMARY ***
Total pot $10.14 | Rake $0.51 
Board [6h 5h Jc Ts 9c]
Seat 1: z00mba
Seat 2: kvcsszblcs collected ($9.63)
Seat 3: BGS013 (button) folded before Flop (didn't bet)
Seat 4: wasserfreund (small blind) folded before Flop
Seat 5: BMOGS7 (big blind) folded on the River
Seat 6: Parabelum911 folded before Flop (didn't bet)



PokerStars Hand #254406685161:  Hold'em No Limit ($0.50/$1.00 USD) - 2025/01/16 23:16:23 WET [2025/01/16 18:16:23 ET]
Table 'Baillauda III' 6-max Seat #4 is the button
Seat 1: z00mba ($111 in chips) is sitting out
Seat 2: kvcsszblcs ($107.49 in chips) 
Seat 3: BGS013 ($100 in chips) 
Seat 4: wasserfreund ($267.72 in chips) 
Seat 5: BMOGS7 ($92.06 in chips) 
Seat 6: Parabelum911 ($129.48 in chips) 
BMOGS7: posts small blind $0.50
Parabelum911: posts big blind $1
z00mba: sits out 
*** HOLE CARDS ***
kvcsszblcs: folds 
BGS013: folds 
wasserfreund: raises $1 to $2
BMOGS7: calls $1.50
Parabelum911: calls $1
*** FLOP *** [6s Jh 7s]
BMOGS7: checks 
Parabelum911: checks 
wasserfreund: checks 
*** TURN *** [6s Jh 7s] [9d]
BMOGS7: checks 
Parabelum911: checks 
wasserfreund: bets $5.70
BMOGS7: calls $5.70
Parabelum911: folds 
*** RIVER *** [6s Jh 7s 9d] [5d]
BMOGS7: bets $8.27
wasserfreund: folds 
Uncalled bet ($8.27) returned to BMOGS7
BMOGS7 collected $16.53 from pot
*** SUMMARY ***
Total pot $17.40 | Rake $0.87 
Board [6s Jh 7s 9d 5d]
Seat 1: z00mba
Seat 2: kvcsszblcs folded before Flop (didn't bet)
Seat 3: BGS013 folded before Flop (didn't bet)
Seat 4: wasserfreund (button) folded on the River
Seat 5: BMOGS7 (small blind) collected ($16.53)
Seat 6: Parabelum911 (big blind) folded on the Turn



PokerStars Hand #254406700560:  Hold'em No Limit ($0.50/$1.00 USD) - 2025/01/16 23:17:22 WET [2025/01/16 18:17:22 ET]
Table 'Baillauda III' 6-max Seat #5 is the button
Seat 1: z00mba ($111 in chips) 
Seat 2: kvcsszblcs ($107.49 in chips) 
Seat 3: BGS013 ($100 in chips) 
Seat 4: wasserfreund ($260.02 in chips) 
Seat 5: BMOGS7 ($100.89 in chips) 
Seat 6: Parabelum911 ($127.48 in chips) 
Parabelum911: posts small blind $0.50
z00mba: posts big blind $1
*** HOLE CARDS ***
kvcsszblcs: folds 
BGS013: folds 
wasserfreund: raises $1 to $2
BMOGS7: calls $2
Parabelum911: folds 
z00mba: folds 
*** FLOP *** [2h 6c Jc]
wasserfreund: checks 
BMOGS7: checks 
*** TURN *** [2h 6c Jc] [Td]
wasserfreund: checks 
BMOGS7: checks 
*** RIVER *** [2h 6c Jc Td] [Kc]
wasserfreund: checks 
BMOGS7: checks 
*** SHOW DOWN ***
wasserfreund: shows [4c As] (high card Ace)
BMOGS7: shows [Kh 3c] (a pair of Kings)
BMOGS7 collected $5.22 from pot
*** SUMMARY ***
Total pot $5.50 | Rake $0.28 
Board [2h 6c Jc Td Kc]
Seat 1: z00mba (big blind) folded before Flop
Seat 2: kvcsszblcs folded before Flop (didn't bet)
Seat 3: BGS013 folded before Flop (didn't bet)
Seat 4: wasserfreund showed [4c As] and lost with high card Ace
Seat 5: BMOGS7 (button) showed [Kh 3c] and won ($5.22) with a pair of Kings
Seat 6: Parabelum911 (small blind) folded before Flop



PokerStars Hand #254406712042:  Hold'em No Limit ($0.50/$1.00 USD) - 2025/01/16 23:18:05 WET [2025/01/16 18:18:05 ET]
Table 'Baillauda III' 6-max Seat #6 is the button
Seat 1: z00mba ($110 in chips) 
Seat 2: kvcsszblcs ($107.49 in chips) 
Seat 3: BGS013 ($100 in chips) 
Seat 4: wasserfreund ($258.02 in chips) 
Seat 5: BMOGS7 ($104.11 in chips) 
Seat 6: Parabelum911 ($126.98 in chips) 
z00mba: posts small blind $0.50
kvcsszblcs: posts big blind $1
*** HOLE CARDS ***
BGS013: folds 
wasserfreund: raises $1 to $2
BMOGS7: calls $2
Parabelum911: folds 
z00mba: folds 
kvcsszblcs: folds 
*** FLOP *** [Kh 3c Qh]
wasserfreund: checks 
BMOGS7: bets $1
wasserfreund: folds 
Uncalled bet ($1) returned to BMOGS7
BMOGS7 collected $5.22 from pot
*** SUMMARY ***
Total pot $5.50 | Rake $0.28 
Board [Kh 3c Qh]
Seat 1: z00mba (small blind) folded before Flop
Seat 2: kvcsszblcs (big blind) folded before Flop
Seat 3: BGS013 folded before Flop (didn't bet)
Seat 4: wasserfreund folded on the Flop
Seat 5: BMOGS7 collected ($5.22)
Seat 6: Parabelum911 (button) folded before Flop (didn't bet)



PokerStars Hand #254406719871:  Hold'em No Limit ($0.50/$1.00 USD) - 2025/01/16 23:18:35 WET [2025/01/16 18:18:35 ET]
Table 'Baillauda III' 6-max Seat #1 is the button
Seat 1: z00mba ($109.50 in chips) 
Seat 2: kvcsszblcs ($106.49 in chips) 
Seat 3: BGS013 ($100 in chips) 
Seat 4: wasserfreund ($256.02 in chips) 
Seat 5: BMOGS7 ($107.33 in chips) 
Seat 6: Parabelum911 ($126.98 in chips) 
kvcsszblcs: posts small blind $0.50
BGS013: posts big blind $1
*** HOLE CARDS ***
wasserfreund: calls $1
BMOGS7: folds 
Parabelum911: folds 
z00mba: raises $2.50 to $3.50
kvcsszblcs: folds 
BGS013: folds 
wasserfreund: calls $2.50
*** FLOP *** [Qs Ks 9d]
wasserfreund: bets $8.08
z00mba: folds 
Uncalled bet ($8.08) returned to wasserfreund
wasserfreund collected $8.08 from pot
wasserfreund: doesn't show hand 
*** SUMMARY ***
Total pot $8.50 | Rake $0.42 
Board [Qs Ks 9d]
Seat 1: z00mba (button) folded on the Flop
Seat 2: kvcsszblcs (small blind) folded before Flop
Seat 3: BGS013 (big blind) folded before Flop
Seat 4: wasserfreund collected ($8.08)
Seat 5: BMOGS7 folded before Flop (didn't bet)
Seat 6: Parabelum911 folded before Flop (didn't bet)



PokerStars Hand #254406728585:  Hold'em No Limit ($0.50/$1.00 USD) - 2025/01/16 23:19:09 WET [2025/01/16 18:19:09 ET]
Table 'Baillauda III' 6-max Seat #2 is the button
Seat 1: z00mba ($106 in chips) 
Seat 2: kvcsszblcs ($105.99 in chips) 
Seat 3: BGS013 ($100 in chips) 
Seat 4: wasserfreund ($260.60 in chips) 
Seat 5: BMOGS7 ($107.33 in chips) 
Seat 6: Parabelum911 ($126.98 in chips) 
BGS013: posts small blind $0.50
wasserfreund: posts big blind $1
*** HOLE CARDS ***
BMOGS7: calls $1
Parabelum911: folds 
z00mba: folds 
kvcsszblcs: folds 
BGS013: calls $0.50
wasserfreund: raises $3 to $4
BMOGS7: calls $3
BGS013: folds 
*** FLOP *** [Kd Jh Ts]
wasserfreund: bets $4.28
BMOGS7: calls $4.28
*** TURN *** [Kd Jh Ts] [Ah]
wasserfreund: checks 
BMOGS7: bets $8.34
wasserfreund: calls $8.34
*** RIVER *** [Kd Jh Ts Ah] [7d]
wasserfreund: checks 
BMOGS7: checks 
*** SHOW DOWN ***
wasserfreund: shows [Kc As] (two pair, Aces and Kings)
BMOGS7: shows [Qs 7c] (a straight, Ten to Ace)
BMOGS7 collected $32.53 from pot
*** SUMMARY ***
Total pot $34.24 | Rake $1.71 
Board [Kd Jh Ts Ah 7d]
Seat 1: z00mba folded before Flop (didn't bet)
Seat 2: kvcsszblcs (button) folded before Flop (didn't bet)
Seat 3: BGS013 (small blind) folded before Flop
Seat 4: wasserfreund (big blind) showed [Kc As] and lost with two pair, Aces and Kings
Seat 5: BMOGS7 showed [Qs 7c] and won ($32.53) with a straight, Ten to Ace
Seat 6: Parabelum911 folded before Flop (didn't bet)



PokerStars Hand #254406738552:  Hold'em No Limit ($0.50/$1.00 USD) - 2025/01/16 23:19:47 WET [2025/01/16 18:19:47 ET]
Table 'Baillauda III' 6-max Seat #3 is the button
Seat 1: z00mba ($106 in chips) 
Seat 2: kvcsszblcs ($105.99 in chips) 
Seat 3: BGS013 ($100 in chips) 
Seat 4: wasserfreund ($243.98 in chips) 
Seat 5: BMOGS7 ($123.24 in chips) 
Seat 6: Parabelum911 ($126.98 in chips) 
wasserfreund: posts small blind $0.50
BMOGS7: posts big blind $1
*** HOLE CARDS ***
Parabelum911: folds 
z00mba: folds 
kvcsszblcs: folds 
BGS013: raises $1.50 to $2.50
wasserfreund: folds 
BMOGS7: calls $1.50
*** FLOP *** [3s Ad 9s]
BMOGS7: checks 
BGS013: bets $1.36
BMOGS7: calls $1.36
*** TURN *** [3s Ad 9s] [7s]
BMOGS7: checks 
BGS013: checks 
*** RIVER *** [3s Ad 9s 7s] [8h]
BMOGS7: checks 
BGS013: checks 
*** SHOW DOWN ***
BMOGS7: shows [2d 7d] (a pair of Sevens)
BGS013: mucks hand 
BMOGS7 collected $7.81 from pot
*** SUMMARY ***
Total pot $8.22 | Rake $0.41 
Board [3s Ad 9s 7s 8h]
Seat 1: z00mba folded before Flop (didn't bet)
Seat 2: kvcsszblcs folded before Flop (didn't bet)
Seat 3: BGS013 (button) mucked
Seat 4: wasserfreund (small blind) folded before Flop
Seat 5: BMOGS7 (big blind) showed [2d 7d] and won ($7.81) with a pair of Sevens
Seat 6: Parabelum911 folded before Flop (didn't bet)



PokerStars Hand #254406748543:  Hold'em No Limit ($0.50/$1.00 USD) - 2025/01/16 23:20:26 WET [2025/01/16 18:20:26 ET]
Table 'Baillauda III' 6-max Seat #4 is the button
Seat 1: z00mba ($106 in chips) 
Seat 2: kvcsszblcs ($105.99 in chips) 
Seat 3: BGS013 ($100 in chips) 
Seat 4: wasserfreund ($243.48 in chips) 
Seat 5: BMOGS7 ($127.19 in chips) 
Seat 6: Parabelum911 ($126.98 in chips) 
BMOGS7: posts small blind $0.50
Parabelum911: posts big blind $1
*** HOLE CARDS ***
z00mba: folds 
kvcsszblcs: folds 
BGS013: raises $1.50 to $2.50
wasserfreund: folds 
BMOGS7: folds 
Parabelum911: raises $8.50 to $11
BGS013: calls $8.50
*** FLOP *** [6c 3s Ac]
Parabelum911: bets $7.27
BGS013: calls $7.27
*** TURN *** [6c 3s Ac] [4c]
Parabelum911: checks 
BGS013: checks 
*** RIVER *** [6c 3s Ac 4c] [Jh]
Parabelum911: checks 
BGS013: checks 
*** SHOW DOWN ***
Parabelum911: shows [Kd Ad] (a pair of Aces)
BGS013: mucks hand 
Parabelum911 collected $35.19 from pot
*** SUMMARY ***
Total pot $37.04 | Rake $1.85 
Board [6c 3s Ac 4c Jh]
Seat 1: z00mba folded before Flop (didn't bet)
Seat 2: kvcsszblcs folded before Flop (didn't bet)
Seat 3: BGS013 mucked
Seat 4: wasserfreund (button) folded before Flop (didn't bet)
Seat 5: BMOGS7 (small blind) folded before Flop
Seat 6: Parabelum911 (big blind) showed [Kd Ad] and won ($35.19) with a pair of Aces



PokerStars Hand #254406765402:  Hold'em No Limit ($0.50/$1.00 USD) - 2025/01/16 23:21:30 WET [2025/01/16 18:21:30 ET]
Table 'Baillauda III' 6-max Seat #5 is the button
Seat 1: z00mba ($106 in chips) 
Seat 2: kvcsszblcs ($105.99 in chips) 
Seat 3: BGS013 ($100 in chips) 
Seat 4: wasserfreund ($243.48 in chips) 
Seat 5: BMOGS7 ($126.69 in chips) 
Seat 6: Parabelum911 ($143.90 in chips) 
Parabelum911: posts small blind $0.50
z00mba: posts big blind $1
*** HOLE CARDS ***
kvcsszblcs: folds 
BGS013: raises $1 to $2
wasserfreund: folds 
BMOGS7: calls $2
Parabelum911: folds 
z00mba: raises $12 to $14
BGS013: folds 
BMOGS7: folds 
Uncalled bet ($12) returned to z00mba
z00mba collected $6.50 from pot
z00mba: doesn't show hand 
*** SUMMARY ***
Total pot $6.50 | Rake $0 
Seat 1: z00mba (big blind) collected ($6.50)
Seat 2: kvcsszblcs folded before Flop (didn't bet)
Seat 3: BGS013 folded before Flop
Seat 4: wasserfreund folded before Flop (didn't bet)
Seat 5: BMOGS7 (button) folded before Flop
Seat 6: Parabelum911 (small blind) folded before Flop



PokerStars Hand #254406770845:  Hold'em No Limit ($0.50/$1.00 USD) - 2025/01/16 23:21:50 WET [2025/01/16 18:21:50 ET]
Table 'Baillauda III' 6-max Seat #6 is the button
Seat 1: z00mba ($110.50 in chips) 
Seat 2: kvcsszblcs ($105.99 in chips) 
Seat 3: BGS013 ($100 in chips) 
Seat 4: wasserfreund ($243.48 in chips) 
Seat 5: BMOGS7 ($124.69 in chips) 
Seat 6: Parabelum911 ($143.40 in chips) 
z00mba: posts small blind $0.50
kvcsszblcs: posts big blind $1
*** HOLE CARDS ***
BGS013: folds 
wasserfreund: raises $1 to $2
BMOGS7: folds 
Parabelum911: folds 
z00mba: folds 
kvcsszblcs: folds 
Uncalled bet ($1) returned to wasserfreund
wasserfreund collected $2.50 from pot
wasserfreund: doesn't show hand 
*** SUMMARY ***
Total pot $2.50 | Rake $0 
Seat 1: z00mba (small blind) folded before Flop
Seat 2: kvcsszblcs (big blind) folded before Flop
Seat 3: BGS013 folded before Flop (didn't bet)
Seat 4: wasserfreund collected ($2.50)
Seat 5: BMOGS7 folded before Flop (didn't bet)
Seat 6: Parabelum911 (button) folded before Flop (didn't bet)



PokerStars Hand #254406774519:  Hold'em No Limit ($0.50/$1.00 USD) - 2025/01/16 23:22:04 WET [2025/01/16 18:22:04 ET]
Table 'Baillauda III' 6-max Seat #1 is the button
Seat 1: z00mba ($110 in chips) 
Seat 2: kvcsszblcs ($104.99 in chips) 
Seat 3: BGS013 ($100 in chips) 
Seat 4: wasserfreund ($244.98 in chips) 
Seat 5: BMOGS7 ($124.69 in chips) 
Seat 6: Parabelum911 ($143.40 in chips) 
kvcsszblcs: posts small blind $0.50
BGS013: posts big blind $1
*** HOLE CARDS ***
wasserfreund: calls $1
BMOGS7: calls $1
Parabelum911: folds 
z00mba: folds 
kvcsszblcs: folds 
BGS013: checks 
*** FLOP *** [8c 3d Qh]
BGS013: checks 
wasserfreund: bets $3.32
BMOGS7: folds 
BGS013: folds 
Uncalled bet ($3.32) returned to wasserfreund
wasserfreund collected $3.32 from pot
wasserfreund: doesn't show hand 
*** SUMMARY ***
Total pot $3.50 | Rake $0.18 
Board [8c 3d Qh]
Seat 1: z00mba (button) folded before Flop (didn't bet)
Seat 2: kvcsszblcs (small blind) folded before Flop
Seat 3: BGS013 (big blind) folded on the Flop
Seat 4: wasserfreund collected ($3.32)
Seat 5: BMOGS7 folded on the Flop
Seat 6: Parabelum911 folded before Flop (didn't bet)



PokerStars Hand #254406781583:  Hold'em No Limit ($0.50/$1.00 USD) - 2025/01/16 23:22:31 WET [2025/01/16 18:22:31 ET]
Table 'Baillauda III' 6-max Seat #2 is the button
Seat 1: z00mba ($110 in chips) 
Seat 2: kvcsszblcs ($104.49 in chips) 
Seat 3: BGS013 ($100 in chips) 
Seat 4: wasserfreund ($247.30 in chips) 
Seat 5: BMOGS7 ($123.69 in chips) 
Seat 6: Parabelum911 ($143.40 in chips) 
BGS013: posts small blind $0.50
wasserfreund: posts big blind $1
*** HOLE CARDS ***
BMOGS7: calls $1
Parabelum911: folds 
z00mba: folds 
kvcsszblcs: folds 
BGS013: raises $4 to $5
wasserfreund: calls $4
BMOGS7: calls $4
*** FLOP *** [3c Ad 4h]
BGS013: checks 
wasserfreund: checks 
BMOGS7: checks 
*** TURN *** [3c Ad 4h] [9c]
BGS013: bets $14
wasserfreund: calls $14
BMOGS7: folds 
*** RIVER *** [3c Ad 4h 9c] [4d]
BGS013: bets $31.86
wasserfreund: folds 
Uncalled bet ($31.86) returned to BGS013
BGS013 collected $40.85 from pot
BGS013: doesn't show hand 
*** SUMMARY ***
Total pot $43 | Rake $2.15 
Board [3c Ad 4h 9c 4d]
Seat 1: z00mba folded before Flop (didn't bet)
Seat 2: kvcsszblcs (button) folded before Flop (didn't bet)
Seat 3: BGS013 (small blind) collected ($40.85)
Seat 4: wasserfreund (big blind) folded on the River
Seat 5: BMOGS7 folded on the Turn
Seat 6: Parabelum911 folded before Flop (didn't bet)



PokerStars Hand #254406795927:  Hold'em No Limit ($0.50/$1.00 USD) - 2025/01/16 23:23:25 WET [2025/01/16 18:23:25 ET]
Table 'Baillauda III' 6-max Seat #3 is the button
Seat 1: z00mba ($110 in chips) 
Seat 2: kvcsszblcs ($104.49 in chips) 
Seat 3: BGS013 ($121.85 in chips) 
Seat 4: wasserfreund ($228.30 in chips) 
Seat 5: BMOGS7 ($118.69 in chips) 
Seat 6: Parabelum911 ($143.40 in chips) 
wasserfreund: posts small blind $0.50
BMOGS7: posts big blind $1
*** HOLE CARDS ***
Parabelum911: folds 
z00mba: folds 
kvcsszblcs: raises $1 to $2
BGS013: folds 
wasserfreund: raises $5 to $7
BMOGS7: folds 
kvcsszblcs: raises $10 to $17
wasserfreund: raises $35 to $52
kvcsszblcs: raises $52.49 to $104.49 and is all-in
wasserfreund: calls $52.49
*** FLOP *** [6d 6c 2s]
*** TURN *** [6d 6c 2s] [7d]
*** RIVER *** [6d 6c 2s 7d] [Kc]
*** SHOW DOWN ***
wasserfreund: shows [Ac Ah] (two pair, Aces and Sixes)
kvcsszblcs: shows [Td Tc] (two pair, Tens and Sixes)
wasserfreund collected $207.48 from pot
*** SUMMARY ***
Total pot $209.98 | Rake $2.50 
Board [6d 6c 2s 7d Kc]
Seat 1: z00mba folded before Flop (didn't bet)
Seat 2: kvcsszblcs showed [Td Tc] and lost with two pair, Tens and Sixes
Seat 3: BGS013 (button) folded before Flop (didn't bet)
Seat 4: wasserfreund (small blind) showed [Ac Ah] and won ($207.48) with two pair, Aces and Sixes
Seat 5: BMOGS7 (big blind) folded before Flop
Seat 6: Parabelum911 folded before Flop (didn't bet)



PokerStars Hand #254406811414:  Hold'em No Limit ($0.50/$1.00 USD) - 2025/01/16 23:24:24 WET [2025/01/16 18:24:24 ET]
Table 'Baillauda III' 6-max Seat #4 is the button
Seat 1: z00mba ($110 in chips) 
Seat 2: kvcsszblcs ($100 in chips) 
Seat 3: BGS013 ($121.85 in chips) 
Seat 4: wasserfreund ($331.29 in chips) 
Seat 5: BMOGS7 ($117.69 in chips) 
Seat 6: Parabelum911 ($143.40 in chips) 
BMOGS7: posts small blind $0.50
Parabelum911: posts big blind $1
*** HOLE CARDS ***
z00mba: folds 
kvcsszblcs: folds 
BGS013: folds 
wasserfreund: raises $1 to $2
BMOGS7: calls $1.50
Parabelum911: calls $1
*** FLOP *** [Qh 6h Th]
BMOGS7: checks 
Parabelum911: checks 
wasserfreund: checks 
*** TURN *** [Qh 6h Th] [4h]
BMOGS7: checks 
Parabelum911: checks 
wasserfreund: checks 
*** RIVER *** [Qh 6h Th 4h] [8s]
BMOGS7: checks 
Parabelum911: checks 
wasserfreund: bets $5.70
BMOGS7: folds 
Parabelum911: folds 
Uncalled bet ($5.70) returned to wasserfreund
wasserfreund collected $5.70 from pot
wasserfreund: doesn't show hand 
*** SUMMARY ***
Total pot $6 | Rake $0.30 
Board [Qh 6h Th 4h 8s]
Seat 1: z00mba folded before Flop (didn't bet)
Seat 2: kvcsszblcs folded before Flop (didn't bet)
Seat 3: BGS013 folded before Flop (didn't bet)
Seat 4: wasserfreund (button) collected ($5.70)
Seat 5: BMOGS7 (small blind) folded on the River
Seat 6: Parabelum911 (big blind) folded on the River



PokerStars Hand #254406826083:  Hold'em No Limit ($0.50/$1.00 USD) - 2025/01/16 23:25:20 WET [2025/01/16 18:25:20 ET]
Table 'Baillauda III' 6-max Seat #5 is the button
Seat 1: z00mba ($110 in chips) 
Seat 2: kvcsszblcs ($100 in chips) 
Seat 3: BGS013 ($121.85 in chips) 
Seat 4: wasserfreund ($334.99 in chips) 
Seat 5: BMOGS7 ($115.69 in chips) 
Seat 6: Parabelum911 ($141.40 in chips) 
Parabelum911: posts small blind $0.50
z00mba: posts big blind $1
*** HOLE CARDS ***
kvcsszblcs: folds 
BGS013: folds 
wasserfreund: folds 
BMOGS7: calls $1
Parabelum911: folds 
z00mba: checks 
*** FLOP *** [Th Kc 3h]
z00mba: checks 
BMOGS7: bets $1
z00mba: folds 
Uncalled bet ($1) returned to BMOGS7
BMOGS7 collected $2.38 from pot
*** SUMMARY ***
Total pot $2.50 | Rake $0.12 
Board [Th Kc 3h]
Seat 1: z00mba (big blind) folded on the Flop
Seat 2: kvcsszblcs folded before Flop (didn't bet)
Seat 3: BGS013 folded before Flop (didn't bet)
Seat 4: wasserfreund folded before Flop (didn't bet)
Seat 5: BMOGS7 (button) collected ($2.38)
Seat 6: Parabelum911 (small blind) folded before Flop



PokerStars Hand #254406837411:  Hold'em No Limit ($0.50/$1.00 USD) - 2025/01/16 23:26:03 WET [2025/01/16 18:26:03 ET]
Table 'Baillauda III' 6-max Seat #1 is the button
Seat 1: z00mba ($108.50 in chips) 
Seat 2: kvcsszblcs ($100 in chips) 
Seat 3: BGS013 ($121.85 in chips) 
Seat 4: wasserfreund ($336.49 in chips) 
Seat 5: BMOGS7 ($117.07 in chips) 
Seat 6: Parabelum911 ($140.90 in chips) 
kvcsszblcs: posts small blind $0.50
BGS013: posts big blind $1
*** HOLE CARDS ***
wasserfreund: raises $2 to $3
BMOGS7: folds 
Parabelum911: folds 
z00mba: calls $3
kvcsszblcs: folds 
BGS013: folds 
*** FLOP *** [2h 8h 4s]
wasserfreund: bets $3
z00mba: folds 
Uncalled bet ($3) returned to wasserfreund
wasserfreund collected $7.12 from pot
wasserfreund: doesn't show hand 
*** SUMMARY ***
Total pot $7.50 | Rake $0.38 
Board [2h 8h 4s]
Seat 1: z00mba (button) folded on the Flop
Seat 2: kvcsszblcs (small blind) folded before Flop
Seat 3: BGS013 (big blind) folded before Flop
Seat 4: wasserfreund collected ($7.12)
Seat 5: BMOGS7 folded before Flop (didn't bet)
Seat 6: Parabelum911 folded before Flop (didn't bet)



PokerStars Hand #254406845668:  Hold'em No Limit ($0.50/$1.00 USD) - 2025/01/16 23:26:34 WET [2025/01/16 18:26:34 ET]
Table 'Baillauda III' 6-max Seat #2 is the button
Seat 1: z00mba ($105.50 in chips) 
Seat 2: kvcsszblcs ($100 in chips) 
Seat 3: BGS013 ($120.85 in chips) 
Seat 4: wasserfreund ($340.61 in chips) 
Seat 5: BMOGS7 ($117.07 in chips) 
Seat 6: Parabelum911 ($140.90 in chips) 
BGS013: posts small blind $0.50
wasserfreund: posts big blind $1
*** HOLE CARDS ***
BMOGS7: folds 
Parabelum911: folds 
z00mba: folds 
kvcsszblcs: folds 
BGS013: folds 
Uncalled bet ($0.50) returned to wasserfreund
wasserfreund collected $1 from pot
wasserfreund: doesn't show hand 
*** SUMMARY ***
Total pot $1 | Rake $0 
Seat 1: z00mba folded before Flop (didn't bet)
Seat 2: kvcsszblcs (button) folded before Flop (didn't bet)
Seat 3: BGS013 (small blind) folded before Flop
Seat 4: wasserfreund (big blind) collected ($1)
Seat 5: BMOGS7 folded before Flop (didn't bet)
Seat 6: Parabelum911 folded before Flop (didn't bet)



PokerStars Hand #254406848469:  Hold'em No Limit ($0.50/$1.00 USD) - 2025/01/16 23:26:45 WET [2025/01/16 18:26:45 ET]
Table 'Baillauda III' 6-max Seat #3 is the button
Seat 1: z00mba ($105.50 in chips) 
Seat 2: kvcsszblcs ($100 in chips) 
Seat 3: BGS013 ($120.35 in chips) 
Seat 4: wasserfreund ($341.11 in chips) 
Seat 5: BMOGS7 ($117.07 in chips) 
Seat 6: Parabelum911 ($140.90 in chips) 
wasserfreund: posts small blind $0.50
BMOGS7: posts big blind $1
*** HOLE CARDS ***
Parabelum911: folds 
z00mba: folds 
kvcsszblcs: raises $1 to $2
BGS013: folds 
wasserfreund: calls $1.50
BMOGS7: calls $1
*** FLOP *** [Td Ac 8s]
wasserfreund: checks 
BMOGS7: checks 
kvcsszblcs: bets $1.43
wasserfreund: calls $1.43
BMOGS7: folds 
*** TURN *** [Td Ac 8s] [6d]
wasserfreund: checks 
kvcsszblcs: checks 
*** RIVER *** [Td Ac 8s 6d] [9s]
wasserfreund: checks 
kvcsszblcs: checks 
*** SHOW DOWN ***
wasserfreund: shows [5s 6s] (a pair of Sixes)
kvcsszblcs: shows [Qc 6c] (a pair of Sixes - Ace+Queen kicker)
kvcsszblcs collected $8.42 from pot
*** SUMMARY ***
Total pot $8.86 | Rake $0.44 
Board [Td Ac 8s 6d 9s]
Seat 1: z00mba folded before Flop (didn't bet)
Seat 2: kvcsszblcs showed [Qc 6c] and won ($8.42) with a pair of Sixes
Seat 3: BGS013 (button) folded before Flop (didn't bet)
Seat 4: wasserfreund (small blind) showed [5s 6s] and lost with a pair of Sixes
Seat 5: BMOGS7 (big blind) folded on the Flop
Seat 6: Parabelum911 folded before Flop (didn't bet)



PokerStars Hand #254406865642:  Hold'em No Limit ($0.50/$1.00 USD) - 2025/01/16 23:27:51 WET [2025/01/16 18:27:51 ET]
Table 'Baillauda III' 6-max Seat #4 is the button
Seat 1: z00mba ($105.50 in chips) 
Seat 2: kvcsszblcs ($104.99 in chips) 
Seat 3: BGS013 ($120.35 in chips) 
Seat 4: wasserfreund ($337.68 in chips) 
Seat 5: BMOGS7 ($115.07 in chips) 
Seat 6: Parabelum911 ($140.90 in chips) 
BMOGS7: posts small blind $0.50
Parabelum911: posts big blind $1
*** HOLE CARDS ***
z00mba: folds 
kvcsszblcs: folds 
BGS013: raises $1.50 to $2.50
wasserfreund: folds 
BMOGS7: calls $2
Parabelum911: calls $1.50
*** FLOP *** [9d 4h Td]
BMOGS7: checks 
Parabelum911: checks 
BGS013: bets $1.85
BMOGS7: calls $1.85
Parabelum911: calls $1.85
*** TURN *** [9d 4h Td] [5h]
BMOGS7: checks 
Parabelum911: bets $3.72
BGS013: raises $12.28 to $16
BMOGS7: folds 
Parabelum911: calls $12.28
*** RIVER *** [9d 4h Td 5h] [Ac]
Parabelum911: checks 
BGS013: checks 
*** SHOW DOWN ***
Parabelum911: shows [9h 7h] (a pair of Nines)
BGS013: shows [Th Jc] (a pair of Tens)
BGS013 collected $42.80 from pot
*** SUMMARY ***
Total pot $45.05 | Rake $2.25 
Board [9d 4h Td 5h Ac]
Seat 1: z00mba folded before Flop (didn't bet)
Seat 2: kvcsszblcs folded before Flop (didn't bet)
Seat 3: BGS013 showed [Th Jc] and won ($42.80) with a pair of Tens
Seat 4: wasserfreund (button) folded before Flop (didn't bet)
Seat 5: BMOGS7 (small blind) folded on the Turn
Seat 6: Parabelum911 (big blind) showed [9h 7h] and lost with a pair of Nines



PokerStars Hand #254407218899:  Hold'em No Limit ($0.50/$1.00 USD) - 2025/01/16 23:51:19 WET [2025/01/16 18:51:19 ET]
Table 'Baillauda III' 6-max Seat #3 is the button
Seat 2: p0pa4poker ($100 in chips) 
Seat 3: CarryCarrot ($102 in chips) 
Seat 4: Rezzonner ($101 in chips) 
Seat 5: Unipoker11 ($130.64 in chips) 
Rezzonner: posts small blind $0.50
Unipoker11: posts big blind $1
*** HOLE CARDS ***
p0pa4poker: folds 
CarryCarrot: raises $1.50 to $2.50
Rezzonner: folds 
Unipoker11: calls $1.50
*** FLOP *** [4h 4s 6c]
derek5858 joins the table at seat #1 
Unipoker11: checks 
CarryCarrot: bets $2.50
Unipoker11: calls $2.50
*** TURN *** [4h 4s 6c] [Ts]
Unipoker11: checks 
CarryCarrot: bets $8
Unipoker11: folds 
Uncalled bet ($8) returned to CarryCarrot
CarryCarrot collected $9.98 from pot
*** SUMMARY ***
Total pot $10.50 | Rake $0.52 
Board [4h 4s 6c Ts]
Seat 2: p0pa4poker folded before Flop (didn't bet)
Seat 3: CarryCarrot (button) collected ($9.98)
Seat 4: Rezzonner (small blind) folded before Flop
Seat 5: Unipoker11 (big blind) folded on the Turn



PokerStars Hand #254407239676:  Hold'em No Limit ($0.50/$1.00 USD) - 2025/01/16 23:52:46 WET [2025/01/16 18:52:46 ET]
Table 'Baillauda III' 6-max Seat #4 is the button
Seat 1: derek5858 ($100 in chips) 
Seat 2: p0pa4poker ($100 in chips) 
Seat 3: CarryCarrot ($106.98 in chips) 
Seat 4: Rezzonner ($100.50 in chips) 
Seat 5: Unipoker11 ($125.64 in chips) 
Unipoker11: posts small blind $0.50
derek5858: posts big blind $1
*** HOLE CARDS ***
p0pa4poker: folds 
CarryCarrot: folds 
Rezzonner: folds 
Unipoker11: folds 
Uncalled bet ($0.50) returned to derek5858
derek5858 collected $1 from pot
*** SUMMARY ***
Total pot $1 | Rake $0 
Seat 1: derek5858 (big blind) collected ($1)
Seat 2: p0pa4poker folded before Flop (didn't bet)
Seat 3: CarryCarrot folded before Flop (didn't bet)
Seat 4: Rezzonner (button) folded before Flop (didn't bet)
Seat 5: Unipoker11 (small blind) folded before Flop



PokerStars Hand #254407243489:  Hold'em No Limit ($0.50/$1.00 USD) - 2025/01/16 23:53:02 WET [2025/01/16 18:53:02 ET]
Table 'Baillauda III' 6-max Seat #5 is the button
Seat 1: derek5858 ($100.50 in chips) 
Seat 2: p0pa4poker ($100 in chips) 
Seat 3: CarryCarrot ($106.98 in chips) 
Seat 4: Rezzonner ($100.50 in chips) 
Seat 5: Unipoker11 ($125.14 in chips) 
derek5858: posts small blind $0.50
p0pa4poker: posts big blind $1
*** HOLE CARDS ***
CarryCarrot: folds 
Rezzonner: raises $1.50 to $2.50
Unipoker11: raises $5 to $7.50
derek5858: folds 
p0pa4poker: folds 
Rezzonner: raises $12.50 to $20
Unipoker11: folds 
Uncalled bet ($12.50) returned to Rezzonner
Rezzonner collected $16.50 from pot
Rezzonner: doesn't show hand 
*** SUMMARY ***
Total pot $16.50 | Rake $0 
Seat 1: derek5858 (small blind) folded before Flop
Seat 2: p0pa4poker (big blind) folded before Flop
Seat 3: CarryCarrot folded before Flop (didn't bet)
Seat 4: Rezzonner collected ($16.50)
Seat 5: Unipoker11 (button) folded before Flop



PokerStars Hand #254407253265:  Hold'em No Limit ($0.50/$1.00 USD) - 2025/01/16 23:53:44 WET [2025/01/16 18:53:44 ET]
Table 'Baillauda III' 6-max Seat #1 is the button
Seat 1: derek5858 ($100 in chips) 
Seat 2: p0pa4poker ($100 in chips) 
Seat 3: CarryCarrot ($106.98 in chips) 
Seat 4: Rezzonner ($109.50 in chips) 
Seat 5: Unipoker11 ($117.64 in chips) 
p0pa4poker: posts small blind $0.50
CarryCarrot: posts big blind $1
*** HOLE CARDS ***
Rezzonner: folds 
Unipoker11: folds 
derek5858: folds 
p0pa4poker: raises $2 to $3
CarryCarrot: folds 
Uncalled bet ($2) returned to p0pa4poker
p0pa4poker collected $2 from pot
p0pa4poker: doesn't show hand 
*** SUMMARY ***
Total pot $2 | Rake $0 
Seat 1: derek5858 (button) folded before Flop (didn't bet)
Seat 2: p0pa4poker (small blind) collected ($2)
Seat 3: CarryCarrot (big blind) folded before Flop
Seat 4: Rezzonner folded before Flop (didn't bet)
Seat 5: Unipoker11 folded before Flop (didn't bet)



PokerStars Hand #254407258748:  Hold'em No Limit ($0.50/$1.00 USD) - 2025/01/16 23:54:08 WET [2025/01/16 18:54:08 ET]
Table 'Baillauda III' 6-max Seat #2 is the button
Seat 4: Rezzonner ($109.50 in chips) is sitting out
Seat 1: derek5858 ($100 in chips) 
Seat 2: p0pa4poker ($101 in chips) 
Seat 3: CarryCarrot ($105.98 in chips) 
Seat 5: Unipoker11 ($117.64 in chips) 
CarryCarrot: posts small blind $0.50
Rezzonner: is sitting out 
Unipoker11: posts big blind $1
*** HOLE CARDS ***
Rezzonner leaves the table
derek5858: folds 
p0pa4poker: raises $1.50 to $2.50
CarryCarrot: raises $9.50 to $12
Unipoker11: folds 
p0pa4poker: folds 
Uncalled bet ($9.50) returned to CarryCarrot
CarryCarrot collected $6 from pot
*** SUMMARY ***
Total pot $6 | Rake $0 
Seat 4: Rezzonner
Seat 1: derek5858 folded before Flop (didn't bet)
Seat 2: p0pa4poker (button) folded before Flop
Seat 3: CarryCarrot (small blind) collected ($6)
Seat 5: Unipoker11 (big blind) folded before Flop



PokerStars Hand #254407263386:  Hold'em No Limit ($0.50/$1.00 USD) - 2025/01/16 23:54:28 WET [2025/01/16 18:54:28 ET]
Table 'Baillauda III' 6-max Seat #3 is the button
Seat 1: derek5858 ($100 in chips) 
Seat 2: p0pa4poker ($100 in chips) 
Seat 3: CarryCarrot ($109.48 in chips) 
Seat 5: Unipoker11 ($116.64 in chips) 
Unipoker11: posts small blind $0.50
derek5858: posts big blind $1
*** HOLE CARDS ***
p0pa4poker: raises $1.30 to $2.30
CarryCarrot: folds 
Unipoker11: folds 
derek5858: folds 
Uncalled bet ($1.30) returned to p0pa4poker
p0pa4poker collected $2.50 from pot
p0pa4poker: doesn't show hand 
*** SUMMARY ***
Total pot $2.50 | Rake $0 
Seat 1: derek5858 (big blind) folded before Flop
Seat 2: p0pa4poker collected ($2.50)
Seat 3: CarryCarrot (button) folded before Flop (didn't bet)
Seat 5: Unipoker11 (small blind) folded before Flop



PokerStars Hand #254407269540:  Hold'em No Limit ($0.50/$1.00 USD) - 2025/01/16 23:54:55 WET [2025/01/16 18:54:55 ET]
Table 'Baillauda III' 6-max Seat #5 is the button
Seat 2: p0pa4poker ($101.50 in chips) is sitting out
Seat 1: derek5858 ($100 in chips) 
Seat 3: CarryCarrot ($109.48 in chips) 
Seat 5: Unipoker11 ($116.14 in chips) 
derek5858: posts small blind $0.50
p0pa4poker: is sitting out 
CarryCarrot: posts big blind $1
*** HOLE CARDS ***
p0pa4poker leaves the table
Unipoker11: folds 
derek5858: folds 
Uncalled bet ($0.50) returned to CarryCarrot
CarryCarrot collected $1 from pot
*** SUMMARY ***
Total pot $1 | Rake $0 
Seat 2: p0pa4poker
Seat 1: derek5858 (small blind) folded before Flop
Seat 3: CarryCarrot (big blind) collected ($1)
Seat 5: Unipoker11 (button) folded before Flop (didn't bet)



PokerStars Hand #254407272818:  Hold'em No Limit ($0.50/$1.00 USD) - 2025/01/16 23:55:09 WET [2025/01/16 18:55:09 ET]
Table 'Baillauda III' 6-max Seat #1 is the button
Seat 1: derek5858 ($100 in chips) 
Seat 3: CarryCarrot ($109.98 in chips) 
Seat 5: Unipoker11 ($116.14 in chips) 
CarryCarrot: posts small blind $0.50
Unipoker11: posts big blind $1
*** HOLE CARDS ***
derek5858: folds 
CarryCarrot: raises $2 to $3
Unipoker11: raises $6 to $9
CarryCarrot: calls $6
*** FLOP *** [Th Jc 4c]
CarryCarrot: checks 
Unipoker11: bets $5.64
CarryCarrot: calls $5.64
*** TURN *** [Th Jc 4c] [7h]
CarryCarrot: checks 
Unipoker11: checks 
*** RIVER *** [Th Jc 4c 7h] [2h]
CarryCarrot: bets $12
Unipoker11: folds 
Uncalled bet ($12) returned to CarryCarrot
Unipoker11 leaves the table
CarryCarrot collected $28.28 from pot
*** SUMMARY ***
Total pot $29.28 | Rake $1 
Board [Th Jc 4c 7h 2h]
Seat 1: derek5858 (button) folded before Flop (didn't bet)
Seat 3: CarryCarrot (small blind) collected ($28.28)
Seat 5: Unipoker11 (big blind) folded on the River



