PokerStars Hand #254409150552:  Hold'em No Limit ($0.50/$1.00 USD) - 2025/01/16 1:57:44 WET [2025/01/16 20:57:44 ET]
Table 'Dejan III' 6-max Seat #2 is the button
Seat 1: Supermegopro ($100 in chips) 
Seat 2: equilibrium_tv ($46.65 in chips) 
Seat 3: XneferX ($100 in chips) 
Seat 4: Repoman99 ($83.63 in chips) 
Seat 5: steelNike ($40 in chips) 
Seat 6: Rysiff ($100 in chips) 
XneferX: posts small blind $0.50
Repoman99: posts big blind $1
*** HOLE CARDS ***
steelNike: folds 
Rysiff: folds 
Supermegopro: folds 
equilibrium_tv: folds 
XneferX: folds 
Uncalled bet ($0.50) returned to Repoman99
Repoman99 collected $1 from pot
*** SUMMARY ***
Total pot $1 | Rake $0 
Seat 1: Supermegopro folded before Flop (didn't bet)
Seat 2: equilibrium_tv (button) folded before Flop (didn't bet)
Seat 3: XneferX (small blind) folded before Flop
Seat 4: Repoman99 (big blind) collected ($1)
Seat 5: steelNike folded before Flop (didn't bet)
Seat 6: Rysiff folded before Flop (didn't bet)



PokerStars Hand #254409154017:  Hold'em No Limit ($0.50/$1.00 USD) - 2025/01/16 1:58:10 WET [2025/01/16 20:58:10 ET]
Table 'Dejan III' 6-max Seat #3 is the button
Seat 1: Supermegopro ($100 in chips) 
Seat 2: equilibrium_tv ($46.65 in chips) 
Seat 3: XneferX ($100 in chips) 
Seat 4: Repoman99 ($84.13 in chips) 
Seat 5: steelNike ($40 in chips) 
Seat 6: Rysiff ($100 in chips) 
Repoman99: posts small blind $0.50
steelNike: posts big blind $1
*** HOLE CARDS ***
Rysiff: folds 
Supermegopro: raises $1.50 to $2.50
equilibrium_tv: folds 
XneferX: calls $2.50
Repoman99: folds 
steelNike: calls $1.50
*** FLOP *** [Kh 5c 7d]
steelNike: checks 
Supermegopro: checks 
XneferX: bets $1.98
steelNike: folds 
Supermegopro: folds 
Uncalled bet ($1.98) returned to XneferX
XneferX collected $7.60 from pot
XneferX: doesn't show hand 
*** SUMMARY ***
Total pot $8 | Rake $0.40 
Board [Kh 5c 7d]
Seat 1: Supermegopro folded on the Flop
Seat 2: equilibrium_tv folded before Flop (didn't bet)
Seat 3: XneferX (button) collected ($7.60)
Seat 4: Repoman99 (small blind) folded before Flop
Seat 5: steelNike (big blind) folded on the Flop
Seat 6: Rysiff folded before Flop (didn't bet)



PokerStars Hand #254409161516:  Hold'em No Limit ($0.50/$1.00 USD) - 2025/01/16 1:59:07 WET [2025/01/16 20:59:07 ET]
Table 'Dejan III' 6-max Seat #4 is the button
Seat 1: Supermegopro ($100 in chips) 
Seat 2: equilibrium_tv ($46.65 in chips) 
Seat 3: XneferX ($105.10 in chips) 
Seat 4: Repoman99 ($83.63 in chips) 
Seat 5: steelNike ($37.50 in chips) 
Seat 6: Rysiff ($100 in chips) 
steelNike: posts small blind $0.50
Rysiff: posts big blind $1
*** HOLE CARDS ***
Supermegopro: folds 
equilibrium_tv: folds 
XneferX: folds 
Repoman99: folds 
steelNike: raises $2 to $3
Rysiff: calls $2
*** FLOP *** [Jc 8c Qh]
steelNike: bets $1.43
Rysiff: calls $1.43
*** TURN *** [Jc 8c Qh] [2c]
steelNike: bets $8.50
Rysiff: calls $8.50
*** RIVER *** [Jc 8c Qh 2c] [3c]
steelNike: bets $24.57 and is all-in
Rysiff: calls $24.57
*** SHOW DOWN ***
steelNike: shows [Ac 4c] (a flush, Ace high)
Rysiff: shows [Qc 8d] (a flush, Queen high)
steelNike collected $72.50 from pot
*** SUMMARY ***
Total pot $75 | Rake $2.50 
Board [Jc 8c Qh 2c 3c]
Seat 1: Supermegopro folded before Flop (didn't bet)
Seat 2: equilibrium_tv folded before Flop (didn't bet)
Seat 3: XneferX folded before Flop (didn't bet)
Seat 4: Repoman99 (button) folded before Flop (didn't bet)
Seat 5: steelNike (small blind) showed [Ac 4c] and won ($72.50) with a flush, Ace high
Seat 6: Rysiff (big blind) showed [Qc 8d] and lost with a flush, Queen high



PokerStars Hand #254409173711:  Hold'em No Limit ($0.50/$1.00 USD) - 2025/01/16 2:00:37 WET [2025/01/16 21:00:37 ET]
Table 'Dejan III' 6-max Seat #5 is the button
Seat 1: Supermegopro ($100 in chips) 
Seat 2: equilibrium_tv ($46.65 in chips) 
Seat 3: XneferX ($105.10 in chips) 
Seat 4: Repoman99 ($83.63 in chips) 
Seat 5: steelNike ($72.50 in chips) 
Seat 6: Rysiff ($100 in chips) 
Rysiff: posts small blind $0.50
Supermegopro: posts big blind $1
*** HOLE CARDS ***
equilibrium_tv: folds 
XneferX: folds 
Repoman99: raises $1 to $2
steelNike: folds 
Rysiff: folds 
Supermegopro: calls $1
*** FLOP *** [5s 3c 3h]
Supermegopro: checks 
Repoman99: bets $2.14
Supermegopro: calls $2.14
*** TURN *** [5s 3c 3h] [Kd]
Supermegopro: checks 
Repoman99: bets $4.17
Supermegopro: folds 
Uncalled bet ($4.17) returned to Repoman99
Repoman99 collected $8.34 from pot
*** SUMMARY ***
Total pot $8.78 | Rake $0.44 
Board [5s 3c 3h Kd]
Seat 1: Supermegopro (big blind) folded on the Turn
Seat 2: equilibrium_tv folded before Flop (didn't bet)
Seat 3: XneferX folded before Flop (didn't bet)
Seat 4: Repoman99 collected ($8.34)
Seat 5: steelNike (button) folded before Flop (didn't bet)
Seat 6: Rysiff (small blind) folded before Flop



PokerStars Hand #254409179706:  Hold'em No Limit ($0.50/$1.00 USD) - 2025/01/16 2:01:15 WET [2025/01/16 21:01:15 ET]
Table 'Dejan III' 6-max Seat #6 is the button
Seat 2: equilibrium_tv ($46.65 in chips) is sitting out
Seat 3: XneferX ($105.10 in chips) is sitting out
Seat 1: Supermegopro ($100 in chips) 
Seat 4: Repoman99 ($87.83 in chips) 
Seat 5: steelNike ($72.50 in chips) 
Seat 6: Rysiff ($100 in chips) 
Supermegopro: posts small blind $0.50
equilibrium_tv: is sitting out 
XneferX: is sitting out 
Repoman99: posts big blind $1
*** HOLE CARDS ***
steelNike: raises $1.30 to $2.30
Rysiff: folds 
Supermegopro: folds 
Repoman99: calls $1.30
*** FLOP *** [2s Th 8s]
Repoman99: checks 
equilibrium_tv leaves the table
steelNike: bets $3.63
lukazs2 joins the table at seat #2 
lukazs2 is disconnected 
Repoman99: calls $3.63
*** TURN *** [2s Th 8s] [Jc]
Repoman99: checks 
steelNike: bets $8.81
Repoman99: calls $8.81
*** RIVER *** [2s Th 8s Jc] [5c]
Repoman99: checks 
steelNike: bets $14.49
Repoman99: calls $14.49
*** SHOW DOWN ***
steelNike: shows [Ad Ac] (a pair of Aces)
Repoman99: mucks hand 
steelNike collected $57.96 from pot
*** SUMMARY ***
Total pot $58.96 | Rake $1 
Board [2s Th 8s Jc 5c]
Seat 2: equilibrium_tv
Seat 3: XneferX
Seat 1: Supermegopro (small blind) folded before Flop
Seat 4: Repoman99 (big blind) mucked
Seat 5: steelNike showed [Ad Ac] and won ($57.96) with a pair of Aces
Seat 6: Rysiff (button) folded before Flop (didn't bet)



PokerStars Hand #254409191644:  Hold'em No Limit ($0.50/$1.00 USD) - 2025/01/16 2:02:28 WET [2025/01/16 21:02:28 ET]
Table 'Dejan III' 6-max Seat #1 is the button
Seat 2: lukazs2 ($80 in chips) is sitting out
Seat 3: XneferX ($105.10 in chips) is sitting out
Seat 1: Supermegopro ($100 in chips) 
Seat 4: Repoman99 ($58.60 in chips) 
Seat 5: steelNike ($101.23 in chips) 
Seat 6: Rysiff ($100 in chips) 
Repoman99: posts small blind $0.50
steelNike: posts big blind $1
*** HOLE CARDS ***
Rysiff: folds 
Supermegopro: folds 
Repoman99: folds 
Uncalled bet ($0.50) returned to steelNike
steelNike collected $1 from pot
*** SUMMARY ***
Total pot $1 | Rake $0 
Seat 2: lukazs2
Seat 3: XneferX
Seat 1: Supermegopro (button) folded before Flop (didn't bet)
Seat 4: Repoman99 (small blind) folded before Flop
Seat 5: steelNike (big blind) collected ($1)
Seat 6: Rysiff folded before Flop (didn't bet)



PokerStars Hand #254409193217:  Hold'em No Limit ($0.50/$1.00 USD) - 2025/01/16 2:02:38 WET [2025/01/16 21:02:38 ET]
Table 'Dejan III' 6-max Seat #4 is the button
Seat 3: XneferX ($105.10 in chips) is sitting out
Seat 1: Supermegopro ($100 in chips) 
Seat 2: lukazs2 ($80 in chips) 
Seat 4: Repoman99 ($58.10 in chips) 
Seat 5: steelNike ($101.73 in chips) 
Seat 6: Rysiff ($100 in chips) 
steelNike: posts small blind $0.50
Rysiff: posts big blind $1
lukazs2: posts big blind $1
XneferX: sits out 
*** HOLE CARDS ***
Supermegopro: folds 
lukazs2: checks 
Repoman99: raises $3.50 to $4.50
steelNike: folds 
Rysiff: folds 
lukazs2: calls $3.50
*** FLOP *** [7s 2s Js]
lukazs2: bets $1
Repoman99: calls $1
*** TURN *** [7s 2s Js] [9d]
lukazs2: bets $3
Repoman99: calls $3
*** RIVER *** [7s 2s Js 9d] [7c]
lukazs2: bets $17.58
Repoman99: folds 
Uncalled bet ($17.58) returned to lukazs2
lukazs2 collected $17.58 from pot
*** SUMMARY ***
Total pot $18.50 | Rake $0.92 
Board [7s 2s Js 9d 7c]
Seat 3: XneferX
Seat 1: Supermegopro folded before Flop (didn't bet)
Seat 2: lukazs2 collected ($17.58)
Seat 4: Repoman99 (button) folded on the River
Seat 5: steelNike (small blind) folded before Flop
Seat 6: Rysiff (big blind) folded before Flop



PokerStars Hand #254409201190:  Hold'em No Limit ($0.50/$1.00 USD) - 2025/01/16 2:03:27 WET [2025/01/16 21:03:27 ET]
Table 'Dejan III' 6-max Seat #5 is the button
Seat 3: XneferX ($105.10 in chips) is sitting out
Seat 1: Supermegopro ($100 in chips) 
Seat 2: lukazs2 ($89.08 in chips) 
Seat 4: Repoman99 ($49.60 in chips) 
Seat 5: steelNike ($101.23 in chips) 
Seat 6: Rysiff ($100 in chips) 
Rysiff: posts small blind $0.50
Supermegopro: posts big blind $1
XneferX: sits out 
*** HOLE CARDS ***
lukazs2: calls $1
Repoman99: folds 
steelNike: folds 
Rysiff: raises $4 to $5
Supermegopro: folds 
lukazs2: folds 
Uncalled bet ($4) returned to Rysiff
Rysiff collected $3 from pot
Rysiff: doesn't show hand 
*** SUMMARY ***
Total pot $3 | Rake $0 
Seat 3: XneferX
Seat 1: Supermegopro (big blind) folded before Flop
Seat 2: lukazs2 folded before Flop
Seat 4: Repoman99 folded before Flop (didn't bet)
Seat 5: steelNike (button) folded before Flop (didn't bet)
Seat 6: Rysiff (small blind) collected ($3)



PokerStars Hand #254409206794:  Hold'em No Limit ($0.50/$1.00 USD) - 2025/01/16 2:04:02 WET [2025/01/16 21:04:02 ET]
Table 'Dejan III' 6-max Seat #6 is the button
Seat 3: XneferX ($105.10 in chips) is sitting out
Seat 1: Supermegopro ($100 in chips) 
Seat 2: lukazs2 ($88.08 in chips) 
Seat 4: Repoman99 ($49.60 in chips) 
Seat 5: steelNike ($101.23 in chips) 
Seat 6: Rysiff ($102 in chips) 
Supermegopro: posts small blind $0.50
lukazs2: posts big blind $1
XneferX: sits out 
*** HOLE CARDS ***
Repoman99: folds 
steelNike: folds 
Rysiff: raises $1.50 to $2.50
Supermegopro: folds 
lukazs2: calls $1.50
*** FLOP *** [Ah 6h 2d]
lukazs2: checks 
Rysiff: bets $1.72
lukazs2: folds 
Uncalled bet ($1.72) returned to Rysiff
Rysiff collected $5.22 from pot
Rysiff: doesn't show hand 
*** SUMMARY ***
Total pot $5.50 | Rake $0.28 
Board [Ah 6h 2d]
Seat 3: XneferX
Seat 1: Supermegopro (small blind) folded before Flop
Seat 2: lukazs2 (big blind) folded on the Flop
Seat 4: Repoman99 folded before Flop (didn't bet)
Seat 5: steelNike folded before Flop (didn't bet)
Seat 6: Rysiff (button) collected ($5.22)



PokerStars Hand #254409212998:  Hold'em No Limit ($0.50/$1.00 USD) - 2025/01/16 2:04:40 WET [2025/01/16 21:04:40 ET]
Table 'Dejan III' 6-max Seat #1 is the button
Seat 1: Supermegopro ($100 in chips) 
Seat 2: lukazs2 ($85.58 in chips) 
Seat 3: XneferX ($105.10 in chips) 
Seat 4: Repoman99 ($49.60 in chips) 
Seat 5: steelNike ($101.23 in chips) 
Seat 6: Rysiff ($104.72 in chips) 
lukazs2: posts small blind $0.50
XneferX: posts big blind $1
*** HOLE CARDS ***
Repoman99: calls $1
steelNike: folds 
Rysiff: folds 
Supermegopro: folds 
lukazs2: raises $1 to $2
XneferX: folds 
Repoman99: calls $1
*** FLOP *** [Jh 7c 4h]
lukazs2: checks 
Repoman99: bets $4.75
lukazs2: folds 
Uncalled bet ($4.75) returned to Repoman99
Repoman99 collected $4.75 from pot
*** SUMMARY ***
Total pot $5 | Rake $0.25 
Board [Jh 7c 4h]
Seat 1: Supermegopro (button) folded before Flop (didn't bet)
Seat 2: lukazs2 (small blind) folded on the Flop
Seat 3: XneferX (big blind) folded before Flop
Seat 4: Repoman99 collected ($4.75)
Seat 5: steelNike folded before Flop (didn't bet)
Seat 6: Rysiff folded before Flop (didn't bet)



PokerStars Hand #254409219807:  Hold'em No Limit ($0.50/$1.00 USD) - 2025/01/16 2:05:22 WET [2025/01/16 21:05:22 ET]
Table 'Dejan III' 6-max Seat #2 is the button
Seat 1: Supermegopro ($100 in chips) 
Seat 2: lukazs2 ($83.58 in chips) 
Seat 3: XneferX ($104.10 in chips) 
Seat 4: Repoman99 ($52.35 in chips) 
Seat 5: steelNike ($101.23 in chips) 
Seat 6: Rysiff ($104.72 in chips) 
XneferX: posts small blind $0.50
Repoman99: posts big blind $1
*** HOLE CARDS ***
steelNike: folds 
Rysiff: raises $1.50 to $2.50
Supermegopro: folds 
lukazs2: calls $2.50
XneferX: folds 
Repoman99: folds 
*** FLOP *** [8d Tc Qh]
Rysiff: checks 
lukazs2: bets $1
Rysiff: calls $1
*** TURN *** [8d Tc Qh] [Td]
Rysiff: checks 
lukazs2: bets $2
Rysiff: raises $9.66 to $11.66
lukazs2: folds 
Uncalled bet ($9.66) returned to Rysiff
Rysiff collected $11.88 from pot
Rysiff: doesn't show hand 
*** SUMMARY ***
Total pot $12.50 | Rake $0.62 
Board [8d Tc Qh Td]
Seat 1: Supermegopro folded before Flop (didn't bet)
Seat 2: lukazs2 (button) folded on the Turn
Seat 3: XneferX (small blind) folded before Flop
Seat 4: Repoman99 (big blind) folded before Flop
Seat 5: steelNike folded before Flop (didn't bet)
Seat 6: Rysiff collected ($11.88)



PokerStars Hand #254409230531:  Hold'em No Limit ($0.50/$1.00 USD) - 2025/01/16 2:06:28 WET [2025/01/16 21:06:28 ET]
Table 'Dejan III' 6-max Seat #3 is the button
Seat 1: Supermegopro ($100 in chips) 
Seat 2: lukazs2 ($78.08 in chips) 
Seat 3: XneferX ($103.60 in chips) 
Seat 4: Repoman99 ($51.35 in chips) 
Seat 5: steelNike ($101.23 in chips) 
Seat 6: Rysiff ($111.10 in chips) 
Repoman99: posts small blind $0.50
steelNike: posts big blind $1
*** HOLE CARDS ***
Rysiff: folds 
Supermegopro: folds 
lukazs2: calls $1
XneferX: folds 
Repoman99: calls $0.50
steelNike: checks 
*** FLOP *** [4s 3h Qc]
Repoman99: checks 
steelNike: checks 
lukazs2: checks 
*** TURN *** [4s 3h Qc] [6c]
Repoman99: checks 
steelNike: checks 
lukazs2: bets $1.43
Repoman99: folds 
steelNike: folds 
Uncalled bet ($1.43) returned to lukazs2
lukazs2 collected $2.85 from pot
*** SUMMARY ***
Total pot $3 | Rake $0.15 
Board [4s 3h Qc 6c]
Seat 1: Supermegopro folded before Flop (didn't bet)
Seat 2: lukazs2 collected ($2.85)
Seat 3: XneferX (button) folded before Flop (didn't bet)
Seat 4: Repoman99 (small blind) folded on the Turn
Seat 5: steelNike (big blind) folded on the Turn
Seat 6: Rysiff folded before Flop (didn't bet)



PokerStars Hand #254409238140:  Hold'em No Limit ($0.50/$1.00 USD) - 2025/01/16 2:07:15 WET [2025/01/16 21:07:15 ET]
Table 'Dejan III' 6-max Seat #4 is the button
Seat 1: Supermegopro ($100 in chips) 
Seat 2: lukazs2 ($79.93 in chips) 
Seat 3: XneferX ($103.60 in chips) 
Seat 4: Repoman99 ($50.35 in chips) 
Seat 5: steelNike ($100.23 in chips) 
Seat 6: Rysiff ($111.10 in chips) 
steelNike: posts small blind $0.50
Rysiff: posts big blind $1
*** HOLE CARDS ***
Supermegopro: folds 
lukazs2: raises $3 to $4
XneferX: folds 
Repoman99: folds 
steelNike: folds 
Rysiff: calls $3
*** FLOP *** [6d 4s 3c]
Rysiff: checks 
lukazs2: bets $4.04
Rysiff: folds 
Uncalled bet ($4.04) returned to lukazs2
lukazs2 collected $8.08 from pot
*** SUMMARY ***
Total pot $8.50 | Rake $0.42 
Board [6d 4s 3c]
Seat 1: Supermegopro folded before Flop (didn't bet)
Seat 2: lukazs2 collected ($8.08)
Seat 3: XneferX folded before Flop (didn't bet)
Seat 4: Repoman99 (button) folded before Flop (didn't bet)
Seat 5: steelNike (small blind) folded before Flop
Seat 6: Rysiff (big blind) folded on the Flop



PokerStars Hand #254409244480:  Hold'em No Limit ($0.50/$1.00 USD) - 2025/01/16 2:07:55 WET [2025/01/16 21:07:55 ET]
Table 'Dejan III' 6-max Seat #5 is the button
Seat 1: Supermegopro ($100 in chips) 
Seat 2: lukazs2 ($84.01 in chips) 
Seat 3: XneferX ($103.60 in chips) 
Seat 4: Repoman99 ($50.35 in chips) 
Seat 5: steelNike ($99.73 in chips) 
Seat 6: Rysiff ($107.10 in chips) 
Rysiff: posts small blind $0.50
Supermegopro: posts big blind $1
*** HOLE CARDS ***
lukazs2: folds 
XneferX: folds 
Repoman99: raises $2.50 to $3.50
steelNike: calls $3.50
Rysiff: folds 
Supermegopro: folds 
*** FLOP *** [5s 4d 6c]
Repoman99: bets $4.04
steelNike: folds 
Uncalled bet ($4.04) returned to Repoman99
Repoman99 collected $8.08 from pot
*** SUMMARY ***
Total pot $8.50 | Rake $0.42 
Board [5s 4d 6c]
Seat 1: Supermegopro (big blind) folded before Flop
Seat 2: lukazs2 folded before Flop (didn't bet)
Seat 3: XneferX folded before Flop (didn't bet)
Seat 4: Repoman99 collected ($8.08)
Seat 5: steelNike (button) folded on the Flop
Seat 6: Rysiff (small blind) folded before Flop



PokerStars Hand #254409249351:  Hold'em No Limit ($0.50/$1.00 USD) - 2025/01/16 2:08:26 WET [2025/01/16 21:08:26 ET]
Table 'Dejan III' 6-max Seat #6 is the button
Seat 1: Supermegopro ($100 in chips) 
Seat 2: lukazs2 ($84.01 in chips) 
Seat 3: XneferX ($103.60 in chips) 
Seat 4: Repoman99 ($54.93 in chips) 
Seat 5: steelNike ($96.23 in chips) 
Seat 6: Rysiff ($106.60 in chips) 
Supermegopro: posts small blind $0.50
lukazs2: posts big blind $1
*** HOLE CARDS ***
XneferX: folds 
Repoman99: folds 
steelNike: folds 
Rysiff: raises $1.50 to $2.50
Supermegopro: folds 
lukazs2: calls $1.50
*** FLOP *** [4h 9s 4c]
lukazs2: checks 
Rysiff: bets $4.18
lukazs2: folds 
Uncalled bet ($4.18) returned to Rysiff
Rysiff collected $5.22 from pot
Rysiff: doesn't show hand 
*** SUMMARY ***
Total pot $5.50 | Rake $0.28 
Board [4h 9s 4c]
Seat 1: Supermegopro (small blind) folded before Flop
Seat 2: lukazs2 (big blind) folded on the Flop
Seat 3: XneferX folded before Flop (didn't bet)
Seat 4: Repoman99 folded before Flop (didn't bet)
Seat 5: steelNike folded before Flop (didn't bet)
Seat 6: Rysiff (button) collected ($5.22)



PokerStars Hand #254409255024:  Hold'em No Limit ($0.50/$1.00 USD) - 2025/01/16 2:09:02 WET [2025/01/16 21:09:02 ET]
Table 'Dejan III' 6-max Seat #1 is the button
Seat 1: Supermegopro ($100 in chips) 
Seat 2: lukazs2 ($81.51 in chips) 
Seat 3: XneferX ($103.60 in chips) 
Seat 4: Repoman99 ($54.93 in chips) 
Seat 5: steelNike ($96.23 in chips) 
Seat 6: Rysiff ($109.32 in chips) 
lukazs2: posts small blind $0.50
XneferX: posts big blind $1
*** HOLE CARDS ***
Repoman99: raises $1 to $2
steelNike: folds 
Rysiff: raises $5 to $7
Supermegopro: folds 
lukazs2: raises $5 to $12
XneferX: folds 
Repoman99: folds 
Rysiff: calls $5
*** FLOP *** [Ac 5c 4s]
lukazs2: bets $3.83
Rysiff: calls $3.83
*** TURN *** [Ac 5c 4s] [2d]
lukazs2: bets $4
Rysiff: calls $4
*** RIVER *** [Ac 5c 4s 2d] [4d]
lukazs2: checks 
Rysiff: checks 
*** SHOW DOWN ***
lukazs2: shows [Ks Kc] (two pair, Kings and Fours)
Rysiff: mucks hand 
lukazs2 collected $40.53 from pot
*** SUMMARY ***
Total pot $42.66 | Rake $2.13 
Board [Ac 5c 4s 2d 4d]
Seat 1: Supermegopro (button) folded before Flop (didn't bet)
Seat 2: lukazs2 (small blind) showed [Ks Kc] and won ($40.53) with two pair, Kings and Fours
Seat 3: XneferX (big blind) folded before Flop
Seat 4: Repoman99 folded before Flop
Seat 5: steelNike folded before Flop (didn't bet)
Seat 6: Rysiff mucked



PokerStars Hand #254409267322:  Hold'em No Limit ($0.50/$1.00 USD) - 2025/01/16 2:10:20 WET [2025/01/16 21:10:20 ET]
Table 'Dejan III' 6-max Seat #2 is the button
Seat 1: Supermegopro ($100 in chips) 
Seat 2: lukazs2 ($102.21 in chips) 
Seat 3: XneferX ($102.60 in chips) 
Seat 4: Repoman99 ($52.93 in chips) 
Seat 5: steelNike ($96.23 in chips) 
Seat 6: Rysiff ($100 in chips) 
XneferX: posts small blind $0.50
Repoman99: posts big blind $1
*** HOLE CARDS ***
steelNike: folds 
Rysiff: raises $1.50 to $2.50
Supermegopro: folds 
lukazs2: folds 
XneferX: folds 
Repoman99: calls $1.50
*** FLOP *** [5c Td 4s]
Repoman99: checks 
Rysiff: checks 
*** TURN *** [5c Td 4s] [Ad]
Repoman99: bets $2
Rysiff: calls $2
*** RIVER *** [5c Td 4s Ad] [Jd]
Repoman99: checks 
Rysiff: bets $7.22
Repoman99: folds 
Uncalled bet ($7.22) returned to Rysiff
Rysiff collected $9.02 from pot
Rysiff: doesn't show hand 
*** SUMMARY ***
Total pot $9.50 | Rake $0.48 
Board [5c Td 4s Ad Jd]
Seat 1: Supermegopro folded before Flop (didn't bet)
Seat 2: lukazs2 (button) folded before Flop (didn't bet)
Seat 3: XneferX (small blind) folded before Flop
Seat 4: Repoman99 (big blind) folded on the River
Seat 5: steelNike folded before Flop (didn't bet)
Seat 6: Rysiff collected ($9.02)



PokerStars Hand #254409276818:  Hold'em No Limit ($0.50/$1.00 USD) - 2025/01/16 2:11:20 WET [2025/01/16 21:11:20 ET]
Table 'Dejan III' 6-max Seat #3 is the button
Seat 1: Supermegopro ($100 in chips) 
Seat 2: lukazs2 ($102.21 in chips) 
Seat 3: XneferX ($102.10 in chips) 
Seat 4: Repoman99 ($48.43 in chips) 
Seat 5: steelNike ($96.23 in chips) 
Seat 6: Rysiff ($104.52 in chips) 
Repoman99: posts small blind $0.50
steelNike: posts big blind $1
*** HOLE CARDS ***
Rysiff: folds 
Supermegopro: folds 
lukazs2: raises $2 to $3
XneferX: folds 
Repoman99: calls $2.50
steelNike: folds 
*** FLOP *** [Tc 2c 6c]
Repoman99: checks 
lukazs2: bets $1
Repoman99: raises $4.33 to $5.33
lukazs2: folds 
Uncalled bet ($4.33) returned to Repoman99
Repoman99 collected $8.55 from pot
*** SUMMARY ***
Total pot $9 | Rake $0.45 
Board [Tc 2c 6c]
Seat 1: Supermegopro folded before Flop (didn't bet)
Seat 2: lukazs2 folded on the Flop
Seat 3: XneferX (button) folded before Flop (didn't bet)
Seat 4: Repoman99 (small blind) collected ($8.55)
Seat 5: steelNike (big blind) folded before Flop
Seat 6: Rysiff folded before Flop (didn't bet)



PokerStars Hand #254409282433:  Hold'em No Limit ($0.50/$1.00 USD) - 2025/01/16 2:11:55 WET [2025/01/16 21:11:55 ET]
Table 'Dejan III' 6-max Seat #4 is the button
Seat 1: Supermegopro ($100 in chips) 
Seat 2: lukazs2 ($98.21 in chips) 
Seat 3: XneferX ($102.10 in chips) 
Seat 4: Repoman99 ($52.98 in chips) 
Seat 5: steelNike ($95.23 in chips) 
Seat 6: Rysiff ($104.52 in chips) 
steelNike: posts small blind $0.50
Rysiff: posts big blind $1
*** HOLE CARDS ***
Supermegopro: folds 
lukazs2: raises $3 to $4
XneferX: folds 
Repoman99: folds 
steelNike: folds 
Rysiff: folds 
Uncalled bet ($3) returned to lukazs2
lukazs2 collected $2.50 from pot
*** SUMMARY ***
Total pot $2.50 | Rake $0 
Seat 1: Supermegopro folded before Flop (didn't bet)
Seat 2: lukazs2 collected ($2.50)
Seat 3: XneferX folded before Flop (didn't bet)
Seat 4: Repoman99 (button) folded before Flop (didn't bet)
Seat 5: steelNike (small blind) folded before Flop
Seat 6: Rysiff (big blind) folded before Flop



PokerStars Hand #254409285221:  Hold'em No Limit ($0.50/$1.00 USD) - 2025/01/16 2:12:12 WET [2025/01/16 21:12:12 ET]
Table 'Dejan III' 6-max Seat #5 is the button
Seat 1: Supermegopro ($100 in chips) 
Seat 2: lukazs2 ($99.71 in chips) 
Seat 3: XneferX ($102.10 in chips) 
Seat 4: Repoman99 ($52.98 in chips) 
Seat 5: steelNike ($94.73 in chips) 
Seat 6: Rysiff ($103.52 in chips) 
Rysiff: posts small blind $0.50
Supermegopro: posts big blind $1
*** HOLE CARDS ***
lukazs2: folds 
XneferX: folds 
Repoman99: folds 
steelNike: raises $1.50 to $2.50
Rysiff: folds 
Supermegopro: folds 
Uncalled bet ($1.50) returned to steelNike
steelNike collected $2.50 from pot
*** SUMMARY ***
Total pot $2.50 | Rake $0 
Seat 1: Supermegopro (big blind) folded before Flop
Seat 2: lukazs2 folded before Flop (didn't bet)
Seat 3: XneferX folded before Flop (didn't bet)
Seat 4: Repoman99 folded before Flop (didn't bet)
Seat 5: steelNike (button) collected ($2.50)
Seat 6: Rysiff (small blind) folded before Flop



PokerStars Hand #254409287993:  Hold'em No Limit ($0.50/$1.00 USD) - 2025/01/16 2:12:30 WET [2025/01/16 21:12:30 ET]
Table 'Dejan III' 6-max Seat #6 is the button
Seat 1: Supermegopro ($100 in chips) 
Seat 2: lukazs2 ($99.71 in chips) 
Seat 3: XneferX ($102.10 in chips) 
Seat 4: Repoman99 ($52.98 in chips) 
Seat 5: steelNike ($96.23 in chips) 
Seat 6: Rysiff ($103.02 in chips) 
Supermegopro: posts small blind $0.50
lukazs2: posts big blind $1
*** HOLE CARDS ***
XneferX: folds 
Repoman99: folds 
steelNike: folds 
Rysiff: folds 
Supermegopro: raises $2 to $3
lukazs2: calls $2
*** FLOP *** [4s Jd Js]
Supermegopro: checks 
lukazs2: checks 
*** TURN *** [4s Jd Js] [8h]
Supermegopro: bets $4
lukazs2: calls $4
*** RIVER *** [4s Jd Js 8h] [9d]
Supermegopro: bets $6.65
lukazs2: calls $6.65
*** SHOW DOWN ***
Supermegopro: shows [Jc Ts] (three of a kind, Jacks)
lukazs2: mucks hand 
Supermegopro collected $25.94 from pot
*** SUMMARY ***
Total pot $27.30 | Rake $1.36 
Board [4s Jd Js 8h 9d]
Seat 1: Supermegopro (small blind) showed [Jc Ts] and won ($25.94) with three of a kind, Jacks
Seat 2: lukazs2 (big blind) mucked
Seat 3: XneferX folded before Flop (didn't bet)
Seat 4: Repoman99 folded before Flop (didn't bet)
Seat 5: steelNike folded before Flop (didn't bet)
Seat 6: Rysiff (button) folded before Flop (didn't bet)



PokerStars Hand #254409303076:  Hold'em No Limit ($0.50/$1.00 USD) - 2025/01/16 2:14:05 WET [2025/01/16 21:14:05 ET]
Table 'Dejan III' 6-max Seat #2 is the button
Seat 1: Supermegopro ($120.65 in chips) 
Seat 2: lukazs2 ($77.83 in chips) 
Seat 3: XneferX ($101.10 in chips) 
Seat 4: Repoman99 ($52.98 in chips) 
Seat 5: steelNike ($96.23 in chips) 
Seat 6: Rysiff ($103.02 in chips) 
XneferX: posts small blind $0.50
Repoman99: posts big blind $1
*** HOLE CARDS ***
steelNike: raises $1 to $2
Rysiff: folds 
Supermegopro: folds 
lukazs2: folds 
XneferX: folds 
Repoman99: calls $1
*** FLOP *** [Ts 3c Qc]
Repoman99: checks 
steelNike: bets $3.21
Repoman99: folds 
Uncalled bet ($3.21) returned to steelNike
steelNike collected $4.28 from pot
*** SUMMARY ***
Total pot $4.50 | Rake $0.22 
Board [Ts 3c Qc]
Seat 1: Supermegopro folded before Flop (didn't bet)
Seat 2: lukazs2 (button) folded before Flop (didn't bet)
Seat 3: XneferX (small blind) folded before Flop
Seat 4: Repoman99 (big blind) folded on the Flop
Seat 5: steelNike collected ($4.28)
Seat 6: Rysiff folded before Flop (didn't bet)



PokerStars Hand #254409308395:  Hold'em No Limit ($0.50/$1.00 USD) - 2025/01/16 2:14:38 WET [2025/01/16 21:14:38 ET]
Table 'Dejan III' 6-max Seat #3 is the button
Seat 1: Supermegopro ($120.65 in chips) 
Seat 2: lukazs2 ($77.83 in chips) 
Seat 3: XneferX ($100.60 in chips) 
Seat 4: Repoman99 ($50.98 in chips) 
Seat 5: steelNike ($98.51 in chips) 
Seat 6: Rysiff ($103.02 in chips) 
Repoman99: posts small blind $0.50
steelNike: posts big blind $1
*** HOLE CARDS ***
Rysiff: folds 
Supermegopro: raises $1.50 to $2.50
lukazs2: folds 
XneferX: folds 
Repoman99: folds 
steelNike: calls $1.50
*** FLOP *** [9h 2c 8s]
steelNike: checks 
Supermegopro: checks 
*** TURN *** [9h 2c 8s] [5s]
steelNike: bets $3.92
Supermegopro: calls $3.92
*** RIVER *** [9h 2c 8s 5s] [2s]
steelNike: bets $9.50
Supermegopro: folds 
Uncalled bet ($9.50) returned to steelNike
steelNike collected $12.67 from pot
*** SUMMARY ***
Total pot $13.34 | Rake $0.67 
Board [9h 2c 8s 5s 2s]
Seat 1: Supermegopro folded on the River
Seat 2: lukazs2 folded before Flop (didn't bet)
Seat 3: XneferX (button) folded before Flop (didn't bet)
Seat 4: Repoman99 (small blind) folded before Flop
Seat 5: steelNike (big blind) collected ($12.67)
Seat 6: Rysiff folded before Flop (didn't bet)



PokerStars Hand #254409318459:  Hold'em No Limit ($0.50/$1.00 USD) - 2025/01/16 2:15:43 WET [2025/01/16 21:15:43 ET]
Table 'Dejan III' 6-max Seat #4 is the button
Seat 1: Supermegopro ($114.23 in chips) 
Seat 2: lukazs2 ($77.83 in chips) 
Seat 3: XneferX ($100.60 in chips) 
Seat 4: Repoman99 ($50.48 in chips) 
Seat 5: steelNike ($104.76 in chips) 
Seat 6: Rysiff ($103.02 in chips) 
steelNike: posts small blind $0.50
Rysiff: posts big blind $1
*** HOLE CARDS ***
Supermegopro: folds 
lukazs2: raises $2 to $3
XneferX: folds 
Repoman99: folds 
steelNike: folds 
Rysiff: folds 
Uncalled bet ($2) returned to lukazs2
lukazs2 collected $2.50 from pot
*** SUMMARY ***
Total pot $2.50 | Rake $0 
Seat 1: Supermegopro folded before Flop (didn't bet)
Seat 2: lukazs2 collected ($2.50)
Seat 3: XneferX folded before Flop (didn't bet)
Seat 4: Repoman99 (button) folded before Flop (didn't bet)
Seat 5: steelNike (small blind) folded before Flop
Seat 6: Rysiff (big blind) folded before Flop



PokerStars Hand #254409322073:  Hold'em No Limit ($0.50/$1.00 USD) - 2025/01/16 2:16:06 WET [2025/01/16 21:16:06 ET]
Table 'Dejan III' 6-max Seat #5 is the button
Seat 1: Supermegopro ($114.23 in chips) 
Seat 2: lukazs2 ($79.33 in chips) 
Seat 3: XneferX ($100.60 in chips) 
Seat 4: Repoman99 ($50.48 in chips) 
Seat 5: steelNike ($104.26 in chips) 
Seat 6: Rysiff ($102.02 in chips) 
Rysiff: posts small blind $0.50
Supermegopro: posts big blind $1
*** HOLE CARDS ***
lukazs2: raises $2 to $3
XneferX: folds 
Repoman99: folds 
steelNike: folds 
Rysiff: folds 
Supermegopro: calls $2
*** FLOP *** [Td 2s 7c]
Supermegopro: checks 
lukazs2: bets $3.09
Supermegopro: calls $3.09
*** TURN *** [Td 2s 7c] [5h]
Supermegopro: checks 
lukazs2: bets $3.03
Supermegopro: calls $3.03
*** RIVER *** [Td 2s 7c 5h] [8d]
Supermegopro: checks 
lukazs2: checks 
*** SHOW DOWN ***
Supermegopro: shows [9c Th] (a pair of Tens)
lukazs2: mucks hand 
Supermegopro collected $17.80 from pot
*** SUMMARY ***
Total pot $18.74 | Rake $0.94 
Board [Td 2s 7c 5h 8d]
Seat 1: Supermegopro (big blind) showed [9c Th] and won ($17.80) with a pair of Tens
Seat 2: lukazs2 mucked
Seat 3: XneferX folded before Flop (didn't bet)
Seat 4: Repoman99 folded before Flop (didn't bet)
Seat 5: steelNike (button) folded before Flop (didn't bet)
Seat 6: Rysiff (small blind) folded before Flop



PokerStars Hand #254409329600:  Hold'em No Limit ($0.50/$1.00 USD) - 2025/01/16 2:16:55 WET [2025/01/16 21:16:55 ET]
Table 'Dejan III' 6-max Seat #6 is the button
Seat 1: Supermegopro ($122.91 in chips) 
Seat 2: lukazs2 ($70.21 in chips) 
Seat 3: XneferX ($100.60 in chips) 
Seat 4: Repoman99 ($50.48 in chips) 
Seat 5: steelNike ($104.26 in chips) 
Seat 6: Rysiff ($101.52 in chips) 
Supermegopro: posts small blind $0.50
lukazs2: posts big blind $1
*** HOLE CARDS ***
XneferX: raises $1.50 to $2.50
Repoman99: folds 
steelNike: folds 
Rysiff: folds 
Supermegopro: folds 
lukazs2: calls $1.50
*** FLOP *** [6c As Kd]
lukazs2: checks 
XneferX: bets $1.77
lukazs2: folds 
Uncalled bet ($1.77) returned to XneferX
XneferX collected $5.22 from pot
XneferX: doesn't show hand 
*** SUMMARY ***
Total pot $5.50 | Rake $0.28 
Board [6c As Kd]
Seat 1: Supermegopro (small blind) folded before Flop
Seat 2: lukazs2 (big blind) folded on the Flop
Seat 3: XneferX collected ($5.22)
Seat 4: Repoman99 folded before Flop (didn't bet)
Seat 5: steelNike folded before Flop (didn't bet)
Seat 6: Rysiff (button) folded before Flop (didn't bet)



PokerStars Hand #254409334654:  Hold'em No Limit ($0.50/$1.00 USD) - 2025/01/16 2:17:28 WET [2025/01/16 21:17:28 ET]
Table 'Dejan III' 6-max Seat #1 is the button
Seat 3: XneferX ($103.32 in chips) is sitting out
Seat 1: Supermegopro ($122.41 in chips) 
Seat 2: lukazs2 ($67.71 in chips) 
Seat 4: Repoman99 ($50.48 in chips) 
Seat 5: steelNike ($104.26 in chips) 
Seat 6: Rysiff ($101.52 in chips) 
lukazs2: posts small blind $0.50
XneferX: is sitting out 
Repoman99: posts big blind $1
*** HOLE CARDS ***
steelNike: folds 
Rysiff: folds 
Supermegopro: raises $1.50 to $2.50
lukazs2: raises $5.50 to $8
Repoman99: calls $7
Supermegopro: calls $5.50
*** FLOP *** [Kd 4s 5c]
lukazs2: bets $3
Repoman99: calls $3
Supermegopro: calls $3
*** TURN *** [Kd 4s 5c] [Qh]
lukazs2: bets $1
Repoman99: folds 
Supermegopro: calls $1
*** RIVER *** [Kd 4s 5c Qh] [Qd]
lukazs2: checks 
Supermegopro: checks 
*** SHOW DOWN ***
lukazs2: shows [Tc Th] (two pair, Queens and Tens)
Supermegopro: mucks hand 
lukazs2 collected $33.25 from pot
*** SUMMARY ***
Total pot $35 | Rake $1.75 
Board [Kd 4s 5c Qh Qd]
Seat 3: XneferX
Seat 1: Supermegopro (button) mucked
Seat 2: lukazs2 (small blind) showed [Tc Th] and won ($33.25) with two pair, Queens and Tens
Seat 4: Repoman99 (big blind) folded on the Turn
Seat 5: steelNike folded before Flop (didn't bet)
Seat 6: Rysiff folded before Flop (didn't bet)



PokerStars Hand #254409344964:  Hold'em No Limit ($0.50/$1.00 USD) - 2025/01/16 2:18:35 WET [2025/01/16 21:18:35 ET]
Table 'Dejan III' 6-max Seat #2 is the button
Seat 3: XneferX ($103.32 in chips) is sitting out
Seat 1: Supermegopro ($110.41 in chips) 
Seat 2: lukazs2 ($88.96 in chips) 
Seat 4: Repoman99 ($39.48 in chips) 
Seat 5: steelNike ($104.26 in chips) 
Seat 6: Rysiff ($101.52 in chips) 
Repoman99: posts small blind $0.50
steelNike: posts big blind $1
*** HOLE CARDS ***
Rysiff: folds 
Supermegopro: raises $1.50 to $2.50
lukazs2: calls $2.50
Repoman99: folds 
steelNike: folds 
*** FLOP *** [3c 6c Ac]
Supermegopro: checks 
lukazs2: bets $2
Supermegopro: calls $2
*** TURN *** [3c 6c Ac] [Qc]
Supermegopro: checks 
lukazs2: bets $4.99
Supermegopro: calls $4.99
*** RIVER *** [3c 6c Ac Qc] [Jd]
Supermegopro: checks 
lukazs2: checks 
*** SHOW DOWN ***
Supermegopro: shows [6d 3d] (two pair, Sixes and Threes)
lukazs2: shows [9c 4h] (a flush, Ace high)
lukazs2 collected $19.46 from pot
*** SUMMARY ***
Total pot $20.48 | Rake $1.02 
Board [3c 6c Ac Qc Jd]
Seat 3: XneferX
Seat 1: Supermegopro showed [6d 3d] and lost with two pair, Sixes and Threes
Seat 2: lukazs2 (button) showed [9c 4h] and won ($19.46) with a flush, Ace high
Seat 4: Repoman99 (small blind) folded before Flop
Seat 5: steelNike (big blind) folded before Flop
Seat 6: Rysiff folded before Flop (didn't bet)



PokerStars Hand #254409353497:  Hold'em No Limit ($0.50/$1.00 USD) - 2025/01/16 2:19:31 WET [2025/01/16 21:19:31 ET]
Table 'Dejan III' 6-max Seat #4 is the button
Seat 3: XneferX ($103.32 in chips) is sitting out
Seat 1: Supermegopro ($100.92 in chips) 
Seat 2: lukazs2 ($98.93 in chips) 
Seat 4: Repoman99 ($38.98 in chips) 
Seat 5: steelNike ($103.26 in chips) 
Seat 6: Rysiff ($101.52 in chips) 
steelNike: posts small blind $0.50
Rysiff: posts big blind $1
XneferX: sits out 
*** HOLE CARDS ***
Supermegopro: folds 
lukazs2: folds 
Repoman99: raises $2 to $3
steelNike: folds 
Rysiff: folds 
Uncalled bet ($2) returned to Repoman99
Repoman99 collected $2.50 from pot
*** SUMMARY ***
Total pot $2.50 | Rake $0 
Seat 3: XneferX
Seat 1: Supermegopro folded before Flop (didn't bet)
Seat 2: lukazs2 folded before Flop (didn't bet)
Seat 4: Repoman99 (button) collected ($2.50)
Seat 5: steelNike (small blind) folded before Flop
Seat 6: Rysiff (big blind) folded before Flop



PokerStars Hand #254409358157:  Hold'em No Limit ($0.50/$1.00 USD) - 2025/01/16 2:20:02 WET [2025/01/16 21:20:02 ET]
Table 'Dejan III' 6-max Seat #5 is the button
Seat 3: XneferX ($103.32 in chips) is sitting out
Seat 1: Supermegopro ($100.92 in chips) 
Seat 2: lukazs2 ($98.93 in chips) 
Seat 4: Repoman99 ($40.48 in chips) 
Seat 5: steelNike ($102.76 in chips) 
Seat 6: Rysiff ($100.52 in chips) 
Rysiff: posts small blind $0.50
Supermegopro: posts big blind $1
XneferX: sits out 
*** HOLE CARDS ***
lukazs2: raises $2 to $3
Repoman99: calls $3
steelNike: folds 
Rysiff: calls $2.50
Supermegopro: raises $12 to $15
lukazs2: folds 
Repoman99: calls $12
Rysiff: folds 
*** FLOP *** [Ad 4h 4d]
Supermegopro: bets $11.29
Repoman99: folds 
Uncalled bet ($11.29) returned to Supermegopro
Supermegopro collected $34.20 from pot
Supermegopro: doesn't show hand 
*** SUMMARY ***
Total pot $36 | Rake $1.80 
Board [Ad 4h 4d]
Seat 3: XneferX
Seat 1: Supermegopro (big blind) collected ($34.20)
Seat 2: lukazs2 folded before Flop
Seat 4: Repoman99 folded on the Flop
Seat 5: steelNike (button) folded before Flop (didn't bet)
Seat 6: Rysiff (small blind) folded before Flop



PokerStars Hand #254409364246:  Hold'em No Limit ($0.50/$1.00 USD) - 2025/01/16 2:20:42 WET [2025/01/16 21:20:42 ET]
Table 'Dejan III' 6-max Seat #6 is the button
Seat 3: XneferX ($103.32 in chips) is sitting out
Seat 1: Supermegopro ($120.12 in chips) 
Seat 2: lukazs2 ($95.93 in chips) 
Seat 4: Repoman99 ($25.48 in chips) 
Seat 5: steelNike ($102.76 in chips) 
Seat 6: Rysiff ($100 in chips) 
Supermegopro: posts small blind $0.50
lukazs2: posts big blind $1
XneferX: sits out 
*** HOLE CARDS ***
Repoman99: folds 
steelNike: folds 
Rysiff: folds 
Supermegopro: raises $1.50 to $2.50
lukazs2: calls $1.50
*** FLOP *** [Tc 6c 7d]
Repoman99 leaves the table
Supermegopro: checks 
lukazs2: bets $2.38
Supermegopro: calls $2.38
*** TURN *** [Tc 6c 7d] [4h]
Supermegopro: checks 
lukazs2: bets $4.64
Tibibacsi joins the table at seat #4 
Supermegopro: calls $4.64
*** RIVER *** [Tc 6c 7d 4h] [2c]
Supermegopro: bets $5.97
lukazs2: folds 
Uncalled bet ($5.97) returned to Supermegopro
Supermegopro collected $18.09 from pot
Supermegopro: doesn't show hand 
*** SUMMARY ***
Total pot $19.04 | Rake $0.95 
Board [Tc 6c 7d 4h 2c]
Seat 3: XneferX
Seat 1: Supermegopro (small blind) collected ($18.09)
Seat 2: lukazs2 (big blind) folded on the River
Seat 4: Repoman99 folded before Flop (didn't bet)
Seat 5: steelNike folded before Flop (didn't bet)
Seat 6: Rysiff (button) folded before Flop (didn't bet)



PokerStars Hand #254409371097:  Hold'em No Limit ($0.50/$1.00 USD) - 2025/01/16 2:21:28 WET [2025/01/16 21:21:28 ET]
Table 'Dejan III' 6-max Seat #1 is the button
Seat 4: Tibibacsi ($100 in chips) is sitting out
Seat 1: Supermegopro ($128.69 in chips) 
Seat 2: lukazs2 ($86.41 in chips) 
Seat 3: XneferX ($103.32 in chips) 
Seat 5: steelNike ($102.76 in chips) 
Seat 6: Rysiff ($100 in chips) 
lukazs2: posts small blind $0.50
XneferX: posts big blind $1
Tibibacsi: sits out 
*** HOLE CARDS ***
steelNike: raises $1 to $2
Rysiff: folds 
Supermegopro: folds 
lukazs2: calls $1.50
XneferX: folds 
*** FLOP *** [Ts 5h 3h]
lukazs2: bets $2.38
steelNike: raises $29.02 to $31.40
lukazs2: folds 
Uncalled bet ($29.02) returned to steelNike
steelNike collected $9.27 from pot
*** SUMMARY ***
Total pot $9.76 | Rake $0.49 
Board [Ts 5h 3h]
Seat 4: Tibibacsi
Seat 1: Supermegopro (button) folded before Flop (didn't bet)
Seat 2: lukazs2 (small blind) folded on the Flop
Seat 3: XneferX (big blind) folded before Flop
Seat 5: steelNike collected ($9.27)
Seat 6: Rysiff folded before Flop (didn't bet)



PokerStars Hand #254409377345:  Hold'em No Limit ($0.50/$1.00 USD) - 2025/01/16 2:22:09 WET [2025/01/16 21:22:09 ET]
Table 'Dejan III' 6-max Seat #2 is the button
Seat 1: Supermegopro ($128.69 in chips) 
Seat 2: lukazs2 ($82.03 in chips) 
Seat 3: XneferX ($102.32 in chips) 
Seat 4: Tibibacsi ($100 in chips) 
Seat 5: steelNike ($107.65 in chips) 
Seat 6: Rysiff ($100 in chips) 
XneferX: posts small blind $0.50
Tibibacsi: posts big blind $1
*** HOLE CARDS ***
steelNike: folds 
Rysiff: folds 
Supermegopro: folds 
lukazs2: raises $3 to $4
XneferX: folds 
Tibibacsi: raises $8 to $12
lukazs2: calls $8
*** FLOP *** [Ts 4s Td]
Tibibacsi: bets $7.68
lukazs2: raises $38.64 to $46.32
Tibibacsi: raises $41.68 to $88 and is all-in
lukazs2: calls $23.71 and is all-in
Uncalled bet ($17.97) returned to Tibibacsi
*** TURN *** [Ts 4s Td] [9s]
*** RIVER *** [Ts 4s Td 9s] [Kh]
*** SHOW DOWN ***
Tibibacsi: shows [Kc Ks] (a full house, Kings full of Tens)
lukazs2: shows [9d As] (two pair, Tens and Nines)
Tibibacsi collected $162.06 from pot
*** SUMMARY ***
Total pot $164.56 | Rake $2.50 
Board [Ts 4s Td 9s Kh]
Seat 1: Supermegopro folded before Flop (didn't bet)
Seat 2: lukazs2 (button) showed [9d As] and lost with two pair, Tens and Nines
Seat 3: XneferX (small blind) folded before Flop
Seat 4: Tibibacsi (big blind) showed [Kc Ks] and won ($162.06) with a full house, Kings full of Tens
Seat 5: steelNike folded before Flop (didn't bet)
Seat 6: Rysiff folded before Flop (didn't bet)



PokerStars Hand #254409388335:  Hold'em No Limit ($0.50/$1.00 USD) - 2025/01/16 2:23:23 WET [2025/01/16 21:23:23 ET]
Table 'Dejan III' 6-max Seat #3 is the button
Seat 2: lukazs2 ($0 in chips) is sitting out
Seat 1: Supermegopro ($128.69 in chips) 
Seat 3: XneferX ($101.82 in chips) 
Seat 4: Tibibacsi ($180.03 in chips) 
Seat 5: steelNike ($107.65 in chips) 
Seat 6: Rysiff ($100 in chips) 
Tibibacsi: posts small blind $0.50
steelNike: posts big blind $1
*** HOLE CARDS ***
Rysiff: folds 
Supermegopro: folds 
XneferX: folds 
Tibibacsi: folds 
Uncalled bet ($0.50) returned to steelNike
steelNike collected $1 from pot
*** SUMMARY ***
Total pot $1 | Rake $0 
Seat 2: lukazs2
Seat 1: Supermegopro folded before Flop (didn't bet)
Seat 3: XneferX (button) folded before Flop (didn't bet)
Seat 4: Tibibacsi (small blind) folded before Flop
Seat 5: steelNike (big blind) collected ($1)
Seat 6: Rysiff folded before Flop (didn't bet)



PokerStars Hand #254409390119:  Hold'em No Limit ($0.50/$1.00 USD) - 2025/01/16 2:23:35 WET [2025/01/16 21:23:35 ET]
Table 'Dejan III' 6-max Seat #4 is the button
Seat 1: Supermegopro ($128.69 in chips) 
Seat 2: lukazs2 ($100 in chips) 
Seat 3: XneferX ($101.82 in chips) 
Seat 4: Tibibacsi ($179.53 in chips) 
Seat 5: steelNike ($108.15 in chips) 
Seat 6: Rysiff ($100 in chips) 
steelNike: posts small blind $0.50
Rysiff: posts big blind $1
*** HOLE CARDS ***
Supermegopro: folds 
lukazs2: raises $2 to $3
XneferX: folds 
Tibibacsi: folds 
steelNike: raises $11 to $14
Rysiff: folds 
lukazs2: folds 
Uncalled bet ($11) returned to steelNike
steelNike collected $7 from pot
*** SUMMARY ***
Total pot $7 | Rake $0 
Seat 1: Supermegopro folded before Flop (didn't bet)
Seat 2: lukazs2 folded before Flop
Seat 3: XneferX folded before Flop (didn't bet)
Seat 4: Tibibacsi (button) folded before Flop (didn't bet)
Seat 5: steelNike (small blind) collected ($7)
Seat 6: Rysiff (big blind) folded before Flop



PokerStars Hand #254409393720:  Hold'em No Limit ($0.50/$1.00 USD) - 2025/01/16 2:23:59 WET [2025/01/16 21:23:59 ET]
Table 'Dejan III' 6-max Seat #5 is the button
Seat 1: Supermegopro ($128.69 in chips) 
Seat 2: lukazs2 ($97 in chips) 
Seat 3: XneferX ($101.82 in chips) 
Seat 4: Tibibacsi ($179.53 in chips) 
Seat 5: steelNike ($112.15 in chips) 
Seat 6: Rysiff ($100 in chips) 
Rysiff: posts small blind $0.50
Supermegopro: posts big blind $1
*** HOLE CARDS ***
lukazs2: calls $1
XneferX: folds 
Tibibacsi: folds 
steelNike: folds 
Rysiff: folds 
Supermegopro: checks 
*** FLOP *** [3c Jc 2d]
Supermegopro: checks 
lukazs2: checks 
*** TURN *** [3c Jc 2d] [Ks]
Supermegopro: checks 
lukazs2: checks 
*** RIVER *** [3c Jc 2d Ks] [8s]
Supermegopro: checks 
lukazs2: checks 
*** SHOW DOWN ***
Supermegopro: shows [Ts 4d] (high card King)
lukazs2: shows [Qc 9h] (high card King - Queen kicker)
lukazs2 collected $2.38 from pot
*** SUMMARY ***
Total pot $2.50 | Rake $0.12 
Board [3c Jc 2d Ks 8s]
Seat 1: Supermegopro (big blind) showed [Ts 4d] and lost with high card King
Seat 2: lukazs2 showed [Qc 9h] and won ($2.38) with high card King
Seat 3: XneferX folded before Flop (didn't bet)
Seat 4: Tibibacsi folded before Flop (didn't bet)
Seat 5: steelNike (button) folded before Flop (didn't bet)
Seat 6: Rysiff (small blind) folded before Flop



PokerStars Hand #254409397047:  Hold'em No Limit ($0.50/$1.00 USD) - 2025/01/16 2:24:21 WET [2025/01/16 21:24:21 ET]
Table 'Dejan III' 6-max Seat #6 is the button
Seat 1: Supermegopro ($127.69 in chips) 
Seat 2: lukazs2 ($98.38 in chips) 
Seat 3: XneferX ($101.82 in chips) 
Seat 4: Tibibacsi ($179.53 in chips) 
Seat 5: steelNike ($112.15 in chips) 
Seat 6: Rysiff ($100 in chips) 
Supermegopro: posts small blind $0.50
lukazs2: posts big blind $1
*** HOLE CARDS ***
XneferX: folds 
Tibibacsi: folds 
steelNike: folds 
Rysiff: folds 
Supermegopro: raises $1.50 to $2.50
lukazs2: calls $1.50
*** FLOP *** [3h Ks Kc]
Supermegopro: bets $1.57
lukazs2: calls $1.57
*** TURN *** [3h Ks Kc] [Jh]
Supermegopro: checks 
lukazs2: checks 
*** RIVER *** [3h Ks Kc Jh] [Tc]
Supermegopro: bets $3.87
lukazs2: calls $3.87
*** SHOW DOWN ***
Supermegopro: shows [Ah 7c] (a pair of Kings)
lukazs2: shows [3c 6d] (two pair, Kings and Threes)
lukazs2 collected $15.09 from pot
*** SUMMARY ***
Total pot $15.88 | Rake $0.79 
Board [3h Ks Kc Jh Tc]
Seat 1: Supermegopro (small blind) showed [Ah 7c] and lost with a pair of Kings
Seat 2: lukazs2 (big blind) showed [3c 6d] and won ($15.09) with two pair, Kings and Threes
Seat 3: XneferX folded before Flop (didn't bet)
Seat 4: Tibibacsi folded before Flop (didn't bet)
Seat 5: steelNike folded before Flop (didn't bet)
Seat 6: Rysiff (button) folded before Flop (didn't bet)



PokerStars Hand #254409402261:  Hold'em No Limit ($0.50/$1.00 USD) - 2025/01/16 2:24:57 WET [2025/01/16 21:24:57 ET]
Table 'Dejan III' 6-max Seat #1 is the button
Seat 1: Supermegopro ($119.75 in chips) 
Seat 2: lukazs2 ($105.53 in chips) 
Seat 3: XneferX ($101.82 in chips) 
Seat 4: Tibibacsi ($179.53 in chips) 
Seat 5: steelNike ($112.15 in chips) 
Seat 6: Rysiff ($100 in chips) 
lukazs2: posts small blind $0.50
XneferX: posts big blind $1
*** HOLE CARDS ***
Tibibacsi: folds 
steelNike: folds 
Rysiff: raises $1.50 to $2.50
Supermegopro: folds 
lukazs2: raises $6 to $8.50
XneferX: folds 
Rysiff: calls $6
*** FLOP *** [5c 6h 9c]
lukazs2: bets $97.03 and is all-in
Rysiff: calls $91.50 and is all-in
Uncalled bet ($5.53) returned to lukazs2
*** TURN *** [5c 6h 9c] [4h]
*** RIVER *** [5c 6h 9c 4h] [Jc]
*** SHOW DOWN ***
lukazs2: shows [Qd Ad] (high card Ace)
Rysiff: shows [6c Kc] (a flush, King high)
Rysiff collected $198.50 from pot
*** SUMMARY ***
Total pot $201 | Rake $2.50 
Board [5c 6h 9c 4h Jc]
Seat 1: Supermegopro (button) folded before Flop (didn't bet)
Seat 2: lukazs2 (small blind) showed [Qd Ad] and lost with high card Ace
Seat 3: XneferX (big blind) folded before Flop
Seat 4: Tibibacsi folded before Flop (didn't bet)
Seat 5: steelNike folded before Flop (didn't bet)
Seat 6: Rysiff showed [6c Kc] and won ($198.50) with a flush, King high



PokerStars Hand #254409408021:  Hold'em No Limit ($0.50/$1.00 USD) - 2025/01/16 2:25:36 WET [2025/01/16 21:25:36 ET]
Table 'Dejan III' 6-max Seat #2 is the button
Seat 1: Supermegopro ($119.75 in chips) 
Seat 2: lukazs2 ($5.53 in chips) 
Seat 3: XneferX ($100.82 in chips) 
Seat 4: Tibibacsi ($179.53 in chips) 
Seat 5: steelNike ($112.15 in chips) 
Seat 6: Rysiff ($198.50 in chips) 
XneferX: posts small blind $0.50
Tibibacsi: posts big blind $1
*** HOLE CARDS ***
steelNike: folds 
Rysiff: raises $1.50 to $2.50
Supermegopro: folds 
lukazs2: folds 
lukazs2 leaves the table
XneferX: folds 
Tibibacsi: folds 
Uncalled bet ($1.50) returned to Rysiff
Rysiff collected $2.50 from pot
Rysiff: doesn't show hand 
*** SUMMARY ***
Total pot $2.50 | Rake $0 
Seat 1: Supermegopro folded before Flop (didn't bet)
Seat 2: lukazs2 (button) folded before Flop (didn't bet)
Seat 3: XneferX (small blind) folded before Flop
Seat 4: Tibibacsi (big blind) folded before Flop
Seat 5: steelNike folded before Flop (didn't bet)
Seat 6: Rysiff collected ($2.50)



PokerStars Hand #254409410061:  Hold'em No Limit ($0.50/$1.00 USD) - 2025/01/16 2:25:51 WET [2025/01/16 21:25:51 ET]
Table 'Dejan III' 6-max Seat #3 is the button
Seat 1: Supermegopro ($119.75 in chips) 
Seat 3: XneferX ($100.32 in chips) 
Seat 4: Tibibacsi ($178.53 in chips) 
Seat 5: steelNike ($112.15 in chips) 
Seat 6: Rysiff ($200 in chips) 
Tibibacsi: posts small blind $0.50
steelNike: posts big blind $1
*** HOLE CARDS ***
Rysiff: folds 
Supermegopro: raises $1.50 to $2.50
XneferX: raises $5 to $7.50
Tibibacsi: folds 
steelNike: folds 
Supermegopro: raises $17.50 to $25
XneferX: calls $17.50
*** FLOP *** [Jc 9c 4s]
steelNike leaves the table
Supermegopro: bets $94.75 and is all-in
XneferX: folds 
Uncalled bet ($94.75) returned to Supermegopro
Supermegopro collected $49 from pot
Supermegopro: doesn't show hand 
*** SUMMARY ***
Total pot $51.50 | Rake $2.50 
Board [Jc 9c 4s]
Seat 1: Supermegopro collected ($49)
Seat 3: XneferX (button) folded on the Flop
Seat 4: Tibibacsi (small blind) folded before Flop
Seat 5: steelNike (big blind) folded before Flop
Seat 6: Rysiff folded before Flop (didn't bet)



PokerStars Hand #254409420672:  Hold'em No Limit ($0.50/$1.00 USD) - 2025/01/16 2:27:03 WET [2025/01/16 21:27:03 ET]
Table 'Dejan III' 6-max Seat #4 is the button
Seat 1: Supermegopro ($143.75 in chips) 
Seat 3: XneferX ($100 in chips) 
Seat 4: Tibibacsi ($178.03 in chips) 
Seat 6: Rysiff ($200 in chips) 
Rysiff: posts small blind $0.50
Supermegopro: posts big blind $1
*** HOLE CARDS ***
XneferX: folds 
Tibibacsi: folds 
XneferX leaves the table
Rysiff: raises $2 to $3
Supermegopro: raises $7 to $10
Rysiff: calls $7
*** FLOP *** [4d 9h 4h]
Rysiff: checks 
Supermegopro: checks 
*** TURN *** [4d 9h 4h] [3d]
Rysiff: checks 
Supermegopro: checks 
*** RIVER *** [4d 9h 4h 3d] [Kc]
uuzka joins the table at seat #3 
Rysiff: checks 
Supermegopro: bets $12.67
Rysiff: calls $12.67
*** SHOW DOWN ***
Supermegopro: shows [Qs Ks] (two pair, Kings and Fours)
Rysiff: shows [Qh Kd] (two pair, Kings and Fours)
Rysiff collected $22.17 from pot
Supermegopro collected $22.17 from pot
*** SUMMARY ***
Total pot $45.34 | Rake $1 
Board [4d 9h 4h 3d Kc]
Seat 1: Supermegopro (big blind) showed [Qs Ks] and won ($22.17) with two pair, Kings and Fours
Seat 3: XneferX folded before Flop (didn't bet)
Seat 4: Tibibacsi (button) folded before Flop (didn't bet)
Seat 6: Rysiff (small blind) showed [Qh Kd] and won ($22.17) with two pair, Kings and Fours



PokerStars Hand #254409429279:  Hold'em No Limit ($0.50/$1.00 USD) - 2025/01/16 2:28:02 WET [2025/01/16 21:28:02 ET]
Table 'Dejan III' 6-max Seat #6 is the button
Seat 1: Supermegopro ($143.25 in chips) 
Seat 3: uuzka ($100 in chips) 
Seat 4: Tibibacsi ($178.03 in chips) 
Seat 6: Rysiff ($199.50 in chips) 
Supermegopro: posts small blind $0.50
uuzka: posts big blind $1
*** HOLE CARDS ***
Tibibacsi: folds 
Rysiff: folds 
Tibibacsi leaves the table
Supermegopro: folds 
Uncalled bet ($0.50) returned to uuzka
uuzka collected $1 from pot
uuzka: doesn't show hand 
*** SUMMARY ***
Total pot $1 | Rake $0 
Seat 1: Supermegopro (small blind) folded before Flop
Seat 3: uuzka (big blind) collected ($1)
Seat 4: Tibibacsi folded before Flop (didn't bet)
Seat 6: Rysiff (button) folded before Flop (didn't bet)



PokerStars Hand #254409430572:  Hold'em No Limit ($0.50/$1.00 USD) - 2025/01/16 2:28:11 WET [2025/01/16 21:28:11 ET]
Table 'Dejan III' 6-max Seat #3 is the button
Seat 6: Rysiff ($199.50 in chips) is sitting out
Seat 1: Supermegopro ($142.75 in chips) 
Seat 3: uuzka ($100.50 in chips) 
uuzka: posts small blind $0.50
Rysiff: is sitting out 
Supermegopro: posts big blind $1
*** HOLE CARDS ***
uuzka: folds 
Uncalled bet ($0.50) returned to Supermegopro
Rysiff leaves the table
Supermegopro collected $1 from pot
Supermegopro: doesn't show hand 
*** SUMMARY ***
Total pot $1 | Rake $0 
Seat 6: Rysiff
Seat 1: Supermegopro (big blind) collected ($1)
Seat 3: uuzka (button) (small blind) folded before Flop



PokerStars Hand #254409431723:  Hold'em No Limit ($0.50/$1.00 USD) - 2025/01/16 2:28:19 WET [2025/01/16 21:28:19 ET]
Table 'Dejan III' 6-max Seat #1 is the button
Seat 1: Supermegopro ($143.25 in chips) 
Seat 3: uuzka ($100 in chips) 
Supermegopro: posts small blind $0.50
uuzka: posts big blind $1
*** HOLE CARDS ***
Supermegopro: raises $1.50 to $2.50
uuzka: calls $1.50
*** FLOP *** [Ac 7s 2h]
uuzka: checks 
Supermegopro: bets $1.57
uuzka: calls $1.57
*** TURN *** [Ac 7s 2h] [8c]
uuzka: checks 
Supermegopro: bets $11.60
uuzka: raises $21.20 to $32.80
Supermegopro: folds 
Uncalled bet ($21.20) returned to uuzka
uuzka collected $30.34 from pot
uuzka: doesn't show hand 
*** SUMMARY ***
Total pot $31.34 | Rake $1 
Board [Ac 7s 2h 8c]
Seat 1: Supermegopro (button) (small blind) folded on the Turn
Seat 3: uuzka (big blind) collected ($30.34)



PokerStars Hand #254409439053:  Hold'em No Limit ($0.50/$1.00 USD) - 2025/01/16 2:29:09 WET [2025/01/16 21:29:09 ET]
Table 'Dejan III' 6-max Seat #3 is the button
Seat 1: Supermegopro ($127.58 in chips) 
Seat 3: uuzka ($114.67 in chips) 
uuzka: posts small blind $0.50
Supermegopro: posts big blind $1
*** HOLE CARDS ***
uuzka: folds 
Uncalled bet ($0.50) returned to Supermegopro
Supermegopro collected $1 from pot
Supermegopro: doesn't show hand 
*** SUMMARY ***
Total pot $1 | Rake $0 
Seat 1: Supermegopro (big blind) collected ($1)
Seat 3: uuzka (button) (small blind) folded before Flop



PokerStars Hand #254409440137:  Hold'em No Limit ($0.50/$1.00 USD) - 2025/01/16 2:29:17 WET [2025/01/16 21:29:17 ET]
Table 'Dejan III' 6-max Seat #1 is the button
Seat 1: Supermegopro ($128.08 in chips) 
Seat 3: uuzka ($114.17 in chips) 
Supermegopro: posts small blind $0.50
uuzka: posts big blind $1
*** HOLE CARDS ***
Supermegopro: raises $2 to $3
uuzka: folds 
Uncalled bet ($2) returned to Supermegopro
Supermegopro collected $2 from pot
uuzka leaves the table
Supermegopro: doesn't show hand 
*** SUMMARY ***
Total pot $2 | Rake $0 
Seat 1: Supermegopro (button) (small blind) collected ($2)
Seat 3: uuzka (big blind) folded before Flop



PokerStars Hand #254409451042:  Hold'em No Limit ($0.50/$1.00 USD) - 2025/01/16 2:30:31 WET [2025/01/16 21:30:31 ET]
Table 'Dejan III' 6-max Seat #3 is the button
Seat 1: Supermegopro ($129.08 in chips) 
Seat 3: wenortx ($54.02 in chips) 
Seat 4: Rysiff ($199.50 in chips) 
Rysiff: posts small blind $0.50
Supermegopro: posts big blind $1
*** HOLE CARDS ***
wenortx: calls $1
Rysiff: folds 
Supermegopro: checks 
*** FLOP *** [6d 4c 8c]
Supermegopro: checks 
wenortx: checks 
*** TURN *** [6d 4c 8c] [Jd]
Supermegopro: bets $1.59
wenortx: calls $1.59
*** RIVER *** [6d 4c 8c Jd] [5s]
Supermegopro: bets $6.75
vezis3 joins the table at seat #5 
wenortx: folds 
Uncalled bet ($6.75) returned to Supermegopro
Supermegopro collected $5.40 from pot
Supermegopro: doesn't show hand 
*** SUMMARY ***
Total pot $5.68 | Rake $0.28 
Board [6d 4c 8c Jd 5s]
Seat 1: Supermegopro (big blind) collected ($5.40)
Seat 3: wenortx (button) folded on the River
Seat 4: Rysiff (small blind) folded before Flop



PokerStars Hand #254409456163:  Hold'em No Limit ($0.50/$1.00 USD) - 2025/01/16 2:31:04 WET [2025/01/16 21:31:04 ET]
Table 'Dejan III' 6-max Seat #4 is the button
Seat 5: vezis3 ($100 in chips) is sitting out
Seat 1: Supermegopro ($131.89 in chips) 
Seat 3: wenortx ($51.43 in chips) 
Seat 4: Rysiff ($199 in chips) 
Supermegopro: posts small blind $0.50
wenortx: posts big blind $1
*** HOLE CARDS ***
Rysiff: raises $1.50 to $2.50
Supermegopro: folds 
wenortx: calls $1.50
*** FLOP *** [Qs 4h Js]
wenortx: checks 
Rysiff: bets $4.18
wenortx: folds 
Uncalled bet ($4.18) returned to Rysiff
Rysiff collected $5.22 from pot
Rysiff: doesn't show hand 
*** SUMMARY ***
Total pot $5.50 | Rake $0.28 
Board [Qs 4h Js]
Seat 5: vezis3
Seat 1: Supermegopro (small blind) folded before Flop
Seat 3: wenortx (big blind) folded on the Flop
Seat 4: Rysiff (button) collected ($5.22)



PokerStars Hand #254409458870:  Hold'em No Limit ($0.50/$1.00 USD) - 2025/01/16 2:31:23 WET [2025/01/16 21:31:23 ET]
Table 'Dejan III' 6-max Seat #1 is the button
Seat 5: vezis3 ($100 in chips) is sitting out
Seat 1: Supermegopro ($131.39 in chips) 
Seat 3: wenortx ($48.93 in chips) 
Seat 4: Rysiff ($201.72 in chips) 
wenortx: posts small blind $0.50
Rysiff: posts big blind $1
vezis3: sits out 
*** HOLE CARDS ***
Supermegopro: raises $2 to $3
wenortx: calls $2.50
Rysiff: folds 
*** FLOP *** [4s 8h Ad]
wenortx: bets $5
Supermegopro: folds 
Uncalled bet ($5) returned to wenortx
wenortx collected $6.65 from pot
Tibibacsi joins the table at seat #6 
*** SUMMARY ***
Total pot $7 | Rake $0.35 
Board [4s 8h Ad]
Seat 5: vezis3
Seat 1: Supermegopro (button) folded on the Flop
Seat 3: wenortx (small blind) collected ($6.65)
Seat 4: Rysiff (big blind) folded before Flop



PokerStars Hand #254409461634:  Hold'em No Limit ($0.50/$1.00 USD) - 2025/01/16 2:31:41 WET [2025/01/16 21:31:41 ET]
Table 'Dejan III' 6-max Seat #3 is the button
Seat 6: Tibibacsi ($178.03 in chips) is sitting out
Seat 1: Supermegopro ($128.39 in chips) 
Seat 3: wenortx ($52.58 in chips) 
Seat 4: Rysiff ($200.72 in chips) 
Seat 5: vezis3 ($100 in chips) 
Rysiff: posts small blind $0.50
vezis3: posts big blind $1
Tibibacsi: sits out 
*** HOLE CARDS ***
Supermegopro: folds 
wenortx: calls $1
Rysiff: raises $4 to $5
vezis3: folds 
wenortx: calls $4
*** FLOP *** [Qh Ac Jh]
Rysiff: bets $3.45
wenortx: calls $3.45
*** TURN *** [Qh Ac Jh] [6s]
50CandyJoe joins the table at seat #2 
Rysiff: checks 
wenortx: bets $5
Rysiff: calls $5
*** RIVER *** [Qh Ac Jh 6s] [3h]
Rysiff: bets $5.38
wenortx: calls $5.38
*** SHOW DOWN ***
Rysiff: shows [Qs Kd] (a pair of Queens)
wenortx: shows [8c Ad] (a pair of Aces)
wenortx collected $37.66 from pot
*** SUMMARY ***
Total pot $38.66 | Rake $1 
Board [Qh Ac Jh 6s 3h]
Seat 6: Tibibacsi
Seat 1: Supermegopro folded before Flop (didn't bet)
Seat 3: wenortx (button) showed [8c Ad] and won ($37.66) with a pair of Aces
Seat 4: Rysiff (small blind) showed [Qs Kd] and lost with a pair of Queens
Seat 5: vezis3 (big blind) folded before Flop



PokerStars Hand #254409468663:  Hold'em No Limit ($0.50/$1.00 USD) - 2025/01/16 2:32:29 WET [2025/01/16 21:32:29 ET]
Table 'Dejan III' 6-max Seat #4 is the button
Seat 2: 50CandyJoe ($100 in chips) is sitting out
Seat 1: Supermegopro ($128.39 in chips) 
Seat 3: wenortx ($71.41 in chips) 
Seat 4: Rysiff ($181.89 in chips) 
Seat 5: vezis3 ($100 in chips) 
Seat 6: Tibibacsi ($178.03 in chips) 
vezis3: posts small blind $0.50
Tibibacsi: posts big blind $1
50CandyJoe: sits out 
*** HOLE CARDS ***
Supermegopro: folds 
wenortx: calls $1
Rysiff: folds 
vezis3: folds 
Tibibacsi: checks 
*** FLOP *** [Js 2c 2d]
Tibibacsi: checks 
wenortx: checks 
*** TURN *** [Js 2c 2d] [Kh]
Tibibacsi: checks 
wenortx: checks 
*** RIVER *** [Js 2c 2d Kh] [6d]
Tibibacsi: checks 
wenortx: checks 
*** SHOW DOWN ***
Tibibacsi: shows [5h 8h] (a pair of Deuces)
wenortx: shows [6h 3h] (two pair, Sixes and Deuces)
wenortx collected $2.38 from pot
*** SUMMARY ***
Total pot $2.50 | Rake $0.12 
Board [Js 2c 2d Kh 6d]
Seat 2: 50CandyJoe
Seat 1: Supermegopro folded before Flop (didn't bet)
Seat 3: wenortx showed [6h 3h] and won ($2.38) with two pair, Sixes and Deuces
Seat 4: Rysiff (button) folded before Flop (didn't bet)
Seat 5: vezis3 (small blind) folded before Flop
Seat 6: Tibibacsi (big blind) showed [5h 8h] and lost with a pair of Deuces



PokerStars Hand #254409472979:  Hold'em No Limit ($0.50/$1.00 USD) - 2025/01/16 2:32:58 WET [2025/01/16 21:32:58 ET]
Table 'Dejan III' 6-max Seat #5 is the button
Seat 2: 50CandyJoe ($100 in chips) is sitting out
Seat 1: Supermegopro ($128.39 in chips) 
Seat 3: wenortx ($72.79 in chips) 
Seat 4: Rysiff ($181.89 in chips) 
Seat 5: vezis3 ($100 in chips) 
Seat 6: Tibibacsi ($177.03 in chips) 
Tibibacsi: posts small blind $0.50
Supermegopro: posts big blind $1
50CandyJoe: sits out 
*** HOLE CARDS ***
wenortx: calls $1
Rysiff: folds 
vezis3: folds 
Tibibacsi: folds 
Supermegopro: raises $4 to $5
wenortx: calls $4
*** FLOP *** [9d Qs 5d]
Supermegopro: checks 
wenortx: checks 
*** TURN *** [9d Qs 5d] [7s]
Supermegopro: bets $6.65
wenortx: raises $6.65 to $13.30
Supermegopro: folds 
Uncalled bet ($6.65) returned to wenortx
wenortx collected $22.61 from pot
*** SUMMARY ***
Total pot $23.80 | Rake $1.19 
Board [9d Qs 5d 7s]
Seat 2: 50CandyJoe
Seat 1: Supermegopro (big blind) folded on the Turn
Seat 3: wenortx collected ($22.61)
Seat 4: Rysiff folded before Flop (didn't bet)
Seat 5: vezis3 (button) folded before Flop (didn't bet)
Seat 6: Tibibacsi (small blind) folded before Flop



PokerStars Hand #254409477578:  Hold'em No Limit ($0.50/$1.00 USD) - 2025/01/16 2:33:29 WET [2025/01/16 21:33:29 ET]
Table 'Dejan III' 6-max Seat #6 is the button
Seat 1: Supermegopro ($116.74 in chips) 
Seat 2: 50CandyJoe ($100 in chips) 
Seat 3: wenortx ($83.75 in chips) 
Seat 4: Rysiff ($181.89 in chips) 
Seat 5: vezis3 ($100 in chips) 
Seat 6: Tibibacsi ($176.53 in chips) 
Supermegopro: posts small blind $0.50
50CandyJoe: posts big blind $1
*** HOLE CARDS ***
wenortx: folds 
Rysiff: folds 
vezis3: folds 
Tibibacsi: raises $1.50 to $2.50
Supermegopro: folds 
wenortx leaves the table
50CandyJoe: folds 
Uncalled bet ($1.50) returned to Tibibacsi
Tibibacsi collected $2.50 from pot
Tibibacsi: doesn't show hand 
*** SUMMARY ***
Total pot $2.50 | Rake $0 
Seat 1: Supermegopro (small blind) folded before Flop
Seat 2: 50CandyJoe (big blind) folded before Flop
Seat 3: wenortx folded before Flop (didn't bet)
Seat 4: Rysiff folded before Flop (didn't bet)
Seat 5: vezis3 folded before Flop (didn't bet)
Seat 6: Tibibacsi (button) collected ($2.50)



PokerStars Hand #254409481032:  Hold'em No Limit ($0.50/$1.00 USD) - 2025/01/16 2:33:53 WET [2025/01/16 21:33:53 ET]
Table 'Dejan III' 6-max Seat #1 is the button
Seat 1: Supermegopro ($116.24 in chips) 
Seat 2: 50CandyJoe ($100 in chips) 
Seat 4: Rysiff ($181.89 in chips) 
Seat 5: vezis3 ($100 in chips) 
Seat 6: Tibibacsi ($178.03 in chips) 
50CandyJoe: posts small blind $0.50
Rysiff: posts big blind $1
*** HOLE CARDS ***
vezis3: raises $1 to $2
Tibibacsi: folds 
Supermegopro: folds 
50CandyJoe: folds 
Rysiff: folds 
Uncalled bet ($1) returned to vezis3
vezis3 collected $2.50 from pot
vezis3: doesn't show hand 
*** SUMMARY ***
Total pot $2.50 | Rake $0 
Seat 1: Supermegopro (button) folded before Flop (didn't bet)
Seat 2: 50CandyJoe (small blind) folded before Flop
Seat 4: Rysiff (big blind) folded before Flop
Seat 5: vezis3 collected ($2.50)
Seat 6: Tibibacsi folded before Flop (didn't bet)



PokerStars Hand #254409483315:  Hold'em No Limit ($0.50/$1.00 USD) - 2025/01/16 2:34:08 WET [2025/01/16 21:34:08 ET]
Table 'Dejan III' 6-max Seat #2 is the button
Seat 1: Supermegopro ($116.24 in chips) 
Seat 2: 50CandyJoe ($100 in chips) 
Seat 4: Rysiff ($180.89 in chips) 
Seat 5: vezis3 ($101.50 in chips) 
Seat 6: Tibibacsi ($178.03 in chips) 
Rysiff: posts small blind $0.50
vezis3: posts big blind $1
*** HOLE CARDS ***
Tibibacsi: folds 
Supermegopro: folds 
50CandyJoe: folds 
Rysiff: folds 
Uncalled bet ($0.50) returned to vezis3
vezis3 collected $1 from pot
vezis3: doesn't show hand 
*** SUMMARY ***
Total pot $1 | Rake $0 
Seat 1: Supermegopro folded before Flop (didn't bet)
Seat 2: 50CandyJoe (button) folded before Flop (didn't bet)
Seat 4: Rysiff (small blind) folded before Flop
Seat 5: vezis3 (big blind) collected ($1)
Seat 6: Tibibacsi folded before Flop (didn't bet)



PokerStars Hand #254409486125:  Hold'em No Limit ($0.50/$1.00 USD) - 2025/01/16 2:34:27 WET [2025/01/16 21:34:27 ET]
Table 'Dejan III' 6-max Seat #4 is the button
Seat 1: Supermegopro ($116.24 in chips) 
Seat 2: 50CandyJoe ($100 in chips) 
Seat 4: Rysiff ($180.39 in chips) 
Seat 5: vezis3 ($102 in chips) 
Seat 6: Tibibacsi ($178.03 in chips) 
vezis3: posts small blind $0.50
Tibibacsi: posts big blind $1
*** HOLE CARDS ***
Supermegopro: folds 
50CandyJoe: folds 
Rysiff: raises $1.50 to $2.50
vezis3: folds 
Tibibacsi: folds 
Uncalled bet ($1.50) returned to Rysiff
Rysiff collected $2.50 from pot
Rysiff: doesn't show hand 
*** SUMMARY ***
Total pot $2.50 | Rake $0 
Seat 1: Supermegopro folded before Flop (didn't bet)
Seat 2: 50CandyJoe folded before Flop (didn't bet)
Seat 4: Rysiff (button) collected ($2.50)
Seat 5: vezis3 (small blind) folded before Flop
Seat 6: Tibibacsi (big blind) folded before Flop



PokerStars Hand #254409489340:  Hold'em No Limit ($0.50/$1.00 USD) - 2025/01/16 2:34:49 WET [2025/01/16 21:34:49 ET]
Table 'Dejan III' 6-max Seat #5 is the button
Seat 1: Supermegopro ($116.24 in chips) 
Seat 2: 50CandyJoe ($100 in chips) 
Seat 4: Rysiff ($181.89 in chips) 
Seat 5: vezis3 ($101.50 in chips) 
Seat 6: Tibibacsi ($177.03 in chips) 
Tibibacsi: posts small blind $0.50
Supermegopro: posts big blind $1
*** HOLE CARDS ***
50CandyJoe: folds 
Rysiff: raises $1.50 to $2.50
vezis3: folds 
Tibibacsi: folds 
Supermegopro: folds 
Uncalled bet ($1.50) returned to Rysiff
Rysiff collected $2.50 from pot
Rysiff: doesn't show hand 
*** SUMMARY ***
Total pot $2.50 | Rake $0 
Seat 1: Supermegopro (big blind) folded before Flop
Seat 2: 50CandyJoe folded before Flop (didn't bet)
Seat 4: Rysiff collected ($2.50)
Seat 5: vezis3 (button) folded before Flop (didn't bet)
Seat 6: Tibibacsi (small blind) folded before Flop



PokerStars Hand #254409491301:  Hold'em No Limit ($0.50/$1.00 USD) - 2025/01/16 2:35:02 WET [2025/01/16 21:35:02 ET]
Table 'Dejan III' 6-max Seat #6 is the button
Seat 1: Supermegopro ($115.24 in chips) 
Seat 2: 50CandyJoe ($100 in chips) 
Seat 4: Rysiff ($183.39 in chips) 
Seat 5: vezis3 ($101.50 in chips) 
Seat 6: Tibibacsi ($176.53 in chips) 
Supermegopro: posts small blind $0.50
50CandyJoe: posts big blind $1
*** HOLE CARDS ***
Rysiff: folds 
vezis3: folds 
Tibibacsi: folds 
Supermegopro: folds 
Uncalled bet ($0.50) returned to 50CandyJoe
50CandyJoe collected $1 from pot
50CandyJoe: doesn't show hand 
*** SUMMARY ***
Total pot $1 | Rake $0 
Seat 1: Supermegopro (small blind) folded before Flop
Seat 2: 50CandyJoe (big blind) collected ($1)
Seat 4: Rysiff folded before Flop (didn't bet)
Seat 5: vezis3 folded before Flop (didn't bet)
Seat 6: Tibibacsi (button) folded before Flop (didn't bet)



PokerStars Hand #254409492728:  Hold'em No Limit ($0.50/$1.00 USD) - 2025/01/16 2:35:12 WET [2025/01/16 21:35:12 ET]
Table 'Dejan III' 6-max Seat #1 is the button
Seat 4: Rysiff ($183.39 in chips) is sitting out
Seat 1: Supermegopro ($114.74 in chips) 
Seat 2: 50CandyJoe ($100.50 in chips) 
Seat 5: vezis3 ($101.50 in chips) 
Seat 6: Tibibacsi ($176.53 in chips) 
50CandyJoe: posts small blind $0.50
Rysiff: is sitting out 
vezis3: posts big blind $1
*** HOLE CARDS ***
Tibibacsi: folds 
Rysiff leaves the table
Supermegopro: folds 
50CandyJoe: raises $1.50 to $2.50
vezis3: folds 
Uncalled bet ($1.50) returned to 50CandyJoe
50CandyJoe collected $2 from pot
50CandyJoe: doesn't show hand 
*** SUMMARY ***
Total pot $2 | Rake $0 
Seat 4: Rysiff
Seat 1: Supermegopro (button) folded before Flop (didn't bet)
Seat 2: 50CandyJoe (small blind) collected ($2)
Seat 5: vezis3 (big blind) folded before Flop
Seat 6: Tibibacsi folded before Flop (didn't bet)



PokerStars Hand #254409494602:  Hold'em No Limit ($0.50/$1.00 USD) - 2025/01/16 2:35:25 WET [2025/01/16 21:35:25 ET]
Table 'Dejan III' 6-max Seat #2 is the button
Seat 6: Tibibacsi ($176.53 in chips) is sitting out
Seat 1: Supermegopro ($114.74 in chips) 
Seat 2: 50CandyJoe ($101.50 in chips) 
Seat 5: vezis3 ($100.50 in chips) 
vezis3: posts small blind $0.50
Tibibacsi: is sitting out 
Supermegopro: posts big blind $1
*** HOLE CARDS ***
50CandyJoe: folds 
Tibibacsi leaves the table
vezis3: folds 
Uncalled bet ($0.50) returned to Supermegopro
Supermegopro collected $1 from pot
Supermegopro: doesn't show hand 
*** SUMMARY ***
Total pot $1 | Rake $0 
Seat 6: Tibibacsi
Seat 1: Supermegopro (big blind) collected ($1)
Seat 2: 50CandyJoe (button) folded before Flop (didn't bet)
Seat 5: vezis3 (small blind) folded before Flop



PokerStars Hand #254409495822:  Hold'em No Limit ($0.50/$1.00 USD) - 2025/01/16 2:35:33 WET [2025/01/16 21:35:33 ET]
Table 'Dejan III' 6-max Seat #5 is the button
Seat 1: Supermegopro ($115.24 in chips) 
Seat 2: 50CandyJoe ($101.50 in chips) 
Seat 5: vezis3 ($100 in chips) 
Supermegopro: posts small blind $0.50
50CandyJoe: posts big blind $1
*** HOLE CARDS ***
vezis3: folds 
Supermegopro: folds 
Uncalled bet ($0.50) returned to 50CandyJoe
50CandyJoe collected $1 from pot
50CandyJoe: doesn't show hand 
*** SUMMARY ***
Total pot $1 | Rake $0 
Seat 1: Supermegopro (small blind) folded before Flop
Seat 2: 50CandyJoe (big blind) collected ($1)
Seat 5: vezis3 (button) folded before Flop (didn't bet)



PokerStars Hand #254409497106:  Hold'em No Limit ($0.50/$1.00 USD) - 2025/01/16 2:35:41 WET [2025/01/16 21:35:41 ET]
Table 'Dejan III' 6-max Seat #2 is the button
Seat 5: vezis3 ($100 in chips) is sitting out
Seat 1: Supermegopro ($114.74 in chips) 
Seat 2: 50CandyJoe ($102 in chips) 
50CandyJoe: posts small blind $0.50
vezis3: is sitting out 
Supermegopro: posts big blind $1
*** HOLE CARDS ***
50CandyJoe: raises $1.20 to $2.20
Supermegopro: raises $9.80 to $12
50CandyJoe: folds 
Uncalled bet ($9.80) returned to Supermegopro
Supermegopro collected $4.40 from pot
Supermegopro: doesn't show hand 
*** SUMMARY ***
Total pot $4.40 | Rake $0 
Seat 5: vezis3
Seat 1: Supermegopro (big blind) collected ($4.40)
Seat 2: 50CandyJoe (button) (small blind) folded before Flop



PokerStars Hand #254409499267:  Hold'em No Limit ($0.50/$1.00 USD) - 2025/01/16 2:35:56 WET [2025/01/16 21:35:56 ET]
Table 'Dejan III' 6-max Seat #1 is the button
Seat 5: vezis3 ($100 in chips) is sitting out
Seat 1: Supermegopro ($116.94 in chips) 
Seat 2: 50CandyJoe ($100 in chips) 
Supermegopro: posts small blind $0.50
50CandyJoe: posts big blind $1
*** HOLE CARDS ***
Supermegopro: raises $1.50 to $2.50
50CandyJoe: calls $1.50
*** FLOP *** [Ks 3d 9c]
50CandyJoe: checks 
Supermegopro: bets $1.57
50CandyJoe: calls $1.57
*** TURN *** [Ks 3d 9c] [5s]
50CandyJoe: checks 
Supermegopro: bets $11.60
50CandyJoe: calls $11.60
*** RIVER *** [Ks 3d 9c 5s] [4s]
50CandyJoe: checks 
Supermegopro: bets $20.23
vezis3 leaves the table
50CandyJoe: raises $64.10 to $84.33 and is all-in
Supermegopro: folds 
Uncalled bet ($64.10) returned to 50CandyJoe
50CandyJoe collected $70.80 from pot
50CandyJoe: doesn't show hand 
*** SUMMARY ***
Total pot $71.80 | Rake $1 
Board [Ks 3d 9c 5s 4s]
Seat 5: vezis3
Seat 1: Supermegopro (button) (small blind) folded on the River
Seat 2: 50CandyJoe (big blind) collected ($70.80)



PokerStars Hand #254409504518:  Hold'em No Limit ($0.50/$1.00 USD) - 2025/01/16 2:36:32 WET [2025/01/16 21:36:32 ET]
Table 'Dejan III' 6-max Seat #2 is the button
Seat 1: Supermegopro ($100 in chips) 
Seat 2: 50CandyJoe ($134.90 in chips) 
50CandyJoe: posts small blind $0.50
Supermegopro: posts big blind $1
*** HOLE CARDS ***
50CandyJoe: raises $1.50 to $2.50
Supermegopro: raises $10.50 to $13
50CandyJoe: folds 
Uncalled bet ($10.50) returned to Supermegopro
Supermegopro collected $5 from pot
Supermegopro: doesn't show hand 
*** SUMMARY ***
Total pot $5 | Rake $0 
Seat 1: Supermegopro (big blind) collected ($5)
Seat 2: 50CandyJoe (button) (small blind) folded before Flop



PokerStars Hand #254409506783:  Hold'em No Limit ($0.50/$1.00 USD) - 2025/01/16 2:36:47 WET [2025/01/16 21:36:47 ET]
Table 'Dejan III' 6-max Seat #1 is the button
Seat 1: Supermegopro ($102.50 in chips) 
Seat 2: 50CandyJoe ($132.40 in chips) 
Supermegopro: posts small blind $0.50
50CandyJoe: posts big blind $1
*** HOLE CARDS ***
Supermegopro: raises $2 to $3
50CandyJoe: folds 
Uncalled bet ($2) returned to Supermegopro
Supermegopro collected $2 from pot
Supermegopro: doesn't show hand 
*** SUMMARY ***
Total pot $2 | Rake $0 
Seat 1: Supermegopro (button) (small blind) collected ($2)
Seat 2: 50CandyJoe (big blind) folded before Flop



PokerStars Hand #254409508063:  Hold'em No Limit ($0.50/$1.00 USD) - 2025/01/16 2:36:56 WET [2025/01/16 21:36:56 ET]
Table 'Dejan III' 6-max Seat #2 is the button
Seat 1: Supermegopro ($103.50 in chips) 
Seat 2: 50CandyJoe ($131.40 in chips) 
50CandyJoe: posts small blind $0.50
Supermegopro: posts big blind $1
*** HOLE CARDS ***
50CandyJoe: calls $0.50
Supermegopro: raises $11 to $12
50CandyJoe: folds 
Uncalled bet ($11) returned to Supermegopro
Supermegopro collected $2 from pot
Supermegopro: doesn't show hand 
*** SUMMARY ***
Total pot $2 | Rake $0 
Seat 1: Supermegopro (big blind) collected ($2)
Seat 2: 50CandyJoe (button) (small blind) folded before Flop



