PokerStars Hand #254403110085:  Hold'em No Limit ($0.50/$1.00 USD) - 2025/01/16 19:52:46 WET [2025/01/16 14:52:46 ET]
Table 'Memnon IV' 6-max Seat #4 is the button
Seat 1: Sadyhov V.V. ($100 in chips) is sitting out
Seat 2: Y_19 ($100 in chips) 
Seat 3: blistein ($101.50 in chips) 
Seat 4: sirgrindalot58 ($73.60 in chips) 
Seat 5: MAO_DZEDYN_S ($100 in chips) 
Seat 6: easy_sarcasm ($100 in chips) 
MAO_DZEDYN_S: posts small blind $0.50
easy_sarcasm: posts big blind $1
Sadyhov V.V.: sits out 
*** HOLE CARDS ***
Y_19: raises $1.23 to $2.23
blistein: folds 
sirgrindalot58: folds 
MAO_DZEDYN_S: folds 
easy_sarcasm: folds 
Uncalled bet ($1.23) returned to Y_19
Y_19 collected $2.50 from pot
Y_19: doesn't show hand 
*** SUMMARY ***
Total pot $2.50 | Rake $0 
Seat 1: Sadyhov V.V.
Seat 2: Y_19 collected ($2.50)
Seat 3: blistein folded before Flop (didn't bet)
Seat 4: sirgrindalot58 (button) folded before Flop (didn't bet)
Seat 5: MAO_DZEDYN_S (small blind) folded before Flop
Seat 6: easy_sarcasm (big blind) folded before Flop



PokerStars Hand #254403115114:  Hold'em No Limit ($0.50/$1.00 USD) - 2025/01/16 19:53:03 WET [2025/01/16 14:53:03 ET]
Table 'Memnon IV' 6-max Seat #5 is the button
Seat 1: Sadyhov V.V. ($100 in chips) 
Seat 2: Y_19 ($101.50 in chips) 
Seat 3: blistein ($101.50 in chips) 
Seat 4: sirgrindalot58 ($73.60 in chips) 
Seat 5: MAO_DZEDYN_S ($100 in chips) 
Seat 6: easy_sarcasm ($100 in chips) 
easy_sarcasm: posts small blind $0.50
Sadyhov V.V.: posts big blind $1
*** HOLE CARDS ***
Y_19: folds 
blistein: folds 
sirgrindalot58: folds 
MAO_DZEDYN_S: raises $1.50 to $2.50
easy_sarcasm: folds 
Sadyhov V.V.: calls $1.50
*** FLOP *** [5h As 8d]
Sadyhov V.V.: checks 
MAO_DZEDYN_S: bets $1.57
Sadyhov V.V.: calls $1.57
*** TURN *** [5h As 8d] [Jd]
Sadyhov V.V.: checks 
MAO_DZEDYN_S: checks 
*** RIVER *** [5h As 8d Jd] [6d]
Sadyhov V.V.: bets $4.52
MAO_DZEDYN_S: folds 
Uncalled bet ($4.52) returned to Sadyhov V.V.
Sadyhov V.V. collected $8.21 from pot
Sadyhov V.V.: doesn't show hand 
*** SUMMARY ***
Total pot $8.64 | Rake $0.43 
Board [5h As 8d Jd 6d]
Seat 1: Sadyhov V.V. (big blind) collected ($8.21)
Seat 2: Y_19 folded before Flop (didn't bet)
Seat 3: blistein folded before Flop (didn't bet)
Seat 4: sirgrindalot58 folded before Flop (didn't bet)
Seat 5: MAO_DZEDYN_S (button) folded on the River
Seat 6: easy_sarcasm (small blind) folded before Flop



PokerStars Hand #254403139841:  Hold'em No Limit ($0.50/$1.00 USD) - 2025/01/16 19:54:27 WET [2025/01/16 14:54:27 ET]
Table 'Memnon IV' 6-max Seat #6 is the button
Seat 1: Sadyhov V.V. ($104.14 in chips) 
Seat 2: Y_19 ($101.50 in chips) 
Seat 3: blistein ($101.50 in chips) 
Seat 4: sirgrindalot58 ($73.60 in chips) 
Seat 5: MAO_DZEDYN_S ($100 in chips) 
Seat 6: easy_sarcasm ($100 in chips) 
Sadyhov V.V.: posts small blind $0.50
Y_19: posts big blind $1
*** HOLE CARDS ***
blistein: raises $1.20 to $2.20
sirgrindalot58: folds 
MAO_DZEDYN_S: folds 
easy_sarcasm: folds 
Sadyhov V.V.: folds 
Y_19: folds 
Uncalled bet ($1.20) returned to blistein
blistein collected $2.50 from pot
blistein: doesn't show hand 
*** SUMMARY ***
Total pot $2.50 | Rake $0 
Seat 1: Sadyhov V.V. (small blind) folded before Flop
Seat 2: Y_19 (big blind) folded before Flop
Seat 3: blistein collected ($2.50)
Seat 4: sirgrindalot58 folded before Flop (didn't bet)
Seat 5: MAO_DZEDYN_S folded before Flop (didn't bet)
Seat 6: easy_sarcasm (button) folded before Flop (didn't bet)



PokerStars Hand #254403144806:  Hold'em No Limit ($0.50/$1.00 USD) - 2025/01/16 19:54:45 WET [2025/01/16 14:54:45 ET]
Table 'Memnon IV' 6-max Seat #1 is the button
Seat 1: Sadyhov V.V. ($103.64 in chips) 
Seat 2: Y_19 ($100.50 in chips) 
Seat 3: blistein ($103 in chips) 
Seat 4: sirgrindalot58 ($73.60 in chips) 
Seat 5: MAO_DZEDYN_S ($100 in chips) 
Seat 6: easy_sarcasm ($100 in chips) 
Y_19: posts small blind $0.50
blistein: posts big blind $1
*** HOLE CARDS ***
sirgrindalot58: folds 
MAO_DZEDYN_S: folds 
easy_sarcasm: folds 
Sadyhov V.V.: folds 
Y_19: raises $2 to $3
blistein: folds 
Uncalled bet ($2) returned to Y_19
Y_19 collected $2 from pot
Y_19: doesn't show hand 
*** SUMMARY ***
Total pot $2 | Rake $0 
Seat 1: Sadyhov V.V. (button) folded before Flop (didn't bet)
Seat 2: Y_19 (small blind) collected ($2)
Seat 3: blistein (big blind) folded before Flop
Seat 4: sirgrindalot58 folded before Flop (didn't bet)
Seat 5: MAO_DZEDYN_S folded before Flop (didn't bet)
Seat 6: easy_sarcasm folded before Flop (didn't bet)



PokerStars Hand #254403150124:  Hold'em No Limit ($0.50/$1.00 USD) - 2025/01/16 19:55:03 WET [2025/01/16 14:55:03 ET]
Table 'Memnon IV' 6-max Seat #2 is the button
Seat 1: Sadyhov V.V. ($103.64 in chips) 
Seat 2: Y_19 ($101.50 in chips) 
Seat 3: blistein ($102 in chips) 
Seat 4: sirgrindalot58 ($73.60 in chips) 
Seat 5: MAO_DZEDYN_S ($100 in chips) 
Seat 6: easy_sarcasm ($100 in chips) 
blistein: posts small blind $0.50
sirgrindalot58: posts big blind $1
*** HOLE CARDS ***
MAO_DZEDYN_S: folds 
easy_sarcasm: folds 
Sadyhov V.V.: raises $1.50 to $2.50
Y_19: folds 
blistein: folds 
sirgrindalot58: folds 
Uncalled bet ($1.50) returned to Sadyhov V.V.
Sadyhov V.V. collected $2.50 from pot
Sadyhov V.V.: doesn't show hand 
*** SUMMARY ***
Total pot $2.50 | Rake $0 
Seat 1: Sadyhov V.V. collected ($2.50)
Seat 2: Y_19 (button) folded before Flop (didn't bet)
Seat 3: blistein (small blind) folded before Flop
Seat 4: sirgrindalot58 (big blind) folded before Flop
Seat 5: MAO_DZEDYN_S folded before Flop (didn't bet)
Seat 6: easy_sarcasm folded before Flop (didn't bet)



PokerStars Hand #254403155209:  Hold'em No Limit ($0.50/$1.00 USD) - 2025/01/16 19:55:25 WET [2025/01/16 14:55:25 ET]
Table 'Memnon IV' 6-max Seat #3 is the button
Seat 5: MAO_DZEDYN_S ($100 in chips) is sitting out
Seat 1: Sadyhov V.V. ($105.14 in chips) 
Seat 2: Y_19 ($101.50 in chips) 
Seat 3: blistein ($101.50 in chips) 
Seat 4: sirgrindalot58 ($72.60 in chips) 
Seat 6: easy_sarcasm ($100 in chips) 
sirgrindalot58: posts small blind $0.50
MAO_DZEDYN_S: is sitting out 
easy_sarcasm: posts big blind $1
*** HOLE CARDS ***
Sadyhov V.V.: folds 
MAO_DZEDYN_S leaves the table
Y_19: folds 
blistein: raises $1.50 to $2.50
GuigaMan joins the table at seat #5 
sirgrindalot58: folds 
easy_sarcasm: folds 
Uncalled bet ($1.50) returned to blistein
blistein collected $2.50 from pot
blistein: doesn't show hand 
*** SUMMARY ***
Total pot $2.50 | Rake $0 
Seat 5: MAO_DZEDYN_S
Seat 1: Sadyhov V.V. folded before Flop (didn't bet)
Seat 2: Y_19 folded before Flop (didn't bet)
Seat 3: blistein (button) collected ($2.50)
Seat 4: sirgrindalot58 (small blind) folded before Flop
Seat 6: easy_sarcasm (big blind) folded before Flop



PokerStars Hand #254403158642:  Hold'em No Limit ($0.50/$1.00 USD) - 2025/01/16 19:55:41 WET [2025/01/16 14:55:41 ET]
Table 'Memnon IV' 6-max Seat #4 is the button
Seat 5: GuigaMan ($100 in chips) is sitting out
Seat 1: Sadyhov V.V. ($105.14 in chips) 
Seat 2: Y_19 ($101.50 in chips) 
Seat 3: blistein ($103 in chips) 
Seat 4: sirgrindalot58 ($72.10 in chips) 
Seat 6: easy_sarcasm ($100 in chips) 
easy_sarcasm: posts small blind $0.50
Sadyhov V.V.: posts big blind $1
*** HOLE CARDS ***
Y_19: folds 
blistein: folds 
sirgrindalot58: folds 
easy_sarcasm: folds 
Uncalled bet ($0.50) returned to Sadyhov V.V.
Sadyhov V.V. collected $1 from pot
Sadyhov V.V.: doesn't show hand 
*** SUMMARY ***
Total pot $1 | Rake $0 
Seat 5: GuigaMan
Seat 1: Sadyhov V.V. (big blind) collected ($1)
Seat 2: Y_19 folded before Flop (didn't bet)
Seat 3: blistein folded before Flop (didn't bet)
Seat 4: sirgrindalot58 (button) folded before Flop (didn't bet)
Seat 6: easy_sarcasm (small blind) folded before Flop



PokerStars Hand #254403160540:  Hold'em No Limit ($0.50/$1.00 USD) - 2025/01/16 19:55:50 WET [2025/01/16 14:55:50 ET]
Table 'Memnon IV' 6-max Seat #6 is the button
Seat 5: GuigaMan ($100 in chips) is sitting out
Seat 1: Sadyhov V.V. ($105.64 in chips) 
Seat 2: Y_19 ($101.50 in chips) 
Seat 3: blistein ($103 in chips) 
Seat 4: sirgrindalot58 ($72.10 in chips) 
Seat 6: easy_sarcasm ($100 in chips) 
Sadyhov V.V.: posts small blind $0.50
Y_19: posts big blind $1
GuigaMan: sits out 
*** HOLE CARDS ***
blistein: folds 
sirgrindalot58: folds 
easy_sarcasm: raises $1.20 to $2.20
Sadyhov V.V.: folds 
Y_19: folds 
Uncalled bet ($1.20) returned to easy_sarcasm
easy_sarcasm collected $2.50 from pot
*** SUMMARY ***
Total pot $2.50 | Rake $0 
Seat 5: GuigaMan
Seat 1: Sadyhov V.V. (small blind) folded before Flop
Seat 2: Y_19 (big blind) folded before Flop
Seat 3: blistein folded before Flop (didn't bet)
Seat 4: sirgrindalot58 folded before Flop (didn't bet)
Seat 6: easy_sarcasm (button) collected ($2.50)



PokerStars Hand #254403162946:  Hold'em No Limit ($0.50/$1.00 USD) - 2025/01/16 19:56:02 WET [2025/01/16 14:56:02 ET]
Table 'Memnon IV' 6-max Seat #1 is the button
Seat 3: blistein ($103 in chips) is sitting out
Seat 5: GuigaMan ($100 in chips) is sitting out
Seat 1: Sadyhov V.V. ($105.14 in chips) 
Seat 2: Y_19 ($100.50 in chips) 
Seat 4: sirgrindalot58 ($72.10 in chips) 
Seat 6: easy_sarcasm ($101.50 in chips) 
Y_19: posts small blind $0.50
blistein: is sitting out 
sirgrindalot58: posts big blind $1
GuigaMan: sits out 
*** HOLE CARDS ***
blistein leaves the table
easy_sarcasm: raises $2 to $3
Sadyhov V.V.: raises $5 to $8
Y_19: folds 
sirgrindalot58: folds 
easy_sarcasm: folds 
Uncalled bet ($5) returned to Sadyhov V.V.
Sadyhov V.V. collected $7.50 from pot
Sadyhov V.V.: doesn't show hand 
*** SUMMARY ***
Total pot $7.50 | Rake $0 
Seat 3: blistein
Seat 5: GuigaMan
Seat 1: Sadyhov V.V. (button) collected ($7.50)
Seat 2: Y_19 (small blind) folded before Flop
Seat 4: sirgrindalot58 (big blind) folded before Flop
Seat 6: easy_sarcasm folded before Flop



PokerStars Hand #254403166034:  Hold'em No Limit ($0.50/$1.00 USD) - 2025/01/16 19:56:16 WET [2025/01/16 14:56:16 ET]
Table 'Memnon IV' 6-max Seat #2 is the button
Seat 1: Sadyhov V.V. ($109.64 in chips) 
Seat 2: Y_19 ($100 in chips) 
Seat 4: sirgrindalot58 ($71.10 in chips) 
Seat 5: GuigaMan ($100 in chips) 
Seat 6: easy_sarcasm ($100 in chips) 
sirgrindalot58: posts small blind $0.50
GuigaMan: posts big blind $1
*** HOLE CARDS ***
easy_sarcasm: folds 
Sadyhov V.V.: folds 
z00mba joins the table at seat #3 
Y_19: raises $1.23 to $2.23
sirgrindalot58: folds 
GuigaMan: calls $1.23
*** FLOP *** [4s Jd Qs]
GuigaMan: checks 
Y_19: bets $1.55
GuigaMan: calls $1.55
*** TURN *** [4s Jd Qs] [Jh]
GuigaMan: bets $2.30
Y_19: folds 
Uncalled bet ($2.30) returned to GuigaMan
GuigaMan collected $7.66 from pot
*** SUMMARY ***
Total pot $8.06 | Rake $0.40 
Board [4s Jd Qs Jh]
Seat 1: Sadyhov V.V. folded before Flop (didn't bet)
Seat 2: Y_19 (button) folded on the Turn
Seat 4: sirgrindalot58 (small blind) folded before Flop
Seat 5: GuigaMan (big blind) collected ($7.66)
Seat 6: easy_sarcasm folded before Flop (didn't bet)



PokerStars Hand #254403178375:  Hold'em No Limit ($0.50/$1.00 USD) - 2025/01/16 19:57:13 WET [2025/01/16 14:57:13 ET]
Table 'Memnon IV' 6-max Seat #4 is the button
Seat 1: Sadyhov V.V. ($109.64 in chips) is sitting out
Seat 3: z00mba ($100 in chips) is sitting out
Seat 6: easy_sarcasm ($100 in chips) is sitting out
Seat 2: Y_19 ($100 in chips) 
Seat 4: sirgrindalot58 ($70.60 in chips) 
Seat 5: GuigaMan ($103.88 in chips) 
GuigaMan: posts small blind $0.50
easy_sarcasm: is sitting out 
Sadyhov V.V.: is sitting out 
Y_19: posts big blind $1
z00mba: sits out 
*** HOLE CARDS ***
easy_sarcasm leaves the table
sirgrindalot58: folds 
dreimis190 joins the table at seat #6 
GuigaMan: folds 
Uncalled bet ($0.50) returned to Y_19
Y_19 collected $1 from pot
Y_19: doesn't show hand 
*** SUMMARY ***
Total pot $1 | Rake $0 
Seat 1: Sadyhov V.V.
Seat 3: z00mba
Seat 6: easy_sarcasm
Seat 2: Y_19 (big blind) collected ($1)
Seat 4: sirgrindalot58 (button) folded before Flop (didn't bet)
Seat 5: GuigaMan (small blind) folded before Flop



PokerStars Hand #254403181304:  Hold'em No Limit ($0.50/$1.00 USD) - 2025/01/16 19:57:27 WET [2025/01/16 14:57:27 ET]
Table 'Memnon IV' 6-max Seat #5 is the button
Seat 1: Sadyhov V.V. ($109.64 in chips) is sitting out
Seat 6: dreimis190 ($100 in chips) is sitting out
Seat 2: Y_19 ($100.50 in chips) 
Seat 3: z00mba ($100 in chips) 
Seat 4: sirgrindalot58 ($70.60 in chips) 
Seat 5: GuigaMan ($103.38 in chips) 
Y_19: posts small blind $0.50
z00mba: posts big blind $1
*** HOLE CARDS ***
sirgrindalot58: folds 
GuigaMan: folds 
Y_19: raises $2 to $3
z00mba: folds 
Uncalled bet ($2) returned to Y_19
Y_19 collected $2 from pot
Y_19: doesn't show hand 
*** SUMMARY ***
Total pot $2 | Rake $0 
Seat 1: Sadyhov V.V.
Seat 6: dreimis190
Seat 2: Y_19 (small blind) collected ($2)
Seat 3: z00mba (big blind) folded before Flop
Seat 4: sirgrindalot58 folded before Flop (didn't bet)
Seat 5: GuigaMan (button) folded before Flop (didn't bet)



PokerStars Hand #254403185256:  Hold'em No Limit ($0.50/$1.00 USD) - 2025/01/16 19:57:45 WET [2025/01/16 14:57:45 ET]
Table 'Memnon IV' 6-max Seat #2 is the button
Seat 1: Sadyhov V.V. ($109.64 in chips) is sitting out
Seat 6: dreimis190 ($100 in chips) is sitting out
Seat 2: Y_19 ($101.50 in chips) 
Seat 3: z00mba ($100 in chips) 
Seat 4: sirgrindalot58 ($70.60 in chips) 
Seat 5: GuigaMan ($103.38 in chips) 
z00mba: posts small blind $0.50
sirgrindalot58: posts big blind $1
dreimis190: sits out 
*** HOLE CARDS ***
GuigaMan: folds 
Y_19: folds 
z00mba: raises $2 to $3
sirgrindalot58: folds 
Uncalled bet ($2) returned to z00mba
z00mba collected $2 from pot
z00mba: doesn't show hand 
*** SUMMARY ***
Total pot $2 | Rake $0 
Seat 1: Sadyhov V.V.
Seat 6: dreimis190
Seat 2: Y_19 (button) folded before Flop (didn't bet)
Seat 3: z00mba (small blind) collected ($2)
Seat 4: sirgrindalot58 (big blind) folded before Flop
Seat 5: GuigaMan folded before Flop (didn't bet)



PokerStars Hand #254403190389:  Hold'em No Limit ($0.50/$1.00 USD) - 2025/01/16 19:58:09 WET [2025/01/16 14:58:09 ET]
Table 'Memnon IV' 6-max Seat #3 is the button
Seat 1: Sadyhov V.V. ($109.64 in chips) is sitting out
Seat 6: dreimis190 ($100 in chips) is sitting out
Seat 2: Y_19 ($101.50 in chips) 
Seat 3: z00mba ($101 in chips) 
Seat 4: sirgrindalot58 ($69.60 in chips) 
Seat 5: GuigaMan ($103.38 in chips) 
sirgrindalot58: posts small blind $0.50
GuigaMan: posts big blind $1
dreimis190: sits out 
*** HOLE CARDS ***
Y_19: raises $1.23 to $2.23
z00mba: folds 
sirgrindalot58: calls $1.73
GuigaMan: folds 
*** FLOP *** [Ad 6s 3s]
sirgrindalot58: checks 
Y_19: bets $2.60
sirgrindalot58: raises $2.60 to $5.20
Y_19: calls $2.60
*** TURN *** [Ad 6s 3s] [Kc]
sirgrindalot58: checks 
Y_19: checks 
*** RIVER *** [Ad 6s 3s Kc] [Jc]
sirgrindalot58: checks 
z00mba leaves the table
Y_19: bets $11.30
sirgrindalot58: calls $11.30
*** SHOW DOWN ***
Y_19: shows [Ah Jh] (two pair, Aces and Jacks)
sirgrindalot58: mucks hand 
Y_19 collected $37.46 from pot
*** SUMMARY ***
Total pot $38.46 | Rake $1 
Board [Ad 6s 3s Kc Jc]
Seat 1: Sadyhov V.V.
Seat 6: dreimis190
Seat 2: Y_19 showed [Ah Jh] and won ($37.46) with two pair, Aces and Jacks
Seat 3: z00mba (button) folded before Flop (didn't bet)
Seat 4: sirgrindalot58 (small blind) mucked
Seat 5: GuigaMan (big blind) folded before Flop



PokerStars Hand #254403207484:  Hold'em No Limit ($0.50/$1.00 USD) - 2025/01/16 19:59:27 WET [2025/01/16 14:59:27 ET]
Table 'Memnon IV' 6-max Seat #4 is the button
Seat 1: Sadyhov V.V. ($109.64 in chips) is sitting out
Seat 2: Y_19 ($120.23 in chips) 
Seat 4: sirgrindalot58 ($50.87 in chips) 
Seat 5: GuigaMan ($102.38 in chips) 
Seat 6: dreimis190 ($100 in chips) 
GuigaMan: posts small blind $0.50
dreimis190: posts big blind $1
*** HOLE CARDS ***
Y_19: raises $1.23 to $2.23
sirgrindalot58: folds 
GuigaMan: raises $8.77 to $11
dreimis190: folds 
MaRKiToScoK joins the table at seat #3 
Y_19: folds 
Uncalled bet ($8.77) returned to GuigaMan
Sadyhov V.V. leaves the table
GuigaMan collected $5.46 from pot
*** SUMMARY ***
Total pot $5.46 | Rake $0 
Seat 1: Sadyhov V.V.
Seat 2: Y_19 folded before Flop
Seat 4: sirgrindalot58 (button) folded before Flop (didn't bet)
Seat 5: GuigaMan (small blind) collected ($5.46)
Seat 6: dreimis190 (big blind) folded before Flop



PokerStars Hand #254403210563:  Hold'em No Limit ($0.50/$1.00 USD) - 2025/01/16 19:59:41 WET [2025/01/16 14:59:41 ET]
Table 'Memnon IV' 6-max Seat #5 is the button
Seat 3: MaRKiToScoK ($100 in chips) is sitting out
Seat 2: Y_19 ($118 in chips) 
Seat 4: sirgrindalot58 ($50.87 in chips) 
Seat 5: GuigaMan ($105.61 in chips) 
Seat 6: dreimis190 ($100 in chips) 
dreimis190: posts small blind $0.50
Y_19: posts big blind $1
MaRKiToScoK: sits out 
*** HOLE CARDS ***
sirgrindalot58: raises $1 to $2
GuigaMan: folds 
dreimis190: folds 
Y_19: folds 
Uncalled bet ($1) returned to sirgrindalot58
sirgrindalot58 collected $2.50 from pot
*** SUMMARY ***
Total pot $2.50 | Rake $0 
Seat 3: MaRKiToScoK
Seat 2: Y_19 (big blind) folded before Flop
Seat 4: sirgrindalot58 collected ($2.50)
Seat 5: GuigaMan (button) folded before Flop (didn't bet)
Seat 6: dreimis190 (small blind) folded before Flop



PokerStars Hand #254403213559:  Hold'em No Limit ($0.50/$1.00 USD) - 2025/01/16 19:59:55 WET [2025/01/16 14:59:55 ET]
Table 'Memnon IV' 6-max Seat #6 is the button
Seat 2: Y_19 ($117 in chips) 
Seat 3: MaRKiToScoK ($100 in chips) 
Seat 4: sirgrindalot58 ($52.37 in chips) 
Seat 5: GuigaMan ($105.61 in chips) 
Seat 6: dreimis190 ($100 in chips) 
Y_19: posts small blind $0.50
MaRKiToScoK: posts big blind $1
*** HOLE CARDS ***
YeeesMan joins the table at seat #1 
sirgrindalot58: folds 
GuigaMan: folds 
dreimis190: raises $1.50 to $2.50
Y_19: folds 
MaRKiToScoK: raises $9 to $11.50
dreimis190: calls $9
*** FLOP *** [3c Ad 5c]
MaRKiToScoK: bets $7.37
dreimis190: raises $12.73 to $20.10
MaRKiToScoK: calls $12.73
*** TURN *** [3c Ad 5c] [6d]
MaRKiToScoK: checks 
dreimis190: bets $68.40 and is all-in
MaRKiToScoK: calls $68.40 and is all-in
*** RIVER *** [3c Ad 5c 6d] [9s]
*** SHOW DOWN ***
MaRKiToScoK: shows [Ah Jd] (a pair of Aces)
dreimis190: shows [4h 4s] (a pair of Fours)
MaRKiToScoK collected $198 from pot
*** SUMMARY ***
Total pot $200.50 | Rake $2.50 
Board [3c Ad 5c 6d 9s]
Seat 2: Y_19 (small blind) folded before Flop
Seat 3: MaRKiToScoK (big blind) showed [Ah Jd] and won ($198) with a pair of Aces
Seat 4: sirgrindalot58 folded before Flop (didn't bet)
Seat 5: GuigaMan folded before Flop (didn't bet)
Seat 6: dreimis190 (button) showed [4h 4s] and lost with a pair of Fours



PokerStars Hand #254403238506:  Hold'em No Limit ($0.50/$1.00 USD) - 2025/01/16 20:01:38 WET [2025/01/16 15:01:38 ET]
Table 'Memnon IV' 6-max Seat #2 is the button
Seat 1: YeeesMan ($100 in chips) is sitting out
Seat 2: Y_19 ($116.50 in chips) 
Seat 3: MaRKiToScoK ($198 in chips) 
Seat 4: sirgrindalot58 ($52.37 in chips) 
Seat 5: GuigaMan ($105.61 in chips) 
Seat 6: dreimis190 ($100 in chips) 
MaRKiToScoK: posts small blind $0.50
sirgrindalot58: posts big blind $1
YeeesMan: sits out 
*** HOLE CARDS ***
GuigaMan: folds 
dreimis190: raises $1.50 to $2.50
Y_19: folds 
MaRKiToScoK: calls $2
sirgrindalot58: folds 
*** FLOP *** [6c Qd 5s]
MaRKiToScoK: checks 
dreimis190: checks 
*** TURN *** [6c Qd 5s] [9c]
MaRKiToScoK: checks 
dreimis190: checks 
*** RIVER *** [6c Qd 5s 9c] [Td]
MaRKiToScoK: checks 
dreimis190: bets $4.28
MaRKiToScoK: folds 
Uncalled bet ($4.28) returned to dreimis190
dreimis190 collected $5.70 from pot
dreimis190: doesn't show hand 
*** SUMMARY ***
Total pot $6 | Rake $0.30 
Board [6c Qd 5s 9c Td]
Seat 1: YeeesMan
Seat 2: Y_19 (button) folded before Flop (didn't bet)
Seat 3: MaRKiToScoK (small blind) folded on the River
Seat 4: sirgrindalot58 (big blind) folded before Flop
Seat 5: GuigaMan folded before Flop (didn't bet)
Seat 6: dreimis190 collected ($5.70)



PokerStars Hand #254403260837:  Hold'em No Limit ($0.50/$1.00 USD) - 2025/01/16 20:02:56 WET [2025/01/16 15:02:56 ET]
Table 'Memnon IV' 6-max Seat #3 is the button
Seat 1: YeeesMan ($100 in chips) is sitting out
Seat 2: Y_19 ($116.50 in chips) 
Seat 3: MaRKiToScoK ($195.50 in chips) 
Seat 4: sirgrindalot58 ($51.37 in chips) 
Seat 5: GuigaMan ($105.61 in chips) 
Seat 6: dreimis190 ($103.20 in chips) 
sirgrindalot58: posts small blind $0.50
GuigaMan: posts big blind $1
YeeesMan: sits out 
*** HOLE CARDS ***
dreimis190: folds 
Y_19: folds 
MaRKiToScoK: raises $1.50 to $2.50
sirgrindalot58: calls $2
GuigaMan: folds 
*** FLOP *** [4d Jd Jh]
sirgrindalot58: checks 
MaRKiToScoK: checks 
*** TURN *** [4d Jd Jh] [Ac]
sirgrindalot58: bets $2.85
MaRKiToScoK: folds 
Uncalled bet ($2.85) returned to sirgrindalot58
sirgrindalot58 collected $5.70 from pot
*** SUMMARY ***
Total pot $6 | Rake $0.30 
Board [4d Jd Jh Ac]
Seat 1: YeeesMan
Seat 2: Y_19 folded before Flop (didn't bet)
Seat 3: MaRKiToScoK (button) folded on the Turn
Seat 4: sirgrindalot58 (small blind) collected ($5.70)
Seat 5: GuigaMan (big blind) folded before Flop
Seat 6: dreimis190 folded before Flop (didn't bet)



PokerStars Hand #254403275083:  Hold'em No Limit ($0.50/$1.00 USD) - 2025/01/16 20:03:45 WET [2025/01/16 15:03:45 ET]
Table 'Memnon IV' 6-max Seat #4 is the button
Seat 1: YeeesMan ($100 in chips) is sitting out
Seat 2: Y_19 ($116.50 in chips) 
Seat 3: MaRKiToScoK ($193 in chips) 
Seat 4: sirgrindalot58 ($54.57 in chips) 
Seat 5: GuigaMan ($104.61 in chips) 
Seat 6: dreimis190 ($103.20 in chips) 
GuigaMan: posts small blind $0.50
dreimis190: posts big blind $1
YeeesMan: sits out 
*** HOLE CARDS ***
Y_19: raises $1.23 to $2.23
MaRKiToScoK: folds 
sirgrindalot58: folds 
GuigaMan: folds 
dreimis190: folds 
Uncalled bet ($1.23) returned to Y_19
Y_19 collected $2.50 from pot
Y_19: doesn't show hand 
*** SUMMARY ***
Total pot $2.50 | Rake $0 
Seat 1: YeeesMan
Seat 2: Y_19 collected ($2.50)
Seat 3: MaRKiToScoK folded before Flop (didn't bet)
Seat 4: sirgrindalot58 (button) folded before Flop (didn't bet)
Seat 5: GuigaMan (small blind) folded before Flop
Seat 6: dreimis190 (big blind) folded before Flop



PokerStars Hand #254403280214:  Hold'em No Limit ($0.50/$1.00 USD) - 2025/01/16 20:04:02 WET [2025/01/16 15:04:02 ET]
Table 'Memnon IV' 6-max Seat #5 is the button
Seat 1: YeeesMan ($100 in chips) 
Seat 2: Y_19 ($118 in chips) 
Seat 3: MaRKiToScoK ($193 in chips) 
Seat 4: sirgrindalot58 ($54.57 in chips) 
Seat 5: GuigaMan ($104.11 in chips) 
Seat 6: dreimis190 ($102.20 in chips) 
dreimis190: posts small blind $0.50
YeeesMan: posts big blind $1
*** HOLE CARDS ***
Y_19: raises $1.23 to $2.23
MaRKiToScoK: folds 
sirgrindalot58: folds 
GuigaMan: folds 
dreimis190: folds 
YeeesMan: folds 
Uncalled bet ($1.23) returned to Y_19
Y_19 collected $2.50 from pot
Y_19: doesn't show hand 
*** SUMMARY ***
Total pot $2.50 | Rake $0 
Seat 1: YeeesMan (big blind) folded before Flop
Seat 2: Y_19 collected ($2.50)
Seat 3: MaRKiToScoK folded before Flop (didn't bet)
Seat 4: sirgrindalot58 folded before Flop (didn't bet)
Seat 5: GuigaMan (button) folded before Flop (didn't bet)
Seat 6: dreimis190 (small blind) folded before Flop



PokerStars Hand #254403289552:  Hold'em No Limit ($0.50/$1.00 USD) - 2025/01/16 20:04:33 WET [2025/01/16 15:04:33 ET]
Table 'Memnon IV' 6-max Seat #6 is the button
Seat 1: YeeesMan ($100 in chips) 
Seat 2: Y_19 ($119.50 in chips) 
Seat 3: MaRKiToScoK ($193 in chips) 
Seat 4: sirgrindalot58 ($54.57 in chips) 
Seat 5: GuigaMan ($104.11 in chips) 
Seat 6: dreimis190 ($101.70 in chips) 
YeeesMan: posts small blind $0.50
Y_19: posts big blind $1
*** HOLE CARDS ***
MaRKiToScoK: folds 
sirgrindalot58: raises $1 to $2
GuigaMan: folds 
dreimis190: folds 
YeeesMan: folds 
Y_19: folds 
Uncalled bet ($1) returned to sirgrindalot58
sirgrindalot58 collected $2.50 from pot
*** SUMMARY ***
Total pot $2.50 | Rake $0 
Seat 1: YeeesMan (small blind) folded before Flop
Seat 2: Y_19 (big blind) folded before Flop
Seat 3: MaRKiToScoK folded before Flop (didn't bet)
Seat 4: sirgrindalot58 collected ($2.50)
Seat 5: GuigaMan folded before Flop (didn't bet)
Seat 6: dreimis190 (button) folded before Flop (didn't bet)



PokerStars Hand #254403293931:  Hold'em No Limit ($0.50/$1.00 USD) - 2025/01/16 20:04:48 WET [2025/01/16 15:04:48 ET]
Table 'Memnon IV' 6-max Seat #1 is the button
Seat 1: YeeesMan ($100 in chips) 
Seat 2: Y_19 ($118.50 in chips) 
Seat 3: MaRKiToScoK ($193 in chips) 
Seat 4: sirgrindalot58 ($56.07 in chips) 
Seat 5: GuigaMan ($104.11 in chips) 
Seat 6: dreimis190 ($101.70 in chips) 
Y_19: posts small blind $0.50
MaRKiToScoK: posts big blind $1
*** HOLE CARDS ***
sirgrindalot58: folds 
GuigaMan: folds 
dreimis190: raises $1.50 to $2.50
YeeesMan: folds 
Y_19: folds 
MaRKiToScoK: folds 
Uncalled bet ($1.50) returned to dreimis190
dreimis190 collected $2.50 from pot
dreimis190: doesn't show hand 
*** SUMMARY ***
Total pot $2.50 | Rake $0 
Seat 1: YeeesMan (button) folded before Flop (didn't bet)
Seat 2: Y_19 (small blind) folded before Flop
Seat 3: MaRKiToScoK (big blind) folded before Flop
Seat 4: sirgrindalot58 folded before Flop (didn't bet)
Seat 5: GuigaMan folded before Flop (didn't bet)
Seat 6: dreimis190 collected ($2.50)



PokerStars Hand #254403299179:  Hold'em No Limit ($0.50/$1.00 USD) - 2025/01/16 20:05:04 WET [2025/01/16 15:05:04 ET]
Table 'Memnon IV' 6-max Seat #2 is the button
Seat 1: YeeesMan ($100 in chips) 
Seat 2: Y_19 ($118 in chips) 
Seat 3: MaRKiToScoK ($192 in chips) 
Seat 4: sirgrindalot58 ($56.07 in chips) 
Seat 5: GuigaMan ($104.11 in chips) 
Seat 6: dreimis190 ($103.20 in chips) 
MaRKiToScoK: posts small blind $0.50
sirgrindalot58: posts big blind $1
*** HOLE CARDS ***
GuigaMan: raises $1.10 to $2.10
dreimis190: folds 
YeeesMan: folds 
Y_19: folds 
MaRKiToScoK: raises $8.40 to $10.50
sirgrindalot58: folds 
GuigaMan: calls $8.40
*** FLOP *** [2h 4h 6c]
MaRKiToScoK: checks 
GuigaMan: checks 
*** TURN *** [2h 4h 6c] [Js]
MaRKiToScoK: checks 
GuigaMan: bets $6.27
MaRKiToScoK: calls $6.27
*** RIVER *** [2h 4h 6c Js] [3c]
MaRKiToScoK: checks 
GuigaMan: checks 
*** SHOW DOWN ***
MaRKiToScoK: shows [Ad Kd] (high card Ace)
GuigaMan: shows [9s 9c] (a pair of Nines)
GuigaMan collected $32.81 from pot
*** SUMMARY ***
Total pot $34.54 | Rake $1.73 
Board [2h 4h 6c Js 3c]
Seat 1: YeeesMan folded before Flop (didn't bet)
Seat 2: Y_19 (button) folded before Flop (didn't bet)
Seat 3: MaRKiToScoK (small blind) showed [Ad Kd] and lost with high card Ace
Seat 4: sirgrindalot58 (big blind) folded before Flop
Seat 5: GuigaMan showed [9s 9c] and won ($32.81) with a pair of Nines
Seat 6: dreimis190 folded before Flop (didn't bet)



PokerStars Hand #254403323123:  Hold'em No Limit ($0.50/$1.00 USD) - 2025/01/16 20:06:23 WET [2025/01/16 15:06:23 ET]
Table 'Memnon IV' 6-max Seat #3 is the button
Seat 1: YeeesMan ($100 in chips) 
Seat 2: Y_19 ($118 in chips) 
Seat 3: MaRKiToScoK ($175.23 in chips) 
Seat 4: sirgrindalot58 ($55.07 in chips) 
Seat 5: GuigaMan ($120.15 in chips) 
Seat 6: dreimis190 ($103.20 in chips) 
sirgrindalot58: posts small blind $0.50
GuigaMan: posts big blind $1
*** HOLE CARDS ***
dreimis190: raises $1 to $2
YeeesMan: folds 
Y_19: folds 
MaRKiToScoK: calls $2
sirgrindalot58: calls $1.50
GuigaMan: calls $1
*** FLOP *** [9d 3c Qh]
sirgrindalot58: checks 
GuigaMan: checks 
dreimis190: checks 
MaRKiToScoK: bets $5.70
sirgrindalot58: calls $5.70
GuigaMan: calls $5.70
dreimis190: folds 
*** TURN *** [9d 3c Qh] [5s]
sirgrindalot58: checks 
GuigaMan: checks 
MaRKiToScoK: bets $17
sirgrindalot58: folds 
GuigaMan: folds 
Uncalled bet ($17) returned to MaRKiToScoK
MaRKiToScoK collected $23.84 from pot
*** SUMMARY ***
Total pot $25.10 | Rake $1.26 
Board [9d 3c Qh 5s]
Seat 1: YeeesMan folded before Flop (didn't bet)
Seat 2: Y_19 folded before Flop (didn't bet)
Seat 3: MaRKiToScoK (button) collected ($23.84)
Seat 4: sirgrindalot58 (small blind) folded on the Turn
Seat 5: GuigaMan (big blind) folded on the Turn
Seat 6: dreimis190 folded on the Flop



PokerStars Hand #254403344810:  Hold'em No Limit ($0.50/$1.00 USD) - 2025/01/16 20:07:33 WET [2025/01/16 15:07:33 ET]
Table 'Memnon IV' 6-max Seat #4 is the button
Seat 1: YeeesMan ($100 in chips) 
Seat 2: Y_19 ($118 in chips) 
Seat 3: MaRKiToScoK ($191.37 in chips) 
Seat 4: sirgrindalot58 ($47.37 in chips) 
Seat 5: GuigaMan ($112.45 in chips) 
Seat 6: dreimis190 ($101.20 in chips) 
GuigaMan: posts small blind $0.50
dreimis190: posts big blind $1
*** HOLE CARDS ***
YeeesMan: folds 
Y_19: folds 
MaRKiToScoK: raises $1.25 to $2.25
sirgrindalot58: folds 
GuigaMan: folds 
dreimis190: raises $9.75 to $12
MaRKiToScoK: folds 
Uncalled bet ($9.75) returned to dreimis190
dreimis190 collected $5 from pot
dreimis190: doesn't show hand 
*** SUMMARY ***
Total pot $5 | Rake $0 
Seat 1: YeeesMan folded before Flop (didn't bet)
Seat 2: Y_19 folded before Flop (didn't bet)
Seat 3: MaRKiToScoK folded before Flop
Seat 4: sirgrindalot58 (button) folded before Flop (didn't bet)
Seat 5: GuigaMan (small blind) folded before Flop
Seat 6: dreimis190 (big blind) collected ($5)



PokerStars Hand #254403357788:  Hold'em No Limit ($0.50/$1.00 USD) - 2025/01/16 20:08:15 WET [2025/01/16 15:08:15 ET]
Table 'Memnon IV' 6-max Seat #5 is the button
Seat 1: YeeesMan ($100 in chips) 
Seat 2: Y_19 ($118 in chips) 
Seat 3: MaRKiToScoK ($189.12 in chips) 
Seat 4: sirgrindalot58 ($47.37 in chips) 
Seat 5: GuigaMan ($111.95 in chips) 
Seat 6: dreimis190 ($103.95 in chips) 
dreimis190: posts small blind $0.50
YeeesMan: posts big blind $1
*** HOLE CARDS ***
Y_19: folds 
MaRKiToScoK: folds 
sirgrindalot58: folds 
GuigaMan: raises $1.10 to $2.10
dreimis190: raises $7.40 to $9.50
YeeesMan: folds 
GuigaMan: folds 
Uncalled bet ($7.40) returned to dreimis190
dreimis190 collected $5.20 from pot
dreimis190: doesn't show hand 
*** SUMMARY ***
Total pot $5.20 | Rake $0 
Seat 1: YeeesMan (big blind) folded before Flop
Seat 2: Y_19 folded before Flop (didn't bet)
Seat 3: MaRKiToScoK folded before Flop (didn't bet)
Seat 4: sirgrindalot58 folded before Flop (didn't bet)
Seat 5: GuigaMan (button) folded before Flop
Seat 6: dreimis190 (small blind) collected ($5.20)



PokerStars Hand #254403367040:  Hold'em No Limit ($0.50/$1.00 USD) - 2025/01/16 20:08:44 WET [2025/01/16 15:08:44 ET]
Table 'Memnon IV' 6-max Seat #6 is the button
Seat 1: YeeesMan ($100 in chips) 
Seat 2: Y_19 ($118 in chips) 
Seat 3: MaRKiToScoK ($189.12 in chips) 
Seat 4: sirgrindalot58 ($47.37 in chips) 
Seat 5: GuigaMan ($109.85 in chips) 
Seat 6: dreimis190 ($107.05 in chips) 
YeeesMan: posts small blind $0.50
Y_19: posts big blind $1
*** HOLE CARDS ***
MaRKiToScoK: folds 
sirgrindalot58: folds 
GuigaMan: folds 
dreimis190: folds 
YeeesMan: folds 
Uncalled bet ($0.50) returned to Y_19
Y_19 collected $1 from pot
Y_19: doesn't show hand 
*** SUMMARY ***
Total pot $1 | Rake $0 
Seat 1: YeeesMan (small blind) folded before Flop
Seat 2: Y_19 (big blind) collected ($1)
Seat 3: MaRKiToScoK folded before Flop (didn't bet)
Seat 4: sirgrindalot58 folded before Flop (didn't bet)
Seat 5: GuigaMan folded before Flop (didn't bet)
Seat 6: dreimis190 (button) folded before Flop (didn't bet)



PokerStars Hand #254403373650:  Hold'em No Limit ($0.50/$1.00 USD) - 2025/01/16 20:09:06 WET [2025/01/16 15:09:06 ET]
Table 'Memnon IV' 6-max Seat #1 is the button
Seat 1: YeeesMan ($100 in chips) 
Seat 2: Y_19 ($118.50 in chips) 
Seat 3: MaRKiToScoK ($189.12 in chips) 
Seat 4: sirgrindalot58 ($47.37 in chips) 
Seat 5: GuigaMan ($109.85 in chips) 
Seat 6: dreimis190 ($107.05 in chips) 
Y_19: posts small blind $0.50
MaRKiToScoK: posts big blind $1
*** HOLE CARDS ***
sirgrindalot58: folds 
GuigaMan: folds 
dreimis190: folds 
YeeesMan: folds 
Y_19: raises $2 to $3
MaRKiToScoK: calls $2
*** FLOP *** [4c Kd 5d]
Y_19: checks 
MaRKiToScoK: checks 
*** TURN *** [4c Kd 5d] [6s]
Y_19: checks 
MaRKiToScoK: checks 
*** RIVER *** [4c Kd 5d 6s] [Ad]
Y_19: checks 
MaRKiToScoK: checks 
*** SHOW DOWN ***
Y_19: shows [Kc Ts] (a pair of Kings)
MaRKiToScoK: mucks hand 
Y_19 collected $5.70 from pot
*** SUMMARY ***
Total pot $6 | Rake $0.30 
Board [4c Kd 5d 6s Ad]
Seat 1: YeeesMan (button) folded before Flop (didn't bet)
Seat 2: Y_19 (small blind) showed [Kc Ts] and won ($5.70) with a pair of Kings
Seat 3: MaRKiToScoK (big blind) mucked
Seat 4: sirgrindalot58 folded before Flop (didn't bet)
Seat 5: GuigaMan folded before Flop (didn't bet)
Seat 6: dreimis190 folded before Flop (didn't bet)



PokerStars Hand #254403402707:  Hold'em No Limit ($0.50/$1.00 USD) - 2025/01/16 20:10:38 WET [2025/01/16 15:10:38 ET]
Table 'Memnon IV' 6-max Seat #2 is the button
Seat 1: YeeesMan ($100 in chips) 
Seat 2: Y_19 ($121.20 in chips) 
Seat 3: MaRKiToScoK ($186.12 in chips) 
Seat 4: sirgrindalot58 ($47.37 in chips) 
Seat 5: GuigaMan ($109.85 in chips) 
Seat 6: dreimis190 ($107.05 in chips) 
MaRKiToScoK: posts small blind $0.50
sirgrindalot58: posts big blind $1
*** HOLE CARDS ***
GuigaMan: folds 
dreimis190: raises $1 to $2
YeeesMan: folds 
Y_19: raises $4.13 to $6.13
MaRKiToScoK: folds 
sirgrindalot58: folds 
dreimis190: folds 
Uncalled bet ($4.13) returned to Y_19
Y_19 collected $5.50 from pot
Y_19: doesn't show hand 
*** SUMMARY ***
Total pot $5.50 | Rake $0 
Seat 1: YeeesMan folded before Flop (didn't bet)
Seat 2: Y_19 (button) collected ($5.50)
Seat 3: MaRKiToScoK (small blind) folded before Flop
Seat 4: sirgrindalot58 (big blind) folded before Flop
Seat 5: GuigaMan folded before Flop (didn't bet)
Seat 6: dreimis190 folded before Flop



PokerStars Hand #254403412032:  Hold'em No Limit ($0.50/$1.00 USD) - 2025/01/16 20:11:08 WET [2025/01/16 15:11:08 ET]
Table 'Memnon IV' 6-max Seat #3 is the button
Seat 1: YeeesMan ($100 in chips) 
Seat 2: Y_19 ($124.70 in chips) 
Seat 3: MaRKiToScoK ($185.62 in chips) 
Seat 4: sirgrindalot58 ($46.37 in chips) 
Seat 5: GuigaMan ($109.85 in chips) 
Seat 6: dreimis190 ($105.05 in chips) 
sirgrindalot58: posts small blind $0.50
GuigaMan: posts big blind $1
*** HOLE CARDS ***
dreimis190: folds 
YeeesMan: folds 
Y_19: folds 
MaRKiToScoK: folds 
sirgrindalot58: raises $1 to $2
GuigaMan: folds 
Uncalled bet ($1) returned to sirgrindalot58
sirgrindalot58 collected $2 from pot
*** SUMMARY ***
Total pot $2 | Rake $0 
Seat 1: YeeesMan folded before Flop (didn't bet)
Seat 2: Y_19 folded before Flop (didn't bet)
Seat 3: MaRKiToScoK (button) folded before Flop (didn't bet)
Seat 4: sirgrindalot58 (small blind) collected ($2)
Seat 5: GuigaMan (big blind) folded before Flop
Seat 6: dreimis190 folded before Flop (didn't bet)



PokerStars Hand #254403421299:  Hold'em No Limit ($0.50/$1.00 USD) - 2025/01/16 20:11:38 WET [2025/01/16 15:11:38 ET]
Table 'Memnon IV' 6-max Seat #4 is the button
Seat 1: YeeesMan ($100 in chips) 
Seat 2: Y_19 ($124.70 in chips) 
Seat 3: MaRKiToScoK ($185.62 in chips) 
Seat 4: sirgrindalot58 ($47.37 in chips) 
Seat 5: GuigaMan ($108.85 in chips) 
Seat 6: dreimis190 ($105.05 in chips) 
GuigaMan: posts small blind $0.50
dreimis190: posts big blind $1
*** HOLE CARDS ***
YeeesMan: folds 
Y_19: folds 
MaRKiToScoK: folds 
sirgrindalot58: folds 
GuigaMan: folds 
Uncalled bet ($0.50) returned to dreimis190
dreimis190 collected $1 from pot
dreimis190: doesn't show hand 
*** SUMMARY ***
Total pot $1 | Rake $0 
Seat 1: YeeesMan folded before Flop (didn't bet)
Seat 2: Y_19 folded before Flop (didn't bet)
Seat 3: MaRKiToScoK folded before Flop (didn't bet)
Seat 4: sirgrindalot58 (button) folded before Flop (didn't bet)
Seat 5: GuigaMan (small blind) folded before Flop
Seat 6: dreimis190 (big blind) collected ($1)



PokerStars Hand #254403425357:  Hold'em No Limit ($0.50/$1.00 USD) - 2025/01/16 20:11:51 WET [2025/01/16 15:11:51 ET]
Table 'Memnon IV' 6-max Seat #5 is the button
Seat 1: YeeesMan ($100 in chips) 
Seat 2: Y_19 ($124.70 in chips) 
Seat 3: MaRKiToScoK ($185.62 in chips) 
Seat 4: sirgrindalot58 ($47.37 in chips) 
Seat 5: GuigaMan ($108.35 in chips) 
Seat 6: dreimis190 ($105.55 in chips) 
dreimis190: posts small blind $0.50
YeeesMan: posts big blind $1
*** HOLE CARDS ***
Y_19: folds 
MaRKiToScoK: folds 
sirgrindalot58: folds 
GuigaMan: raises $1.10 to $2.10
dreimis190: folds 
YeeesMan: folds 
Uncalled bet ($1.10) returned to GuigaMan
GuigaMan collected $2.50 from pot
*** SUMMARY ***
Total pot $2.50 | Rake $0 
Seat 1: YeeesMan (big blind) folded before Flop
Seat 2: Y_19 folded before Flop (didn't bet)
Seat 3: MaRKiToScoK folded before Flop (didn't bet)
Seat 4: sirgrindalot58 folded before Flop (didn't bet)
Seat 5: GuigaMan (button) collected ($2.50)
Seat 6: dreimis190 (small blind) folded before Flop



PokerStars Hand #254403434755:  Hold'em No Limit ($0.50/$1.00 USD) - 2025/01/16 20:12:21 WET [2025/01/16 15:12:21 ET]
Table 'Memnon IV' 6-max Seat #6 is the button
Seat 1: YeeesMan ($100 in chips) 
Seat 2: Y_19 ($124.70 in chips) 
Seat 3: MaRKiToScoK ($185.62 in chips) 
Seat 4: sirgrindalot58 ($47.37 in chips) 
Seat 5: GuigaMan ($109.85 in chips) 
Seat 6: dreimis190 ($105.05 in chips) 
YeeesMan: posts small blind $0.50
Y_19: posts big blind $1
*** HOLE CARDS ***
MaRKiToScoK: folds 
sirgrindalot58: folds 
GuigaMan: folds 
dreimis190: raises $1.50 to $2.50
YeeesMan: folds 
Y_19: calls $1.50
*** FLOP *** [3s 8c Jd]
Y_19: checks 
dreimis190: bets $2.11
Y_19: folds 
Uncalled bet ($2.11) returned to dreimis190
dreimis190 collected $5.22 from pot
dreimis190: doesn't show hand 
*** SUMMARY ***
Total pot $5.50 | Rake $0.28 
Board [3s 8c Jd]
Seat 1: YeeesMan (small blind) folded before Flop
Seat 2: Y_19 (big blind) folded on the Flop
Seat 3: MaRKiToScoK folded before Flop (didn't bet)
Seat 4: sirgrindalot58 folded before Flop (didn't bet)
Seat 5: GuigaMan folded before Flop (didn't bet)
Seat 6: dreimis190 (button) collected ($5.22)



PokerStars Hand #254403447826:  Hold'em No Limit ($0.50/$1.00 USD) - 2025/01/16 20:13:03 WET [2025/01/16 15:13:03 ET]
Table 'Memnon IV' 6-max Seat #1 is the button
Seat 1: YeeesMan ($100 in chips) 
Seat 2: Y_19 ($122.20 in chips) 
Seat 3: MaRKiToScoK ($185.62 in chips) 
Seat 4: sirgrindalot58 ($47.37 in chips) 
Seat 5: GuigaMan ($109.85 in chips) 
Seat 6: dreimis190 ($107.77 in chips) 
Y_19: posts small blind $0.50
MaRKiToScoK: posts big blind $1
*** HOLE CARDS ***
sirgrindalot58: folds 
GuigaMan: folds 
dreimis190: raises $1.50 to $2.50
YeeesMan: raises $5.50 to $8
Y_19: folds 
MaRKiToScoK: folds 
dreimis190: folds 
Uncalled bet ($5.50) returned to YeeesMan
YeeesMan collected $6.50 from pot
YeeesMan: doesn't show hand 
*** SUMMARY ***
Total pot $6.50 | Rake $0 
Seat 1: YeeesMan (button) collected ($6.50)
Seat 2: Y_19 (small blind) folded before Flop
Seat 3: MaRKiToScoK (big blind) folded before Flop
Seat 4: sirgrindalot58 folded before Flop (didn't bet)
Seat 5: GuigaMan folded before Flop (didn't bet)
Seat 6: dreimis190 folded before Flop



PokerStars Hand #254403607835:  Hold'em No Limit ($0.50/$1.00 USD) - 2025/01/16 20:21:33 WET [2025/01/16 15:21:33 ET]
Table 'Memnon IV' 6-max Seat #2 is the button
Seat 1: YeeesMan ($102.90 in chips) 
Seat 2: Y_19 ($118.70 in chips) 
Seat 3: MaRKiToScoK ($189.17 in chips) 
Seat 4: sirgrindalot58 ($45.10 in chips) 
Seat 5: GuigaMan ($112.71 in chips) 
Seat 6: dreimis190 ($101 in chips) 
MaRKiToScoK: posts small blind $0.50
sirgrindalot58: posts big blind $1
*** HOLE CARDS ***
GuigaMan: folds 
dreimis190: raises $1 to $2
YeeesMan: raises $6 to $8
Y_19: raises $12 to $20
MaRKiToScoK: folds 
sirgrindalot58: folds 
dreimis190: raises $81 to $101 and is all-in
YeeesMan: folds 
Y_19: folds 
Uncalled bet ($81) returned to dreimis190
dreimis190 collected $49.50 from pot
dreimis190: doesn't show hand 
*** SUMMARY ***
Total pot $49.50 | Rake $0 
Seat 1: YeeesMan folded before Flop
Seat 2: Y_19 (button) folded before Flop
Seat 3: MaRKiToScoK (small blind) folded before Flop
Seat 4: sirgrindalot58 (big blind) folded before Flop
Seat 5: GuigaMan folded before Flop (didn't bet)
Seat 6: dreimis190 collected ($49.50)



PokerStars Hand #254403629749:  Hold'em No Limit ($0.50/$1.00 USD) - 2025/01/16 20:22:43 WET [2025/01/16 15:22:43 ET]
Table 'Memnon IV' 6-max Seat #3 is the button
Seat 1: YeeesMan ($100 in chips) 
Seat 2: Y_19 ($100 in chips) 
Seat 3: MaRKiToScoK ($188.67 in chips) 
Seat 4: sirgrindalot58 ($44.10 in chips) 
Seat 5: GuigaMan ($112.71 in chips) 
Seat 6: dreimis190 ($130.50 in chips) 
sirgrindalot58: posts small blind $0.50
GuigaMan: posts big blind $1
*** HOLE CARDS ***
dreimis190: folds 
YeeesMan: folds 
Y_19: folds 
MaRKiToScoK: folds 
sirgrindalot58: folds 
Uncalled bet ($0.50) returned to GuigaMan
GuigaMan collected $1 from pot
*** SUMMARY ***
Total pot $1 | Rake $0 
Seat 1: YeeesMan folded before Flop (didn't bet)
Seat 2: Y_19 folded before Flop (didn't bet)
Seat 3: MaRKiToScoK (button) folded before Flop (didn't bet)
Seat 4: sirgrindalot58 (small blind) folded before Flop
Seat 5: GuigaMan (big blind) collected ($1)
Seat 6: dreimis190 folded before Flop (didn't bet)



PokerStars Hand #254403635453:  Hold'em No Limit ($0.50/$1.00 USD) - 2025/01/16 20:23:02 WET [2025/01/16 15:23:02 ET]
Table 'Memnon IV' 6-max Seat #4 is the button
Seat 6: dreimis190 ($130.50 in chips) is sitting out
Seat 1: YeeesMan ($100 in chips) 
Seat 2: Y_19 ($100 in chips) 
Seat 3: MaRKiToScoK ($188.67 in chips) 
Seat 4: sirgrindalot58 ($43.60 in chips) 
Seat 5: GuigaMan ($113.21 in chips) 
GuigaMan: posts small blind $0.50
dreimis190: is sitting out 
YeeesMan: posts big blind $1
*** HOLE CARDS ***
Y_19: folds 
MaRKiToScoK: folds 
sirgrindalot58: folds 
GuigaMan: folds 
Uncalled bet ($0.50) returned to YeeesMan
YeeesMan collected $1 from pot
YeeesMan: doesn't show hand 
*** SUMMARY ***
Total pot $1 | Rake $0 
Seat 6: dreimis190
Seat 1: YeeesMan (big blind) collected ($1)
Seat 2: Y_19 folded before Flop (didn't bet)
Seat 3: MaRKiToScoK folded before Flop (didn't bet)
Seat 4: sirgrindalot58 (button) folded before Flop (didn't bet)
Seat 5: GuigaMan (small blind) folded before Flop



PokerStars Hand #254403640501:  Hold'em No Limit ($0.50/$1.00 USD) - 2025/01/16 20:23:18 WET [2025/01/16 15:23:18 ET]
Table 'Memnon IV' 6-max Seat #5 is the button
Seat 6: dreimis190 ($130.50 in chips) is sitting out
Seat 1: YeeesMan ($100.50 in chips) 
Seat 2: Y_19 ($100 in chips) 
Seat 3: MaRKiToScoK ($188.67 in chips) 
Seat 4: sirgrindalot58 ($43.60 in chips) 
Seat 5: GuigaMan ($112.71 in chips) 
YeeesMan: posts small blind $0.50
Y_19: posts big blind $1
*** HOLE CARDS ***
MaRKiToScoK: folds 
sirgrindalot58: folds 
GuigaMan: raises $1.10 to $2.10
YeeesMan: folds 
Y_19: calls $1.10
*** FLOP *** [Kd 2c Ks]
Y_19: checks 
GuigaMan: bets $1
dreimis190 leaves the table
Y_19: folds 
Uncalled bet ($1) returned to GuigaMan
GuigaMan collected $4.46 from pot
michasia joins the table at seat #6 
*** SUMMARY ***
Total pot $4.70 | Rake $0.24 
Board [Kd 2c Ks]
Seat 6: dreimis190
Seat 1: YeeesMan (small blind) folded before Flop
Seat 2: Y_19 (big blind) folded on the Flop
Seat 3: MaRKiToScoK folded before Flop (didn't bet)
Seat 4: sirgrindalot58 folded before Flop (didn't bet)
Seat 5: GuigaMan (button) collected ($4.46)



PokerStars Hand #254403649604:  Hold'em No Limit ($0.50/$1.00 USD) - 2025/01/16 20:23:48 WET [2025/01/16 15:23:48 ET]
Table 'Memnon IV' 6-max Seat #1 is the button
Seat 6: michasia ($100 in chips) is sitting out
Seat 1: YeeesMan ($100 in chips) 
Seat 2: Y_19 ($100 in chips) 
Seat 3: MaRKiToScoK ($188.67 in chips) 
Seat 4: sirgrindalot58 ($43.60 in chips) 
Seat 5: GuigaMan ($115.07 in chips) 
Y_19: posts small blind $0.50
MaRKiToScoK: posts big blind $1
michasia: sits out 
*** HOLE CARDS ***
sirgrindalot58: calls $1
GuigaMan: raises $2 to $3
YeeesMan: raises $7 to $10
Y_19: folds 
MaRKiToScoK: folds 
sirgrindalot58: folds 
GuigaMan: folds 
Uncalled bet ($7) returned to YeeesMan
YeeesMan collected $8.50 from pot
YeeesMan: doesn't show hand 
*** SUMMARY ***
Total pot $8.50 | Rake $0 
Seat 6: michasia
Seat 1: YeeesMan (button) collected ($8.50)
Seat 2: Y_19 (small blind) folded before Flop
Seat 3: MaRKiToScoK (big blind) folded before Flop
Seat 4: sirgrindalot58 folded before Flop
Seat 5: GuigaMan folded before Flop



PokerStars Hand #254403664264:  Hold'em No Limit ($0.50/$1.00 USD) - 2025/01/16 20:24:35 WET [2025/01/16 15:24:35 ET]
Table 'Memnon IV' 6-max Seat #2 is the button
Seat 6: michasia ($100 in chips) is sitting out
Seat 1: YeeesMan ($105.50 in chips) 
Seat 2: Y_19 ($100 in chips) 
Seat 3: MaRKiToScoK ($187.67 in chips) 
Seat 4: sirgrindalot58 ($42.60 in chips) 
Seat 5: GuigaMan ($112.07 in chips) 
MaRKiToScoK: posts small blind $0.50
sirgrindalot58: posts big blind $1
michasia: sits out 
*** HOLE CARDS ***
GuigaMan: folds 
YeeesMan: folds 
Y_19: raises $1.23 to $2.23
MaRKiToScoK: folds 
sirgrindalot58: folds 
Uncalled bet ($1.23) returned to Y_19
Y_19 collected $2.50 from pot
Y_19: doesn't show hand 
*** SUMMARY ***
Total pot $2.50 | Rake $0 
Seat 6: michasia
Seat 1: YeeesMan folded before Flop (didn't bet)
Seat 2: Y_19 (button) collected ($2.50)
Seat 3: MaRKiToScoK (small blind) folded before Flop
Seat 4: sirgrindalot58 (big blind) folded before Flop
Seat 5: GuigaMan folded before Flop (didn't bet)



PokerStars Hand #254403670679:  Hold'em No Limit ($0.50/$1.00 USD) - 2025/01/16 20:24:56 WET [2025/01/16 15:24:56 ET]
Table 'Memnon IV' 6-max Seat #3 is the button
Seat 6: michasia ($100 in chips) is sitting out
Seat 1: YeeesMan ($105.50 in chips) 
Seat 2: Y_19 ($101.50 in chips) 
Seat 3: MaRKiToScoK ($187.17 in chips) 
Seat 4: sirgrindalot58 ($41.60 in chips) 
Seat 5: GuigaMan ($112.07 in chips) 
sirgrindalot58: posts small blind $0.50
GuigaMan: posts big blind $1
michasia: sits out 
*** HOLE CARDS ***
YeeesMan: raises $1.50 to $2.50
Y_19: folds 
MaRKiToScoK: folds 
sirgrindalot58: calls $2
GuigaMan: calls $1.50
*** FLOP *** [Jh 7h 3h]
sirgrindalot58: checks 
GuigaMan: bets $3.84
YeeesMan: folds 
sirgrindalot58: folds 
Uncalled bet ($3.84) returned to GuigaMan
GuigaMan collected $7.12 from pot
*** SUMMARY ***
Total pot $7.50 | Rake $0.38 
Board [Jh 7h 3h]
Seat 6: michasia
Seat 1: YeeesMan folded on the Flop
Seat 2: Y_19 folded before Flop (didn't bet)
Seat 3: MaRKiToScoK (button) folded before Flop (didn't bet)
Seat 4: sirgrindalot58 (small blind) folded on the Flop
Seat 5: GuigaMan (big blind) collected ($7.12)



PokerStars Hand #254403685174:  Hold'em No Limit ($0.50/$1.00 USD) - 2025/01/16 20:25:43 WET [2025/01/16 15:25:43 ET]
Table 'Memnon IV' 6-max Seat #4 is the button
Seat 1: YeeesMan ($103 in chips) 
Seat 2: Y_19 ($101.50 in chips) 
Seat 3: MaRKiToScoK ($187.17 in chips) 
Seat 4: sirgrindalot58 ($39.10 in chips) 
Seat 5: GuigaMan ($116.69 in chips) 
Seat 6: michasia ($100 in chips) 
GuigaMan: posts small blind $0.50
michasia: posts big blind $1
*** HOLE CARDS ***
YeeesMan: folds 
Y_19: folds 
MaRKiToScoK: folds 
sirgrindalot58: folds 
GuigaMan: raises $2 to $3
michasia: calls $2
*** FLOP *** [9d Jc As]
GuigaMan: checks 
michasia: bets $3.80
GuigaMan: calls $3.80
*** TURN *** [9d Jc As] [3c]
GuigaMan: checks 
michasia: checks 
*** RIVER *** [9d Jc As 3c] [6c]
GuigaMan: bets $3
michasia: raises $28.38 to $31.38
GuigaMan: folds 
Uncalled bet ($28.38) returned to michasia
michasia collected $18.62 from pot
michasia: doesn't show hand 
*** SUMMARY ***
Total pot $19.60 | Rake $0.98 
Board [9d Jc As 3c 6c]
Seat 1: YeeesMan folded before Flop (didn't bet)
Seat 2: Y_19 folded before Flop (didn't bet)
Seat 3: MaRKiToScoK folded before Flop (didn't bet)
Seat 4: sirgrindalot58 (button) folded before Flop (didn't bet)
Seat 5: GuigaMan (small blind) folded on the River
Seat 6: michasia (big blind) collected ($18.62)



PokerStars Hand #254403701941:  Hold'em No Limit ($0.50/$1.00 USD) - 2025/01/16 20:26:37 WET [2025/01/16 15:26:37 ET]
Table 'Memnon IV' 6-max Seat #5 is the button
Seat 1: YeeesMan ($103 in chips) 
Seat 2: Y_19 ($101.50 in chips) 
Seat 3: MaRKiToScoK ($187.17 in chips) 
Seat 4: sirgrindalot58 ($39.10 in chips) 
Seat 5: GuigaMan ($106.89 in chips) 
Seat 6: michasia ($108.82 in chips) 
michasia: posts small blind $0.50
YeeesMan: posts big blind $1
*** HOLE CARDS ***
Y_19: folds 
MaRKiToScoK: raises $1 to $2
sirgrindalot58: folds 
GuigaMan: raises $4 to $6
michasia: folds 
YeeesMan: folds 
MaRKiToScoK: folds 
Uncalled bet ($4) returned to GuigaMan
GuigaMan collected $5.50 from pot
*** SUMMARY ***
Total pot $5.50 | Rake $0 
Seat 1: YeeesMan (big blind) folded before Flop
Seat 2: Y_19 folded before Flop (didn't bet)
Seat 3: MaRKiToScoK folded before Flop
Seat 4: sirgrindalot58 folded before Flop (didn't bet)
Seat 5: GuigaMan (button) collected ($5.50)
Seat 6: michasia (small blind) folded before Flop



PokerStars Hand #254403710426:  Hold'em No Limit ($0.50/$1.00 USD) - 2025/01/16 20:27:05 WET [2025/01/16 15:27:05 ET]
Table 'Memnon IV' 6-max Seat #6 is the button
Seat 1: YeeesMan ($102 in chips) 
Seat 2: Y_19 ($101.50 in chips) 
Seat 3: MaRKiToScoK ($185.17 in chips) 
Seat 4: sirgrindalot58 ($39.10 in chips) 
Seat 5: GuigaMan ($110.39 in chips) 
Seat 6: michasia ($108.32 in chips) 
YeeesMan: posts small blind $0.50
Y_19: posts big blind $1
*** HOLE CARDS ***
MaRKiToScoK: folds 
MaRKiToScoK leaves the table
peak joker33 joins the table at seat #3 
sirgrindalot58: calls $1
GuigaMan: folds 
michasia: folds 
YeeesMan: folds 
Y_19: checks 
*** FLOP *** [3s Jh 9s]
Y_19: checks 
sirgrindalot58: checks 
*** TURN *** [3s Jh 9s] [8d]
Y_19: checks 
sirgrindalot58: checks 
*** RIVER *** [3s Jh 9s 8d] [Jd]
Y_19: checks 
sirgrindalot58: checks 
*** SHOW DOWN ***
Y_19: shows [7d Ks] (a pair of Jacks)
sirgrindalot58: shows [6h Ac] (a pair of Jacks - Ace kicker)
sirgrindalot58 collected $2.38 from pot
*** SUMMARY ***
Total pot $2.50 | Rake $0.12 
Board [3s Jh 9s 8d Jd]
Seat 1: YeeesMan (small blind) folded before Flop
Seat 2: Y_19 (big blind) showed [7d Ks] and lost with a pair of Jacks
Seat 3: MaRKiToScoK folded before Flop (didn't bet)
Seat 4: sirgrindalot58 showed [6h Ac] and won ($2.38) with a pair of Jacks
Seat 5: GuigaMan folded before Flop (didn't bet)
Seat 6: michasia (button) folded before Flop (didn't bet)



PokerStars Hand #254403729794:  Hold'em No Limit ($0.50/$1.00 USD) - 2025/01/16 20:28:07 WET [2025/01/16 15:28:07 ET]
Table 'Memnon IV' 6-max Seat #1 is the button
Seat 1: YeeesMan ($101.50 in chips) 
Seat 2: Y_19 ($100.50 in chips) 
Seat 3: peak joker33 ($100 in chips) 
Seat 4: sirgrindalot58 ($40.48 in chips) 
Seat 5: GuigaMan ($110.39 in chips) 
Seat 6: michasia ($108.32 in chips) 
Y_19: posts small blind $0.50
peak joker33: posts big blind $1
*** HOLE CARDS ***
sirgrindalot58: raises $1 to $2
GuigaMan: folds 
michasia: folds 
YeeesMan: raises $4.50 to $6.50
Y_19: folds 
peak joker33: raises $11.50 to $18
sirgrindalot58: folds 
YeeesMan: folds 
Uncalled bet ($11.50) returned to peak joker33
peak joker33 collected $15.50 from pot
peak joker33: doesn't show hand 
*** SUMMARY ***
Total pot $15.50 | Rake $0 
Seat 1: YeeesMan (button) folded before Flop
Seat 2: Y_19 (small blind) folded before Flop
Seat 3: peak joker33 (big blind) collected ($15.50)
Seat 4: sirgrindalot58 folded before Flop
Seat 5: GuigaMan folded before Flop (didn't bet)
Seat 6: michasia folded before Flop (didn't bet)



PokerStars Hand #254403748196:  Hold'em No Limit ($0.50/$1.00 USD) - 2025/01/16 20:29:07 WET [2025/01/16 15:29:07 ET]
Table 'Memnon IV' 6-max Seat #2 is the button
Seat 1: YeeesMan ($100 in chips) 
Seat 2: Y_19 ($100 in chips) 
Seat 3: peak joker33 ($109 in chips) 
Seat 4: sirgrindalot58 ($38.48 in chips) 
Seat 5: GuigaMan ($110.39 in chips) 
Seat 6: michasia ($108.32 in chips) 
peak joker33: posts small blind $0.50
sirgrindalot58: posts big blind $1
*** HOLE CARDS ***
GuigaMan: folds 
michasia: folds 
YeeesMan: raises $1.50 to $2.50
Y_19: folds 
peak joker33: folds 
sirgrindalot58: calls $1.50
*** FLOP *** [4h 9h As]
sirgrindalot58: checks 
YeeesMan: checks 
*** TURN *** [4h 9h As] [5c]
sirgrindalot58: bets $2.61
YeeesMan: calls $2.61
*** RIVER *** [4h 9h As 5c] [7s]
sirgrindalot58: checks 
YeeesMan: checks 
*** SHOW DOWN ***
sirgrindalot58: shows [Tc 9s] (a pair of Nines)
YeeesMan: shows [Qd Qs] (a pair of Queens)
YeeesMan collected $10.18 from pot
*** SUMMARY ***
Total pot $10.72 | Rake $0.54 
Board [4h 9h As 5c 7s]
Seat 1: YeeesMan showed [Qd Qs] and won ($10.18) with a pair of Queens
Seat 2: Y_19 (button) folded before Flop (didn't bet)
Seat 3: peak joker33 (small blind) folded before Flop
Seat 4: sirgrindalot58 (big blind) showed [Tc 9s] and lost with a pair of Nines
Seat 5: GuigaMan folded before Flop (didn't bet)
Seat 6: michasia folded before Flop (didn't bet)



PokerStars Hand #254403764248:  Hold'em No Limit ($0.50/$1.00 USD) - 2025/01/16 20:30:00 WET [2025/01/16 15:30:00 ET]
Table 'Memnon IV' 6-max Seat #3 is the button
Seat 1: YeeesMan ($105.07 in chips) 
Seat 2: Y_19 ($100 in chips) 
Seat 3: peak joker33 ($108.50 in chips) 
Seat 4: sirgrindalot58 ($33.37 in chips) 
Seat 5: GuigaMan ($110.39 in chips) 
Seat 6: michasia ($108.32 in chips) 
sirgrindalot58: posts small blind $0.50
GuigaMan: posts big blind $1
*** HOLE CARDS ***
michasia: folds 
YeeesMan: folds 
Y_19: raises $1.23 to $2.23
peak joker33: folds 
sirgrindalot58: folds 
GuigaMan: folds 
Uncalled bet ($1.23) returned to Y_19
Y_19 collected $2.50 from pot
Y_19: doesn't show hand 
*** SUMMARY ***
Total pot $2.50 | Rake $0 
Seat 1: YeeesMan folded before Flop (didn't bet)
Seat 2: Y_19 collected ($2.50)
Seat 3: peak joker33 (button) folded before Flop (didn't bet)
Seat 4: sirgrindalot58 (small blind) folded before Flop
Seat 5: GuigaMan (big blind) folded before Flop
Seat 6: michasia folded before Flop (didn't bet)



PokerStars Hand #254403769385:  Hold'em No Limit ($0.50/$1.00 USD) - 2025/01/16 20:30:17 WET [2025/01/16 15:30:17 ET]
Table 'Memnon IV' 6-max Seat #4 is the button
Seat 1: YeeesMan ($105.07 in chips) 
Seat 2: Y_19 ($101.50 in chips) 
Seat 3: peak joker33 ($108.50 in chips) 
Seat 4: sirgrindalot58 ($32.87 in chips) 
Seat 5: GuigaMan ($109.39 in chips) 
Seat 6: michasia ($108.32 in chips) 
GuigaMan: posts small blind $0.50
michasia: posts big blind $1
*** HOLE CARDS ***
YeeesMan: raises $1.50 to $2.50
Y_19: folds 
peak joker33: folds 
sirgrindalot58: calls $2.50
GuigaMan: folds 
michasia: folds 
*** FLOP *** [5c As Td]
YeeesMan: bets $2.04
sirgrindalot58: folds 
Uncalled bet ($2.04) returned to YeeesMan
YeeesMan collected $6.18 from pot
YeeesMan: doesn't show hand 
*** SUMMARY ***
Total pot $6.50 | Rake $0.32 
Board [5c As Td]
Seat 1: YeeesMan collected ($6.18)
Seat 2: Y_19 folded before Flop (didn't bet)
Seat 3: peak joker33 folded before Flop (didn't bet)
Seat 4: sirgrindalot58 (button) folded on the Flop
Seat 5: GuigaMan (small blind) folded before Flop
Seat 6: michasia (big blind) folded before Flop



PokerStars Hand #254403779869:  Hold'em No Limit ($0.50/$1.00 USD) - 2025/01/16 20:30:50 WET [2025/01/16 15:30:50 ET]
Table 'Memnon IV' 6-max Seat #5 is the button
Seat 1: YeeesMan ($108.75 in chips) is sitting out
Seat 2: Y_19 ($101.50 in chips) 
Seat 3: peak joker33 ($108.50 in chips) 
Seat 4: sirgrindalot58 ($30.37 in chips) 
Seat 5: GuigaMan ($108.89 in chips) 
Seat 6: michasia ($107.32 in chips) 
michasia: posts small blind $0.50
YeeesMan: is sitting out 
Y_19: posts big blind $1
*** HOLE CARDS ***
peak joker33: folds 
sirgrindalot58: folds 
GuigaMan: raises $1.10 to $2.10
michasia: folds 
YeeesMan leaves the table
Y_19: calls $1.10
*** FLOP *** [Kc 8c Ac]
Y_19: checks 
GuigaMan: checks 
*** TURN *** [Kc 8c Ac] [9h]
z00mba joins the table at seat #1 
Y_19: checks 
GuigaMan: bets $3.35
Y_19: folds 
Uncalled bet ($3.35) returned to GuigaMan
GuigaMan collected $4.46 from pot
*** SUMMARY ***
Total pot $4.70 | Rake $0.24 
Board [Kc 8c Ac 9h]
Seat 1: YeeesMan
Seat 2: Y_19 (big blind) folded on the Turn
Seat 3: peak joker33 folded before Flop (didn't bet)
Seat 4: sirgrindalot58 folded before Flop (didn't bet)
Seat 5: GuigaMan (button) collected ($4.46)
Seat 6: michasia (small blind) folded before Flop



PokerStars Hand #254403794091:  Hold'em No Limit ($0.50/$1.00 USD) - 2025/01/16 20:31:37 WET [2025/01/16 15:31:37 ET]
Table 'Memnon IV' 6-max Seat #6 is the button
Seat 1: z00mba ($101 in chips) is sitting out
Seat 2: Y_19 ($100 in chips) 
Seat 3: peak joker33 ($108.50 in chips) 
Seat 4: sirgrindalot58 ($30.37 in chips) 
Seat 5: GuigaMan ($111.25 in chips) 
Seat 6: michasia ($106.82 in chips) 
Y_19: posts small blind $0.50
peak joker33: posts big blind $1
*** HOLE CARDS ***
sirgrindalot58: folds 
GuigaMan: folds 
michasia: folds 
Y_19: folds 
Uncalled bet ($0.50) returned to peak joker33
peak joker33 collected $1 from pot
peak joker33: doesn't show hand 
*** SUMMARY ***
Total pot $1 | Rake $0 
Seat 1: z00mba
Seat 2: Y_19 (small blind) folded before Flop
Seat 3: peak joker33 (big blind) collected ($1)
Seat 4: sirgrindalot58 folded before Flop (didn't bet)
Seat 5: GuigaMan folded before Flop (didn't bet)
Seat 6: michasia (button) folded before Flop (didn't bet)



PokerStars Hand #254403799042:  Hold'em No Limit ($0.50/$1.00 USD) - 2025/01/16 20:31:53 WET [2025/01/16 15:31:53 ET]
Table 'Memnon IV' 6-max Seat #2 is the button
Seat 1: z00mba ($101 in chips) is sitting out
Seat 2: Y_19 ($100 in chips) 
Seat 3: peak joker33 ($109 in chips) 
Seat 4: sirgrindalot58 ($30.37 in chips) 
Seat 5: GuigaMan ($111.25 in chips) 
Seat 6: michasia ($106.82 in chips) 
peak joker33: posts small blind $0.50
sirgrindalot58: posts big blind $1
z00mba: sits out 
*** HOLE CARDS ***
GuigaMan: folds 
michasia: folds 
Y_19: folds 
peak joker33: raises $2 to $3
sirgrindalot58: calls $2
*** FLOP *** [6c Ks 6h]
peak joker33: bets $1.88
sirgrindalot58: folds 
Uncalled bet ($1.88) returned to peak joker33
peak joker33 collected $5.70 from pot
peak joker33: doesn't show hand 
*** SUMMARY ***
Total pot $6 | Rake $0.30 
Board [6c Ks 6h]
Seat 1: z00mba
Seat 2: Y_19 (button) folded before Flop (didn't bet)
Seat 3: peak joker33 (small blind) collected ($5.70)
Seat 4: sirgrindalot58 (big blind) folded on the Flop
Seat 5: GuigaMan folded before Flop (didn't bet)
Seat 6: michasia folded before Flop (didn't bet)



PokerStars Hand #254403807693:  Hold'em No Limit ($0.50/$1.00 USD) - 2025/01/16 20:32:21 WET [2025/01/16 15:32:21 ET]
Table 'Memnon IV' 6-max Seat #3 is the button
Seat 1: z00mba ($101 in chips) is sitting out
Seat 2: Y_19 ($100 in chips) 
Seat 3: peak joker33 ($111.70 in chips) 
Seat 4: sirgrindalot58 ($27.37 in chips) 
Seat 5: GuigaMan ($111.25 in chips) 
Seat 6: michasia ($106.82 in chips) 
sirgrindalot58: posts small blind $0.50
GuigaMan: posts big blind $1
z00mba: sits out 
*** HOLE CARDS ***
michasia: raises $1.60 to $2.60
Y_19: folds 
peak joker33: folds 
sirgrindalot58: calls $2.10
GuigaMan: folds 
*** FLOP *** [Ad Js Td]
sirgrindalot58: checks 
michasia: bets $1.94
sirgrindalot58: calls $1.94
*** TURN *** [Ad Js Td] [2s]
sirgrindalot58: checks 
michasia: bets $6.39
sirgrindalot58: calls $6.39
*** RIVER *** [Ad Js Td 2s] [9d]
sirgrindalot58: checks 
michasia: bets $14.48
sirgrindalot58: folds 
Uncalled bet ($14.48) returned to michasia
michasia collected $21.72 from pot
michasia: doesn't show hand 
*** SUMMARY ***
Total pot $22.86 | Rake $1.14 
Board [Ad Js Td 2s 9d]
Seat 1: z00mba
Seat 2: Y_19 folded before Flop (didn't bet)
Seat 3: peak joker33 (button) folded before Flop (didn't bet)
Seat 4: sirgrindalot58 (small blind) folded on the River
Seat 5: GuigaMan (big blind) folded before Flop
Seat 6: michasia collected ($21.72)



PokerStars Hand #254403825447:  Hold'em No Limit ($0.50/$1.00 USD) - 2025/01/16 20:33:19 WET [2025/01/16 15:33:19 ET]
Table 'Memnon IV' 6-max Seat #4 is the button
Seat 1: z00mba ($101 in chips) is sitting out
Seat 2: Y_19 ($100 in chips) 
Seat 3: peak joker33 ($111.70 in chips) 
Seat 4: sirgrindalot58 ($16.44 in chips) 
Seat 5: GuigaMan ($110.25 in chips) 
Seat 6: michasia ($117.61 in chips) 
GuigaMan: posts small blind $0.50
michasia: posts big blind $1
z00mba: sits out 
*** HOLE CARDS ***
Y_19: raises $1.23 to $2.23
peak joker33: folds 
sirgrindalot58: folds 
GuigaMan: folds 
michasia: folds 
Uncalled bet ($1.23) returned to Y_19
Y_19 collected $2.50 from pot
Y_19: doesn't show hand 
*** SUMMARY ***
Total pot $2.50 | Rake $0 
Seat 1: z00mba
Seat 2: Y_19 collected ($2.50)
Seat 3: peak joker33 folded before Flop (didn't bet)
Seat 4: sirgrindalot58 (button) folded before Flop (didn't bet)
Seat 5: GuigaMan (small blind) folded before Flop
Seat 6: michasia (big blind) folded before Flop



PokerStars Hand #254403830536:  Hold'em No Limit ($0.50/$1.00 USD) - 2025/01/16 20:33:36 WET [2025/01/16 15:33:36 ET]
Table 'Memnon IV' 6-max Seat #5 is the button
Seat 1: z00mba ($101 in chips) 
Seat 2: Y_19 ($101.50 in chips) 
Seat 3: peak joker33 ($111.70 in chips) 
Seat 4: sirgrindalot58 ($16.44 in chips) 
Seat 5: GuigaMan ($109.75 in chips) 
Seat 6: michasia ($116.61 in chips) 
michasia: posts small blind $0.50
z00mba: posts big blind $1
*** HOLE CARDS ***
Y_19: folds 
peak joker33: folds 
sirgrindalot58: raises $1 to $2
GuigaMan: folds 
michasia: folds 
z00mba: calls $1
*** FLOP *** [3s 4h Kh]
z00mba: checks 
sirgrindalot58: checks 
*** TURN *** [3s 4h Kh] [Ac]
z00mba: checks 
sirgrindalot58: bets $4.28
z00mba: calls $4.28
*** RIVER *** [3s 4h Kh Ac] [Js]
z00mba: checks 
sirgrindalot58: checks 
*** SHOW DOWN ***
z00mba: shows [6h 3h] (a pair of Threes)
sirgrindalot58: shows [4d 5d] (a pair of Fours)
sirgrindalot58 collected $12.41 from pot
*** SUMMARY ***
Total pot $13.06 | Rake $0.65 
Board [3s 4h Kh Ac Js]
Seat 1: z00mba (big blind) showed [6h 3h] and lost with a pair of Threes
Seat 2: Y_19 folded before Flop (didn't bet)
Seat 3: peak joker33 folded before Flop (didn't bet)
Seat 4: sirgrindalot58 showed [4d 5d] and won ($12.41) with a pair of Fours
Seat 5: GuigaMan (button) folded before Flop (didn't bet)
Seat 6: michasia (small blind) folded before Flop



PokerStars Hand #254403842802:  Hold'em No Limit ($0.50/$1.00 USD) - 2025/01/16 20:34:15 WET [2025/01/16 15:34:15 ET]
Table 'Memnon IV' 6-max Seat #6 is the button
Seat 1: z00mba ($100 in chips) 
Seat 2: Y_19 ($101.50 in chips) 
Seat 3: peak joker33 ($111.70 in chips) 
Seat 4: sirgrindalot58 ($22.57 in chips) 
Seat 5: GuigaMan ($109.75 in chips) 
Seat 6: michasia ($116.11 in chips) 
z00mba: posts small blind $0.50
Y_19: posts big blind $1
*** HOLE CARDS ***
peak joker33: folds 
sirgrindalot58: folds 
GuigaMan: raises $1.10 to $2.10
michasia: folds 
z00mba: folds 
Y_19: folds 
Uncalled bet ($1.10) returned to GuigaMan
GuigaMan collected $2.50 from pot
*** SUMMARY ***
Total pot $2.50 | Rake $0 
Seat 1: z00mba (small blind) folded before Flop
Seat 2: Y_19 (big blind) folded before Flop
Seat 3: peak joker33 folded before Flop (didn't bet)
Seat 4: sirgrindalot58 folded before Flop (didn't bet)
Seat 5: GuigaMan collected ($2.50)
Seat 6: michasia (button) folded before Flop (didn't bet)



PokerStars Hand #254403847969:  Hold'em No Limit ($0.50/$1.00 USD) - 2025/01/16 20:34:32 WET [2025/01/16 15:34:32 ET]
Table 'Memnon IV' 6-max Seat #1 is the button
Seat 1: z00mba ($100 in chips) 
Seat 2: Y_19 ($100.50 in chips) 
Seat 3: peak joker33 ($111.70 in chips) 
Seat 4: sirgrindalot58 ($22.57 in chips) 
Seat 5: GuigaMan ($111.25 in chips) 
Seat 6: michasia ($116.11 in chips) 
Y_19: posts small blind $0.50
peak joker33: posts big blind $1
*** HOLE CARDS ***
sirgrindalot58: folds 
GuigaMan: raises $1.10 to $2.10
michasia: folds 
z00mba: folds 
Y_19: folds 
peak joker33: raises $7.90 to $10
GuigaMan: folds 
Uncalled bet ($7.90) returned to peak joker33
peak joker33 collected $4.70 from pot
peak joker33: doesn't show hand 
*** SUMMARY ***
Total pot $4.70 | Rake $0 
Seat 1: z00mba (button) folded before Flop (didn't bet)
Seat 2: Y_19 (small blind) folded before Flop
Seat 3: peak joker33 (big blind) collected ($4.70)
Seat 4: sirgrindalot58 folded before Flop (didn't bet)
Seat 5: GuigaMan folded before Flop
Seat 6: michasia folded before Flop (didn't bet)



PokerStars Hand #254403856296:  Hold'em No Limit ($0.50/$1.00 USD) - 2025/01/16 20:34:59 WET [2025/01/16 15:34:59 ET]
Table 'Memnon IV' 6-max Seat #2 is the button
Seat 1: z00mba ($100 in chips) 
Seat 2: Y_19 ($100 in chips) 
Seat 3: peak joker33 ($114.30 in chips) 
Seat 4: sirgrindalot58 ($22.57 in chips) 
Seat 5: GuigaMan ($109.15 in chips) 
Seat 6: michasia ($116.11 in chips) 
peak joker33: posts small blind $0.50
sirgrindalot58: posts big blind $1
*** HOLE CARDS ***
GuigaMan: folds 
michasia: raises $1.60 to $2.60
z00mba: folds 
Y_19: folds 
peak joker33: folds 
sirgrindalot58: calls $1.60
*** FLOP *** [Jd 4s Ks]
sirgrindalot58: checks 
michasia: bets $3.61
sirgrindalot58: calls $3.61
*** TURN *** [Jd 4s Ks] [Ah]
sirgrindalot58: checks 
michasia: bets $8.18
sirgrindalot58: folds 
Uncalled bet ($8.18) returned to michasia
michasia collected $12.27 from pot
michasia: doesn't show hand 
*** SUMMARY ***
Total pot $12.92 | Rake $0.65 
Board [Jd 4s Ks Ah]
Seat 1: z00mba folded before Flop (didn't bet)
Seat 2: Y_19 (button) folded before Flop (didn't bet)
Seat 3: peak joker33 (small blind) folded before Flop
Seat 4: sirgrindalot58 (big blind) folded on the Turn
Seat 5: GuigaMan folded before Flop (didn't bet)
Seat 6: michasia collected ($12.27)



PokerStars Hand #254403872496:  Hold'em No Limit ($0.50/$1.00 USD) - 2025/01/16 20:35:52 WET [2025/01/16 15:35:52 ET]
Table 'Memnon IV' 6-max Seat #3 is the button
Seat 1: z00mba ($100 in chips) 
Seat 2: Y_19 ($100 in chips) 
Seat 3: peak joker33 ($113.80 in chips) 
Seat 4: sirgrindalot58 ($16.36 in chips) 
Seat 5: GuigaMan ($109.15 in chips) 
Seat 6: michasia ($122.17 in chips) 
sirgrindalot58: posts small blind $0.50
GuigaMan: posts big blind $1
*** HOLE CARDS ***
michasia: folds 
z00mba: raises $1.50 to $2.50
Y_19: folds 
peak joker33: raises $5 to $7.50
sirgrindalot58: calls $7
GuigaMan: folds 
z00mba: folds 
*** FLOP *** [Tc Kd 3h]
sirgrindalot58: bets $8.86 and is all-in
peak joker33: calls $8.86
*** TURN *** [Tc Kd 3h] [2s]
*** RIVER *** [Tc Kd 3h 2s] [Js]
*** SHOW DOWN ***
sirgrindalot58: shows [Ad Ah] (a pair of Aces)
peak joker33: shows [Ac Jc] (a pair of Jacks)
sirgrindalot58 collected $34.41 from pot
*** SUMMARY ***
Total pot $36.22 | Rake $1.81 
Board [Tc Kd 3h 2s Js]
Seat 1: z00mba folded before Flop
Seat 2: Y_19 folded before Flop (didn't bet)
Seat 3: peak joker33 (button) showed [Ac Jc] and lost with a pair of Jacks
Seat 4: sirgrindalot58 (small blind) showed [Ad Ah] and won ($34.41) with a pair of Aces
Seat 5: GuigaMan (big blind) folded before Flop
Seat 6: michasia folded before Flop (didn't bet)



PokerStars Hand #254403890985:  Hold'em No Limit ($0.50/$1.00 USD) - 2025/01/16 20:36:53 WET [2025/01/16 15:36:53 ET]
Table 'Memnon IV' 6-max Seat #4 is the button
Seat 1: z00mba ($100 in chips) 
Seat 2: Y_19 ($100 in chips) 
Seat 3: peak joker33 ($100 in chips) 
Seat 4: sirgrindalot58 ($34.41 in chips) 
Seat 5: GuigaMan ($108.15 in chips) 
Seat 6: michasia ($122.17 in chips) 
GuigaMan: posts small blind $0.50
michasia: posts big blind $1
*** HOLE CARDS ***
z00mba: folds 
Y_19: raises $1.23 to $2.23
peak joker33: folds 
sirgrindalot58: folds 
GuigaMan: folds 
michasia: folds 
Uncalled bet ($1.23) returned to Y_19
Y_19 collected $2.50 from pot
Y_19: doesn't show hand 
*** SUMMARY ***
Total pot $2.50 | Rake $0 
Seat 1: z00mba folded before Flop (didn't bet)
Seat 2: Y_19 collected ($2.50)
Seat 3: peak joker33 folded before Flop (didn't bet)
Seat 4: sirgrindalot58 (button) folded before Flop (didn't bet)
Seat 5: GuigaMan (small blind) folded before Flop
Seat 6: michasia (big blind) folded before Flop



PokerStars Hand #254403899580:  Hold'em No Limit ($0.50/$1.00 USD) - 2025/01/16 20:37:22 WET [2025/01/16 15:37:22 ET]
Table 'Memnon IV' 6-max Seat #5 is the button
Seat 1: z00mba ($100 in chips) 
Seat 2: Y_19 ($101.50 in chips) 
Seat 3: peak joker33 ($100 in chips) 
Seat 4: sirgrindalot58 ($34.41 in chips) 
Seat 5: GuigaMan ($107.65 in chips) 
Seat 6: michasia ($121.17 in chips) 
michasia: posts small blind $0.50
z00mba: posts big blind $1
*** HOLE CARDS ***
Y_19: folds 
peak joker33: raises $1.50 to $2.50
sirgrindalot58: calls $2.50
GuigaMan: folds 
michasia: folds 
z00mba: calls $1.50
*** FLOP *** [Kc 8c 5d]
z00mba: checks 
peak joker33: bets $2.51
sirgrindalot58: folds 
z00mba: folds 
Uncalled bet ($2.51) returned to peak joker33
peak joker33 collected $7.60 from pot
peak joker33: doesn't show hand 
*** SUMMARY ***
Total pot $8 | Rake $0.40 
Board [Kc 8c 5d]
Seat 1: z00mba (big blind) folded on the Flop
Seat 2: Y_19 folded before Flop (didn't bet)
Seat 3: peak joker33 collected ($7.60)
Seat 4: sirgrindalot58 folded on the Flop
Seat 5: GuigaMan (button) folded before Flop (didn't bet)
Seat 6: michasia (small blind) folded before Flop



PokerStars Hand #254403910684:  Hold'em No Limit ($0.50/$1.00 USD) - 2025/01/16 20:37:58 WET [2025/01/16 15:37:58 ET]
Table 'Memnon IV' 6-max Seat #6 is the button
Seat 1: z00mba ($100 in chips) 
Seat 2: Y_19 ($101.50 in chips) 
Seat 3: peak joker33 ($105.10 in chips) 
Seat 4: sirgrindalot58 ($31.91 in chips) 
Seat 5: GuigaMan ($107.65 in chips) 
Seat 6: michasia ($120.67 in chips) 
z00mba: posts small blind $0.50
Y_19: posts big blind $1
*** HOLE CARDS ***
peak joker33: folds 
sirgrindalot58: raises $1 to $2
GuigaMan: folds 
michasia: folds 
z00mba: folds 
Y_19: calls $1
*** FLOP *** [8s Kc 8d]
Y_19: checks 
sirgrindalot58: bets $2.14
Y_19: calls $2.14
*** TURN *** [8s Kc 8d] [8h]
Y_19: checks 
sirgrindalot58: checks 
*** RIVER *** [8s Kc 8d 8h] [8c]
Y_19: bets $4.17
sirgrindalot58: raises $23.60 to $27.77 and is all-in
Y_19: folds 
Uncalled bet ($23.60) returned to sirgrindalot58
sirgrindalot58 collected $16.26 from pot
*** SUMMARY ***
Total pot $17.12 | Rake $0.86 
Board [8s Kc 8d 8h 8c]
Seat 1: z00mba (small blind) folded before Flop
Seat 2: Y_19 (big blind) folded on the River
Seat 3: peak joker33 folded before Flop (didn't bet)
Seat 4: sirgrindalot58 collected ($16.26)
Seat 5: GuigaMan folded before Flop (didn't bet)
Seat 6: michasia (button) folded before Flop (didn't bet)



PokerStars Hand #254403931016:  Hold'em No Limit ($0.50/$1.00 USD) - 2025/01/16 20:39:04 WET [2025/01/16 15:39:04 ET]
Table 'Memnon IV' 6-max Seat #1 is the button
Seat 1: z00mba ($100 in chips) 
Seat 2: Y_19 ($100 in chips) 
Seat 3: peak joker33 ($105.10 in chips) 
Seat 4: sirgrindalot58 ($39.86 in chips) 
Seat 5: GuigaMan ($107.65 in chips) 
Seat 6: michasia ($120.67 in chips) 
Y_19: posts small blind $0.50
peak joker33: posts big blind $1
*** HOLE CARDS ***
sirgrindalot58: folds 
GuigaMan: folds 
michasia: folds 
z00mba: folds 
Y_19: folds 
Uncalled bet ($0.50) returned to peak joker33
peak joker33 collected $1 from pot
peak joker33: doesn't show hand 
*** SUMMARY ***
Total pot $1 | Rake $0 
Seat 1: z00mba (button) folded before Flop (didn't bet)
Seat 2: Y_19 (small blind) folded before Flop
Seat 3: peak joker33 (big blind) collected ($1)
Seat 4: sirgrindalot58 folded before Flop (didn't bet)
Seat 5: GuigaMan folded before Flop (didn't bet)
Seat 6: michasia folded before Flop (didn't bet)



PokerStars Hand #254403936884:  Hold'em No Limit ($0.50/$1.00 USD) - 2025/01/16 20:39:23 WET [2025/01/16 15:39:23 ET]
Table 'Memnon IV' 6-max Seat #2 is the button
Seat 1: z00mba ($100 in chips) 
Seat 2: Y_19 ($100 in chips) 
Seat 3: peak joker33 ($105.60 in chips) 
Seat 4: sirgrindalot58 ($39.86 in chips) 
Seat 5: GuigaMan ($107.65 in chips) 
Seat 6: michasia ($120.67 in chips) 
peak joker33: posts small blind $0.50
sirgrindalot58: posts big blind $1
*** HOLE CARDS ***
GuigaMan: raises $1.10 to $2.10
michasia: folds 
z00mba: folds 
Y_19: folds 
peak joker33: folds 
sirgrindalot58: calls $1.10
*** FLOP *** [Td 3d 2h]
sirgrindalot58: checks 
GuigaMan: bets $3.35
sirgrindalot58: calls $3.35
*** TURN *** [Td 3d 2h] [3c]
sirgrindalot58: checks 
GuigaMan: bets $8.12
sirgrindalot58: calls $8.12
*** RIVER *** [Td 3d 2h 3c] [5d]
sirgrindalot58: bets $26.26
GuigaMan: folds 
Uncalled bet ($26.26) returned to sirgrindalot58
sirgrindalot58 collected $26.26 from pot
*** SUMMARY ***
Total pot $27.64 | Rake $1.38 
Board [Td 3d 2h 3c 5d]
Seat 1: z00mba folded before Flop (didn't bet)
Seat 2: Y_19 (button) folded before Flop (didn't bet)
Seat 3: peak joker33 (small blind) folded before Flop
Seat 4: sirgrindalot58 (big blind) collected ($26.26)
Seat 5: GuigaMan folded on the River
Seat 6: michasia folded before Flop (didn't bet)



PokerStars Hand #254403957979:  Hold'em No Limit ($0.50/$1.00 USD) - 2025/01/16 20:40:31 WET [2025/01/16 15:40:31 ET]
Table 'Memnon IV' 6-max Seat #3 is the button
Seat 5: GuigaMan ($100 in chips) is sitting out
Seat 1: z00mba ($100 in chips) 
Seat 2: Y_19 ($100 in chips) 
Seat 3: peak joker33 ($105.10 in chips) 
Seat 4: sirgrindalot58 ($52.55 in chips) 
Seat 6: michasia ($120.67 in chips) 
sirgrindalot58: posts small blind $0.50
GuigaMan: is sitting out 
michasia: posts big blind $1
*** HOLE CARDS ***
z00mba: folds 
Y_19: folds 
peak joker33: raises $1.50 to $2.50
sirgrindalot58: folds 
michasia: folds 
Uncalled bet ($1.50) returned to peak joker33
peak joker33 collected $2.50 from pot
peak joker33: doesn't show hand 
*** SUMMARY ***
Total pot $2.50 | Rake $0 
Seat 5: GuigaMan
Seat 1: z00mba folded before Flop (didn't bet)
Seat 2: Y_19 folded before Flop (didn't bet)
Seat 3: peak joker33 (button) collected ($2.50)
Seat 4: sirgrindalot58 (small blind) folded before Flop
Seat 6: michasia (big blind) folded before Flop



PokerStars Hand #254403964431:  Hold'em No Limit ($0.50/$1.00 USD) - 2025/01/16 20:40:52 WET [2025/01/16 15:40:52 ET]
Table 'Memnon IV' 6-max Seat #4 is the button
Seat 5: GuigaMan ($100 in chips) is sitting out
Seat 1: z00mba ($100 in chips) 
Seat 2: Y_19 ($100 in chips) 
Seat 3: peak joker33 ($106.60 in chips) 
Seat 4: sirgrindalot58 ($52.05 in chips) 
Seat 6: michasia ($119.67 in chips) 
michasia: posts small blind $0.50
z00mba: posts big blind $1
*** HOLE CARDS ***
Y_19: folds 
peak joker33: folds 
sirgrindalot58: raises $1 to $2
michasia: folds 
z00mba: calls $1
*** FLOP *** [Js Kc 7c]
z00mba: checks 
sirgrindalot58: bets $2.14
z00mba: calls $2.14
*** TURN *** [Js Kc 7c] [Ah]
z00mba: checks 
sirgrindalot58: checks 
*** RIVER *** [Js Kc 7c Ah] [4s]
z00mba: bets $6.09
sirgrindalot58: folds 
Uncalled bet ($6.09) returned to z00mba
z00mba collected $8.34 from pot
z00mba: doesn't show hand 
*** SUMMARY ***
Total pot $8.78 | Rake $0.44 
Board [Js Kc 7c Ah 4s]
Seat 5: GuigaMan
Seat 1: z00mba (big blind) collected ($8.34)
Seat 2: Y_19 folded before Flop (didn't bet)
Seat 3: peak joker33 folded before Flop (didn't bet)
Seat 4: sirgrindalot58 (button) folded on the River
Seat 6: michasia (small blind) folded before Flop



PokerStars Hand #254403976524:  Hold'em No Limit ($0.50/$1.00 USD) - 2025/01/16 20:41:31 WET [2025/01/16 15:41:31 ET]
Table 'Memnon IV' 6-max Seat #6 is the button
Seat 5: GuigaMan ($100 in chips) is sitting out
Seat 1: z00mba ($104.20 in chips) 
Seat 2: Y_19 ($100 in chips) 
Seat 3: peak joker33 ($106.60 in chips) 
Seat 4: sirgrindalot58 ($47.91 in chips) 
Seat 6: michasia ($119.17 in chips) 
z00mba: posts small blind $0.50
Y_19: posts big blind $1
*** HOLE CARDS ***
peak joker33: folds 
sirgrindalot58: folds 
michasia: folds 
z00mba: raises $2 to $3
Y_19: calls $2
*** FLOP *** [8d 5d 4d]
z00mba: checks 
Y_19: bets $1.88
z00mba: calls $1.88
*** TURN *** [8d 5d 4d] [3c]
z00mba: checks 
Y_19: bets $3.06
z00mba: folds 
Uncalled bet ($3.06) returned to Y_19
Y_19 collected $9.27 from pot
Y_19: doesn't show hand 
*** SUMMARY ***
Total pot $9.76 | Rake $0.49 
Board [8d 5d 4d 3c]
Seat 5: GuigaMan
Seat 1: z00mba (small blind) folded on the Turn
Seat 2: Y_19 (big blind) collected ($9.27)
Seat 3: peak joker33 folded before Flop (didn't bet)
Seat 4: sirgrindalot58 folded before Flop (didn't bet)
Seat 6: michasia (button) folded before Flop (didn't bet)



PokerStars Hand #254404002499:  Hold'em No Limit ($0.50/$1.00 USD) - 2025/01/16 20:42:55 WET [2025/01/16 15:42:55 ET]
Table 'Memnon IV' 6-max Seat #1 is the button
Seat 3: peak joker33 ($106.60 in chips) is sitting out
Seat 5: GuigaMan ($100 in chips) is sitting out
Seat 1: z00mba ($100 in chips) 
Seat 2: Y_19 ($104.39 in chips) 
Seat 4: sirgrindalot58 ($47.91 in chips) 
Seat 6: michasia ($119.17 in chips) 
Y_19: posts small blind $0.50
peak joker33: is sitting out 
peak joker33 leaves the table
sirgrindalot58: posts big blind $1
*** HOLE CARDS ***
michasia: folds 
z00mba: folds 
Y_19: raises $2 to $3
sirgrindalot58: folds 
Uncalled bet ($2) returned to Y_19
Y_19 collected $2 from pot
Y_19: doesn't show hand 
*** SUMMARY ***
Total pot $2 | Rake $0 
Seat 3: peak joker33
Seat 5: GuigaMan
Seat 1: z00mba (button) folded before Flop (didn't bet)
Seat 2: Y_19 (small blind) collected ($2)
Seat 4: sirgrindalot58 (big blind) folded before Flop
Seat 6: michasia folded before Flop (didn't bet)



PokerStars Hand #254404009138:  Hold'em No Limit ($0.50/$1.00 USD) - 2025/01/16 20:43:16 WET [2025/01/16 15:43:16 ET]
Table 'Memnon IV' 6-max Seat #2 is the button
Seat 5: GuigaMan ($100 in chips) is sitting out
Seat 1: z00mba ($100 in chips) 
Seat 2: Y_19 ($105.39 in chips) 
Seat 4: sirgrindalot58 ($46.91 in chips) 
Seat 6: michasia ($119.17 in chips) 
sirgrindalot58: posts small blind $0.50
michasia: posts big blind $1
*** HOLE CARDS ***
z00mba: folds 
Y_19: raises $1.23 to $2.23
sirgrindalot58: calls $1.73
michasia: folds 
*** FLOP *** [6c 9s 7h]
sirgrindalot58: checks 
Y_19: checks 
*** TURN *** [6c 9s 7h] [2s]
sirgrindalot58: checks 
Y_19: checks 
*** RIVER *** [6c 9s 7h 2s] [Kd]
sirgrindalot58: checks 
Y_19: checks 
*** SHOW DOWN ***
sirgrindalot58: shows [5c 3c] (high card King)
Y_19: shows [4d Ah] (high card Ace)
Y_19 collected $5.19 from pot
*** SUMMARY ***
Total pot $5.46 | Rake $0.27 
Board [6c 9s 7h 2s Kd]
Seat 5: GuigaMan
Seat 1: z00mba folded before Flop (didn't bet)
Seat 2: Y_19 (button) showed [4d Ah] and won ($5.19) with high card Ace
Seat 4: sirgrindalot58 (small blind) showed [5c 3c] and lost with high card King
Seat 6: michasia (big blind) folded before Flop



PokerStars Hand #254404022367:  Hold'em No Limit ($0.50/$1.00 USD) - 2025/01/16 20:43:59 WET [2025/01/16 15:43:59 ET]
Table 'Memnon IV' 6-max Seat #4 is the button
Seat 5: GuigaMan ($100 in chips) is sitting out
Seat 1: z00mba ($100 in chips) 
Seat 2: Y_19 ($108.35 in chips) 
Seat 4: sirgrindalot58 ($44.68 in chips) 
Seat 6: michasia ($118.17 in chips) 
michasia: posts small blind $0.50
z00mba: posts big blind $1
*** HOLE CARDS ***
coeeeelho joins the table at seat #3 
Y_19: folds 
sirgrindalot58: folds 
michasia: raises $2 to $3
z00mba: calls $2
*** FLOP *** [6s Jd 4h]
michasia: bets $3.80
z00mba: folds 
Uncalled bet ($3.80) returned to michasia
michasia collected $5.70 from pot
michasia: doesn't show hand 
*** SUMMARY ***
Total pot $6 | Rake $0.30 
Board [6s Jd 4h]
Seat 5: GuigaMan
Seat 1: z00mba (big blind) folded on the Flop
Seat 2: Y_19 folded before Flop (didn't bet)
Seat 4: sirgrindalot58 (button) folded before Flop (didn't bet)
Seat 6: michasia (small blind) collected ($5.70)



PokerStars Hand #254404032435:  Hold'em No Limit ($0.50/$1.00 USD) - 2025/01/16 20:44:31 WET [2025/01/16 15:44:31 ET]
Table 'Memnon IV' 6-max Seat #6 is the button
Seat 2: Y_19 ($108.35 in chips) is sitting out
Seat 5: GuigaMan ($100 in chips) is sitting out
Seat 1: z00mba ($100 in chips) 
Seat 3: coeeeelho ($100 in chips) 
Seat 4: sirgrindalot58 ($44.68 in chips) 
Seat 6: michasia ($120.87 in chips) 
z00mba: posts small blind $0.50
Y_19: is sitting out 
coeeeelho: posts big blind $1
*** HOLE CARDS ***
sirgrindalot58: folds 
michasia: folds 
Y_19 leaves the table
z00mba: folds 
Uncalled bet ($0.50) returned to coeeeelho
coeeeelho collected $1 from pot
*** SUMMARY ***
Total pot $1 | Rake $0 
Seat 2: Y_19
Seat 5: GuigaMan
Seat 1: z00mba (small blind) folded before Flop
Seat 3: coeeeelho (big blind) collected ($1)
Seat 4: sirgrindalot58 folded before Flop (didn't bet)
Seat 6: michasia (button) folded before Flop (didn't bet)



PokerStars Hand #254404035224:  Hold'em No Limit ($0.50/$1.00 USD) - 2025/01/16 20:44:40 WET [2025/01/16 15:44:40 ET]
Table 'Memnon IV' 6-max Seat #1 is the button
Seat 5: GuigaMan ($100 in chips) is sitting out
Seat 1: z00mba ($100 in chips) 
Seat 3: coeeeelho ($100.50 in chips) 
Seat 4: sirgrindalot58 ($44.68 in chips) 
Seat 6: michasia ($120.87 in chips) 
coeeeelho: posts small blind $0.50
sirgrindalot58: posts big blind $1
*** HOLE CARDS ***
michasia: folds 
z00mba: raises $1.50 to $2.50
coeeeelho: folds 
mariofcd joins the table at seat #2 
sirgrindalot58: calls $1.50
*** FLOP *** [Kh 2s 7h]
sirgrindalot58: checks 
z00mba: bets $3
sirgrindalot58: folds 
Uncalled bet ($3) returned to z00mba
z00mba collected $5.22 from pot
z00mba: doesn't show hand 
*** SUMMARY ***
Total pot $5.50 | Rake $0.28 
Board [Kh 2s 7h]
Seat 5: GuigaMan
Seat 1: z00mba (button) collected ($5.22)
Seat 3: coeeeelho (small blind) folded before Flop
Seat 4: sirgrindalot58 (big blind) folded on the Flop
Seat 6: michasia folded before Flop (didn't bet)



PokerStars Hand #254404044570:  Hold'em No Limit ($0.50/$1.00 USD) - 2025/01/16 20:45:10 WET [2025/01/16 15:45:10 ET]
Table 'Memnon IV' 6-max Seat #3 is the button
Seat 2: mariofcd ($100 in chips) is sitting out
Seat 5: GuigaMan ($100 in chips) is sitting out
Seat 6: michasia ($120.87 in chips) is sitting out
Seat 1: z00mba ($102.72 in chips) 
Seat 3: coeeeelho ($100 in chips) 
Seat 4: sirgrindalot58 ($42.18 in chips) 
sirgrindalot58: posts small blind $0.50
z00mba: posts big blind $1
mariofcd: sits out 
*** HOLE CARDS ***
coeeeelho: folds 
sirgrindalot58: calls $0.50
z00mba: raises $3 to $4
sirgrindalot58: calls $3
*** FLOP *** [8d Ac Kh]
sirgrindalot58: checks 
z00mba: bets $3.88
sirgrindalot58: folds 
Uncalled bet ($3.88) returned to z00mba
z00mba collected $7.60 from pot
z00mba: doesn't show hand 
*** SUMMARY ***
Total pot $8 | Rake $0.40 
Board [8d Ac Kh]
Seat 2: mariofcd
Seat 5: GuigaMan
Seat 6: michasia
Seat 1: z00mba (big blind) collected ($7.60)
Seat 3: coeeeelho (button) folded before Flop (didn't bet)
Seat 4: sirgrindalot58 (small blind) folded on the Flop



PokerStars Hand #254404054542:  Hold'em No Limit ($0.50/$1.00 USD) - 2025/01/16 20:45:42 WET [2025/01/16 15:45:42 ET]
Table 'Memnon IV' 6-max Seat #4 is the button
Seat 5: GuigaMan ($100 in chips) is sitting out
Seat 6: michasia ($120.87 in chips) is sitting out
Seat 1: z00mba ($106.32 in chips) 
Seat 2: mariofcd ($100 in chips) 
Seat 3: coeeeelho ($100 in chips) 
Seat 4: sirgrindalot58 ($38.18 in chips) 
z00mba: posts small blind $0.50
mariofcd: posts big blind $1
*** HOLE CARDS ***
coeeeelho: folds 
sirgrindalot58: raises $1 to $2
z00mba: folds 
mariofcd: folds 
Uncalled bet ($1) returned to sirgrindalot58
sirgrindalot58 collected $2.50 from pot
*** SUMMARY ***
Total pot $2.50 | Rake $0 
Seat 5: GuigaMan
Seat 6: michasia
Seat 1: z00mba (small blind) folded before Flop
Seat 2: mariofcd (big blind) folded before Flop
Seat 3: coeeeelho folded before Flop (didn't bet)
Seat 4: sirgrindalot58 (button) collected ($2.50)



PokerStars Hand #254404059492:  Hold'em No Limit ($0.50/$1.00 USD) - 2025/01/16 20:45:58 WET [2025/01/16 15:45:58 ET]
Table 'Memnon IV' 6-max Seat #1 is the button
Seat 5: GuigaMan ($100 in chips) is sitting out
Seat 6: michasia ($120.87 in chips) is sitting out
Seat 1: z00mba ($105.82 in chips) 
Seat 2: mariofcd ($100 in chips) 
Seat 3: coeeeelho ($100 in chips) 
Seat 4: sirgrindalot58 ($39.68 in chips) 
mariofcd: posts small blind $0.50
coeeeelho: posts big blind $1
*** HOLE CARDS ***
sirgrindalot58: raises $1 to $2
z00mba: folds 
mariofcd: raises $8 to $10
coeeeelho: folds 
sirgrindalot58: calls $8
*** FLOP *** [5c 7d 2c]
mariofcd: bets $6
sirgrindalot58: folds 
Uncalled bet ($6) returned to mariofcd
mariofcd collected $20 from pot
mariofcd: doesn't show hand 
*** SUMMARY ***
Total pot $21 | Rake $1 
Board [5c 7d 2c]
Seat 5: GuigaMan
Seat 6: michasia
Seat 1: z00mba (button) folded before Flop (didn't bet)
Seat 2: mariofcd (small blind) collected ($20)
Seat 3: coeeeelho (big blind) folded before Flop
Seat 4: sirgrindalot58 folded on the Flop



PokerStars Hand #254404070633:  Hold'em No Limit ($0.50/$1.00 USD) - 2025/01/16 20:46:34 WET [2025/01/16 15:46:34 ET]
Table 'Memnon IV' 6-max Seat #2 is the button
Seat 5: GuigaMan ($100 in chips) is sitting out
Seat 6: michasia ($120.87 in chips) is sitting out
Seat 1: z00mba ($105.82 in chips) 
Seat 2: mariofcd ($110 in chips) 
Seat 3: coeeeelho ($100 in chips) 
Seat 4: sirgrindalot58 ($29.68 in chips) 
coeeeelho: posts small blind $0.50
sirgrindalot58: posts big blind $1
*** HOLE CARDS ***
z00mba: folds 
mariofcd: folds 
coeeeelho: folds 
Uncalled bet ($0.50) returned to sirgrindalot58
sirgrindalot58 collected $1 from pot
*** SUMMARY ***
Total pot $1 | Rake $0 
Seat 5: GuigaMan
Seat 6: michasia
Seat 1: z00mba folded before Flop (didn't bet)
Seat 2: mariofcd (button) folded before Flop (didn't bet)
Seat 3: coeeeelho (small blind) folded before Flop
Seat 4: sirgrindalot58 (big blind) collected ($1)



PokerStars Hand #254404075212:  Hold'em No Limit ($0.50/$1.00 USD) - 2025/01/16 20:46:49 WET [2025/01/16 15:46:49 ET]
Table 'Memnon IV' 6-max Seat #3 is the button
Seat 5: GuigaMan ($100 in chips) is sitting out
Seat 6: michasia ($120.87 in chips) is sitting out
Seat 1: z00mba ($105.82 in chips) 
Seat 2: mariofcd ($110 in chips) 
Seat 3: coeeeelho ($100 in chips) 
Seat 4: sirgrindalot58 ($30.18 in chips) 
sirgrindalot58: posts small blind $0.50
z00mba: posts big blind $1
*** HOLE CARDS ***
mariofcd: folds 
coeeeelho: folds 
sirgrindalot58: calls $0.50
z00mba: checks 
*** FLOP *** [8d Qd 7h]
sirgrindalot58: checks 
z00mba: checks 
*** TURN *** [8d Qd 7h] [Ks]
sirgrindalot58: checks 
z00mba: checks 
*** RIVER *** [8d Qd 7h Ks] [5s]
sirgrindalot58: bets $1.90
z00mba: folds 
Uncalled bet ($1.90) returned to sirgrindalot58
sirgrindalot58 collected $1.90 from pot
*** SUMMARY ***
Total pot $2 | Rake $0.10 
Board [8d Qd 7h Ks 5s]
Seat 5: GuigaMan
Seat 6: michasia
Seat 1: z00mba (big blind) folded on the River
Seat 2: mariofcd folded before Flop (didn't bet)
Seat 3: coeeeelho (button) folded before Flop (didn't bet)
Seat 4: sirgrindalot58 (small blind) collected ($1.90)



PokerStars Hand #254404091545:  Hold'em No Limit ($0.50/$1.00 USD) - 2025/01/16 20:47:42 WET [2025/01/16 15:47:42 ET]
Table 'Memnon IV' 6-max Seat #4 is the button
Seat 5: GuigaMan ($100 in chips) is sitting out
Seat 6: michasia ($120.87 in chips) is sitting out
Seat 1: z00mba ($104.82 in chips) 
Seat 2: mariofcd ($110 in chips) 
Seat 3: coeeeelho ($100 in chips) 
Seat 4: sirgrindalot58 ($31.08 in chips) 
z00mba: posts small blind $0.50
mariofcd: posts big blind $1
*** HOLE CARDS ***
coeeeelho: raises $1.30 to $2.30
sirgrindalot58: folds 
z00mba: folds 
mariofcd: folds 
Uncalled bet ($1.30) returned to coeeeelho
coeeeelho collected $2.50 from pot
*** SUMMARY ***
Total pot $2.50 | Rake $0 
Seat 5: GuigaMan
Seat 6: michasia
Seat 1: z00mba (small blind) folded before Flop
Seat 2: mariofcd (big blind) folded before Flop
Seat 3: coeeeelho collected ($2.50)
Seat 4: sirgrindalot58 (button) folded before Flop (didn't bet)



PokerStars Hand #254404094864:  Hold'em No Limit ($0.50/$1.00 USD) - 2025/01/16 20:47:53 WET [2025/01/16 15:47:53 ET]
Table 'Memnon IV' 6-max Seat #1 is the button
Seat 5: GuigaMan ($100 in chips) is sitting out
Seat 6: michasia ($120.87 in chips) is sitting out
Seat 1: z00mba ($104.32 in chips) 
Seat 2: mariofcd ($109 in chips) 
Seat 3: coeeeelho ($101.50 in chips) 
Seat 4: sirgrindalot58 ($31.08 in chips) 
mariofcd: posts small blind $0.50
coeeeelho: posts big blind $1
GuigaMan: sits out 
*** HOLE CARDS ***
sirgrindalot58: calls $1
z00mba: raises $3 to $4
mariofcd: folds 
coeeeelho: folds 
sirgrindalot58: calls $3
*** FLOP *** [Ts Tc Td]
sirgrindalot58: bets $27.08 and is all-in
z00mba: calls $27.08
*** TURN *** [Ts Tc Td] [2d]
*** RIVER *** [Ts Tc Td 2d] [6c]
*** SHOW DOWN ***
sirgrindalot58: shows [7s 7h] (a full house, Tens full of Sevens)
z00mba: shows [Qc Ah] (three of a kind, Tens)
sirgrindalot58 collected $62.66 from pot
*** SUMMARY ***
Total pot $63.66 | Rake $1 
Board [Ts Tc Td 2d 6c]
Seat 5: GuigaMan
Seat 6: michasia
Seat 1: z00mba (button) showed [Qc Ah] and lost with three of a kind, Tens
Seat 2: mariofcd (small blind) folded before Flop
Seat 3: coeeeelho (big blind) folded before Flop
Seat 4: sirgrindalot58 showed [7s 7h] and won ($62.66) with a full house, Tens full of Sevens



PokerStars Hand #254404103730:  Hold'em No Limit ($0.50/$1.00 USD) - 2025/01/16 20:48:21 WET [2025/01/16 15:48:21 ET]
Table 'Memnon IV' 6-max Seat #2 is the button
Seat 5: GuigaMan ($100 in chips) is sitting out
Seat 6: michasia ($120.87 in chips) is sitting out
Seat 1: z00mba ($100 in chips) 
Seat 2: mariofcd ($108.50 in chips) 
Seat 3: coeeeelho ($100.50 in chips) 
Seat 4: sirgrindalot58 ($62.66 in chips) 
coeeeelho: posts small blind $0.50
sirgrindalot58: posts big blind $1
GuigaMan: sits out 
*** HOLE CARDS ***
z00mba: folds 
mariofcd: folds 
coeeeelho: raises $2 to $3
sirgrindalot58: calls $2
*** FLOP *** [7h 7d 9h]
coeeeelho: bets $1.43
sirgrindalot58: folds 
Uncalled bet ($1.43) returned to coeeeelho
coeeeelho collected $5.70 from pot
*** SUMMARY ***
Total pot $6 | Rake $0.30 
Board [7h 7d 9h]
Seat 5: GuigaMan
Seat 6: michasia
Seat 1: z00mba folded before Flop (didn't bet)
Seat 2: mariofcd (button) folded before Flop (didn't bet)
Seat 3: coeeeelho (small blind) collected ($5.70)
Seat 4: sirgrindalot58 (big blind) folded on the Flop



PokerStars Hand #254404114661:  Hold'em No Limit ($0.50/$1.00 USD) - 2025/01/16 20:48:56 WET [2025/01/16 15:48:56 ET]
Table 'Memnon IV' 6-max Seat #3 is the button
Seat 6: michasia ($120.87 in chips) is sitting out
Seat 1: z00mba ($100 in chips) 
Seat 2: mariofcd ($108.50 in chips) 
Seat 3: coeeeelho ($103.20 in chips) 
Seat 4: sirgrindalot58 ($59.66 in chips) 
Seat 5: GuigaMan ($100 in chips) 
sirgrindalot58: posts small blind $0.50
GuigaMan: posts big blind $1
*** HOLE CARDS ***
z00mba: folds 
mariofcd: raises $1.25 to $2.25
coeeeelho: folds 
sirgrindalot58: folds 
GuigaMan: folds 
Uncalled bet ($1.25) returned to mariofcd
mariofcd collected $2.50 from pot
mariofcd: doesn't show hand 
*** SUMMARY ***
Total pot $2.50 | Rake $0 
Seat 6: michasia
Seat 1: z00mba folded before Flop (didn't bet)
Seat 2: mariofcd collected ($2.50)
Seat 3: coeeeelho (button) folded before Flop (didn't bet)
Seat 4: sirgrindalot58 (small blind) folded before Flop
Seat 5: GuigaMan (big blind) folded before Flop



PokerStars Hand #254404123895:  Hold'em No Limit ($0.50/$1.00 USD) - 2025/01/16 20:49:25 WET [2025/01/16 15:49:25 ET]
Table 'Memnon IV' 6-max Seat #4 is the button
Seat 6: michasia ($120.87 in chips) is sitting out
Seat 1: z00mba ($100 in chips) 
Seat 2: mariofcd ($110 in chips) 
Seat 3: coeeeelho ($103.20 in chips) 
Seat 4: sirgrindalot58 ($59.16 in chips) 
Seat 5: GuigaMan ($100 in chips) 
GuigaMan: posts small blind $0.50
z00mba: posts big blind $1
*** HOLE CARDS ***
mariofcd: folds 
coeeeelho: folds 
sirgrindalot58: folds 
GuigaMan: raises $2 to $3
z00mba: folds 
Uncalled bet ($2) returned to GuigaMan
GuigaMan collected $2 from pot
*** SUMMARY ***
Total pot $2 | Rake $0 
Seat 6: michasia
Seat 1: z00mba (big blind) folded before Flop
Seat 2: mariofcd folded before Flop (didn't bet)
Seat 3: coeeeelho folded before Flop (didn't bet)
Seat 4: sirgrindalot58 (button) folded before Flop (didn't bet)
Seat 5: GuigaMan (small blind) collected ($2)



PokerStars Hand #254404131997:  Hold'em No Limit ($0.50/$1.00 USD) - 2025/01/16 20:49:51 WET [2025/01/16 15:49:51 ET]
Table 'Memnon IV' 6-max Seat #5 is the button
Seat 6: michasia ($120.87 in chips) is sitting out
Seat 1: z00mba ($100 in chips) 
Seat 2: mariofcd ($110 in chips) 
Seat 3: coeeeelho ($103.20 in chips) 
Seat 4: sirgrindalot58 ($59.16 in chips) 
Seat 5: GuigaMan ($101 in chips) 
z00mba: posts small blind $0.50
mariofcd: posts big blind $1
*** HOLE CARDS ***
coeeeelho: folds 
sirgrindalot58: folds 
GuigaMan: folds 
z00mba: raises $2 to $3
mariofcd: folds 
Uncalled bet ($2) returned to z00mba
z00mba collected $2 from pot
z00mba: doesn't show hand 
*** SUMMARY ***
Total pot $2 | Rake $0 
Seat 6: michasia
Seat 1: z00mba (small blind) collected ($2)
Seat 2: mariofcd (big blind) folded before Flop
Seat 3: coeeeelho folded before Flop (didn't bet)
Seat 4: sirgrindalot58 folded before Flop (didn't bet)
Seat 5: GuigaMan (button) folded before Flop (didn't bet)



PokerStars Hand #254404139956:  Hold'em No Limit ($0.50/$1.00 USD) - 2025/01/16 20:50:17 WET [2025/01/16 15:50:17 ET]
Table 'Memnon IV' 6-max Seat #1 is the button
Seat 6: michasia ($120.87 in chips) is sitting out
Seat 1: z00mba ($101 in chips) 
Seat 2: mariofcd ($109 in chips) 
Seat 3: coeeeelho ($103.20 in chips) 
Seat 4: sirgrindalot58 ($59.16 in chips) 
Seat 5: GuigaMan ($101 in chips) 
mariofcd: posts small blind $0.50
coeeeelho: posts big blind $1
*** HOLE CARDS ***
sirgrindalot58: folds 
GuigaMan: folds 
z00mba: raises $1.50 to $2.50
mariofcd: folds 
coeeeelho: calls $1.50
*** FLOP *** [9h 8d 3c]
coeeeelho: checks 
z00mba: bets $3
coeeeelho: folds 
Uncalled bet ($3) returned to z00mba
z00mba collected $5.22 from pot
z00mba: doesn't show hand 
*** SUMMARY ***
Total pot $5.50 | Rake $0.28 
Board [9h 8d 3c]
Seat 6: michasia
Seat 1: z00mba (button) collected ($5.22)
Seat 2: mariofcd (small blind) folded before Flop
Seat 3: coeeeelho (big blind) folded on the Flop
Seat 4: sirgrindalot58 folded before Flop (didn't bet)
Seat 5: GuigaMan folded before Flop (didn't bet)



PokerStars Hand #254404154820:  Hold'em No Limit ($0.50/$1.00 USD) - 2025/01/16 20:51:05 WET [2025/01/16 15:51:05 ET]
Table 'Memnon IV' 6-max Seat #2 is the button
Seat 6: michasia ($120.87 in chips) is sitting out
Seat 1: z00mba ($103.72 in chips) 
Seat 2: mariofcd ($108.50 in chips) 
Seat 3: coeeeelho ($100.70 in chips) 
Seat 4: sirgrindalot58 ($59.16 in chips) 
Seat 5: GuigaMan ($101 in chips) 
coeeeelho: posts small blind $0.50
sirgrindalot58: posts big blind $1
*** HOLE CARDS ***
GuigaMan: folds 
z00mba: folds 
mariofcd: folds 
coeeeelho: raises $2 to $3
sirgrindalot58: folds 
Uncalled bet ($2) returned to coeeeelho
coeeeelho collected $2 from pot
*** SUMMARY ***
Total pot $2 | Rake $0 
Seat 6: michasia
Seat 1: z00mba folded before Flop (didn't bet)
Seat 2: mariofcd (button) folded before Flop (didn't bet)
Seat 3: coeeeelho (small blind) collected ($2)
Seat 4: sirgrindalot58 (big blind) folded before Flop
Seat 5: GuigaMan folded before Flop (didn't bet)



PokerStars Hand #254404160730:  Hold'em No Limit ($0.50/$1.00 USD) - 2025/01/16 20:51:24 WET [2025/01/16 15:51:24 ET]
Table 'Memnon IV' 6-max Seat #3 is the button
Seat 6: michasia ($120.87 in chips) is sitting out
Seat 1: z00mba ($103.72 in chips) 
Seat 2: mariofcd ($108.50 in chips) 
Seat 3: coeeeelho ($101.70 in chips) 
Seat 4: sirgrindalot58 ($58.16 in chips) 
Seat 5: GuigaMan ($101 in chips) 
sirgrindalot58: posts small blind $0.50
GuigaMan: posts big blind $1
*** HOLE CARDS ***
z00mba: folds 
mariofcd: folds 
coeeeelho: folds 
sirgrindalot58: raises $1 to $2
GuigaMan: folds 
Uncalled bet ($1) returned to sirgrindalot58
sirgrindalot58 collected $2 from pot
*** SUMMARY ***
Total pot $2 | Rake $0 
Seat 6: michasia
Seat 1: z00mba folded before Flop (didn't bet)
Seat 2: mariofcd folded before Flop (didn't bet)
Seat 3: coeeeelho (button) folded before Flop (didn't bet)
Seat 4: sirgrindalot58 (small blind) collected ($2)
Seat 5: GuigaMan (big blind) folded before Flop



PokerStars Hand #254404168562:  Hold'em No Limit ($0.50/$1.00 USD) - 2025/01/16 20:51:49 WET [2025/01/16 15:51:49 ET]
Table 'Memnon IV' 6-max Seat #4 is the button
Seat 6: michasia ($120.87 in chips) is sitting out
Seat 1: z00mba ($103.72 in chips) 
Seat 2: mariofcd ($108.50 in chips) 
Seat 3: coeeeelho ($101.70 in chips) 
Seat 4: sirgrindalot58 ($59.16 in chips) 
Seat 5: GuigaMan ($100 in chips) 
GuigaMan: posts small blind $0.50
z00mba: posts big blind $1
*** HOLE CARDS ***
mariofcd: raises $1.20 to $2.20
coeeeelho: folds 
sirgrindalot58: calls $2.20
GuigaMan: folds 
z00mba: folds 
*** FLOP *** [Js Jh Kd]
mariofcd: checks 
sirgrindalot58: bets $2.80
mariofcd: folds 
Uncalled bet ($2.80) returned to sirgrindalot58
sirgrindalot58 collected $5.60 from pot
michasia leaves the table
*** SUMMARY ***
Total pot $5.90 | Rake $0.30 
Board [Js Jh Kd]
Seat 6: michasia
Seat 1: z00mba (big blind) folded before Flop
Seat 2: mariofcd folded on the Flop
Seat 3: coeeeelho folded before Flop (didn't bet)
Seat 4: sirgrindalot58 (button) collected ($5.60)
Seat 5: GuigaMan (small blind) folded before Flop



PokerStars Hand #254404177951:  Hold'em No Limit ($0.50/$1.00 USD) - 2025/01/16 20:52:19 WET [2025/01/16 15:52:19 ET]
Table 'Memnon IV' 6-max Seat #5 is the button
Seat 1: z00mba ($102.72 in chips) 
Seat 2: mariofcd ($106.30 in chips) 
Seat 3: coeeeelho ($101.70 in chips) 
Seat 4: sirgrindalot58 ($62.56 in chips) 
Seat 5: GuigaMan ($100 in chips) 
z00mba: posts small blind $0.50
mariofcd: posts big blind $1
*** HOLE CARDS ***
coeeeelho: folds 
sirgrindalot58: raises $1 to $2
GuigaMan: folds 
z00mba: folds 
mariofcd: folds 
Uncalled bet ($1) returned to sirgrindalot58
sirgrindalot58 collected $2.50 from pot
*** SUMMARY ***
Total pot $2.50 | Rake $0 
Seat 1: z00mba (small blind) folded before Flop
Seat 2: mariofcd (big blind) folded before Flop
Seat 3: coeeeelho folded before Flop (didn't bet)
Seat 4: sirgrindalot58 collected ($2.50)
Seat 5: GuigaMan (button) folded before Flop (didn't bet)



PokerStars Hand #254404182810:  Hold'em No Limit ($0.50/$1.00 USD) - 2025/01/16 20:52:34 WET [2025/01/16 15:52:34 ET]
Table 'Memnon IV' 6-max Seat #1 is the button
Seat 1: z00mba ($102.22 in chips) 
Seat 2: mariofcd ($105.30 in chips) 
Seat 3: coeeeelho ($101.70 in chips) 
Seat 4: sirgrindalot58 ($64.06 in chips) 
Seat 5: GuigaMan ($100 in chips) 
mariofcd: posts small blind $0.50
coeeeelho: posts big blind $1
*** HOLE CARDS ***
sirgrindalot58: folds 
GuigaMan: folds 
z00mba: raises $1.50 to $2.50
mariofcd: folds 
coeeeelho: folds 
Uncalled bet ($1.50) returned to z00mba
z00mba collected $2.50 from pot
z00mba: doesn't show hand 
henri789 joins the table at seat #6 
*** SUMMARY ***
Total pot $2.50 | Rake $0 
Seat 1: z00mba (button) collected ($2.50)
Seat 2: mariofcd (small blind) folded before Flop
Seat 3: coeeeelho (big blind) folded before Flop
Seat 4: sirgrindalot58 folded before Flop (didn't bet)
Seat 5: GuigaMan folded before Flop (didn't bet)



PokerStars Hand #254404187648:  Hold'em No Limit ($0.50/$1.00 USD) - 2025/01/16 20:52:50 WET [2025/01/16 15:52:50 ET]
Table 'Memnon IV' 6-max Seat #2 is the button
Seat 6: henri789 ($100 in chips) is sitting out
Seat 1: z00mba ($103.72 in chips) 
Seat 2: mariofcd ($104.80 in chips) 
Seat 3: coeeeelho ($100.70 in chips) 
Seat 4: sirgrindalot58 ($64.06 in chips) 
Seat 5: GuigaMan ($100 in chips) 
coeeeelho: posts small blind $0.50
sirgrindalot58: posts big blind $1
henri789: sits out 
*** HOLE CARDS ***
GuigaMan: folds 
z00mba: folds 
mariofcd: folds 
coeeeelho: folds 
Uncalled bet ($0.50) returned to sirgrindalot58
sirgrindalot58 collected $1 from pot
*** SUMMARY ***
Total pot $1 | Rake $0 
Seat 6: henri789
Seat 1: z00mba folded before Flop (didn't bet)
Seat 2: mariofcd (button) folded before Flop (didn't bet)
Seat 3: coeeeelho (small blind) folded before Flop
Seat 4: sirgrindalot58 (big blind) collected ($1)
Seat 5: GuigaMan folded before Flop (didn't bet)



PokerStars Hand #254404194621:  Hold'em No Limit ($0.50/$1.00 USD) - 2025/01/16 20:53:12 WET [2025/01/16 15:53:12 ET]
Table 'Memnon IV' 6-max Seat #3 is the button
Seat 6: henri789 ($100 in chips) is sitting out
Seat 1: z00mba ($103.72 in chips) 
Seat 2: mariofcd ($104.80 in chips) 
Seat 3: coeeeelho ($100.20 in chips) 
Seat 4: sirgrindalot58 ($64.56 in chips) 
Seat 5: GuigaMan ($100 in chips) 
sirgrindalot58: posts small blind $0.50
GuigaMan: posts big blind $1
henri789: sits out 
*** HOLE CARDS ***
z00mba: folds 
mariofcd: folds 
coeeeelho: raises $1.50 to $2.50
sirgrindalot58: folds 
GuigaMan: calls $1.50
*** FLOP *** [4c 4h 3c]
GuigaMan: checks 
coeeeelho: bets $2.61
GuigaMan: folds 
Uncalled bet ($2.61) returned to coeeeelho
coeeeelho collected $5.22 from pot
*** SUMMARY ***
Total pot $5.50 | Rake $0.28 
Board [4c 4h 3c]
Seat 6: henri789
Seat 1: z00mba folded before Flop (didn't bet)
Seat 2: mariofcd folded before Flop (didn't bet)
Seat 3: coeeeelho (button) collected ($5.22)
Seat 4: sirgrindalot58 (small blind) folded before Flop
Seat 5: GuigaMan (big blind) folded on the Flop



PokerStars Hand #254404203244:  Hold'em No Limit ($0.50/$1.00 USD) - 2025/01/16 20:53:40 WET [2025/01/16 15:53:40 ET]
Table 'Memnon IV' 6-max Seat #4 is the button
Seat 1: z00mba ($103.72 in chips) 
Seat 2: mariofcd ($104.80 in chips) 
Seat 3: coeeeelho ($102.92 in chips) 
Seat 4: sirgrindalot58 ($64.06 in chips) 
Seat 5: GuigaMan ($100 in chips) 
Seat 6: henri789 ($100 in chips) 
GuigaMan: posts small blind $0.50
henri789: posts big blind $1
*** HOLE CARDS ***
z00mba: folds 
mariofcd: folds 
coeeeelho: raises $1.20 to $2.20
sirgrindalot58: folds 
GuigaMan: raises $8.80 to $11
henri789: folds 
coeeeelho: calls $8.80
*** FLOP *** [2c 6d Kc]
GuigaMan: checks 
coeeeelho: bets $5.46
GuigaMan: calls $5.46
*** TURN *** [2c 6d Kc] [Ah]
GuigaMan: checks 
coeeeelho: checks 
*** RIVER *** [2c 6d Kc Ah] [Td]
GuigaMan: bets $24.17
coeeeelho: calls $24.17
*** SHOW DOWN ***
GuigaMan: shows [Ts Th] (three of a kind, Tens)
coeeeelho: mucks hand 
GuigaMan collected $79.76 from pot
*** SUMMARY ***
Total pot $82.26 | Rake $2.50 
Board [2c 6d Kc Ah Td]
Seat 1: z00mba folded before Flop (didn't bet)
Seat 2: mariofcd folded before Flop (didn't bet)
Seat 3: coeeeelho mucked
Seat 4: sirgrindalot58 (button) folded before Flop (didn't bet)
Seat 5: GuigaMan (small blind) showed [Ts Th] and won ($79.76) with three of a kind, Tens
Seat 6: henri789 (big blind) folded before Flop



PokerStars Hand #254404228247:  Hold'em No Limit ($0.50/$1.00 USD) - 2025/01/16 20:55:01 WET [2025/01/16 15:55:01 ET]
Table 'Memnon IV' 6-max Seat #5 is the button
Seat 1: z00mba ($103.72 in chips) 
Seat 2: mariofcd ($104.80 in chips) 
Seat 3: coeeeelho ($100 in chips) 
Seat 4: sirgrindalot58 ($64.06 in chips) 
Seat 5: GuigaMan ($139.13 in chips) 
Seat 6: henri789 ($100 in chips) 
henri789: posts small blind $0.50
z00mba: posts big blind $1
*** HOLE CARDS ***
mariofcd: folds 
coeeeelho: folds 
sirgrindalot58: folds 
GuigaMan: folds 
henri789: folds 
Uncalled bet ($0.50) returned to z00mba
z00mba collected $1 from pot
z00mba: doesn't show hand 
*** SUMMARY ***
Total pot $1 | Rake $0 
Seat 1: z00mba (big blind) collected ($1)
Seat 2: mariofcd folded before Flop (didn't bet)
Seat 3: coeeeelho folded before Flop (didn't bet)
Seat 4: sirgrindalot58 folded before Flop (didn't bet)
Seat 5: GuigaMan (button) folded before Flop (didn't bet)
Seat 6: henri789 (small blind) folded before Flop



PokerStars Hand #254404232740:  Hold'em No Limit ($0.50/$1.00 USD) - 2025/01/16 20:55:18 WET [2025/01/16 15:55:18 ET]
Table 'Memnon IV' 6-max Seat #6 is the button
Seat 1: z00mba ($104.22 in chips) 
Seat 2: mariofcd ($104.80 in chips) 
Seat 3: coeeeelho ($100 in chips) 
Seat 4: sirgrindalot58 ($64.06 in chips) 
Seat 5: GuigaMan ($139.13 in chips) 
Seat 6: henri789 ($100 in chips) 
z00mba: posts small blind $0.50
mariofcd: posts big blind $1
*** HOLE CARDS ***
coeeeelho: folds 
sirgrindalot58: folds 
GuigaMan: folds 
henri789: folds 
z00mba: raises $2 to $3
mariofcd: folds 
Uncalled bet ($2) returned to z00mba
z00mba collected $2 from pot
z00mba: doesn't show hand 
*** SUMMARY ***
Total pot $2 | Rake $0 
Seat 1: z00mba (small blind) collected ($2)
Seat 2: mariofcd (big blind) folded before Flop
Seat 3: coeeeelho folded before Flop (didn't bet)
Seat 4: sirgrindalot58 folded before Flop (didn't bet)
Seat 5: GuigaMan folded before Flop (didn't bet)
Seat 6: henri789 (button) folded before Flop (didn't bet)



PokerStars Hand #254404238952:  Hold'em No Limit ($0.50/$1.00 USD) - 2025/01/16 20:55:46 WET [2025/01/16 15:55:46 ET]
Table 'Memnon IV' 6-max Seat #1 is the button
Seat 1: z00mba ($105.22 in chips) 
Seat 2: mariofcd ($103.80 in chips) 
Seat 3: coeeeelho ($100 in chips) 
Seat 4: sirgrindalot58 ($64.06 in chips) 
Seat 5: GuigaMan ($139.13 in chips) 
Seat 6: henri789 ($100 in chips) 
mariofcd: posts small blind $0.50
coeeeelho: posts big blind $1
*** HOLE CARDS ***
sirgrindalot58: folds 
GuigaMan: folds 
henri789: raises $1 to $2
z00mba: folds 
mariofcd: raises $8 to $10
coeeeelho: folds 
henri789: folds 
Uncalled bet ($8) returned to mariofcd
mariofcd collected $5 from pot
mariofcd: doesn't show hand 
*** SUMMARY ***
Total pot $5 | Rake $0 
Seat 1: z00mba (button) folded before Flop (didn't bet)
Seat 2: mariofcd (small blind) collected ($5)
Seat 3: coeeeelho (big blind) folded before Flop
Seat 4: sirgrindalot58 folded before Flop (didn't bet)
Seat 5: GuigaMan folded before Flop (didn't bet)
Seat 6: henri789 folded before Flop



PokerStars Hand #254404248380:  Hold'em No Limit ($0.50/$1.00 USD) - 2025/01/16 20:56:28 WET [2025/01/16 15:56:28 ET]
Table 'Memnon IV' 6-max Seat #2 is the button
Seat 1: z00mba ($105.22 in chips) 
Seat 2: mariofcd ($106.80 in chips) 
Seat 3: coeeeelho ($100 in chips) 
Seat 4: sirgrindalot58 ($64.06 in chips) 
Seat 5: GuigaMan ($139.13 in chips) 
Seat 6: henri789 ($100 in chips) 
coeeeelho: posts small blind $0.50
sirgrindalot58: posts big blind $1
*** HOLE CARDS ***
GuigaMan: folds 
henri789: folds 
z00mba: folds 
mariofcd: folds 
coeeeelho: folds 
Uncalled bet ($0.50) returned to sirgrindalot58
sirgrindalot58 collected $1 from pot
*** SUMMARY ***
Total pot $1 | Rake $0 
Seat 1: z00mba folded before Flop (didn't bet)
Seat 2: mariofcd (button) folded before Flop (didn't bet)
Seat 3: coeeeelho (small blind) folded before Flop
Seat 4: sirgrindalot58 (big blind) collected ($1)
Seat 5: GuigaMan folded before Flop (didn't bet)
Seat 6: henri789 folded before Flop (didn't bet)



PokerStars Hand #254404252904:  Hold'em No Limit ($0.50/$1.00 USD) - 2025/01/16 20:56:48 WET [2025/01/16 15:56:48 ET]
Table 'Memnon IV' 6-max Seat #3 is the button
Seat 1: z00mba ($105.22 in chips) 
Seat 2: mariofcd ($106.80 in chips) 
Seat 3: coeeeelho ($100 in chips) 
Seat 4: sirgrindalot58 ($64.56 in chips) 
Seat 5: GuigaMan ($139.13 in chips) 
Seat 6: henri789 ($100 in chips) 
sirgrindalot58: posts small blind $0.50
GuigaMan: posts big blind $1
*** HOLE CARDS ***
henri789: raises $1 to $2
z00mba: folds 
mariofcd: folds 
coeeeelho: folds 
sirgrindalot58: folds 
GuigaMan: folds 
Uncalled bet ($1) returned to henri789
henri789 collected $2.50 from pot
henri789: doesn't show hand 
*** SUMMARY ***
Total pot $2.50 | Rake $0 
Seat 1: z00mba folded before Flop (didn't bet)
Seat 2: mariofcd folded before Flop (didn't bet)
Seat 3: coeeeelho (button) folded before Flop (didn't bet)
Seat 4: sirgrindalot58 (small blind) folded before Flop
Seat 5: GuigaMan (big blind) folded before Flop
Seat 6: henri789 collected ($2.50)



PokerStars Hand #254404257532:  Hold'em No Limit ($0.50/$1.00 USD) - 2025/01/16 20:57:09 WET [2025/01/16 15:57:09 ET]
Table 'Memnon IV' 6-max Seat #4 is the button
Seat 1: z00mba ($105.22 in chips) 
Seat 2: mariofcd ($106.80 in chips) 
Seat 3: coeeeelho ($100 in chips) 
Seat 4: sirgrindalot58 ($64.06 in chips) 
Seat 5: GuigaMan ($138.13 in chips) 
Seat 6: henri789 ($101.50 in chips) 
GuigaMan: posts small blind $0.50
henri789: posts big blind $1
*** HOLE CARDS ***
z00mba: folds 
mariofcd: folds 
coeeeelho: folds 
sirgrindalot58: calls $1
GuigaMan: folds 
henri789: checks 
*** FLOP *** [6d Qh 7c]
henri789: checks 
sirgrindalot58: bets $1
henri789: folds 
Uncalled bet ($1) returned to sirgrindalot58
sirgrindalot58 collected $2.38 from pot
*** SUMMARY ***
Total pot $2.50 | Rake $0.12 
Board [6d Qh 7c]
Seat 1: z00mba folded before Flop (didn't bet)
Seat 2: mariofcd folded before Flop (didn't bet)
Seat 3: coeeeelho folded before Flop (didn't bet)
Seat 4: sirgrindalot58 (button) collected ($2.38)
Seat 5: GuigaMan (small blind) folded before Flop
Seat 6: henri789 (big blind) folded on the Flop



PokerStars Hand #254404266951:  Hold'em No Limit ($0.50/$1.00 USD) - 2025/01/16 20:57:50 WET [2025/01/16 15:57:50 ET]
Table 'Memnon IV' 6-max Seat #5 is the button
Seat 1: z00mba ($105.22 in chips) 
Seat 2: mariofcd ($106.80 in chips) 
Seat 3: coeeeelho ($100 in chips) 
Seat 4: sirgrindalot58 ($65.44 in chips) 
Seat 5: GuigaMan ($137.63 in chips) 
Seat 6: henri789 ($100.50 in chips) 
henri789: posts small blind $0.50
z00mba: posts big blind $1
*** HOLE CARDS ***
mariofcd: raises $1.20 to $2.20
coeeeelho: folds 
sirgrindalot58: folds 
GuigaMan: folds 
henri789: folds 
z00mba: folds 
Uncalled bet ($1.20) returned to mariofcd
mariofcd collected $2.50 from pot
mariofcd: doesn't show hand 
*** SUMMARY ***
Total pot $2.50 | Rake $0 
Seat 1: z00mba (big blind) folded before Flop
Seat 2: mariofcd collected ($2.50)
Seat 3: coeeeelho folded before Flop (didn't bet)
Seat 4: sirgrindalot58 folded before Flop (didn't bet)
Seat 5: GuigaMan (button) folded before Flop (didn't bet)
Seat 6: henri789 (small blind) folded before Flop



PokerStars Hand #254404270310:  Hold'em No Limit ($0.50/$1.00 USD) - 2025/01/16 20:58:05 WET [2025/01/16 15:58:05 ET]
Table 'Memnon IV' 6-max Seat #6 is the button
Seat 1: z00mba ($104.22 in chips) 
Seat 2: mariofcd ($108.30 in chips) 
Seat 3: coeeeelho ($100 in chips) 
Seat 4: sirgrindalot58 ($65.44 in chips) 
Seat 5: GuigaMan ($137.63 in chips) 
Seat 6: henri789 ($100 in chips) 
z00mba: posts small blind $0.50
mariofcd: posts big blind $1
*** HOLE CARDS ***
coeeeelho: raises $1.10 to $2.10
sirgrindalot58: calls $2.10
GuigaMan: folds 
henri789: folds 
z00mba: folds 
mariofcd: folds 
*** FLOP *** [7c 4c 3s]
coeeeelho: checks 
sirgrindalot58: checks 
*** TURN *** [7c 4c 3s] [2s]
coeeeelho: checks 
sirgrindalot58: checks 
*** RIVER *** [7c 4c 3s 2s] [4d]
coeeeelho: checks 
sirgrindalot58: checks 
*** SHOW DOWN ***
coeeeelho: shows [Qh Jd] (a pair of Fours)
sirgrindalot58: shows [Ad Js] (a pair of Fours - Ace kicker)
sirgrindalot58 collected $5.42 from pot
*** SUMMARY ***
Total pot $5.70 | Rake $0.28 
Board [7c 4c 3s 2s 4d]
Seat 1: z00mba (small blind) folded before Flop
Seat 2: mariofcd (big blind) folded before Flop
Seat 3: coeeeelho showed [Qh Jd] and lost with a pair of Fours
Seat 4: sirgrindalot58 showed [Ad Js] and won ($5.42) with a pair of Fours
Seat 5: GuigaMan folded before Flop (didn't bet)
Seat 6: henri789 (button) folded before Flop (didn't bet)



PokerStars Hand #254404281910:  Hold'em No Limit ($0.50/$1.00 USD) - 2025/01/16 20:58:55 WET [2025/01/16 15:58:55 ET]
Table 'Memnon IV' 6-max Seat #1 is the button
Seat 1: z00mba ($103.72 in chips) 
Seat 2: mariofcd ($107.30 in chips) 
Seat 3: coeeeelho ($100 in chips) 
Seat 4: sirgrindalot58 ($68.76 in chips) 
Seat 5: GuigaMan ($137.63 in chips) 
Seat 6: henri789 ($100 in chips) 
mariofcd: posts small blind $0.50
coeeeelho: posts big blind $1
*** HOLE CARDS ***
sirgrindalot58: raises $1 to $2
GuigaMan: folds 
henri789: folds 
z00mba: folds 
mariofcd: folds 
coeeeelho: folds 
Uncalled bet ($1) returned to sirgrindalot58
sirgrindalot58 collected $2.50 from pot
*** SUMMARY ***
Total pot $2.50 | Rake $0 
Seat 1: z00mba (button) folded before Flop (didn't bet)
Seat 2: mariofcd (small blind) folded before Flop
Seat 3: coeeeelho (big blind) folded before Flop
Seat 4: sirgrindalot58 collected ($2.50)
Seat 5: GuigaMan folded before Flop (didn't bet)
Seat 6: henri789 folded before Flop (didn't bet)



PokerStars Hand #254404289787:  Hold'em No Limit ($0.50/$1.00 USD) - 2025/01/16 20:59:28 WET [2025/01/16 15:59:28 ET]
Table 'Memnon IV' 6-max Seat #2 is the button
Seat 1: z00mba ($103.72 in chips) 
Seat 2: mariofcd ($106.80 in chips) 
Seat 3: coeeeelho ($100 in chips) 
Seat 4: sirgrindalot58 ($70.26 in chips) 
Seat 5: GuigaMan ($137.63 in chips) 
Seat 6: henri789 ($100 in chips) 
coeeeelho: posts small blind $0.50
sirgrindalot58: posts big blind $1
*** HOLE CARDS ***
GuigaMan: folds 
henri789: folds 
z00mba: folds 
mariofcd: folds 
coeeeelho: raises $2 to $3
sirgrindalot58: calls $2
*** FLOP *** [8h Td Th]
coeeeelho: checks 
sirgrindalot58: bets $2
coeeeelho: raises $8 to $10
sirgrindalot58: calls $8
*** TURN *** [8h Td Th] [4c]
coeeeelho: checks 
sirgrindalot58: checks 
*** RIVER *** [8h Td Th 4c] [Qs]
coeeeelho: bets $15
sirgrindalot58: folds [8s]
Uncalled bet ($15) returned to coeeeelho
coeeeelho collected $24.70 from pot
*** SUMMARY ***
Total pot $26 | Rake $1.30 
Board [8h Td Th 4c Qs]
Seat 1: z00mba folded before Flop (didn't bet)
Seat 2: mariofcd (button) folded before Flop (didn't bet)
Seat 3: coeeeelho (small blind) collected ($24.70)
Seat 4: sirgrindalot58 (big blind) folded on the River
Seat 5: GuigaMan folded before Flop (didn't bet)
Seat 6: henri789 folded before Flop (didn't bet)



PokerStars Hand #254404304150:  Hold'em No Limit ($0.50/$1.00 USD) - 2025/01/16 21:00:30 WET [2025/01/16 16:00:30 ET]
Table 'Memnon IV' 6-max Seat #3 is the button
Seat 1: z00mba ($103.72 in chips) 
Seat 2: mariofcd ($106.80 in chips) 
Seat 3: coeeeelho ($111.70 in chips) 
Seat 4: sirgrindalot58 ($57.26 in chips) 
Seat 5: GuigaMan ($137.63 in chips) 
Seat 6: henri789 ($100 in chips) 
sirgrindalot58: posts small blind $0.50
GuigaMan: posts big blind $1
*** HOLE CARDS ***
henri789: folds 
z00mba: folds 
mariofcd: folds 
coeeeelho: folds 
sirgrindalot58: folds 
Uncalled bet ($0.50) returned to GuigaMan
GuigaMan collected $1 from pot
*** SUMMARY ***
Total pot $1 | Rake $0 
Seat 1: z00mba folded before Flop (didn't bet)
Seat 2: mariofcd folded before Flop (didn't bet)
Seat 3: coeeeelho (button) folded before Flop (didn't bet)
Seat 4: sirgrindalot58 (small blind) folded before Flop
Seat 5: GuigaMan (big blind) collected ($1)
Seat 6: henri789 folded before Flop (didn't bet)



PokerStars Hand #254404308353:  Hold'em No Limit ($0.50/$1.00 USD) - 2025/01/16 21:00:47 WET [2025/01/16 16:00:47 ET]
Table 'Memnon IV' 6-max Seat #4 is the button
Seat 1: z00mba ($103.72 in chips) 
Seat 2: mariofcd ($106.80 in chips) 
Seat 3: coeeeelho ($111.70 in chips) 
Seat 4: sirgrindalot58 ($56.76 in chips) 
Seat 5: GuigaMan ($138.13 in chips) 
Seat 6: henri789 ($100 in chips) 
GuigaMan: posts small blind $0.50
henri789: posts big blind $1
*** HOLE CARDS ***
z00mba: raises $1.50 to $2.50
mariofcd: folds 
coeeeelho: folds 
sirgrindalot58: folds 
GuigaMan: folds 
henri789: folds 
Uncalled bet ($1.50) returned to z00mba
z00mba collected $2.50 from pot
z00mba: doesn't show hand 
*** SUMMARY ***
Total pot $2.50 | Rake $0 
Seat 1: z00mba collected ($2.50)
Seat 2: mariofcd folded before Flop (didn't bet)
Seat 3: coeeeelho folded before Flop (didn't bet)
Seat 4: sirgrindalot58 (button) folded before Flop (didn't bet)
Seat 5: GuigaMan (small blind) folded before Flop
Seat 6: henri789 (big blind) folded before Flop



PokerStars Hand #254404314664:  Hold'em No Limit ($0.50/$1.00 USD) - 2025/01/16 21:01:10 WET [2025/01/16 16:01:10 ET]
Table 'Memnon IV' 6-max Seat #5 is the button
Seat 1: z00mba ($105.22 in chips) 
Seat 2: mariofcd ($106.80 in chips) 
Seat 3: coeeeelho ($111.70 in chips) 
Seat 4: sirgrindalot58 ($56.76 in chips) 
Seat 5: GuigaMan ($137.63 in chips) 
Seat 6: henri789 ($100 in chips) 
henri789: posts small blind $0.50
z00mba: posts big blind $1
*** HOLE CARDS ***
mariofcd: folds 
coeeeelho: folds 
sirgrindalot58: calls $1
GuigaMan: folds 
henri789: folds 
z00mba: checks 
*** FLOP *** [2s 4c Js]
z00mba: checks 
sirgrindalot58: checks 
*** TURN *** [2s 4c Js] [9h]
z00mba: checks 
sirgrindalot58: checks 
*** RIVER *** [2s 4c Js 9h] [Th]
z00mba: checks 
sirgrindalot58: checks 
*** SHOW DOWN ***
z00mba: shows [5h Kh] (high card King)
sirgrindalot58: mucks hand 
z00mba collected $2.38 from pot
*** SUMMARY ***
Total pot $2.50 | Rake $0.12 
Board [2s 4c Js 9h Th]
Seat 1: z00mba (big blind) showed [5h Kh] and won ($2.38) with high card King
Seat 2: mariofcd folded before Flop (didn't bet)
Seat 3: coeeeelho folded before Flop (didn't bet)
Seat 4: sirgrindalot58 mucked
Seat 5: GuigaMan (button) folded before Flop (didn't bet)
Seat 6: henri789 (small blind) folded before Flop



PokerStars Hand #254404335201:  Hold'em No Limit ($0.50/$1.00 USD) - 2025/01/16 21:02:21 WET [2025/01/16 16:02:21 ET]
Table 'Memnon IV' 6-max Seat #6 is the button
Seat 1: z00mba ($106.60 in chips) 
Seat 2: mariofcd ($106.80 in chips) 
Seat 3: coeeeelho ($111.70 in chips) 
Seat 4: sirgrindalot58 ($55.76 in chips) 
Seat 5: GuigaMan ($137.63 in chips) 
Seat 6: henri789 ($100 in chips) 
z00mba: posts small blind $0.50
mariofcd: posts big blind $1
*** HOLE CARDS ***
coeeeelho: folds 
sirgrindalot58: folds 
GuigaMan: folds 
henri789: raises $1 to $2
z00mba: folds 
mariofcd: folds 
Uncalled bet ($1) returned to henri789
henri789 collected $2.50 from pot
henri789: doesn't show hand 
*** SUMMARY ***
Total pot $2.50 | Rake $0 
Seat 1: z00mba (small blind) folded before Flop
Seat 2: mariofcd (big blind) folded before Flop
Seat 3: coeeeelho folded before Flop (didn't bet)
Seat 4: sirgrindalot58 folded before Flop (didn't bet)
Seat 5: GuigaMan folded before Flop (didn't bet)
Seat 6: henri789 (button) collected ($2.50)



PokerStars Hand #254404341753:  Hold'em No Limit ($0.50/$1.00 USD) - 2025/01/16 21:02:43 WET [2025/01/16 16:02:43 ET]
Table 'Memnon IV' 6-max Seat #1 is the button
Seat 1: z00mba ($106.10 in chips) 
Seat 2: mariofcd ($105.80 in chips) 
Seat 3: coeeeelho ($111.70 in chips) 
Seat 4: sirgrindalot58 ($55.76 in chips) 
Seat 5: GuigaMan ($137.63 in chips) 
Seat 6: henri789 ($101.50 in chips) 
mariofcd: posts small blind $0.50
coeeeelho: posts big blind $1
*** HOLE CARDS ***
sirgrindalot58: folds 
GuigaMan: raises $1.10 to $2.10
henri789: folds 
z00mba: folds 
mariofcd: folds 
coeeeelho: calls $1.10
*** FLOP *** [Td Ah Ts]
coeeeelho: checks 
GuigaMan: bets $1
coeeeelho: folds 
Uncalled bet ($1) returned to GuigaMan
GuigaMan collected $4.46 from pot
*** SUMMARY ***
Total pot $4.70 | Rake $0.24 
Board [Td Ah Ts]
Seat 1: z00mba (button) folded before Flop (didn't bet)
Seat 2: mariofcd (small blind) folded before Flop
Seat 3: coeeeelho (big blind) folded on the Flop
Seat 4: sirgrindalot58 folded before Flop (didn't bet)
Seat 5: GuigaMan collected ($4.46)
Seat 6: henri789 folded before Flop (didn't bet)



PokerStars Hand #254404351711:  Hold'em No Limit ($0.50/$1.00 USD) - 2025/01/16 21:03:13 WET [2025/01/16 16:03:13 ET]
Table 'Memnon IV' 6-max Seat #2 is the button
Seat 1: z00mba ($106.10 in chips) 
Seat 2: mariofcd ($105.30 in chips) 
Seat 3: coeeeelho ($109.60 in chips) 
Seat 4: sirgrindalot58 ($55.76 in chips) 
Seat 5: GuigaMan ($139.99 in chips) 
Seat 6: henri789 ($101.50 in chips) 
coeeeelho: posts small blind $0.50
sirgrindalot58: posts big blind $1
*** HOLE CARDS ***
GuigaMan: folds 
henri789: raises $1 to $2
z00mba: folds 
mariofcd: folds 
coeeeelho: folds 
sirgrindalot58: calls $1
*** FLOP *** [9c Ah 7d]
sirgrindalot58: checks 
henri789: bets $1.41
sirgrindalot58: folds 
Uncalled bet ($1.41) returned to henri789
henri789 collected $4.28 from pot
henri789: doesn't show hand 
*** SUMMARY ***
Total pot $4.50 | Rake $0.22 
Board [9c Ah 7d]
Seat 1: z00mba folded before Flop (didn't bet)
Seat 2: mariofcd (button) folded before Flop (didn't bet)
Seat 3: coeeeelho (small blind) folded before Flop
Seat 4: sirgrindalot58 (big blind) folded on the Flop
Seat 5: GuigaMan folded before Flop (didn't bet)
Seat 6: henri789 collected ($4.28)



PokerStars Hand #254404362571:  Hold'em No Limit ($0.50/$1.00 USD) - 2025/01/16 21:03:49 WET [2025/01/16 16:03:49 ET]
Table 'Memnon IV' 6-max Seat #3 is the button
Seat 1: z00mba ($106.10 in chips) 
Seat 2: mariofcd ($105.30 in chips) 
Seat 3: coeeeelho ($109.10 in chips) 
Seat 4: sirgrindalot58 ($53.76 in chips) 
Seat 5: GuigaMan ($139.99 in chips) 
Seat 6: henri789 ($103.78 in chips) 
sirgrindalot58: posts small blind $0.50
GuigaMan: posts big blind $1
*** HOLE CARDS ***
henri789: folds 
z00mba: folds 
mariofcd: raises $1.25 to $2.25
coeeeelho: raises $4.50 to $6.75
sirgrindalot58: folds 
GuigaMan: folds 
mariofcd: folds 
Uncalled bet ($4.50) returned to coeeeelho
coeeeelho collected $6 from pot
*** SUMMARY ***
Total pot $6 | Rake $0 
Seat 1: z00mba folded before Flop (didn't bet)
Seat 2: mariofcd folded before Flop
Seat 3: coeeeelho (button) collected ($6)
Seat 4: sirgrindalot58 (small blind) folded before Flop
Seat 5: GuigaMan (big blind) folded before Flop
Seat 6: henri789 folded before Flop (didn't bet)



PokerStars Hand #254404373076:  Hold'em No Limit ($0.50/$1.00 USD) - 2025/01/16 21:04:23 WET [2025/01/16 16:04:23 ET]
Table 'Memnon IV' 6-max Seat #4 is the button
Seat 1: z00mba ($106.10 in chips) 
Seat 2: mariofcd ($103.05 in chips) 
Seat 3: coeeeelho ($112.85 in chips) 
Seat 4: sirgrindalot58 ($53.26 in chips) 
Seat 5: GuigaMan ($138.99 in chips) 
Seat 6: henri789 ($103.78 in chips) 
GuigaMan: posts small blind $0.50
henri789: posts big blind $1
*** HOLE CARDS ***
z00mba: folds 
mariofcd: folds 
coeeeelho: folds 
sirgrindalot58: folds 
GuigaMan: folds 
Uncalled bet ($0.50) returned to henri789
henri789 collected $1 from pot
henri789: doesn't show hand 
*** SUMMARY ***
Total pot $1 | Rake $0 
Seat 1: z00mba folded before Flop (didn't bet)
Seat 2: mariofcd folded before Flop (didn't bet)
Seat 3: coeeeelho folded before Flop (didn't bet)
Seat 4: sirgrindalot58 (button) folded before Flop (didn't bet)
Seat 5: GuigaMan (small blind) folded before Flop
Seat 6: henri789 (big blind) collected ($1)



PokerStars Hand #254404379071:  Hold'em No Limit ($0.50/$1.00 USD) - 2025/01/16 21:04:42 WET [2025/01/16 16:04:42 ET]
Table 'Memnon IV' 6-max Seat #5 is the button
Seat 1: z00mba ($106.10 in chips) 
Seat 2: mariofcd ($103.05 in chips) 
Seat 3: coeeeelho ($112.85 in chips) 
Seat 4: sirgrindalot58 ($53.26 in chips) 
Seat 5: GuigaMan ($138.49 in chips) 
Seat 6: henri789 ($104.28 in chips) 
henri789: posts small blind $0.50
z00mba: posts big blind $1
*** HOLE CARDS ***
mariofcd: folds 
coeeeelho: raises $1.20 to $2.20
sirgrindalot58: calls $2.20
GuigaMan: folds 
henri789: raises $10.80 to $13
z00mba: folds 
coeeeelho: folds 
sirgrindalot58: folds 
Uncalled bet ($10.80) returned to henri789
henri789 collected $7.60 from pot
henri789: doesn't show hand 
*** SUMMARY ***
Total pot $7.60 | Rake $0 
Seat 1: z00mba (big blind) folded before Flop
Seat 2: mariofcd folded before Flop (didn't bet)
Seat 3: coeeeelho folded before Flop
Seat 4: sirgrindalot58 folded before Flop
Seat 5: GuigaMan (button) folded before Flop (didn't bet)
Seat 6: henri789 (small blind) collected ($7.60)



PokerStars Hand #254404393797:  Hold'em No Limit ($0.50/$1.00 USD) - 2025/01/16 21:05:28 WET [2025/01/16 16:05:28 ET]
Table 'Memnon IV' 6-max Seat #6 is the button
Seat 1: z00mba ($105.10 in chips) 
Seat 2: mariofcd ($103.05 in chips) 
Seat 3: coeeeelho ($110.65 in chips) 
Seat 4: sirgrindalot58 ($51.06 in chips) 
Seat 5: GuigaMan ($138.49 in chips) 
Seat 6: henri789 ($109.68 in chips) 
z00mba: posts small blind $0.50
mariofcd: posts big blind $1
*** HOLE CARDS ***
coeeeelho: folds 
sirgrindalot58: folds 
GuigaMan: folds 
henri789: folds 
z00mba: raises $2 to $3
mariofcd: raises $9.30 to $12.30
z00mba: folds 
Uncalled bet ($9.30) returned to mariofcd
mariofcd collected $6 from pot
mariofcd: doesn't show hand 
*** SUMMARY ***
Total pot $6 | Rake $0 
Seat 1: z00mba (small blind) folded before Flop
Seat 2: mariofcd (big blind) collected ($6)
Seat 3: coeeeelho folded before Flop (didn't bet)
Seat 4: sirgrindalot58 folded before Flop (didn't bet)
Seat 5: GuigaMan folded before Flop (didn't bet)
Seat 6: henri789 (button) folded before Flop (didn't bet)



PokerStars Hand #254404404675:  Hold'em No Limit ($0.50/$1.00 USD) - 2025/01/16 21:06:02 WET [2025/01/16 16:06:02 ET]
Table 'Memnon IV' 6-max Seat #1 is the button
Seat 1: z00mba ($102.10 in chips) 
Seat 2: mariofcd ($106.05 in chips) 
Seat 3: coeeeelho ($110.65 in chips) 
Seat 4: sirgrindalot58 ($51.06 in chips) 
Seat 5: GuigaMan ($138.49 in chips) 
Seat 6: henri789 ($109.68 in chips) 
mariofcd: posts small blind $0.50
coeeeelho: posts big blind $1
*** HOLE CARDS ***
sirgrindalot58: folds 
GuigaMan: raises $1.10 to $2.10
henri789: folds 
z00mba: folds 
mariofcd: folds 
coeeeelho: folds 
Uncalled bet ($1.10) returned to GuigaMan
GuigaMan collected $2.50 from pot
*** SUMMARY ***
Total pot $2.50 | Rake $0 
Seat 1: z00mba (button) folded before Flop (didn't bet)
Seat 2: mariofcd (small blind) folded before Flop
Seat 3: coeeeelho (big blind) folded before Flop
Seat 4: sirgrindalot58 folded before Flop (didn't bet)
Seat 5: GuigaMan collected ($2.50)
Seat 6: henri789 folded before Flop (didn't bet)



PokerStars Hand #254404409730:  Hold'em No Limit ($0.50/$1.00 USD) - 2025/01/16 21:06:18 WET [2025/01/16 16:06:18 ET]
Table 'Memnon IV' 6-max Seat #2 is the button
Seat 1: z00mba ($102.10 in chips) 
Seat 2: mariofcd ($105.55 in chips) 
Seat 3: coeeeelho ($109.65 in chips) 
Seat 4: sirgrindalot58 ($51.06 in chips) 
Seat 5: GuigaMan ($139.99 in chips) 
Seat 6: henri789 ($109.68 in chips) 
coeeeelho: posts small blind $0.50
sirgrindalot58: posts big blind $1
*** HOLE CARDS ***
GuigaMan: folds 
henri789: folds 
z00mba: raises $1.50 to $2.50
mariofcd: folds 
coeeeelho: folds 
sirgrindalot58: calls $1.50
*** FLOP *** [2c Ah Ts]
sirgrindalot58: checks 
z00mba: checks 
*** TURN *** [2c Ah Ts] [Td]
sirgrindalot58: checks 
z00mba: checks 
*** RIVER *** [2c Ah Ts Td] [Jc]
sirgrindalot58: checks 
z00mba: bets $3
sirgrindalot58: calls $3
*** SHOW DOWN ***
z00mba: shows [5s As] (two pair, Aces and Tens)
sirgrindalot58: mucks hand 
z00mba collected $10.92 from pot
*** SUMMARY ***
Total pot $11.50 | Rake $0.58 
Board [2c Ah Ts Td Jc]
Seat 1: z00mba showed [5s As] and won ($10.92) with two pair, Aces and Tens
Seat 2: mariofcd (button) folded before Flop (didn't bet)
Seat 3: coeeeelho (small blind) folded before Flop
Seat 4: sirgrindalot58 (big blind) mucked
Seat 5: GuigaMan folded before Flop (didn't bet)
Seat 6: henri789 folded before Flop (didn't bet)



PokerStars Hand #254404427217:  Hold'em No Limit ($0.50/$1.00 USD) - 2025/01/16 21:07:13 WET [2025/01/16 16:07:13 ET]
Table 'Memnon IV' 6-max Seat #3 is the button
Seat 1: z00mba ($107.52 in chips) 
Seat 2: mariofcd ($105.55 in chips) 
Seat 3: coeeeelho ($109.15 in chips) 
Seat 4: sirgrindalot58 ($45.56 in chips) 
Seat 5: GuigaMan ($139.99 in chips) 
Seat 6: henri789 ($109.68 in chips) 
sirgrindalot58: posts small blind $0.50
GuigaMan: posts big blind $1
*** HOLE CARDS ***
henri789: folds 
z00mba: folds 
mariofcd: folds 
coeeeelho: folds 
sirgrindalot58: folds 
Uncalled bet ($0.50) returned to GuigaMan
GuigaMan collected $1 from pot
*** SUMMARY ***
Total pot $1 | Rake $0 
Seat 1: z00mba folded before Flop (didn't bet)
Seat 2: mariofcd folded before Flop (didn't bet)
Seat 3: coeeeelho (button) folded before Flop (didn't bet)
Seat 4: sirgrindalot58 (small blind) folded before Flop
Seat 5: GuigaMan (big blind) collected ($1)
Seat 6: henri789 folded before Flop (didn't bet)



PokerStars Hand #254404432929:  Hold'em No Limit ($0.50/$1.00 USD) - 2025/01/16 21:07:31 WET [2025/01/16 16:07:31 ET]
Table 'Memnon IV' 6-max Seat #4 is the button
Seat 1: z00mba ($107.52 in chips) 
Seat 2: mariofcd ($105.55 in chips) 
Seat 3: coeeeelho ($109.15 in chips) 
Seat 4: sirgrindalot58 ($45.06 in chips) 
Seat 5: GuigaMan ($140.49 in chips) 
Seat 6: henri789 ($109.68 in chips) 
GuigaMan: posts small blind $0.50
henri789: posts big blind $1
*** HOLE CARDS ***
z00mba: folds 
mariofcd: folds 
coeeeelho: raises $1.20 to $2.20
sirgrindalot58: calls $2.20
GuigaMan: folds 
henri789: folds 
*** FLOP *** [8h 9s 4d]
coeeeelho: checks 
sirgrindalot58: checks 
*** TURN *** [8h 9s 4d] [9h]
coeeeelho: checks 
sirgrindalot58: checks 
*** RIVER *** [8h 9s 4d 9h] [Ad]
coeeeelho: checks 
sirgrindalot58: checks 
*** SHOW DOWN ***
coeeeelho: shows [Td Kh] (a pair of Nines)
sirgrindalot58: mucks hand 
coeeeelho collected $5.60 from pot
*** SUMMARY ***
Total pot $5.90 | Rake $0.30 
Board [8h 9s 4d 9h Ad]
Seat 1: z00mba folded before Flop (didn't bet)
Seat 2: mariofcd folded before Flop (didn't bet)
Seat 3: coeeeelho showed [Td Kh] and won ($5.60) with a pair of Nines
Seat 4: sirgrindalot58 (button) mucked
Seat 5: GuigaMan (small blind) folded before Flop
Seat 6: henri789 (big blind) folded before Flop



PokerStars Hand #254404450833:  Hold'em No Limit ($0.50/$1.00 USD) - 2025/01/16 21:08:28 WET [2025/01/16 16:08:28 ET]
Table 'Memnon IV' 6-max Seat #5 is the button
Seat 1: z00mba ($107.52 in chips) 
Seat 2: mariofcd ($105.55 in chips) 
Seat 3: coeeeelho ($112.55 in chips) 
Seat 4: sirgrindalot58 ($42.86 in chips) 
Seat 5: GuigaMan ($139.99 in chips) 
Seat 6: henri789 ($108.68 in chips) 
henri789: posts small blind $0.50
z00mba: posts big blind $1
*** HOLE CARDS ***
mariofcd: folds 
coeeeelho: folds 
sirgrindalot58: raises $1 to $2
GuigaMan: folds 
henri789: folds 
z00mba: folds 
Uncalled bet ($1) returned to sirgrindalot58
sirgrindalot58 collected $2.50 from pot
*** SUMMARY ***
Total pot $2.50 | Rake $0 
Seat 1: z00mba (big blind) folded before Flop
Seat 2: mariofcd folded before Flop (didn't bet)
Seat 3: coeeeelho folded before Flop (didn't bet)
Seat 4: sirgrindalot58 collected ($2.50)
Seat 5: GuigaMan (button) folded before Flop (didn't bet)
Seat 6: henri789 (small blind) folded before Flop



PokerStars Hand #254404459233:  Hold'em No Limit ($0.50/$1.00 USD) - 2025/01/16 21:08:55 WET [2025/01/16 16:08:55 ET]
Table 'Memnon IV' 6-max Seat #6 is the button
Seat 1: z00mba ($106.52 in chips) 
Seat 2: mariofcd ($105.55 in chips) 
Seat 3: coeeeelho ($112.55 in chips) 
Seat 4: sirgrindalot58 ($44.36 in chips) 
Seat 5: GuigaMan ($139.99 in chips) 
Seat 6: henri789 ($108.18 in chips) 
z00mba: posts small blind $0.50
mariofcd: posts big blind $1
*** HOLE CARDS ***
coeeeelho: folds 
sirgrindalot58: calls $1
GuigaMan: folds 
henri789: folds 
z00mba: raises $3.50 to $4.50
mariofcd: calls $3.50
sirgrindalot58: calls $3.50
*** FLOP *** [2h Td 5c]
z00mba: checks 
mariofcd: bets $6.41
sirgrindalot58: calls $6.41
z00mba: calls $6.41
*** TURN *** [2h Td 5c] [3c]
z00mba: checks 
mariofcd: bets $34
sirgrindalot58: calls $33.45 and is all-in
z00mba: folds 
Uncalled bet ($0.55) returned to mariofcd
*** RIVER *** [2h Td 5c 3c] [5s]
*** SHOW DOWN ***
mariofcd: shows [Ad Ts] (two pair, Tens and Fives)
sirgrindalot58: shows [Tc Qc] (two pair, Tens and Fives - lower kicker)
mariofcd collected $97.13 from pot
*** SUMMARY ***
Total pot $99.63 | Rake $2.50 
Board [2h Td 5c 3c 5s]
Seat 1: z00mba (small blind) folded on the Turn
Seat 2: mariofcd (big blind) showed [Ad Ts] and won ($97.13) with two pair, Tens and Fives
Seat 3: coeeeelho folded before Flop (didn't bet)
Seat 4: sirgrindalot58 showed [Tc Qc] and lost with two pair, Tens and Fives
Seat 5: GuigaMan folded before Flop (didn't bet)
Seat 6: henri789 (button) folded before Flop (didn't bet)



PokerStars Hand #254404478219:  Hold'em No Limit ($0.50/$1.00 USD) - 2025/01/16 21:09:56 WET [2025/01/16 16:09:56 ET]
Table 'Memnon IV' 6-max Seat #1 is the button
Seat 4: sirgrindalot58 ($0 in chips) is sitting out
Seat 1: z00mba ($100 in chips) 
Seat 2: mariofcd ($158.32 in chips) 
Seat 3: coeeeelho ($112.55 in chips) 
Seat 5: GuigaMan ($139.99 in chips) 
Seat 6: henri789 ($108.18 in chips) 
mariofcd: posts small blind $0.50
coeeeelho: posts big blind $1
*** HOLE CARDS ***
GuigaMan: folds 
henri789: folds 
z00mba: raises $1.50 to $2.50
mariofcd: folds 
coeeeelho: raises $9.50 to $12
z00mba: folds 
Uncalled bet ($9.50) returned to coeeeelho
coeeeelho collected $5.50 from pot
*** SUMMARY ***
Total pot $5.50 | Rake $0 
Seat 4: sirgrindalot58
Seat 1: z00mba (button) folded before Flop
Seat 2: mariofcd (small blind) folded before Flop
Seat 3: coeeeelho (big blind) collected ($5.50)
Seat 5: GuigaMan folded before Flop (didn't bet)
Seat 6: henri789 folded before Flop (didn't bet)



PokerStars Hand #254404484883:  Hold'em No Limit ($0.50/$1.00 USD) - 2025/01/16 21:10:17 WET [2025/01/16 16:10:17 ET]
Table 'Memnon IV' 6-max Seat #2 is the button
Seat 4: sirgrindalot58 ($0 in chips) is sitting out
Seat 1: z00mba ($100 in chips) 
Seat 2: mariofcd ($157.82 in chips) 
Seat 3: coeeeelho ($115.55 in chips) 
Seat 5: GuigaMan ($139.99 in chips) 
Seat 6: henri789 ($108.18 in chips) 
coeeeelho: posts small blind $0.50
GuigaMan: posts big blind $1
*** HOLE CARDS ***
sirgrindalot58 leaves the table
henri789: folds 
z00mba: folds 
mariofcd: folds 
coeeeelho: raises $2 to $3
GuigaMan: folds 
Uncalled bet ($2) returned to coeeeelho
coeeeelho collected $2 from pot
*** SUMMARY ***
Total pot $2 | Rake $0 
Seat 4: sirgrindalot58
Seat 1: z00mba folded before Flop (didn't bet)
Seat 2: mariofcd (button) folded before Flop (didn't bet)
Seat 3: coeeeelho (small blind) collected ($2)
Seat 5: GuigaMan (big blind) folded before Flop
Seat 6: henri789 folded before Flop (didn't bet)



PokerStars Hand #254404489704:  Hold'em No Limit ($0.50/$1.00 USD) - 2025/01/16 21:10:32 WET [2025/01/16 16:10:32 ET]
Table 'Memnon IV' 6-max Seat #5 is the button
Seat 1: z00mba ($100 in chips) is sitting out
Seat 2: mariofcd ($157.82 in chips) is sitting out
Seat 6: henri789 ($108.18 in chips) is sitting out
Seat 3: coeeeelho ($116.55 in chips) 
Seat 5: GuigaMan ($138.99 in chips) 
GuigaMan: posts small blind $0.50
henri789: is sitting out 
z00mba: is sitting out 
mariofcd: is sitting out 
coeeeelho: posts big blind $1
*** HOLE CARDS ***
GuigaMan: raises $1.10 to $2.10
henri789 leaves the table
coeeeelho: folds 
Uncalled bet ($1.10) returned to GuigaMan
mariofcd leaves the table
GuigaMan collected $2 from pot
*** SUMMARY ***
Total pot $2 | Rake $0 
Seat 1: z00mba
Seat 2: mariofcd
Seat 6: henri789
Seat 3: coeeeelho (big blind) folded before Flop
Seat 5: GuigaMan (button) (small blind) collected ($2)



PokerStars Hand #254404494495:  Hold'em No Limit ($0.50/$1.00 USD) - 2025/01/16 21:10:47 WET [2025/01/16 16:10:47 ET]
Table 'Memnon IV' 6-max Seat #3 is the button
Seat 1: z00mba ($100 in chips) is sitting out
Seat 3: coeeeelho ($115.55 in chips) 
Seat 5: GuigaMan ($139.99 in chips) 
coeeeelho: posts small blind $0.50
GuigaMan: posts big blind $1
*** HOLE CARDS ***
coeeeelho: folds 
Uncalled bet ($0.50) returned to GuigaMan
GuigaMan collected $1 from pot
*** SUMMARY ***
Total pot $1 | Rake $0 
Seat 1: z00mba
Seat 3: coeeeelho (button) (small blind) folded before Flop
Seat 5: GuigaMan (big blind) collected ($1)



