PokerStars Hand #254403389453:  Hold'em No Limit ($0.50/$1.00 USD) - 2025/01/16 20:09:56 WET [2025/01/16 15:09:56 ET]
Table 'Schorria III' 6-max Seat #2 is the button
Seat 1: XneferX ($100 in chips) is sitting out
Seat 3: Desverdi ($10 in chips) is sitting out
Seat 6: straight77777 ($10 in chips) is sitting out
Seat 2: CallMeeeCraig ($100 in chips) 
Seat 4: YeeesMan ($102.25 in chips) 
Seat 5: blistein ($100 in chips) 
YeeesMan: posts small blind $0.50
blistein: posts big blind $1
straight77777: sits out 
XneferX: sits out 
*** HOLE CARDS ***
CallMeeeCraig: raises $1.20 to $2.20
YeeesMan: folds 
blistein: calls $1.20
*** FLOP *** [Qd 2h 7h]
blistein: checks 
CallMeeeCraig: bets $1.54
blistein: calls $1.54
*** TURN *** [Qd 2h 7h] [6c]
blistein: checks 
CallMeeeCraig: checks 
*** RIVER *** [Qd 2h 7h 6c] [Jh]
blistein: checks 
CallMeeeCraig: bets $9.48
YeeesMan leaves the table
blistein: calls $9.48
*** SHOW DOWN ***
CallMeeeCraig: shows [3c Ac] (high card Ace)
blistein: shows [9s 9h] (a pair of Nines)
henri789 joins the table at seat #4 
blistein collected $25.94 from pot
*** SUMMARY ***
Total pot $26.94 | Rake $1 
Board [Qd 2h 7h 6c Jh]
Seat 1: XneferX
Seat 3: Desverdi
Seat 6: straight77777
Seat 2: CallMeeeCraig (button) showed [3c Ac] and lost with high card Ace
Seat 4: YeeesMan (small blind) folded before Flop
Seat 5: blistein (big blind) showed [9s 9h] and won ($25.94) with a pair of Nines



PokerStars Hand #254403424490:  Hold'em No Limit ($0.50/$1.00 USD) - 2025/01/16 20:11:48 WET [2025/01/16 15:11:48 ET]
Table 'Schorria III' 6-max Seat #5 is the button
Seat 1: XneferX ($100 in chips) is sitting out
Seat 4: henri789 ($100 in chips) is sitting out
Seat 6: straight77777 ($10 in chips) is sitting out
Seat 2: CallMeeeCraig ($100 in chips) 
Seat 3: Desverdi ($52.28 in chips) 
Seat 5: blistein ($112.72 in chips) 
CallMeeeCraig: posts small blind $0.50
Desverdi: posts big blind $1
henri789: sits out 
*** HOLE CARDS ***
blistein: raises $1.50 to $2.50
CallMeeeCraig: folds 
Desverdi: calls $1.50
*** FLOP *** [7s Jd 7c]
Desverdi: bets $3
blistein: folds 
Uncalled bet ($3) returned to Desverdi
Desverdi collected $5.22 from pot
*** SUMMARY ***
Total pot $5.50 | Rake $0.28 
Board [7s Jd 7c]
Seat 1: XneferX
Seat 4: henri789
Seat 6: straight77777
Seat 2: CallMeeeCraig (small blind) folded before Flop
Seat 3: Desverdi (big blind) collected ($5.22)
Seat 5: blistein (button) folded on the Flop



PokerStars Hand #254403438079:  Hold'em No Limit ($0.50/$1.00 USD) - 2025/01/16 20:12:31 WET [2025/01/16 15:12:31 ET]
Table 'Schorria III' 6-max Seat #2 is the button
Seat 1: XneferX ($100 in chips) is sitting out
Seat 6: straight77777 ($10 in chips) is sitting out
Seat 2: CallMeeeCraig ($100 in chips) 
Seat 3: Desverdi ($55 in chips) 
Seat 4: henri789 ($100 in chips) 
Seat 5: blistein ($110.22 in chips) 
Desverdi: posts small blind $0.50
henri789: posts big blind $1
straight77777: sits out 
XneferX: sits out 
*** HOLE CARDS ***
blistein: folds 
CallMeeeCraig: raises $1.20 to $2.20
Desverdi: folds 
henri789: calls $1.20
*** FLOP *** [Qd 5d 7d]
henri789: checks 
CallMeeeCraig: bets $1
henri789: calls $1
*** TURN *** [Qd 5d 7d] [Tc]
henri789: checks 
CallMeeeCraig: bets $4.59
henri789: folds 
Uncalled bet ($4.59) returned to CallMeeeCraig
CallMeeeCraig collected $6.56 from pot
CallMeeeCraig: doesn't show hand 
*** SUMMARY ***
Total pot $6.90 | Rake $0.34 
Board [Qd 5d 7d Tc]
Seat 1: XneferX
Seat 6: straight77777
Seat 2: CallMeeeCraig (button) collected ($6.56)
Seat 3: Desverdi (small blind) folded before Flop
Seat 4: henri789 (big blind) folded on the Turn
Seat 5: blistein folded before Flop (didn't bet)



