PokerStars Hand #254405814949:  Hold'em No Limit ($0.50/$1.00 USD) - 2025/01/16 22:22:48 WET [2025/01/16 17:22:48 ET]
Table 'Tiflis III' 6-max Seat #1 is the button
Seat 4: Manifestorr ($100 in chips) is sitting out
Seat 1: YeeesMan ($100 in chips) 
Seat 3: Joker007r ($100 in chips) 
YeeesMan: posts small blind $0.50
Joker007r: posts big blind $1
*** HOLE CARDS ***
YeeesMan: folds 
Uncalled bet ($0.50) returned to Joker007r
Manifestorr leaves the table
Joker007r collected $1 from pot
Joker007r: doesn't show hand 
*** SUMMARY ***
Total pot $1 | Rake $0 
Seat 4: Manifestorr
Seat 1: YeeesMan (button) (small blind) folded before Flop
Seat 3: Joker007r (big blind) collected ($1)



PokerStars Hand #254405817538:  Hold'em No Limit ($0.50/$1.00 USD) - 2025/01/16 22:22:56 WET [2025/01/16 17:22:56 ET]
Table 'Tiflis III' 6-max Seat #3 is the button
Seat 1: YeeesMan ($100 in chips) 
Seat 3: Joker007r ($100.50 in chips) 
Joker007r: posts small blind $0.50
YeeesMan: posts big blind $1
*** HOLE CARDS ***
Joker007r: raises $1.50 to $2.50
YeeesMan: folds 
Uncalled bet ($1.50) returned to Joker007r
Joker007r collected $2 from pot
Joker007r: doesn't show hand 
*** SUMMARY ***
Total pot $2 | Rake $0 
Seat 1: YeeesMan (big blind) folded before Flop
Seat 3: Joker007r (button) (small blind) collected ($2)



PokerStars Hand #254405823134:  Hold'em No Limit ($0.50/$1.00 USD) - 2025/01/16 22:23:15 WET [2025/01/16 17:23:15 ET]
Table 'Tiflis III' 6-max Seat #1 is the button
Seat 1: YeeesMan ($100 in chips) 
Seat 3: Joker007r ($101.50 in chips) 
YeeesMan: posts small blind $0.50
Joker007r: posts big blind $1
*** HOLE CARDS ***
YeeesMan: raises $1.50 to $2.50
Joker007r: calls $1.50
*** FLOP *** [9s 8s Qd]
Joker007r: checks 
YeeesMan: checks 
*** TURN *** [9s 8s Qd] [4s]
Joker007r: bets $3.17
YeeesMan: folds 
Uncalled bet ($3.17) returned to Joker007r
Joker007r collected $4.75 from pot
Joker007r: doesn't show hand 
*** SUMMARY ***
Total pot $5 | Rake $0.25 
Board [9s 8s Qd 4s]
Seat 1: YeeesMan (button) (small blind) folded on the Turn
Seat 3: Joker007r (big blind) collected ($4.75)



PokerStars Hand #254405959083:  Hold'em No Limit ($0.50/$1.00 USD) - 2025/01/16 22:30:57 WET [2025/01/16 17:30:57 ET]
Table 'Tiflis III' 6-max Seat #2 is the button
Seat 1: YeeesMan ($100 in chips) is sitting out
Seat 2: shootingGRID ($100 in chips) 
Seat 5: itaba ($10 in chips) 
Seat 6: XneferX ($100 in chips) 
itaba: posts small blind $0.50
XneferX: posts big blind $1
*** HOLE CARDS ***
shootingGRID: raises $1.50 to $2.50
YeeesMan leaves the table
itaba: folds 
XneferX: calls $1.50
*** FLOP *** [6d Qc 6h]
XneferX: checks 
shootingGRID: bets $1.72
XneferX: calls $1.72
*** TURN *** [6d Qc 6h] [2d]
XneferX: checks 
shootingGRID: checks 
*** RIVER *** [6d Qc 6h 2d] [9c]
XneferX: checks 
shootingGRID: checks 
*** SHOW DOWN ***
XneferX: shows [Kc 4c] (a pair of Sixes)
shootingGRID: mucks hand 
XneferX collected $8.49 from pot
*** SUMMARY ***
Total pot $8.94 | Rake $0.45 
Board [6d Qc 6h 2d 9c]
Seat 1: YeeesMan
Seat 2: shootingGRID (button) mucked
Seat 5: itaba (small blind) folded before Flop
Seat 6: XneferX (big blind) showed [Kc 4c] and won ($8.49) with a pair of Sixes



PokerStars Hand #254405986374:  Hold'em No Limit ($0.50/$1.00 USD) - 2025/01/16 22:32:30 WET [2025/01/16 17:32:30 ET]
Table 'Tiflis III' 6-max Seat #5 is the button
Seat 2: shootingGRID ($100 in chips) 
Seat 5: itaba ($9.50 in chips) 
Seat 6: XneferX ($104.27 in chips) 
XneferX: posts small blind $0.50
shootingGRID: posts big blind $1
*** HOLE CARDS ***
itaba: raises $8.50 to $9.50 and is all-in
XneferX: folds 
shootingGRID: folds 
Uncalled bet ($8.50) returned to itaba
itaba collected $2.50 from pot
itaba: doesn't show hand 
*** SUMMARY ***
Total pot $2.50 | Rake $0 
Seat 2: shootingGRID (big blind) folded before Flop
Seat 5: itaba (button) collected ($2.50)
Seat 6: XneferX (small blind) folded before Flop



PokerStars Hand #254405991109:  Hold'em No Limit ($0.50/$1.00 USD) - 2025/01/16 22:32:47 WET [2025/01/16 17:32:47 ET]
Table 'Tiflis III' 6-max Seat #6 is the button
Seat 2: shootingGRID ($100 in chips) 
Seat 5: itaba ($11 in chips) 
Seat 6: XneferX ($103.77 in chips) 
shootingGRID: posts small blind $0.50
itaba: posts big blind $1
*** HOLE CARDS ***
XneferX: raises $1.77 to $2.77
shootingGRID: folds 
itaba: folds 
Uncalled bet ($1.77) returned to XneferX
XneferX collected $2.50 from pot
XneferX: doesn't show hand 
*** SUMMARY ***
Total pot $2.50 | Rake $0 
Seat 2: shootingGRID (small blind) folded before Flop
Seat 5: itaba (big blind) folded before Flop
Seat 6: XneferX (button) collected ($2.50)



PokerStars Hand #254405997825:  Hold'em No Limit ($0.50/$1.00 USD) - 2025/01/16 22:33:10 WET [2025/01/16 17:33:10 ET]
Table 'Tiflis III' 6-max Seat #5 is the button
Seat 6: XneferX ($105.27 in chips) is sitting out
Seat 2: shootingGRID ($100 in chips) 
Seat 5: itaba ($10 in chips) 
itaba: posts small blind $0.50
shootingGRID: posts big blind $1
*** HOLE CARDS ***
XneferX leaves the table
itaba: calls $0.50
shootingGRID: raises $11 to $12
itaba: folds 
Uncalled bet ($11) returned to shootingGRID
shootingGRID collected $2 from pot
*** SUMMARY ***
Total pot $2 | Rake $0 
Seat 6: XneferX
Seat 2: shootingGRID (big blind) collected ($2)
Seat 5: itaba (button) (small blind) folded before Flop



PokerStars Hand #254406005160:  Hold'em No Limit ($0.50/$1.00 USD) - 2025/01/16 22:33:35 WET [2025/01/16 17:33:35 ET]
Table 'Tiflis III' 6-max Seat #2 is the button
Seat 2: shootingGRID ($101 in chips) 
Seat 5: itaba ($9 in chips) 
shootingGRID: posts small blind $0.50
itaba: posts big blind $1
*** HOLE CARDS ***
shootingGRID: folds 
Uncalled bet ($0.50) returned to itaba
itaba collected $1 from pot
itaba: doesn't show hand 
*** SUMMARY ***
Total pot $1 | Rake $0 
Seat 2: shootingGRID (button) (small blind) folded before Flop
Seat 5: itaba (big blind) collected ($1)



