PokerStars Hand #254394834323:  Hold'em No Limit ($0.50/$1.00 USD) - 2025/01/16 6:37:22 WET [2025/01/16 1:37:22 ET]
Table 'Ausonia' 6-max Seat #2 is the button
Seat 1: CashfishT ($100 in chips) is sitting out
Seat 2: Timonessb ($114.25 in chips) 
Seat 3: CMX1998 ($29.50 in chips) 
Seat 4: Poker9803 ($106.75 in chips) 
Seat 5: steelNike ($105.03 in chips) 
Seat 6: uuzka ($107.88 in chips) 
CMX1998: posts small blind $0.50
Poker9803: posts big blind $1
CashfishT: sits out 
*** HOLE CARDS ***
steelNike: folds 
uuzka: raises $1.50 to $2.50
Timonessb: folds 
CMX1998: folds 
Poker9803: calls $1.50
*** FLOP *** [Ad Qd As]
Poker9803: checks 
uuzka: checks 
*** TURN *** [Ad Qd As] [5c]
Poker9803: checks 
uuzka: bets $6.47
Poker9803: calls $6.47
*** RIVER *** [Ad Qd As 5c] [Kh]
Poker9803: checks 
uuzka: checks 
*** SHOW DOWN ***
Poker9803: shows [3d 5d] (two pair, Aces and Fives)
uuzka: shows [6c Ac] (three of a kind, Aces)
uuzka collected $17.52 from pot
*** SUMMARY ***
Total pot $18.44 | Rake $0.92 
Board [Ad Qd As 5c Kh]
Seat 1: CashfishT
Seat 2: Timonessb (button) folded before Flop (didn't bet)
Seat 3: CMX1998 (small blind) folded before Flop
Seat 4: Poker9803 (big blind) showed [3d 5d] and lost with two pair, Aces and Fives
Seat 5: steelNike folded before Flop (didn't bet)
Seat 6: uuzka showed [6c Ac] and won ($17.52) with three of a kind, Aces



PokerStars Hand #254394838539:  Hold'em No Limit ($0.50/$1.00 USD) - 2025/01/16 6:38:20 WET [2025/01/16 1:38:20 ET]
Table 'Ausonia' 6-max Seat #3 is the button
Seat 1: CashfishT ($100 in chips) is sitting out
Seat 2: Timonessb ($114.25 in chips) 
Seat 3: CMX1998 ($29 in chips) 
Seat 4: Poker9803 ($100 in chips) 
Seat 5: steelNike ($105.03 in chips) 
Seat 6: uuzka ($116.43 in chips) 
Poker9803: posts small blind $0.50
steelNike: posts big blind $1
CashfishT: sits out 
*** HOLE CARDS ***
uuzka: raises $1.20 to $2.20
Timonessb: folds 
CMX1998: calls $2.20
Poker9803: folds 
steelNike: folds 
*** FLOP *** [2c 4d Qs]
uuzka: bets $3.75
CMX1998: calls $3.75
*** TURN *** [2c 4d Qs] [9s]
uuzka: bets $8.49
CMX1998: raises $8.49 to $16.98
uuzka: folds 
Uncalled bet ($8.49) returned to CMX1998
CMX1998 collected $28.86 from pot
*** SUMMARY ***
Total pot $30.38 | Rake $1.52 
Board [2c 4d Qs 9s]
Seat 1: CashfishT
Seat 2: Timonessb folded before Flop (didn't bet)
Seat 3: CMX1998 (button) collected ($28.86)
Seat 4: Poker9803 (small blind) folded before Flop
Seat 5: steelNike (big blind) folded before Flop
Seat 6: uuzka folded on the Turn



PokerStars Hand #254394842366:  Hold'em No Limit ($0.50/$1.00 USD) - 2025/01/16 6:39:14 WET [2025/01/16 1:39:14 ET]
Table 'Ausonia' 6-max Seat #4 is the button
Seat 1: CashfishT ($100 in chips) is sitting out
Seat 2: Timonessb ($114.25 in chips) 
Seat 3: CMX1998 ($43.42 in chips) 
Seat 4: Poker9803 ($100 in chips) 
Seat 5: steelNike ($104.03 in chips) 
Seat 6: uuzka ($101.99 in chips) 
steelNike: posts small blind $0.50
uuzka: posts big blind $1
CashfishT: sits out 
*** HOLE CARDS ***
Timonessb: raises $1.30 to $2.30
CMX1998: folds 
Poker9803: folds 
steelNike: raises $9.70 to $12
uuzka: folds 
Timonessb: folds 
Uncalled bet ($9.70) returned to steelNike
steelNike collected $5.60 from pot
*** SUMMARY ***
Total pot $5.60 | Rake $0 
Seat 1: CashfishT
Seat 2: Timonessb folded before Flop
Seat 3: CMX1998 folded before Flop (didn't bet)
Seat 4: Poker9803 (button) folded before Flop (didn't bet)
Seat 5: steelNike (small blind) collected ($5.60)
Seat 6: uuzka (big blind) folded before Flop



PokerStars Hand #254394844833:  Hold'em No Limit ($0.50/$1.00 USD) - 2025/01/16 6:39:47 WET [2025/01/16 1:39:47 ET]
Table 'Ausonia' 6-max Seat #5 is the button
Seat 1: CashfishT ($100 in chips) 
Seat 2: Timonessb ($111.95 in chips) 
Seat 3: CMX1998 ($43.42 in chips) 
Seat 4: Poker9803 ($100 in chips) 
Seat 5: steelNike ($107.33 in chips) 
Seat 6: uuzka ($100.99 in chips) 
uuzka: posts small blind $0.50
CashfishT: posts big blind $1
*** HOLE CARDS ***
Timonessb: folds 
CMX1998: calls $1
Poker9803: folds 
steelNike: folds 
uuzka: folds 
CashfishT: checks 
*** FLOP *** [7c 8d Ah]
CashfishT: checks 
CMX1998: checks 
*** TURN *** [7c 8d Ah] [6d]
CashfishT: checks 
CMX1998: checks 
*** RIVER *** [7c 8d Ah 6d] [4c]
CashfishT: checks 
CMX1998: bets $5
CashfishT: folds 
Uncalled bet ($5) returned to CMX1998
CMX1998 collected $2.38 from pot
*** SUMMARY ***
Total pot $2.50 | Rake $0.12 
Board [7c 8d Ah 6d 4c]
Seat 1: CashfishT (big blind) folded on the River
Seat 2: Timonessb folded before Flop (didn't bet)
Seat 3: CMX1998 collected ($2.38)
Seat 4: Poker9803 folded before Flop (didn't bet)
Seat 5: steelNike (button) folded before Flop (didn't bet)
Seat 6: uuzka (small blind) folded before Flop



PokerStars Hand #254394847901:  Hold'em No Limit ($0.50/$1.00 USD) - 2025/01/16 6:40:30 WET [2025/01/16 1:40:30 ET]
Table 'Ausonia' 6-max Seat #6 is the button
Seat 1: CashfishT ($100 in chips) 
Seat 2: Timonessb ($111.95 in chips) 
Seat 3: CMX1998 ($44.80 in chips) 
Seat 4: Poker9803 ($100 in chips) 
Seat 5: steelNike ($107.33 in chips) 
Seat 6: uuzka ($100.49 in chips) 
CashfishT: posts small blind $0.50
Timonessb: posts big blind $1
*** HOLE CARDS ***
CMX1998: calls $1
Poker9803: folds 
steelNike: folds 
uuzka: folds 
CashfishT: folds 
Timonessb: checks 
*** FLOP *** [Kc 5d 9s]
Timonessb: checks 
CMX1998: checks 
*** TURN *** [Kc 5d 9s] [Js]
Timonessb: checks 
CMX1998: checks 
*** RIVER *** [Kc 5d 9s Js] [5s]
Timonessb: checks 
CMX1998: checks 
*** SHOW DOWN ***
Timonessb: shows [2h 3c] (a pair of Fives)
CMX1998: shows [Ah 4s] (a pair of Fives - Ace kicker)
CMX1998 collected $2.38 from pot
*** SUMMARY ***
Total pot $2.50 | Rake $0.12 
Board [Kc 5d 9s Js 5s]
Seat 1: CashfishT (small blind) folded before Flop
Seat 2: Timonessb (big blind) showed [2h 3c] and lost with a pair of Fives
Seat 3: CMX1998 showed [Ah 4s] and won ($2.38) with a pair of Fives
Seat 4: Poker9803 folded before Flop (didn't bet)
Seat 5: steelNike folded before Flop (didn't bet)
Seat 6: uuzka (button) folded before Flop (didn't bet)



PokerStars Hand #254394850229:  Hold'em No Limit ($0.50/$1.00 USD) - 2025/01/16 6:41:02 WET [2025/01/16 1:41:02 ET]
Table 'Ausonia' 6-max Seat #1 is the button
Seat 1: CashfishT ($100 in chips) 
Seat 2: Timonessb ($110.95 in chips) 
Seat 3: CMX1998 ($46.18 in chips) 
Seat 4: Poker9803 ($100 in chips) 
Seat 5: steelNike ($107.33 in chips) 
Seat 6: uuzka ($100.49 in chips) 
Timonessb: posts small blind $0.50
CMX1998: posts big blind $1
*** HOLE CARDS ***
Poker9803: folds 
steelNike: folds 
uuzka: folds 
CashfishT: raises $1.20 to $2.20
Timonessb: folds 
CMX1998: calls $1.20
*** FLOP *** [Ad 6d Qh]
CMX1998: checks 
CashfishT: bets $2.33
CMX1998: calls $2.33
*** TURN *** [Ad 6d Qh] [8d]
CMX1998: checks 
CashfishT: checks 
*** RIVER *** [Ad 6d Qh 8d] [7h]
CMX1998: checks 
CashfishT: checks 
*** SHOW DOWN ***
CMX1998: shows [5c Qc] (a pair of Queens)
CashfishT: shows [3c Ah] (a pair of Aces)
CashfishT collected $9.08 from pot
*** SUMMARY ***
Total pot $9.56 | Rake $0.48 
Board [Ad 6d Qh 8d 7h]
Seat 1: CashfishT (button) showed [3c Ah] and won ($9.08) with a pair of Aces
Seat 2: Timonessb (small blind) folded before Flop
Seat 3: CMX1998 (big blind) showed [5c Qc] and lost with a pair of Queens
Seat 4: Poker9803 folded before Flop (didn't bet)
Seat 5: steelNike folded before Flop (didn't bet)
Seat 6: uuzka folded before Flop (didn't bet)



PokerStars Hand #254394854252:  Hold'em No Limit ($0.50/$1.00 USD) - 2025/01/16 6:41:57 WET [2025/01/16 1:41:57 ET]
Table 'Ausonia' 6-max Seat #2 is the button
Seat 1: CashfishT ($104.55 in chips) 
Seat 2: Timonessb ($110.45 in chips) 
Seat 3: CMX1998 ($41.65 in chips) 
Seat 4: Poker9803 ($100 in chips) 
Seat 5: steelNike ($107.33 in chips) 
Seat 6: uuzka ($100.49 in chips) 
CMX1998: posts small blind $0.50
Poker9803: posts big blind $1
*** HOLE CARDS ***
steelNike: folds 
uuzka: folds 
CashfishT: folds 
Timonessb: raises $1.50 to $2.50
CMX1998: calls $2
Poker9803: folds 
*** FLOP *** [2h Js Kh]
CMX1998: checks 
Timonessb: bets $2.91
CMX1998: calls $2.91
*** TURN *** [2h Js Kh] [Ad]
CMX1998: checks 
Timonessb: bets $11.57
CMX1998: calls $11.57
*** RIVER *** [2h Js Kh Ad] [7d]
CMX1998: checks 
Timonessb: bets $34.21
CMX1998: calls $24.67 and is all-in
Uncalled bet ($9.54) returned to Timonessb
*** SHOW DOWN ***
Timonessb: shows [Jd Ah] (two pair, Aces and Jacks)
CMX1998: shows [As 5d] (a pair of Aces)
Timonessb collected $81.80 from pot
*** SUMMARY ***
Total pot $84.30 | Rake $2.50 
Board [2h Js Kh Ad 7d]
Seat 1: CashfishT folded before Flop (didn't bet)
Seat 2: Timonessb (button) showed [Jd Ah] and won ($81.80) with two pair, Aces and Jacks
Seat 3: CMX1998 (small blind) showed [As 5d] and lost with a pair of Aces
Seat 4: Poker9803 (big blind) folded before Flop
Seat 5: steelNike folded before Flop (didn't bet)
Seat 6: uuzka folded before Flop (didn't bet)



PokerStars Hand #254394857263:  Hold'em No Limit ($0.50/$1.00 USD) - 2025/01/16 6:42:38 WET [2025/01/16 1:42:38 ET]
Table 'Ausonia' 6-max Seat #4 is the button
Seat 3: CMX1998 ($0 in chips) is sitting out
Seat 1: CashfishT ($104.55 in chips) 
Seat 2: Timonessb ($150.60 in chips) 
Seat 4: Poker9803 ($100 in chips) 
Seat 5: steelNike ($107.33 in chips) 
Seat 6: uuzka ($100.49 in chips) 
steelNike: posts small blind $0.50
uuzka: posts big blind $1
*** HOLE CARDS ***
CashfishT: folds 
Timonessb: folds 
Poker9803: folds 
steelNike: folds 
Uncalled bet ($0.50) returned to uuzka
uuzka collected $1 from pot
uuzka: doesn't show hand 
*** SUMMARY ***
Total pot $1 | Rake $0 
Seat 3: CMX1998
Seat 1: CashfishT folded before Flop (didn't bet)
Seat 2: Timonessb folded before Flop (didn't bet)
Seat 4: Poker9803 (button) folded before Flop (didn't bet)
Seat 5: steelNike (small blind) folded before Flop
Seat 6: uuzka (big blind) collected ($1)



PokerStars Hand #254394858216:  Hold'em No Limit ($0.50/$1.00 USD) - 2025/01/16 6:42:51 WET [2025/01/16 1:42:51 ET]
Table 'Ausonia' 6-max Seat #5 is the button
Seat 1: CashfishT ($104.55 in chips) 
Seat 2: Timonessb ($150.60 in chips) 
Seat 3: CMX1998 ($84.80 in chips) 
Seat 4: Poker9803 ($100 in chips) 
Seat 5: steelNike ($106.83 in chips) 
Seat 6: uuzka ($100.99 in chips) 
uuzka: posts small blind $0.50
CashfishT: posts big blind $1
*** HOLE CARDS ***
Timonessb: raises $1.30 to $2.30
CMX1998: calls $2.30
Poker9803: folds 
steelNike: folds 
uuzka: folds 
CashfishT: folds 
*** FLOP *** [4h 8s 4c]
Timonessb: bets $2.96
CMX1998: folds 
Uncalled bet ($2.96) returned to Timonessb
Timonessb collected $5.80 from pot
Timonessb: doesn't show hand 
*** SUMMARY ***
Total pot $6.10 | Rake $0.30 
Board [4h 8s 4c]
Seat 1: CashfishT (big blind) folded before Flop
Seat 2: Timonessb collected ($5.80)
Seat 3: CMX1998 folded on the Flop
Seat 4: Poker9803 folded before Flop (didn't bet)
Seat 5: steelNike (button) folded before Flop (didn't bet)
Seat 6: uuzka (small blind) folded before Flop



PokerStars Hand #254394859922:  Hold'em No Limit ($0.50/$1.00 USD) - 2025/01/16 6:43:15 WET [2025/01/16 1:43:15 ET]
Table 'Ausonia' 6-max Seat #6 is the button
Seat 1: CashfishT ($103.55 in chips) 
Seat 2: Timonessb ($154.10 in chips) 
Seat 3: CMX1998 ($82.50 in chips) 
Seat 4: Poker9803 ($100 in chips) 
Seat 5: steelNike ($106.83 in chips) 
Seat 6: uuzka ($100.49 in chips) 
CashfishT: posts small blind $0.50
Timonessb: posts big blind $1
*** HOLE CARDS ***
CMX1998: calls $1
Poker9803: folds 
steelNike: folds 
uuzka: folds 
CashfishT: raises $3 to $4
Timonessb: folds 
CMX1998: calls $3
*** FLOP *** [9h 9d Jd]
CashfishT: checks 
CMX1998: checks 
*** TURN *** [9h 9d Jd] [Kh]
CashfishT: bets $6.41
CMX1998: folds 
Uncalled bet ($6.41) returned to CashfishT
CashfishT collected $8.55 from pot
CashfishT: doesn't show hand 
*** SUMMARY ***
Total pot $9 | Rake $0.45 
Board [9h 9d Jd Kh]
Seat 1: CashfishT (small blind) collected ($8.55)
Seat 2: Timonessb (big blind) folded before Flop
Seat 3: CMX1998 folded on the Turn
Seat 4: Poker9803 folded before Flop (didn't bet)
Seat 5: steelNike folded before Flop (didn't bet)
Seat 6: uuzka (button) folded before Flop (didn't bet)



PokerStars Hand #254394862091:  Hold'em No Limit ($0.50/$1.00 USD) - 2025/01/16 6:43:44 WET [2025/01/16 1:43:44 ET]
Table 'Ausonia' 6-max Seat #1 is the button
Seat 1: CashfishT ($108.10 in chips) 
Seat 2: Timonessb ($153.10 in chips) 
Seat 3: CMX1998 ($78.50 in chips) 
Seat 4: Poker9803 ($100 in chips) 
Seat 5: steelNike ($106.83 in chips) 
Seat 6: uuzka ($100.49 in chips) 
Timonessb: posts small blind $0.50
CMX1998: posts big blind $1
*** HOLE CARDS ***
Poker9803: folds 
steelNike: folds 
uuzka: raises $1.50 to $2.50
CashfishT: folds 
Timonessb: folds 
CMX1998: calls $1.50
*** FLOP *** [7c Qc 8d]
CMX1998: checks 
uuzka: bets $3.50
CMX1998: folds 
Uncalled bet ($3.50) returned to uuzka
uuzka collected $5.22 from pot
uuzka: doesn't show hand 
*** SUMMARY ***
Total pot $5.50 | Rake $0.28 
Board [7c Qc 8d]
Seat 1: CashfishT (button) folded before Flop (didn't bet)
Seat 2: Timonessb (small blind) folded before Flop
Seat 3: CMX1998 (big blind) folded on the Flop
Seat 4: Poker9803 folded before Flop (didn't bet)
Seat 5: steelNike folded before Flop (didn't bet)
Seat 6: uuzka collected ($5.22)



PokerStars Hand #254394864627:  Hold'em No Limit ($0.50/$1.00 USD) - 2025/01/16 6:44:18 WET [2025/01/16 1:44:18 ET]
Table 'Ausonia' 6-max Seat #2 is the button
Seat 1: CashfishT ($108.10 in chips) 
Seat 2: Timonessb ($152.60 in chips) 
Seat 3: CMX1998 ($76 in chips) 
Seat 4: Poker9803 ($100 in chips) 
Seat 5: steelNike ($106.83 in chips) 
Seat 6: uuzka ($103.21 in chips) 
CMX1998: posts small blind $0.50
Poker9803: posts big blind $1
*** HOLE CARDS ***
steelNike: raises $1 to $2
uuzka: folds 
CashfishT: folds 
Timonessb: folds 
CMX1998: calls $1.50
Poker9803: calls $1
*** FLOP *** [Ks Qs Jc]
CMX1998: checks 
Poker9803: checks 
steelNike: checks 
*** TURN *** [Ks Qs Jc] [4d]
CMX1998: checks 
Poker9803: bets $4.28
steelNike: folds 
CMX1998: folds 
Uncalled bet ($4.28) returned to Poker9803
Poker9803 collected $5.70 from pot
Poker9803: doesn't show hand 
*** SUMMARY ***
Total pot $6 | Rake $0.30 
Board [Ks Qs Jc 4d]
Seat 1: CashfishT folded before Flop (didn't bet)
Seat 2: Timonessb (button) folded before Flop (didn't bet)
Seat 3: CMX1998 (small blind) folded on the Turn
Seat 4: Poker9803 (big blind) collected ($5.70)
Seat 5: steelNike folded on the Turn
Seat 6: uuzka folded before Flop (didn't bet)



PokerStars Hand #254394867614:  Hold'em No Limit ($0.50/$1.00 USD) - 2025/01/16 6:44:59 WET [2025/01/16 1:44:59 ET]
Table 'Ausonia' 6-max Seat #3 is the button
Seat 1: CashfishT ($108.10 in chips) 
Seat 2: Timonessb ($152.60 in chips) 
Seat 3: CMX1998 ($74 in chips) 
Seat 4: Poker9803 ($103.70 in chips) 
Seat 5: steelNike ($104.83 in chips) 
Seat 6: uuzka ($103.21 in chips) 
Poker9803: posts small blind $0.50
steelNike: posts big blind $1
*** HOLE CARDS ***
uuzka: folds 
CashfishT: folds 
Timonessb: folds 
CMX1998: calls $1
Poker9803: folds 
steelNike: raises $3 to $4
CMX1998: calls $3
*** FLOP *** [Th 4d 3c]
steelNike: bets $6.06
CMX1998: calls $6.06
*** TURN *** [Th 4d 3c] [4h]
steelNike: checks 
CMX1998: checks 
*** RIVER *** [Th 4d 3c 4h] [9s]
steelNike: bets $14.69
CMX1998: calls $14.69
*** SHOW DOWN ***
steelNike: shows [Ah Td] (two pair, Tens and Fours)
CMX1998: mucks hand 
steelNike collected $47.50 from pot
*** SUMMARY ***
Total pot $50 | Rake $2.50 
Board [Th 4d 3c 4h 9s]
Seat 1: CashfishT folded before Flop (didn't bet)
Seat 2: Timonessb folded before Flop (didn't bet)
Seat 3: CMX1998 (button) mucked
Seat 4: Poker9803 (small blind) folded before Flop
Seat 5: steelNike (big blind) showed [Ah Td] and won ($47.50) with two pair, Tens and Fours
Seat 6: uuzka folded before Flop (didn't bet)



PokerStars Hand #254394872558:  Hold'em No Limit ($0.50/$1.00 USD) - 2025/01/16 6:46:05 WET [2025/01/16 1:46:05 ET]
Table 'Ausonia' 6-max Seat #4 is the button
Seat 1: CashfishT ($108.10 in chips) 
Seat 2: Timonessb ($152.60 in chips) 
Seat 3: CMX1998 ($49.25 in chips) 
Seat 4: Poker9803 ($103.20 in chips) 
Seat 5: steelNike ($127.58 in chips) 
Seat 6: uuzka ($103.21 in chips) 
steelNike: posts small blind $0.50
uuzka: posts big blind $1
*** HOLE CARDS ***
CashfishT: raises $1.20 to $2.20
Timonessb: folds 
CMX1998: folds 
Poker9803: folds 
steelNike: folds 
uuzka: calls $1.20
*** FLOP *** [3h Td 8s]
uuzka: checks 
CashfishT: bets $1.54
uuzka: calls $1.54
*** TURN *** [3h Td 8s] [2c]
uuzka: checks 
CashfishT: checks 
*** RIVER *** [3h Td 8s 2c] [6s]
uuzka: bets $5.05
CashfishT: folds 
Uncalled bet ($5.05) returned to uuzka
uuzka collected $7.58 from pot
uuzka: doesn't show hand 
*** SUMMARY ***
Total pot $7.98 | Rake $0.40 
Board [3h Td 8s 2c 6s]
Seat 1: CashfishT folded on the River
Seat 2: Timonessb folded before Flop (didn't bet)
Seat 3: CMX1998 folded before Flop (didn't bet)
Seat 4: Poker9803 (button) folded before Flop (didn't bet)
Seat 5: steelNike (small blind) folded before Flop
Seat 6: uuzka (big blind) collected ($7.58)



PokerStars Hand #254394876682:  Hold'em No Limit ($0.50/$1.00 USD) - 2025/01/16 6:47:01 WET [2025/01/16 1:47:01 ET]
Table 'Ausonia' 6-max Seat #5 is the button
Seat 1: CashfishT ($104.36 in chips) 
Seat 2: Timonessb ($152.60 in chips) 
Seat 3: CMX1998 ($49.25 in chips) 
Seat 4: Poker9803 ($103.20 in chips) 
Seat 5: steelNike ($127.08 in chips) 
Seat 6: uuzka ($107.05 in chips) 
uuzka: posts small blind $0.50
CashfishT: posts big blind $1
*** HOLE CARDS ***
Timonessb: folds 
CMX1998: folds 
Poker9803: folds 
steelNike: folds 
uuzka: raises $1.77 to $2.77
CashfishT: folds 
Uncalled bet ($1.77) returned to uuzka
uuzka collected $2 from pot
uuzka: doesn't show hand 
*** SUMMARY ***
Total pot $2 | Rake $0 
Seat 1: CashfishT (big blind) folded before Flop
Seat 2: Timonessb folded before Flop (didn't bet)
Seat 3: CMX1998 folded before Flop (didn't bet)
Seat 4: Poker9803 folded before Flop (didn't bet)
Seat 5: steelNike (button) folded before Flop (didn't bet)
Seat 6: uuzka (small blind) collected ($2)



PokerStars Hand #254394878724:  Hold'em No Limit ($0.50/$1.00 USD) - 2025/01/16 6:47:28 WET [2025/01/16 1:47:28 ET]
Table 'Ausonia' 6-max Seat #6 is the button
Seat 1: CashfishT ($103.36 in chips) 
Seat 2: Timonessb ($152.60 in chips) 
Seat 3: CMX1998 ($49.25 in chips) 
Seat 4: Poker9803 ($103.20 in chips) 
Seat 5: steelNike ($127.08 in chips) 
Seat 6: uuzka ($108.05 in chips) 
CashfishT: posts small blind $0.50
Timonessb: posts big blind $1
*** HOLE CARDS ***
CMX1998: calls $1
Poker9803: raises $2.50 to $3.50
steelNike: folds 
uuzka: folds 
CashfishT: folds 
Timonessb: calls $2.50
CMX1998: calls $2.50
*** FLOP *** [Qs 4s Kd]
Timonessb: checks 
CMX1998: checks 
Poker9803: checks 
*** TURN *** [Qs 4s Kd] [Tc]
Timonessb: bets $8.50
CMX1998: folds 
Poker9803: folds 
Uncalled bet ($8.50) returned to Timonessb
Timonessb collected $10.45 from pot
Timonessb: doesn't show hand 
*** SUMMARY ***
Total pot $11 | Rake $0.55 
Board [Qs 4s Kd Tc]
Seat 1: CashfishT (small blind) folded before Flop
Seat 2: Timonessb (big blind) collected ($10.45)
Seat 3: CMX1998 folded on the Turn
Seat 4: Poker9803 folded on the Turn
Seat 5: steelNike folded before Flop (didn't bet)
Seat 6: uuzka (button) folded before Flop (didn't bet)



PokerStars Hand #254394882368:  Hold'em No Limit ($0.50/$1.00 USD) - 2025/01/16 6:48:18 WET [2025/01/16 1:48:18 ET]
Table 'Ausonia' 6-max Seat #1 is the button
Seat 1: CashfishT ($102.86 in chips) 
Seat 2: Timonessb ($159.55 in chips) 
Seat 3: CMX1998 ($45.75 in chips) 
Seat 4: Poker9803 ($100 in chips) 
Seat 5: steelNike ($127.08 in chips) 
Seat 6: uuzka ($108.05 in chips) 
Timonessb: posts small blind $0.50
CMX1998: posts big blind $1
*** HOLE CARDS ***
Poker9803: folds 
steelNike: folds 
uuzka: folds 
CashfishT: folds 
Timonessb: raises $1.50 to $2.50
CMX1998: calls $1.50
*** FLOP *** [6c 3s 7d]
Timonessb: bets $3.50
CMX1998: calls $3.50
*** TURN *** [6c 3s 7d] [5d]
Timonessb: checks 
CMX1998: checks 
*** RIVER *** [6c 3s 7d 5d] [Qh]
Timonessb: bets $7.64
CMX1998: calls $7.64
*** SHOW DOWN ***
Timonessb: shows [Kc Kd] (a pair of Kings)
CMX1998: mucks hand 
Timonessb collected $25.92 from pot
*** SUMMARY ***
Total pot $27.28 | Rake $1.36 
Board [6c 3s 7d 5d Qh]
Seat 1: CashfishT (button) folded before Flop (didn't bet)
Seat 2: Timonessb (small blind) showed [Kc Kd] and won ($25.92) with a pair of Kings
Seat 3: CMX1998 (big blind) mucked
Seat 4: Poker9803 folded before Flop (didn't bet)
Seat 5: steelNike folded before Flop (didn't bet)
Seat 6: uuzka folded before Flop (didn't bet)



PokerStars Hand #254394885789:  Hold'em No Limit ($0.50/$1.00 USD) - 2025/01/16 6:49:04 WET [2025/01/16 1:49:04 ET]
Table 'Ausonia' 6-max Seat #2 is the button
Seat 1: CashfishT ($102.86 in chips) 
Seat 2: Timonessb ($171.83 in chips) 
Seat 3: CMX1998 ($32.11 in chips) 
Seat 4: Poker9803 ($100 in chips) 
Seat 5: steelNike ($127.08 in chips) 
Seat 6: uuzka ($108.05 in chips) 
CMX1998: posts small blind $0.50
Poker9803: posts big blind $1
*** HOLE CARDS ***
steelNike: folds 
uuzka: raises $1.20 to $2.20
CashfishT: folds 
Timonessb: folds 
CMX1998: calls $1.70
Poker9803: folds 
*** FLOP *** [5c 7d 4c]
CMX1998: checks 
uuzka: checks 
*** TURN *** [5c 7d 4c] [2h]
CMX1998: checks 
uuzka: checks 
*** RIVER *** [5c 7d 4c 2h] [9h]
CMX1998: checks 
uuzka: checks 
*** SHOW DOWN ***
CMX1998: shows [3d 7c] (a pair of Sevens)
uuzka: mucks hand 
CMX1998 collected $5.13 from pot
*** SUMMARY ***
Total pot $5.40 | Rake $0.27 
Board [5c 7d 4c 2h 9h]
Seat 1: CashfishT folded before Flop (didn't bet)
Seat 2: Timonessb (button) folded before Flop (didn't bet)
Seat 3: CMX1998 (small blind) showed [3d 7c] and won ($5.13) with a pair of Sevens
Seat 4: Poker9803 (big blind) folded before Flop
Seat 5: steelNike folded before Flop (didn't bet)
Seat 6: uuzka mucked



PokerStars Hand #254394889683:  Hold'em No Limit ($0.50/$1.00 USD) - 2025/01/16 6:49:57 WET [2025/01/16 1:49:57 ET]
Table 'Ausonia' 6-max Seat #3 is the button
Seat 1: CashfishT ($102.86 in chips) 
Seat 2: Timonessb ($171.83 in chips) 
Seat 3: CMX1998 ($35.04 in chips) 
Seat 4: Poker9803 ($100 in chips) 
Seat 5: steelNike ($127.08 in chips) 
Seat 6: uuzka ($105.85 in chips) 
Poker9803: posts small blind $0.50
steelNike: posts big blind $1
*** HOLE CARDS ***
uuzka: folds 
CashfishT: folds 
Timonessb: raises $1.50 to $2.50
CMX1998: calls $2.50
Poker9803: raises $10.50 to $13
steelNike: folds 
Timonessb: folds 
CMX1998: folds 
Uncalled bet ($10.50) returned to Poker9803
Poker9803 collected $8.50 from pot
Poker9803: doesn't show hand 
*** SUMMARY ***
Total pot $8.50 | Rake $0 
Seat 1: CashfishT folded before Flop (didn't bet)
Seat 2: Timonessb folded before Flop
Seat 3: CMX1998 (button) folded before Flop
Seat 4: Poker9803 (small blind) collected ($8.50)
Seat 5: steelNike (big blind) folded before Flop
Seat 6: uuzka folded before Flop (didn't bet)



PokerStars Hand #254394891853:  Hold'em No Limit ($0.50/$1.00 USD) - 2025/01/16 6:50:28 WET [2025/01/16 1:50:28 ET]
Table 'Ausonia' 6-max Seat #4 is the button
Seat 1: CashfishT ($102.86 in chips) 
Seat 2: Timonessb ($169.33 in chips) 
Seat 3: CMX1998 ($32.54 in chips) 
Seat 4: Poker9803 ($106 in chips) 
Seat 5: steelNike ($126.08 in chips) 
Seat 6: uuzka ($105.85 in chips) 
steelNike: posts small blind $0.50
uuzka: posts big blind $1
*** HOLE CARDS ***
CashfishT: folds 
Timonessb: raises $1.50 to $2.50
CMX1998: folds 
Poker9803: folds 
steelNike: folds 
uuzka: calls $1.50
*** FLOP *** [Kc 3h Ts]
uuzka: checks 
Timonessb: bets $1.72
uuzka: calls $1.72
*** TURN *** [Kc 3h Ts] [9d]
uuzka: checks 
Timonessb: checks 
*** RIVER *** [Kc 3h Ts 9d] [3c]
uuzka: bets $5.66
Timonessb: folds 
Uncalled bet ($5.66) returned to uuzka
uuzka collected $8.49 from pot
uuzka: doesn't show hand 
*** SUMMARY ***
Total pot $8.94 | Rake $0.45 
Board [Kc 3h Ts 9d 3c]
Seat 1: CashfishT folded before Flop (didn't bet)
Seat 2: Timonessb folded on the River
Seat 3: CMX1998 folded before Flop (didn't bet)
Seat 4: Poker9803 (button) folded before Flop (didn't bet)
Seat 5: steelNike (small blind) folded before Flop
Seat 6: uuzka (big blind) collected ($8.49)



PokerStars Hand #254394895106:  Hold'em No Limit ($0.50/$1.00 USD) - 2025/01/16 6:51:12 WET [2025/01/16 1:51:12 ET]
Table 'Ausonia' 6-max Seat #5 is the button
Seat 1: CashfishT ($102.86 in chips) 
Seat 2: Timonessb ($165.11 in chips) 
Seat 3: CMX1998 ($32.54 in chips) 
Seat 4: Poker9803 ($106 in chips) 
Seat 5: steelNike ($125.58 in chips) 
Seat 6: uuzka ($110.12 in chips) 
uuzka: posts small blind $0.50
CashfishT: posts big blind $1
*** HOLE CARDS ***
Timonessb: folds 
CMX1998: calls $1
Poker9803: raises $2.50 to $3.50
steelNike: folds 
uuzka: folds 
CashfishT: folds 
CMX1998: calls $2.50
*** FLOP *** [Th 6h 4d]
CMX1998: checks 
Poker9803: bets $2.67
CMX1998: calls $2.67
*** TURN *** [Th 6h 4d] [7c]
CMX1998: checks 
Poker9803: checks 
*** RIVER *** [Th 6h 4d 7c] [2d]
CMX1998: checks 
Poker9803: checks 
*** SHOW DOWN ***
CMX1998: shows [6s 9s] (a pair of Sixes)
Poker9803: mucks hand 
CMX1998 collected $13.15 from pot
*** SUMMARY ***
Total pot $13.84 | Rake $0.69 
Board [Th 6h 4d 7c 2d]
Seat 1: CashfishT (big blind) folded before Flop
Seat 2: Timonessb folded before Flop (didn't bet)
Seat 3: CMX1998 showed [6s 9s] and won ($13.15) with a pair of Sixes
Seat 4: Poker9803 mucked
Seat 5: steelNike (button) folded before Flop (didn't bet)
Seat 6: uuzka (small blind) folded before Flop



PokerStars Hand #254394898719:  Hold'em No Limit ($0.50/$1.00 USD) - 2025/01/16 6:52:03 WET [2025/01/16 1:52:03 ET]
Table 'Ausonia' 6-max Seat #6 is the button
Seat 1: CashfishT ($101.86 in chips) 
Seat 2: Timonessb ($165.11 in chips) 
Seat 3: CMX1998 ($39.52 in chips) 
Seat 4: Poker9803 ($100 in chips) 
Seat 5: steelNike ($125.58 in chips) 
Seat 6: uuzka ($109.62 in chips) 
CashfishT: posts small blind $0.50
Timonessb: posts big blind $1
*** HOLE CARDS ***
CMX1998: calls $1
Poker9803: folds 
steelNike: folds 
uuzka: folds 
CashfishT: folds 
Timonessb: checks 
*** FLOP *** [2d 3c 5h]
Timonessb: checks 
CMX1998: checks 
*** TURN *** [2d 3c 5h] [Tc]
Timonessb: bets $2
CMX1998: calls $2
*** RIVER *** [2d 3c 5h Tc] [Jh]
Timonessb: bets $3.15
CMX1998: calls $3.15
*** SHOW DOWN ***
Timonessb: shows [Ts 9d] (a pair of Tens)
CMX1998: shows [6h Jd] (a pair of Jacks)
CMX1998 collected $12.16 from pot
*** SUMMARY ***
Total pot $12.80 | Rake $0.64 
Board [2d 3c 5h Tc Jh]
Seat 1: CashfishT (small blind) folded before Flop
Seat 2: Timonessb (big blind) showed [Ts 9d] and lost with a pair of Tens
Seat 3: CMX1998 showed [6h Jd] and won ($12.16) with a pair of Jacks
Seat 4: Poker9803 folded before Flop (didn't bet)
Seat 5: steelNike folded before Flop (didn't bet)
Seat 6: uuzka (button) folded before Flop (didn't bet)



PokerStars Hand #254394901019:  Hold'em No Limit ($0.50/$1.00 USD) - 2025/01/16 6:52:34 WET [2025/01/16 1:52:34 ET]
Table 'Ausonia' 6-max Seat #1 is the button
Seat 1: CashfishT ($101.36 in chips) 
Seat 2: Timonessb ($158.96 in chips) 
Seat 3: CMX1998 ($45.53 in chips) 
Seat 4: Poker9803 ($100 in chips) 
Seat 5: steelNike ($125.58 in chips) 
Seat 6: uuzka ($109.62 in chips) 
Timonessb: posts small blind $0.50
CMX1998: posts big blind $1
*** HOLE CARDS ***
Poker9803: folds 
steelNike: folds 
uuzka: raises $1.50 to $2.50
CashfishT: folds 
Timonessb: folds 
CMX1998: calls $1.50
*** FLOP *** [Qh Jd Jc]
CMX1998: checks 
uuzka: bets $1.51
CMX1998: calls $1.51
*** TURN *** [Qh Jd Jc] [6c]
CMX1998: checks 
uuzka: checks 
*** RIVER *** [Qh Jd Jc 6c] [2d]
CMX1998: checks 
uuzka: checks 
*** SHOW DOWN ***
CMX1998: shows [8h As] (a pair of Jacks)
uuzka: shows [5h 5s] (two pair, Jacks and Fives)
uuzka collected $8.09 from pot
*** SUMMARY ***
Total pot $8.52 | Rake $0.43 
Board [Qh Jd Jc 6c 2d]
Seat 1: CashfishT (button) folded before Flop (didn't bet)
Seat 2: Timonessb (small blind) folded before Flop
Seat 3: CMX1998 (big blind) showed [8h As] and lost with a pair of Jacks
Seat 4: Poker9803 folded before Flop (didn't bet)
Seat 5: steelNike folded before Flop (didn't bet)
Seat 6: uuzka showed [5h 5s] and won ($8.09) with two pair, Jacks and Fives



PokerStars Hand #254394905606:  Hold'em No Limit ($0.50/$1.00 USD) - 2025/01/16 6:53:37 WET [2025/01/16 1:53:37 ET]
Table 'Ausonia' 6-max Seat #2 is the button
Seat 1: CashfishT ($101.36 in chips) 
Seat 2: Timonessb ($158.46 in chips) 
Seat 3: CMX1998 ($41.52 in chips) 
Seat 4: Poker9803 ($100 in chips) 
Seat 5: steelNike ($125.58 in chips) 
Seat 6: uuzka ($113.70 in chips) 
CMX1998: posts small blind $0.50
Poker9803: posts big blind $1
*** HOLE CARDS ***
steelNike: folds 
uuzka: folds 
CashfishT: folds 
Timonessb: raises $1.50 to $2.50
CMX1998: calls $2
Poker9803: raises $12.50 to $15
Timonessb: folds 
CMX1998: calls $12.50
*** FLOP *** [4s Qd Kd]
CMX1998: checks 
Poker9803: bets $10.19
CMX1998: calls $10.19
*** TURN *** [4s Qd Kd] [Qh]
CMX1998: checks 
Poker9803: bets $16.63
CMX1998: folds 
Uncalled bet ($16.63) returned to Poker9803
Poker9803 collected $50.38 from pot
Poker9803: doesn't show hand 
*** SUMMARY ***
Total pot $52.88 | Rake $2.50 
Board [4s Qd Kd Qh]
Seat 1: CashfishT folded before Flop (didn't bet)
Seat 2: Timonessb (button) folded before Flop
Seat 3: CMX1998 (small blind) folded on the Turn
Seat 4: Poker9803 (big blind) collected ($50.38)
Seat 5: steelNike folded before Flop (didn't bet)
Seat 6: uuzka folded before Flop (didn't bet)



PokerStars Hand #254394909786:  Hold'em No Limit ($0.50/$1.00 USD) - 2025/01/16 6:54:34 WET [2025/01/16 1:54:34 ET]
Table 'Ausonia' 6-max Seat #3 is the button
Seat 1: CashfishT ($101.36 in chips) 
Seat 2: Timonessb ($155.96 in chips) 
Seat 3: CMX1998 ($16.33 in chips) 
Seat 4: Poker9803 ($125.19 in chips) 
Seat 5: steelNike ($125.58 in chips) 
Seat 6: uuzka ($113.70 in chips) 
Poker9803: posts small blind $0.50
steelNike: posts big blind $1
*** HOLE CARDS ***
uuzka: folds 
CashfishT: raises $1.20 to $2.20
Timonessb: folds 
CMX1998: calls $2.20
Poker9803: folds 
steelNike: folds 
*** FLOP *** [7c 4h Ac]
CashfishT: bets $1.85
CMX1998: calls $1.85
*** TURN *** [7c 4h Ac] [Ts]
CashfishT: checks 
CMX1998: checks 
*** RIVER *** [7c 4h Ac Ts] [7s]
CashfishT: checks 
CMX1998: bets $12.28 and is all-in
CashfishT: folds 
Uncalled bet ($12.28) returned to CMX1998
CMX1998 collected $9.12 from pot
*** SUMMARY ***
Total pot $9.60 | Rake $0.48 
Board [7c 4h Ac Ts 7s]
Seat 1: CashfishT folded on the River
Seat 2: Timonessb folded before Flop (didn't bet)
Seat 3: CMX1998 (button) collected ($9.12)
Seat 4: Poker9803 (small blind) folded before Flop
Seat 5: steelNike (big blind) folded before Flop
Seat 6: uuzka folded before Flop (didn't bet)



PokerStars Hand #254394913577:  Hold'em No Limit ($0.50/$1.00 USD) - 2025/01/16 6:55:30 WET [2025/01/16 1:55:30 ET]
Table 'Ausonia' 6-max Seat #4 is the button
Seat 1: CashfishT ($100 in chips) 
Seat 2: Timonessb ($155.96 in chips) 
Seat 3: CMX1998 ($21.40 in chips) 
Seat 4: Poker9803 ($124.69 in chips) 
Seat 5: steelNike ($124.58 in chips) 
Seat 6: uuzka ($113.70 in chips) 
steelNike: posts small blind $0.50
uuzka: posts big blind $1
*** HOLE CARDS ***
CashfishT: folds 
Timonessb: folds 
CMX1998: calls $1
Poker9803: folds 
steelNike: folds 
uuzka: checks 
*** FLOP *** [4s 2h 9d]
uuzka: checks 
CMX1998: checks 
*** TURN *** [4s 2h 9d] [Js]
uuzka: checks 
CMX1998: checks 
*** RIVER *** [4s 2h 9d Js] [Ac]
uuzka: checks 
CMX1998: bets $4
uuzka: folds 
Uncalled bet ($4) returned to CMX1998
CMX1998 collected $2.38 from pot
*** SUMMARY ***
Total pot $2.50 | Rake $0.12 
Board [4s 2h 9d Js Ac]
Seat 1: CashfishT folded before Flop (didn't bet)
Seat 2: Timonessb folded before Flop (didn't bet)
Seat 3: CMX1998 collected ($2.38)
Seat 4: Poker9803 (button) folded before Flop (didn't bet)
Seat 5: steelNike (small blind) folded before Flop
Seat 6: uuzka (big blind) folded on the River



PokerStars Hand #254394915690:  Hold'em No Limit ($0.50/$1.00 USD) - 2025/01/16 6:56:03 WET [2025/01/16 1:56:03 ET]
Table 'Ausonia' 6-max Seat #5 is the button
Seat 1: CashfishT ($100 in chips) 
Seat 2: Timonessb ($155.96 in chips) 
Seat 3: CMX1998 ($22.78 in chips) 
Seat 4: Poker9803 ($124.69 in chips) 
Seat 5: steelNike ($124.08 in chips) 
Seat 6: uuzka ($112.70 in chips) 
uuzka: posts small blind $0.50
CashfishT: posts big blind $1
*** HOLE CARDS ***
Timonessb: folds 
CMX1998: calls $1
Poker9803: folds 
steelNike: folds 
uuzka: raises $4 to $5
CashfishT: folds 
CMX1998: calls $4
*** FLOP *** [2c 4c 5h]
uuzka: checks 
CMX1998: checks 
*** TURN *** [2c 4c 5h] [4s]
uuzka: checks 
CMX1998: checks 
*** RIVER *** [2c 4c 5h 4s] [2d]
uuzka: checks 
CMX1998: bets $7
uuzka: calls $7
*** SHOW DOWN ***
CMX1998: shows [Ah 8c] (two pair, Fours and Deuces)
uuzka: shows [9s Ad] (two pair, Fours and Deuces)
uuzka collected $11.88 from pot
CMX1998 collected $11.87 from pot
*** SUMMARY ***
Total pot $25 | Rake $1.25 
Board [2c 4c 5h 4s 2d]
Seat 1: CashfishT (big blind) folded before Flop
Seat 2: Timonessb folded before Flop (didn't bet)
Seat 3: CMX1998 showed [Ah 8c] and won ($11.87) with two pair, Fours and Deuces
Seat 4: Poker9803 folded before Flop (didn't bet)
Seat 5: steelNike (button) folded before Flop (didn't bet)
Seat 6: uuzka (small blind) showed [9s Ad] and won ($11.88) with two pair, Fours and Deuces



PokerStars Hand #254394918338:  Hold'em No Limit ($0.50/$1.00 USD) - 2025/01/16 6:56:45 WET [2025/01/16 1:56:45 ET]
Table 'Ausonia' 6-max Seat #6 is the button
Seat 1: CashfishT ($100 in chips) 
Seat 2: Timonessb ($155.96 in chips) 
Seat 3: CMX1998 ($22.65 in chips) 
Seat 4: Poker9803 ($124.69 in chips) 
Seat 5: steelNike ($124.08 in chips) 
Seat 6: uuzka ($112.58 in chips) 
CashfishT: posts small blind $0.50
Timonessb: posts big blind $1
*** HOLE CARDS ***
CMX1998: calls $1
Poker9803: folds 
steelNike: folds 
uuzka: folds 
CashfishT: folds 
Timonessb: checks 
*** FLOP *** [2d 7s Js]
Timonessb: checks 
CMX1998: checks 
*** TURN *** [2d 7s Js] [4c]
Timonessb: bets $1.50
CMX1998: calls $1.50
*** RIVER *** [2d 7s Js 4c] [Th]
Timonessb: bets $3.50
CMX1998: raises $3.50 to $7
Timonessb: folds 
Uncalled bet ($3.50) returned to CMX1998
CMX1998 collected $11.88 from pot
*** SUMMARY ***
Total pot $12.50 | Rake $0.62 
Board [2d 7s Js 4c Th]
Seat 1: CashfishT (small blind) folded before Flop
Seat 2: Timonessb (big blind) folded on the River
Seat 3: CMX1998 collected ($11.88)
Seat 4: Poker9803 folded before Flop (didn't bet)
Seat 5: steelNike folded before Flop (didn't bet)
Seat 6: uuzka (button) folded before Flop (didn't bet)



PokerStars Hand #254394920941:  Hold'em No Limit ($0.50/$1.00 USD) - 2025/01/16 6:57:27 WET [2025/01/16 1:57:27 ET]
Table 'Ausonia' 6-max Seat #1 is the button
Seat 1: CashfishT ($100 in chips) 
Seat 2: Timonessb ($149.96 in chips) 
Seat 3: CMX1998 ($28.53 in chips) 
Seat 4: Poker9803 ($124.69 in chips) 
Seat 5: steelNike ($124.08 in chips) 
Seat 6: uuzka ($112.58 in chips) 
Timonessb: posts small blind $0.50
CMX1998: posts big blind $1
*** HOLE CARDS ***
Poker9803: folds 
steelNike: folds 
uuzka: folds 
CashfishT: folds 
Timonessb: folds 
Uncalled bet ($0.50) returned to CMX1998
CMX1998 collected $1 from pot
*** SUMMARY ***
Total pot $1 | Rake $0 
Seat 1: CashfishT (button) folded before Flop (didn't bet)
Seat 2: Timonessb (small blind) folded before Flop
Seat 3: CMX1998 (big blind) collected ($1)
Seat 4: Poker9803 folded before Flop (didn't bet)
Seat 5: steelNike folded before Flop (didn't bet)
Seat 6: uuzka folded before Flop (didn't bet)



PokerStars Hand #254394921925:  Hold'em No Limit ($0.50/$1.00 USD) - 2025/01/16 6:57:42 WET [2025/01/16 1:57:42 ET]
Table 'Ausonia' 6-max Seat #2 is the button
Seat 1: CashfishT ($100 in chips) 
Seat 2: Timonessb ($149.46 in chips) 
Seat 3: CMX1998 ($29.03 in chips) 
Seat 4: Poker9803 ($124.69 in chips) 
Seat 5: steelNike ($124.08 in chips) 
Seat 6: uuzka ($112.58 in chips) 
CMX1998: posts small blind $0.50
Poker9803: posts big blind $1
*** HOLE CARDS ***
steelNike: folds 
uuzka: folds 
CashfishT: folds 
Timonessb: folds 
CMX1998: folds 
Uncalled bet ($0.50) returned to Poker9803
Poker9803 collected $1 from pot
Poker9803: doesn't show hand 
*** SUMMARY ***
Total pot $1 | Rake $0 
Seat 1: CashfishT folded before Flop (didn't bet)
Seat 2: Timonessb (button) folded before Flop (didn't bet)
Seat 3: CMX1998 (small blind) folded before Flop
Seat 4: Poker9803 (big blind) collected ($1)
Seat 5: steelNike folded before Flop (didn't bet)
Seat 6: uuzka folded before Flop (didn't bet)



PokerStars Hand #254394922661:  Hold'em No Limit ($0.50/$1.00 USD) - 2025/01/16 6:57:54 WET [2025/01/16 1:57:54 ET]
Table 'Ausonia' 6-max Seat #3 is the button
Seat 1: CashfishT ($100 in chips) 
Seat 2: Timonessb ($149.46 in chips) 
Seat 3: CMX1998 ($28.53 in chips) 
Seat 4: Poker9803 ($125.19 in chips) 
Seat 5: steelNike ($124.08 in chips) 
Seat 6: uuzka ($112.58 in chips) 
Poker9803: posts small blind $0.50
steelNike: posts big blind $1
*** HOLE CARDS ***
uuzka: folds 
CashfishT: raises $1.20 to $2.20
Timonessb: folds 
CMX1998: calls $2.20
Poker9803: folds 
steelNike: folds 
*** FLOP *** [Qs Kd 7s]
CashfishT: bets $4
CMX1998: folds 
Uncalled bet ($4) returned to CashfishT
CashfishT collected $5.60 from pot
CashfishT: doesn't show hand 
*** SUMMARY ***
Total pot $5.90 | Rake $0.30 
Board [Qs Kd 7s]
Seat 1: CashfishT collected ($5.60)
Seat 2: Timonessb folded before Flop (didn't bet)
Seat 3: CMX1998 (button) folded on the Flop
Seat 4: Poker9803 (small blind) folded before Flop
Seat 5: steelNike (big blind) folded before Flop
Seat 6: uuzka folded before Flop (didn't bet)



PokerStars Hand #254394924345:  Hold'em No Limit ($0.50/$1.00 USD) - 2025/01/16 6:58:20 WET [2025/01/16 1:58:20 ET]
Table 'Ausonia' 6-max Seat #4 is the button
Seat 1: CashfishT ($103.40 in chips) 
Seat 2: Timonessb ($149.46 in chips) 
Seat 3: CMX1998 ($26.33 in chips) 
Seat 4: Poker9803 ($124.69 in chips) 
Seat 5: steelNike ($123.08 in chips) 
Seat 6: uuzka ($112.58 in chips) 
steelNike: posts small blind $0.50
uuzka: posts big blind $1
*** HOLE CARDS ***
CashfishT: folds 
Timonessb: folds 
CMX1998: calls $1
Poker9803: folds 
steelNike: calls $0.50
uuzka: checks 
*** FLOP *** [8s 3h 9d]
steelNike: checks 
uuzka: bets $1.91
CMX1998: calls $1.91
steelNike: folds 
*** TURN *** [8s 3h 9d] [Jc]
uuzka: bets $4.32
CMX1998: folds 
Uncalled bet ($4.32) returned to uuzka
uuzka collected $6.48 from pot
uuzka: doesn't show hand 
*** SUMMARY ***
Total pot $6.82 | Rake $0.34 
Board [8s 3h 9d Jc]
Seat 1: CashfishT folded before Flop (didn't bet)
Seat 2: Timonessb folded before Flop (didn't bet)
Seat 3: CMX1998 folded on the Turn
Seat 4: Poker9803 (button) folded before Flop (didn't bet)
Seat 5: steelNike (small blind) folded on the Flop
Seat 6: uuzka (big blind) collected ($6.48)



PokerStars Hand #254394926696:  Hold'em No Limit ($0.50/$1.00 USD) - 2025/01/16 6:58:58 WET [2025/01/16 1:58:58 ET]
Table 'Ausonia' 6-max Seat #5 is the button
Seat 1: CashfishT ($103.40 in chips) 
Seat 2: Timonessb ($149.46 in chips) 
Seat 3: CMX1998 ($23.42 in chips) 
Seat 4: Poker9803 ($124.69 in chips) 
Seat 5: steelNike ($122.08 in chips) 
Seat 6: uuzka ($116.15 in chips) 
uuzka: posts small blind $0.50
CashfishT: posts big blind $1
*** HOLE CARDS ***
Timonessb: raises $1.50 to $2.50
CMX1998: calls $2.50
Poker9803: folds 
steelNike: folds 
uuzka: folds 
CashfishT: calls $1.50
*** FLOP *** [9h 2d Qc]
CashfishT: checks 
Timonessb: bets $2.51
CMX1998: folds 
CashfishT: raises $9.47 to $11.98
Timonessb: calls $9.47
*** TURN *** [9h 2d Qc] [5c]
CashfishT: bets $30.36
Timonessb: calls $30.36
*** RIVER *** [9h 2d Qc 5c] [9c]
CashfishT: checks 
Timonessb: bets $104.62 and is all-in
CashfishT: folds 
Uncalled bet ($104.62) returned to Timonessb
Timonessb collected $90.18 from pot
Timonessb: doesn't show hand 
*** SUMMARY ***
Total pot $92.68 | Rake $2.50 
Board [9h 2d Qc 5c 9c]
Seat 1: CashfishT (big blind) folded on the River
Seat 2: Timonessb collected ($90.18)
Seat 3: CMX1998 folded on the Flop
Seat 4: Poker9803 folded before Flop (didn't bet)
Seat 5: steelNike (button) folded before Flop (didn't bet)
Seat 6: uuzka (small blind) folded before Flop



PokerStars Hand #254394933270:  Hold'em No Limit ($0.50/$1.00 USD) - 2025/01/16 7:00:41 WET [2025/01/16 2:00:41 ET]
Table 'Ausonia' 6-max Seat #6 is the button
Seat 1: CashfishT ($100 in chips) 
Seat 2: Timonessb ($194.80 in chips) 
Seat 3: CMX1998 ($20.92 in chips) 
Seat 4: Poker9803 ($124.69 in chips) 
Seat 5: steelNike ($122.08 in chips) 
Seat 6: uuzka ($115.65 in chips) 
CashfishT: posts small blind $0.50
Timonessb: posts big blind $1
*** HOLE CARDS ***
CMX1998: calls $1
Poker9803: folds 
steelNike: raises $6 to $7
uuzka: folds 
CashfishT: folds 
Timonessb: folds 
CMX1998: calls $6
*** FLOP *** [Jd 9h Th]
CMX1998: checks 
steelNike: bets $6.50
CMX1998: raises $7.42 to $13.92 and is all-in
steelNike: calls $7.42
*** TURN *** [Jd 9h Th] [Qd]
*** RIVER *** [Jd 9h Th Qd] [8d]
*** SHOW DOWN ***
CMX1998: shows [Ts Ad] (a straight, Eight to Queen)
steelNike: shows [Jc Kc] (a straight, Nine to King)
steelNike collected $41.17 from pot
*** SUMMARY ***
Total pot $43.34 | Rake $2.17 
Board [Jd 9h Th Qd 8d]
Seat 1: CashfishT (small blind) folded before Flop
Seat 2: Timonessb (big blind) folded before Flop
Seat 3: CMX1998 showed [Ts Ad] and lost with a straight, Eight to Queen
Seat 4: Poker9803 folded before Flop (didn't bet)
Seat 5: steelNike showed [Jc Kc] and won ($41.17) with a straight, Nine to King
Seat 6: uuzka (button) folded before Flop (didn't bet)



PokerStars Hand #254394936739:  Hold'em No Limit ($0.50/$1.00 USD) - 2025/01/16 7:01:30 WET [2025/01/16 2:01:30 ET]
Table 'Ausonia' 6-max Seat #1 is the button
Seat 3: CMX1998 ($0 in chips) is sitting out
Seat 1: CashfishT ($100 in chips) 
Seat 2: Timonessb ($193.80 in chips) 
Seat 4: Poker9803 ($124.69 in chips) 
Seat 5: steelNike ($142.33 in chips) 
Seat 6: uuzka ($115.65 in chips) 
Timonessb: posts small blind $0.50
Poker9803: posts big blind $1
*** HOLE CARDS ***
CMX1998 is disconnected 
steelNike: folds 
uuzka: folds 
CashfishT: folds 
Timonessb: raises $2 to $3
Poker9803: calls $2
*** FLOP *** [6c 3h 4h]
Timonessb: checks 
Poker9803: bets $4.28
Timonessb: calls $4.28
*** TURN *** [6c 3h 4h] [9d]
Timonessb: checks 
Poker9803: checks 
*** RIVER *** [6c 3h 4h 9d] [As]
Timonessb: checks 
Poker9803: checks 
*** SHOW DOWN ***
Timonessb: shows [Ac 5s] (a pair of Aces)
Poker9803: mucks hand 
Timonessb collected $13.83 from pot
*** SUMMARY ***
Total pot $14.56 | Rake $0.73 
Board [6c 3h 4h 9d As]
Seat 3: CMX1998
Seat 1: CashfishT (button) folded before Flop (didn't bet)
Seat 2: Timonessb (small blind) showed [Ac 5s] and won ($13.83) with a pair of Aces
Seat 4: Poker9803 (big blind) mucked
Seat 5: steelNike folded before Flop (didn't bet)
Seat 6: uuzka folded before Flop (didn't bet)



PokerStars Hand #254394942283:  Hold'em No Limit ($0.50/$1.00 USD) - 2025/01/16 7:02:47 WET [2025/01/16 2:02:47 ET]
Table 'Ausonia' 6-max Seat #2 is the button
Seat 3: CMX1998 ($0 in chips) is sitting out
Seat 5: steelNike ($142.33 in chips) is sitting out
Seat 1: CashfishT ($100 in chips) 
Seat 2: Timonessb ($200.35 in chips) 
Seat 4: Poker9803 ($117.41 in chips) 
Seat 6: uuzka ($115.65 in chips) 
Poker9803: posts small blind $0.50
steelNike: is sitting out 
uuzka: posts big blind $1
*** HOLE CARDS ***
steelNike leaves the table
CashfishT: folds 
Timonessb: folds 
Poker9803: folds 
Uncalled bet ($0.50) returned to uuzka
uuzka collected $1 from pot
uuzka: doesn't show hand 
*** SUMMARY ***
Total pot $1 | Rake $0 
Seat 3: CMX1998
Seat 5: steelNike
Seat 1: CashfishT folded before Flop (didn't bet)
Seat 2: Timonessb (button) folded before Flop (didn't bet)
Seat 4: Poker9803 (small blind) folded before Flop
Seat 6: uuzka (big blind) collected ($1)



PokerStars Hand #254394943023:  Hold'em No Limit ($0.50/$1.00 USD) - 2025/01/16 7:02:57 WET [2025/01/16 2:02:57 ET]
Table 'Ausonia' 6-max Seat #4 is the button
Seat 3: CMX1998 ($0 in chips) is sitting out
Seat 1: CashfishT ($100 in chips) 
Seat 2: Timonessb ($200.35 in chips) 
Seat 4: Poker9803 ($116.91 in chips) 
Seat 6: uuzka ($116.15 in chips) 
uuzka: posts small blind $0.50
CashfishT: posts big blind $1
*** HOLE CARDS ***
Timonessb: folds 
Poker9803: raises $1.50 to $2.50
uuzka: folds 
CMX1998 is disconnected 
CashfishT: folds 
Uncalled bet ($1.50) returned to Poker9803
Poker9803 collected $2.50 from pot
Poker9803: doesn't show hand 
*** SUMMARY ***
Total pot $2.50 | Rake $0 
Seat 3: CMX1998
Seat 1: CashfishT (big blind) folded before Flop
Seat 2: Timonessb folded before Flop (didn't bet)
Seat 4: Poker9803 (button) collected ($2.50)
Seat 6: uuzka (small blind) folded before Flop



PokerStars Hand #254394944059:  Hold'em No Limit ($0.50/$1.00 USD) - 2025/01/16 7:03:11 WET [2025/01/16 2:03:11 ET]
Table 'Ausonia' 6-max Seat #6 is the button
Seat 2: Timonessb ($200.35 in chips) is sitting out
Seat 3: CMX1998 ($0 in chips) is sitting out
Seat 1: CashfishT ($100 in chips) 
Seat 4: Poker9803 ($118.41 in chips) 
Seat 6: uuzka ($115.65 in chips) 
CashfishT: posts small blind $0.50
Timonessb: is sitting out 
Poker9803: posts big blind $1
*** HOLE CARDS ***
Timonessb leaves the table
uuzka: folds 
uuzka leaves the table
CashfishT: folds 
Uncalled bet ($0.50) returned to Poker9803
Poker9803 collected $1 from pot
Poker9803: doesn't show hand 
*** SUMMARY ***
Total pot $1 | Rake $0 
Seat 2: Timonessb
Seat 3: CMX1998
Seat 1: CashfishT (small blind) folded before Flop
Seat 4: Poker9803 (big blind) collected ($1)
Seat 6: uuzka (button) folded before Flop (didn't bet)



PokerStars Hand #254394945019:  Hold'em No Limit ($0.50/$1.00 USD) - 2025/01/16 7:03:24 WET [2025/01/16 2:03:24 ET]
Table 'Ausonia' 6-max Seat #4 is the button
Seat 3: CMX1998 ($0 in chips) is sitting out
Seat 1: CashfishT ($100 in chips) 
Seat 4: Poker9803 ($118.91 in chips) 
Poker9803: posts small blind $0.50
CashfishT: posts big blind $1
*** HOLE CARDS ***
Poker9803: folds 
Uncalled bet ($0.50) returned to CashfishT
CashfishT collected $1 from pot
CashfishT: doesn't show hand 
*** SUMMARY ***
Total pot $1 | Rake $0 
Seat 3: CMX1998
Seat 1: CashfishT (big blind) collected ($1)
Seat 4: Poker9803 (button) (small blind) folded before Flop



PokerStars Hand #254394547884:  Hold'em No Limit ($0.50/$1.00 USD) - 2025/01/16 5:34:53 WET [2025/01/16 0:34:53 ET]
Table 'Ausonia' 6-max Seat #3 is the button
Seat 1: Lipexxx ($48.98 in chips) 
Seat 2: Melenya ($100 in chips) 
Seat 3: Freebet1 ($49.58 in chips) 
Seat 4: steelNike ($57.40 in chips) 
Seat 5: MaRKiToScoK ($100 in chips) 
Seat 6: ponchua ($100 in chips) 
steelNike: posts small blind $0.50
MaRKiToScoK: posts big blind $1
*** HOLE CARDS ***
ponchua: folds 
Lipexxx: folds 
Melenya: folds 
Freebet1: raises $1 to $2
steelNike: folds 
MaRKiToScoK: calls $1
*** FLOP *** [Jh 5s Ad]
MaRKiToScoK: checks 
Freebet1: checks 
*** TURN *** [Jh 5s Ad] [Qs]
MaRKiToScoK: checks 
Freebet1: bets $1
MaRKiToScoK: folds 
Uncalled bet ($1) returned to Freebet1
Freebet1 collected $4.28 from pot
*** SUMMARY ***
Total pot $4.50 | Rake $0.22 
Board [Jh 5s Ad Qs]
Seat 1: Lipexxx folded before Flop (didn't bet)
Seat 2: Melenya folded before Flop (didn't bet)
Seat 3: Freebet1 (button) collected ($4.28)
Seat 4: steelNike (small blind) folded before Flop
Seat 5: MaRKiToScoK (big blind) folded on the Turn
Seat 6: ponchua folded before Flop (didn't bet)



PokerStars Hand #254394549779:  Hold'em No Limit ($0.50/$1.00 USD) - 2025/01/16 5:35:16 WET [2025/01/16 0:35:16 ET]
Table 'Ausonia' 6-max Seat #4 is the button
Seat 1: Lipexxx ($48.98 in chips) 
Seat 2: Melenya ($100 in chips) 
Seat 3: Freebet1 ($51.86 in chips) 
Seat 4: steelNike ($56.90 in chips) 
Seat 5: MaRKiToScoK ($100 in chips) 
Seat 6: ponchua ($100 in chips) 
MaRKiToScoK: posts small blind $0.50
ponchua: posts big blind $1
*** HOLE CARDS ***
Lipexxx: folds 
Melenya: raises $1 to $2
Freebet1: folds 
steelNike: folds 
MaRKiToScoK: folds 
ponchua: folds 
Uncalled bet ($1) returned to Melenya
Melenya collected $2.50 from pot
Melenya: doesn't show hand 
*** SUMMARY ***
Total pot $2.50 | Rake $0 
Seat 1: Lipexxx folded before Flop (didn't bet)
Seat 2: Melenya collected ($2.50)
Seat 3: Freebet1 folded before Flop (didn't bet)
Seat 4: steelNike (button) folded before Flop (didn't bet)
Seat 5: MaRKiToScoK (small blind) folded before Flop
Seat 6: ponchua (big blind) folded before Flop



PokerStars Hand #254394551522:  Hold'em No Limit ($0.50/$1.00 USD) - 2025/01/16 5:35:37 WET [2025/01/16 0:35:37 ET]
Table 'Ausonia' 6-max Seat #5 is the button
Seat 1: Lipexxx ($48.98 in chips) 
Seat 2: Melenya ($101.50 in chips) 
Seat 3: Freebet1 ($51.86 in chips) 
Seat 4: steelNike ($56.90 in chips) 
Seat 5: MaRKiToScoK ($100 in chips) 
Seat 6: ponchua ($100 in chips) 
ponchua: posts small blind $0.50
Lipexxx: posts big blind $1
*** HOLE CARDS ***
Melenya: folds 
Freebet1: folds 
steelNike: folds 
MaRKiToScoK: raises $1.50 to $2.50
ponchua: folds 
Lipexxx: folds 
Uncalled bet ($1.50) returned to MaRKiToScoK
MaRKiToScoK collected $2.50 from pot
*** SUMMARY ***
Total pot $2.50 | Rake $0 
Seat 1: Lipexxx (big blind) folded before Flop
Seat 2: Melenya folded before Flop (didn't bet)
Seat 3: Freebet1 folded before Flop (didn't bet)
Seat 4: steelNike folded before Flop (didn't bet)
Seat 5: MaRKiToScoK (button) collected ($2.50)
Seat 6: ponchua (small blind) folded before Flop



PokerStars Hand #254394553557:  Hold'em No Limit ($0.50/$1.00 USD) - 2025/01/16 5:36:02 WET [2025/01/16 0:36:02 ET]
Table 'Ausonia' 6-max Seat #6 is the button
Seat 1: Lipexxx ($47.98 in chips) 
Seat 2: Melenya ($101.50 in chips) 
Seat 3: Freebet1 ($51.86 in chips) 
Seat 4: steelNike ($56.90 in chips) 
Seat 5: MaRKiToScoK ($101.50 in chips) 
Seat 6: ponchua ($100 in chips) 
Lipexxx: posts small blind $0.50
Melenya: posts big blind $1
*** HOLE CARDS ***
Freebet1: raises $1 to $2
steelNike: folds 
MaRKiToScoK: raises $4 to $6
ponchua: folds 
Lipexxx: folds 
Melenya: folds 
Freebet1: calls $4
*** FLOP *** [6c 2c 2h]
Freebet1: checks 
MaRKiToScoK: checks 
*** TURN *** [6c 2c 2h] [2d]
Freebet1: bets $3
MaRKiToScoK: calls $3
*** RIVER *** [6c 2c 2h 2d] [Ad]
Freebet1: bets $18.52
MaRKiToScoK: folds 
Uncalled bet ($18.52) returned to Freebet1
Freebet1 collected $18.52 from pot
*** SUMMARY ***
Total pot $19.50 | Rake $0.98 
Board [6c 2c 2h 2d Ad]
Seat 1: Lipexxx (small blind) folded before Flop
Seat 2: Melenya (big blind) folded before Flop
Seat 3: Freebet1 collected ($18.52)
Seat 4: steelNike folded before Flop (didn't bet)
Seat 5: MaRKiToScoK folded on the River
Seat 6: ponchua (button) folded before Flop (didn't bet)



PokerStars Hand #254394556678:  Hold'em No Limit ($0.50/$1.00 USD) - 2025/01/16 5:36:40 WET [2025/01/16 0:36:40 ET]
Table 'Ausonia' 6-max Seat #1 is the button
Seat 1: Lipexxx ($47.48 in chips) 
Seat 2: Melenya ($100.50 in chips) 
Seat 3: Freebet1 ($61.38 in chips) 
Seat 4: steelNike ($56.90 in chips) 
Seat 5: MaRKiToScoK ($100 in chips) 
Seat 6: ponchua ($100 in chips) 
Melenya: posts small blind $0.50
Freebet1: posts big blind $1
*** HOLE CARDS ***
steelNike: folds 
MaRKiToScoK: raises $1 to $2
ponchua: folds 
Lipexxx: folds 
Melenya: calls $1.50
Freebet1: calls $1
*** FLOP *** [7s Td Tc]
Melenya: checks 
Freebet1: checks 
MaRKiToScoK: checks 
*** TURN *** [7s Td Tc] [4h]
Melenya has timed out
Melenya: checks 
Freebet1: checks 
MaRKiToScoK: bets $1.50
Melenya: folds 
Freebet1: folds 
Uncalled bet ($1.50) returned to MaRKiToScoK
MaRKiToScoK collected $5.70 from pot
MaRKiToScoK: shows [4d]
*** SUMMARY ***
Total pot $6 | Rake $0.30 
Board [7s Td Tc 4h]
Seat 1: Lipexxx (button) folded before Flop (didn't bet)
Seat 2: Melenya (small blind) folded on the Turn
Seat 3: Freebet1 (big blind) folded on the Turn
Seat 4: steelNike folded before Flop (didn't bet)
Seat 5: MaRKiToScoK collected ($5.70)
Seat 6: ponchua folded before Flop (didn't bet)



PokerStars Hand #254394566747:  Hold'em No Limit ($0.50/$1.00 USD) - 2025/01/16 5:38:41 WET [2025/01/16 0:38:41 ET]
Table 'Ausonia' 6-max Seat #2 is the button
Seat 1: Lipexxx ($47.48 in chips) 
Seat 2: Melenya ($100 in chips) 
Seat 3: Freebet1 ($59.38 in chips) 
Seat 4: steelNike ($56.90 in chips) 
Seat 5: MaRKiToScoK ($103.70 in chips) 
Seat 6: ponchua ($100 in chips) 
Freebet1: posts small blind $0.50
steelNike: posts big blind $1
*** HOLE CARDS ***
MaRKiToScoK: folds 
ponchua: folds 
Lipexxx: raises $2 to $3
Melenya: folds 
Freebet1: calls $2.50
steelNike: folds 
*** FLOP *** [5d 4d Js]
Freebet1: checks 
Lipexxx: bets $5
Freebet1: folds 
Uncalled bet ($5) returned to Lipexxx
Lipexxx collected $6.65 from pot
*** SUMMARY ***
Total pot $7 | Rake $0.35 
Board [5d 4d Js]
Seat 1: Lipexxx collected ($6.65)
Seat 2: Melenya (button) folded before Flop (didn't bet)
Seat 3: Freebet1 (small blind) folded on the Flop
Seat 4: steelNike (big blind) folded before Flop
Seat 5: MaRKiToScoK folded before Flop (didn't bet)
Seat 6: ponchua folded before Flop (didn't bet)



PokerStars Hand #254394569108:  Hold'em No Limit ($0.50/$1.00 USD) - 2025/01/16 5:39:09 WET [2025/01/16 0:39:09 ET]
Table 'Ausonia' 6-max Seat #3 is the button
Seat 1: Lipexxx ($51.13 in chips) 
Seat 2: Melenya ($100 in chips) 
Seat 3: Freebet1 ($56.38 in chips) 
Seat 4: steelNike ($55.90 in chips) 
Seat 5: MaRKiToScoK ($103.70 in chips) 
Seat 6: ponchua ($100 in chips) 
steelNike: posts small blind $0.50
MaRKiToScoK: posts big blind $1
*** HOLE CARDS ***
ponchua: folds 
Lipexxx: folds 
Melenya: folds 
Freebet1: raises $2 to $3
steelNike: raises $52.90 to $55.90 and is all-in
MaRKiToScoK: folds 
Freebet1: calls $52.90
*** FLOP *** [8s 7d 6c]
*** TURN *** [8s 7d 6c] [Td]
*** RIVER *** [8s 7d 6c Td] [As]
*** SHOW DOWN ***
steelNike: shows [Kd Qc] (high card Ace)
Freebet1: shows [5s 5h] (a pair of Fives)
Freebet1 collected $110.30 from pot
*** SUMMARY ***
Total pot $112.80 | Rake $2.50 
Board [8s 7d 6c Td As]
Seat 1: Lipexxx folded before Flop (didn't bet)
Seat 2: Melenya folded before Flop (didn't bet)
Seat 3: Freebet1 (button) showed [5s 5h] and won ($110.30) with a pair of Fives
Seat 4: steelNike (small blind) showed [Kd Qc] and lost with high card Ace
Seat 5: MaRKiToScoK (big blind) folded before Flop
Seat 6: ponchua folded before Flop (didn't bet)



PokerStars Hand #254394572096:  Hold'em No Limit ($0.50/$1.00 USD) - 2025/01/16 5:39:44 WET [2025/01/16 0:39:44 ET]
Table 'Ausonia' 6-max Seat #4 is the button
Seat 1: Lipexxx ($51.13 in chips) 
Seat 2: Melenya ($100 in chips) 
Seat 3: Freebet1 ($110.78 in chips) 
Seat 4: steelNike ($10 in chips) 
Seat 5: MaRKiToScoK ($102.70 in chips) 
Seat 6: ponchua ($100 in chips) 
MaRKiToScoK: posts small blind $0.50
ponchua: posts big blind $1
*** HOLE CARDS ***
Lipexxx: raises $2 to $3
Melenya: folds 
Freebet1: folds 
steelNike: folds 
MaRKiToScoK: folds 
ponchua: folds 
Uncalled bet ($2) returned to Lipexxx
Lipexxx collected $2.50 from pot
*** SUMMARY ***
Total pot $2.50 | Rake $0 
Seat 1: Lipexxx collected ($2.50)
Seat 2: Melenya folded before Flop (didn't bet)
Seat 3: Freebet1 folded before Flop (didn't bet)
Seat 4: steelNike (button) folded before Flop (didn't bet)
Seat 5: MaRKiToScoK (small blind) folded before Flop
Seat 6: ponchua (big blind) folded before Flop



PokerStars Hand #254394573692:  Hold'em No Limit ($0.50/$1.00 USD) - 2025/01/16 5:40:04 WET [2025/01/16 0:40:04 ET]
Table 'Ausonia' 6-max Seat #5 is the button
Seat 1: Lipexxx ($52.63 in chips) 
Seat 2: Melenya ($100 in chips) 
Seat 3: Freebet1 ($110.78 in chips) 
Seat 4: steelNike ($100 in chips) 
Seat 5: MaRKiToScoK ($102.20 in chips) 
Seat 6: ponchua ($100 in chips) 
ponchua: posts small blind $0.50
Lipexxx: posts big blind $1
*** HOLE CARDS ***
Melenya: folds 
Freebet1: folds 
steelNike: folds 
MaRKiToScoK: raises $1.50 to $2.50
ponchua: folds 
Lipexxx: calls $1.50
*** FLOP *** [4d Ac Th]
Lipexxx: checks 
MaRKiToScoK: checks 
*** TURN *** [4d Ac Th] [Ks]
Lipexxx: checks 
MaRKiToScoK: bets $3.92
Lipexxx: calls $3.92
*** RIVER *** [4d Ac Th Ks] [5s]
Lipexxx: checks 
MaRKiToScoK: bets $4.18
Lipexxx: calls $4.18
*** SHOW DOWN ***
MaRKiToScoK: shows [Ah 7d] (a pair of Aces)
Lipexxx: mucks hand 
MaRKiToScoK collected $20.62 from pot
*** SUMMARY ***
Total pot $21.70 | Rake $1.08 
Board [4d Ac Th Ks 5s]
Seat 1: Lipexxx (big blind) mucked
Seat 2: Melenya folded before Flop (didn't bet)
Seat 3: Freebet1 folded before Flop (didn't bet)
Seat 4: steelNike folded before Flop (didn't bet)
Seat 5: MaRKiToScoK (button) showed [Ah 7d] and won ($20.62) with a pair of Aces
Seat 6: ponchua (small blind) folded before Flop



PokerStars Hand #254394579134:  Hold'em No Limit ($0.50/$1.00 USD) - 2025/01/16 5:41:10 WET [2025/01/16 0:41:10 ET]
Table 'Ausonia' 6-max Seat #6 is the button
Seat 1: Lipexxx ($42.03 in chips) 
Seat 2: Melenya ($100 in chips) 
Seat 3: Freebet1 ($110.78 in chips) 
Seat 4: steelNike ($100 in chips) 
Seat 5: MaRKiToScoK ($112.22 in chips) 
Seat 6: ponchua ($100 in chips) 
Lipexxx: posts small blind $0.50
Melenya: posts big blind $1
*** HOLE CARDS ***
Freebet1: folds 
steelNike: folds 
MaRKiToScoK: folds 
ponchua: folds 
Lipexxx: folds 
Uncalled bet ($0.50) returned to Melenya
Melenya collected $1 from pot
Melenya: doesn't show hand 
*** SUMMARY ***
Total pot $1 | Rake $0 
Seat 1: Lipexxx (small blind) folded before Flop
Seat 2: Melenya (big blind) collected ($1)
Seat 3: Freebet1 folded before Flop (didn't bet)
Seat 4: steelNike folded before Flop (didn't bet)
Seat 5: MaRKiToScoK folded before Flop (didn't bet)
Seat 6: ponchua (button) folded before Flop (didn't bet)



PokerStars Hand #254394580355:  Hold'em No Limit ($0.50/$1.00 USD) - 2025/01/16 5:41:25 WET [2025/01/16 0:41:25 ET]
Table 'Ausonia' 6-max Seat #1 is the button
Seat 1: Lipexxx ($41.53 in chips) 
Seat 2: Melenya ($100.50 in chips) 
Seat 3: Freebet1 ($110.78 in chips) 
Seat 4: steelNike ($100 in chips) 
Seat 5: MaRKiToScoK ($112.22 in chips) 
Seat 6: ponchua ($100 in chips) 
Melenya: posts small blind $0.50
Freebet1: posts big blind $1
*** HOLE CARDS ***
steelNike: folds 
MaRKiToScoK: folds 
ponchua: raises $1.50 to $2.50
Lipexxx: folds 
Melenya: folds 
Freebet1: folds 
Uncalled bet ($1.50) returned to ponchua
ponchua collected $2.50 from pot
ponchua: doesn't show hand 
*** SUMMARY ***
Total pot $2.50 | Rake $0 
Seat 1: Lipexxx (button) folded before Flop (didn't bet)
Seat 2: Melenya (small blind) folded before Flop
Seat 3: Freebet1 (big blind) folded before Flop
Seat 4: steelNike folded before Flop (didn't bet)
Seat 5: MaRKiToScoK folded before Flop (didn't bet)
Seat 6: ponchua collected ($2.50)



PokerStars Hand #254394581905:  Hold'em No Limit ($0.50/$1.00 USD) - 2025/01/16 5:41:44 WET [2025/01/16 0:41:44 ET]
Table 'Ausonia' 6-max Seat #2 is the button
Seat 1: Lipexxx ($56.21 in chips) 
Seat 2: Melenya ($100 in chips) 
Seat 3: Freebet1 ($109.78 in chips) 
Seat 4: steelNike ($100 in chips) 
Seat 5: MaRKiToScoK ($112.22 in chips) 
Seat 6: ponchua ($101.50 in chips) 
Freebet1: posts small blind $0.50
steelNike: posts big blind $1
*** HOLE CARDS ***
MaRKiToScoK: raises $1 to $2
ponchua: folds 
Lipexxx: raises $6 to $8
Melenya: folds 
Freebet1 is disconnected 
Freebet1 is connected 
Freebet1: folds 
steelNike: folds 
MaRKiToScoK: folds 
Uncalled bet ($6) returned to Lipexxx
Lipexxx collected $5.50 from pot
*** SUMMARY ***
Total pot $5.50 | Rake $0 
Seat 1: Lipexxx collected ($5.50)
Seat 2: Melenya (button) folded before Flop (didn't bet)
Seat 3: Freebet1 (small blind) folded before Flop
Seat 4: steelNike (big blind) folded before Flop
Seat 5: MaRKiToScoK folded before Flop
Seat 6: ponchua folded before Flop (didn't bet)



PokerStars Hand #254394586276:  Hold'em No Limit ($0.50/$1.00 USD) - 2025/01/16 5:42:36 WET [2025/01/16 0:42:36 ET]
Table 'Ausonia' 6-max Seat #3 is the button
Seat 1: Lipexxx ($59.71 in chips) 
Seat 2: Melenya ($100 in chips) 
Seat 3: Freebet1 ($109.28 in chips) 
Seat 4: steelNike ($99 in chips) 
Seat 5: MaRKiToScoK ($110.22 in chips) 
Seat 6: ponchua ($101.50 in chips) 
steelNike: posts small blind $0.50
MaRKiToScoK: posts big blind $1
*** HOLE CARDS ***
ponchua: folds 
Lipexxx: folds 
Melenya: folds 
Freebet1: raises $1 to $2
steelNike: raises $10 to $12
MaRKiToScoK: folds 
Freebet1: folds 
Uncalled bet ($10) returned to steelNike
steelNike collected $5 from pot
*** SUMMARY ***
Total pot $5 | Rake $0 
Seat 1: Lipexxx folded before Flop (didn't bet)
Seat 2: Melenya folded before Flop (didn't bet)
Seat 3: Freebet1 (button) folded before Flop
Seat 4: steelNike (small blind) collected ($5)
Seat 5: MaRKiToScoK (big blind) folded before Flop
Seat 6: ponchua folded before Flop (didn't bet)



PokerStars Hand #254394588263:  Hold'em No Limit ($0.50/$1.00 USD) - 2025/01/16 5:43:01 WET [2025/01/16 0:43:01 ET]
Table 'Ausonia' 6-max Seat #4 is the button
Seat 1: Lipexxx ($59.71 in chips) 
Seat 2: Melenya ($100 in chips) 
Seat 3: Freebet1 ($107.28 in chips) 
Seat 4: steelNike ($102 in chips) 
Seat 5: MaRKiToScoK ($109.22 in chips) 
Seat 6: ponchua ($101.50 in chips) 
MaRKiToScoK: posts small blind $0.50
ponchua: posts big blind $1
*** HOLE CARDS ***
Lipexxx: folds 
Melenya: folds 
Freebet1: calls $1
steelNike: folds 
MaRKiToScoK: raises $3.50 to $4.50
ponchua: folds 
Freebet1: calls $3.50
*** FLOP *** [7h Qd As]
MaRKiToScoK: checks 
Freebet1: bets $4.75
MaRKiToScoK: folds 
Uncalled bet ($4.75) returned to Freebet1
Freebet1 collected $9.50 from pot
*** SUMMARY ***
Total pot $10 | Rake $0.50 
Board [7h Qd As]
Seat 1: Lipexxx folded before Flop (didn't bet)
Seat 2: Melenya folded before Flop (didn't bet)
Seat 3: Freebet1 collected ($9.50)
Seat 4: steelNike (button) folded before Flop (didn't bet)
Seat 5: MaRKiToScoK (small blind) folded on the Flop
Seat 6: ponchua (big blind) folded before Flop



PokerStars Hand #254394590439:  Hold'em No Limit ($0.50/$1.00 USD) - 2025/01/16 5:43:28 WET [2025/01/16 0:43:28 ET]
Table 'Ausonia' 6-max Seat #5 is the button
Seat 1: Lipexxx ($59.71 in chips) 
Seat 2: Melenya ($100 in chips) 
Seat 3: Freebet1 ($112.28 in chips) 
Seat 4: steelNike ($102 in chips) 
Seat 5: MaRKiToScoK ($104.72 in chips) 
Seat 6: ponchua ($100.50 in chips) 
ponchua: posts small blind $0.50
Lipexxx: posts big blind $1
*** HOLE CARDS ***
Melenya: raises $1 to $2
Freebet1: folds 
steelNike: folds 
MaRKiToScoK: folds 
ponchua: folds 
Lipexxx: calls $1
*** FLOP *** [7d 7c Ac]
Lipexxx: checks 
Melenya: bets $1.43
Lipexxx: calls $1.43
*** TURN *** [7d 7c Ac] [Tc]
Lipexxx: checks 
Melenya: bets $10.48
Lipexxx: calls $10.48
*** RIVER *** [7d 7c Ac Tc] [5c]
Lipexxx: checks 
Melenya: bets $47.08
Lipexxx: calls $45.80 and is all-in
Uncalled bet ($1.28) returned to Melenya
*** SHOW DOWN ***
Melenya: shows [Td Th] (a full house, Tens full of Sevens)
Lipexxx: shows [6s Jc] (a flush, Ace high)
Melenya collected $117.42 from pot
*** SUMMARY ***
Total pot $119.92 | Rake $2.50 
Board [7d 7c Ac Tc 5c]
Seat 1: Lipexxx (big blind) showed [6s Jc] and lost with a flush, Ace high
Seat 2: Melenya showed [Td Th] and won ($117.42) with a full house, Tens full of Sevens
Seat 3: Freebet1 folded before Flop (didn't bet)
Seat 4: steelNike folded before Flop (didn't bet)
Seat 5: MaRKiToScoK (button) folded before Flop (didn't bet)
Seat 6: ponchua (small blind) folded before Flop



PokerStars Hand #254394594996:  Hold'em No Limit ($0.50/$1.00 USD) - 2025/01/16 5:44:25 WET [2025/01/16 0:44:25 ET]
Table 'Ausonia' 6-max Seat #6 is the button
Seat 1: Lipexxx ($0 in chips) is sitting out
Seat 2: Melenya ($157.71 in chips) 
Seat 3: Freebet1 ($112.28 in chips) 
Seat 4: steelNike ($102 in chips) 
Seat 5: MaRKiToScoK ($104.72 in chips) 
Seat 6: ponchua ($100 in chips) 
Melenya: posts small blind $0.50
Freebet1: posts big blind $1
*** HOLE CARDS ***
steelNike: folds 
MaRKiToScoK: raises $2.50 to $3.50
ponchua: folds 
Melenya: folds 
Freebet1: calls $2.50
*** FLOP *** [3h Td 5d]
Freebet1: checks 
MaRKiToScoK: checks 
*** TURN *** [3h Td 5d] [3c]
Freebet1: bets $3.56
MaRKiToScoK: folds 
Uncalled bet ($3.56) returned to Freebet1
Freebet1 collected $7.12 from pot
*** SUMMARY ***
Total pot $7.50 | Rake $0.38 
Board [3h Td 5d 3c]
Seat 1: Lipexxx
Seat 2: Melenya (small blind) folded before Flop
Seat 3: Freebet1 (big blind) collected ($7.12)
Seat 4: steelNike folded before Flop (didn't bet)
Seat 5: MaRKiToScoK folded on the Turn
Seat 6: ponchua (button) folded before Flop (didn't bet)



PokerStars Hand #254394597326:  Hold'em No Limit ($0.50/$1.00 USD) - 2025/01/16 5:44:54 WET [2025/01/16 0:44:54 ET]
Table 'Ausonia' 6-max Seat #2 is the button
Seat 1: Lipexxx ($61.26 in chips) 
Seat 2: Melenya ($157.21 in chips) 
Seat 3: Freebet1 ($115.90 in chips) 
Seat 4: steelNike ($102 in chips) 
Seat 5: MaRKiToScoK ($101.22 in chips) 
Seat 6: ponchua ($100 in chips) 
Freebet1: posts small blind $0.50
steelNike: posts big blind $1
Lipexxx: posts small blind $0.50
*** HOLE CARDS ***
MaRKiToScoK: folds 
ponchua: raises $1.50 to $2.50
Lipexxx: raises $7 to $9.50
Melenya: folds 
Freebet1: folds 
steelNike: folds 
ponchua: folds 
Uncalled bet ($7) returned to Lipexxx
Lipexxx collected $7 from pot
*** SUMMARY ***
Total pot $7 | Rake $0 
Seat 1: Lipexxx collected ($7)
Seat 2: Melenya (button) folded before Flop (didn't bet)
Seat 3: Freebet1 (small blind) folded before Flop
Seat 4: steelNike (big blind) folded before Flop
Seat 5: MaRKiToScoK folded before Flop (didn't bet)
Seat 6: ponchua folded before Flop



PokerStars Hand #254394599304:  Hold'em No Limit ($0.50/$1.00 USD) - 2025/01/16 5:45:18 WET [2025/01/16 0:45:18 ET]
Table 'Ausonia' 6-max Seat #3 is the button
Seat 1: Lipexxx ($65.26 in chips) 
Seat 2: Melenya ($157.21 in chips) 
Seat 3: Freebet1 ($115.40 in chips) 
Seat 4: steelNike ($101 in chips) 
Seat 5: MaRKiToScoK ($101.22 in chips) 
Seat 6: ponchua ($100 in chips) 
steelNike: posts small blind $0.50
MaRKiToScoK: posts big blind $1
*** HOLE CARDS ***
ponchua: folds 
Lipexxx: calls $1
Melenya: folds 
Freebet1: folds 
steelNike: folds 
MaRKiToScoK: checks 
*** FLOP *** [3h Jc 2c]
MaRKiToScoK: checks 
Lipexxx: bets $2
MaRKiToScoK: folds 
Uncalled bet ($2) returned to Lipexxx
Lipexxx collected $2.38 from pot
*** SUMMARY ***
Total pot $2.50 | Rake $0.12 
Board [3h Jc 2c]
Seat 1: Lipexxx collected ($2.38)
Seat 2: Melenya folded before Flop (didn't bet)
Seat 3: Freebet1 (button) folded before Flop (didn't bet)
Seat 4: steelNike (small blind) folded before Flop
Seat 5: MaRKiToScoK (big blind) folded on the Flop
Seat 6: ponchua folded before Flop (didn't bet)



PokerStars Hand #254394603682:  Hold'em No Limit ($0.50/$1.00 USD) - 2025/01/16 5:46:13 WET [2025/01/16 0:46:13 ET]
Table 'Ausonia' 6-max Seat #4 is the button
Seat 1: Lipexxx ($66.64 in chips) 
Seat 2: Melenya ($157.21 in chips) 
Seat 3: Freebet1 ($115.40 in chips) 
Seat 4: steelNike ($100.50 in chips) 
Seat 5: MaRKiToScoK ($100.22 in chips) 
Seat 6: ponchua ($100 in chips) 
MaRKiToScoK: posts small blind $0.50
ponchua: posts big blind $1
*** HOLE CARDS ***
Lipexxx: folds 
Melenya: folds 
Freebet1: folds 
Freebet1 leaves the table
steelNike: raises $1.50 to $2.50
rostickkin joins the table at seat #3 
MaRKiToScoK: folds 
ponchua: folds 
Uncalled bet ($1.50) returned to steelNike
steelNike collected $2.50 from pot
*** SUMMARY ***
Total pot $2.50 | Rake $0 
Seat 1: Lipexxx folded before Flop (didn't bet)
Seat 2: Melenya folded before Flop (didn't bet)
Seat 3: Freebet1 folded before Flop (didn't bet)
Seat 4: steelNike (button) collected ($2.50)
Seat 5: MaRKiToScoK (small blind) folded before Flop
Seat 6: ponchua (big blind) folded before Flop



PokerStars Hand #254394606979:  Hold'em No Limit ($0.50/$1.00 USD) - 2025/01/16 5:46:54 WET [2025/01/16 0:46:54 ET]
Table 'Ausonia' 6-max Seat #5 is the button
Seat 3: rostickkin ($100 in chips) is sitting out
Seat 1: Lipexxx ($66.64 in chips) 
Seat 2: Melenya ($157.21 in chips) 
Seat 4: steelNike ($102 in chips) 
Seat 5: MaRKiToScoK ($100 in chips) 
Seat 6: ponchua ($100 in chips) 
ponchua: posts small blind $0.50
Lipexxx: posts big blind $1
rostickkin: sits out 
*** HOLE CARDS ***
Melenya: folds 
steelNike: raises $1.30 to $2.30
MaRKiToScoK: folds 
ponchua: folds 
Lipexxx: calls $1.30
*** FLOP *** [As Jh 3d]
Lipexxx: checks 
steelNike: bets $1.21
Lipexxx: calls $1.21
*** TURN *** [As Jh 3d] [9c]
Lipexxx: checks 
steelNike: checks 
*** RIVER *** [As Jh 3d 9c] [Kc]
Lipexxx: checks 
steelNike: checks 
*** SHOW DOWN ***
Lipexxx: shows [4d 5s] (high card Ace)
steelNike: shows [6c 6h] (a pair of Sixes)
steelNike collected $7.14 from pot
*** SUMMARY ***
Total pot $7.52 | Rake $0.38 
Board [As Jh 3d 9c Kc]
Seat 3: rostickkin
Seat 1: Lipexxx (big blind) showed [4d 5s] and lost with high card Ace
Seat 2: Melenya folded before Flop (didn't bet)
Seat 4: steelNike showed [6c 6h] and won ($7.14) with a pair of Sixes
Seat 5: MaRKiToScoK (button) folded before Flop (didn't bet)
Seat 6: ponchua (small blind) folded before Flop



PokerStars Hand #254394609461:  Hold'em No Limit ($0.50/$1.00 USD) - 2025/01/16 5:47:24 WET [2025/01/16 0:47:24 ET]
Table 'Ausonia' 6-max Seat #6 is the button
Seat 3: rostickkin ($100 in chips) is sitting out
Seat 1: Lipexxx ($63.13 in chips) 
Seat 2: Melenya ($157.21 in chips) 
Seat 4: steelNike ($105.63 in chips) 
Seat 5: MaRKiToScoK ($100 in chips) 
Seat 6: ponchua ($100 in chips) 
Lipexxx: posts small blind $0.50
Melenya: posts big blind $1
rostickkin: sits out 
*** HOLE CARDS ***
steelNike: folds 
MaRKiToScoK: folds 
ponchua: raises $1.50 to $2.50
Lipexxx: folds 
Melenya: raises $10.50 to $13
ponchua: folds 
Uncalled bet ($10.50) returned to Melenya
Melenya collected $5.50 from pot
Melenya: doesn't show hand 
*** SUMMARY ***
Total pot $5.50 | Rake $0 
Seat 3: rostickkin
Seat 1: Lipexxx (small blind) folded before Flop
Seat 2: Melenya (big blind) collected ($5.50)
Seat 4: steelNike folded before Flop (didn't bet)
Seat 5: MaRKiToScoK folded before Flop (didn't bet)
Seat 6: ponchua (button) folded before Flop



PokerStars Hand #254394613759:  Hold'em No Limit ($0.50/$1.00 USD) - 2025/01/16 5:48:17 WET [2025/01/16 0:48:17 ET]
Table 'Ausonia' 6-max Seat #1 is the button
Seat 1: Lipexxx ($62.63 in chips) 
Seat 2: Melenya ($160.21 in chips) 
Seat 3: rostickkin ($100 in chips) 
Seat 4: steelNike ($105.63 in chips) 
Seat 5: MaRKiToScoK ($100 in chips) 
Seat 6: ponchua ($100 in chips) 
Melenya: posts small blind $0.50
rostickkin: posts big blind $1
*** HOLE CARDS ***
steelNike: folds 
MaRKiToScoK: folds 
ponchua: raises $1.50 to $2.50
Lipexxx: folds 
Melenya: folds 
rostickkin: folds 
Uncalled bet ($1.50) returned to ponchua
ponchua collected $2.50 from pot
ponchua: doesn't show hand 
*** SUMMARY ***
Total pot $2.50 | Rake $0 
Seat 1: Lipexxx (button) folded before Flop (didn't bet)
Seat 2: Melenya (small blind) folded before Flop
Seat 3: rostickkin (big blind) folded before Flop
Seat 4: steelNike folded before Flop (didn't bet)
Seat 5: MaRKiToScoK folded before Flop (didn't bet)
Seat 6: ponchua collected ($2.50)



PokerStars Hand #254394617349:  Hold'em No Limit ($0.50/$1.00 USD) - 2025/01/16 5:49:02 WET [2025/01/16 0:49:02 ET]
Table 'Ausonia' 6-max Seat #2 is the button
Seat 4: steelNike ($105.63 in chips) is sitting out
Seat 1: Lipexxx ($62.63 in chips) 
Seat 2: Melenya ($159.71 in chips) 
Seat 3: rostickkin ($100 in chips) 
Seat 5: MaRKiToScoK ($100 in chips) 
Seat 6: ponchua ($101.50 in chips) 
rostickkin: posts small blind $0.50
steelNike: is sitting out 
MaRKiToScoK: posts big blind $1
*** HOLE CARDS ***
steelNike leaves the table
ponchua: folds 
Lipexxx: folds 
Melenya: folds 
rostickkin: raises $2 to $3
MaRKiToScoK: folds 
Uncalled bet ($2) returned to rostickkin
rostickkin collected $2 from pot
rostickkin: doesn't show hand 
*** SUMMARY ***
Total pot $2 | Rake $0 
Seat 4: steelNike
Seat 1: Lipexxx folded before Flop (didn't bet)
Seat 2: Melenya (button) folded before Flop (didn't bet)
Seat 3: rostickkin (small blind) collected ($2)
Seat 5: MaRKiToScoK (big blind) folded before Flop
Seat 6: ponchua folded before Flop (didn't bet)



PokerStars Hand #254394619840:  Hold'em No Limit ($0.50/$1.00 USD) - 2025/01/16 5:49:33 WET [2025/01/16 0:49:33 ET]
Table 'Ausonia' 6-max Seat #3 is the button
Seat 1: Lipexxx ($62.63 in chips) 
Seat 2: Melenya ($159.71 in chips) 
Seat 3: rostickkin ($101 in chips) 
Seat 5: MaRKiToScoK ($100 in chips) 
Seat 6: ponchua ($101.50 in chips) 
MaRKiToScoK: posts small blind $0.50
ponchua: posts big blind $1
*** HOLE CARDS ***
Lipexxx: raises $2 to $3
Melenya: folds 
rostickkin: raises $6 to $9
MaRKiToScoK: folds 
ponchua: folds 
Lipexxx: calls $6
*** FLOP *** [Jc 2s Qd]
Lipexxx: checks 
rostickkin: bets $12.41
Lipexxx: raises $13.41 to $25.82
rostickkin: raises $66.18 to $92 and is all-in
Lipexxx: folds 
Uncalled bet ($66.18) returned to rostickkin
rostickkin collected $68.64 from pot
rostickkin: doesn't show hand 
*** SUMMARY ***
Total pot $71.14 | Rake $2.50 
Board [Jc 2s Qd]
Seat 1: Lipexxx folded on the Flop
Seat 2: Melenya folded before Flop (didn't bet)
Seat 3: rostickkin (button) collected ($68.64)
Seat 5: MaRKiToScoK (small blind) folded before Flop
Seat 6: ponchua (big blind) folded before Flop



PokerStars Hand #254394624954:  Hold'em No Limit ($0.50/$1.00 USD) - 2025/01/16 5:50:38 WET [2025/01/16 0:50:38 ET]
Table 'Ausonia' 6-max Seat #5 is the button
Seat 1: Lipexxx ($27.81 in chips) 
Seat 2: Melenya ($159.71 in chips) 
Seat 3: rostickkin ($134.82 in chips) 
Seat 5: MaRKiToScoK ($100 in chips) 
Seat 6: ponchua ($100.50 in chips) 
ponchua: posts small blind $0.50
Lipexxx: posts big blind $1
*** HOLE CARDS ***
Melenya: folds 
rostickkin: folds 
MaRKiToScoK: raises $1.50 to $2.50
ponchua: folds 
Lipexxx: folds 
Uncalled bet ($1.50) returned to MaRKiToScoK
MaRKiToScoK collected $2.50 from pot
*** SUMMARY ***
Total pot $2.50 | Rake $0 
Seat 1: Lipexxx (big blind) folded before Flop
Seat 2: Melenya folded before Flop (didn't bet)
Seat 3: rostickkin folded before Flop (didn't bet)
Seat 5: MaRKiToScoK (button) collected ($2.50)
Seat 6: ponchua (small blind) folded before Flop



PokerStars Hand #254394626284:  Hold'em No Limit ($0.50/$1.00 USD) - 2025/01/16 5:50:55 WET [2025/01/16 0:50:55 ET]
Table 'Ausonia' 6-max Seat #6 is the button
Seat 1: Lipexxx ($26.81 in chips) 
Seat 2: Melenya ($159.71 in chips) 
Seat 3: rostickkin ($134.82 in chips) 
Seat 5: MaRKiToScoK ($101.50 in chips) 
Seat 6: ponchua ($100 in chips) 
Lipexxx: posts small blind $0.50
Melenya: posts big blind $1
*** HOLE CARDS ***
rostickkin: raises $1.20 to $2.20
MaRKiToScoK: folds 
ponchua: folds 
Lipexxx: raises $5.40 to $7.60
Melenya: folds 
Timonessb joins the table at seat #4 
rostickkin: folds 
Uncalled bet ($5.40) returned to Lipexxx
Lipexxx collected $5.40 from pot
*** SUMMARY ***
Total pot $5.40 | Rake $0 
Seat 1: Lipexxx (small blind) collected ($5.40)
Seat 2: Melenya (big blind) folded before Flop
Seat 3: rostickkin folded before Flop
Seat 5: MaRKiToScoK folded before Flop (didn't bet)
Seat 6: ponchua (button) folded before Flop (didn't bet)



PokerStars Hand #254394628218:  Hold'em No Limit ($0.50/$1.00 USD) - 2025/01/16 5:51:19 WET [2025/01/16 0:51:19 ET]
Table 'Ausonia' 6-max Seat #1 is the button
Seat 4: Timonessb ($100 in chips) is sitting out
Seat 1: Lipexxx ($30.01 in chips) 
Seat 2: Melenya ($158.71 in chips) 
Seat 3: rostickkin ($132.62 in chips) 
Seat 5: MaRKiToScoK ($101.50 in chips) 
Seat 6: ponchua ($100 in chips) 
Melenya: posts small blind $0.50
rostickkin: posts big blind $1
Timonessb: sits out 
*** HOLE CARDS ***
MaRKiToScoK: raises $1 to $2
ponchua: folds 
Lipexxx: folds 
Melenya: folds 
rostickkin: folds 
Uncalled bet ($1) returned to MaRKiToScoK
MaRKiToScoK collected $2.50 from pot
*** SUMMARY ***
Total pot $2.50 | Rake $0 
Seat 4: Timonessb
Seat 1: Lipexxx (button) folded before Flop (didn't bet)
Seat 2: Melenya (small blind) folded before Flop
Seat 3: rostickkin (big blind) folded before Flop
Seat 5: MaRKiToScoK collected ($2.50)
Seat 6: ponchua folded before Flop (didn't bet)



PokerStars Hand #254394629548:  Hold'em No Limit ($0.50/$1.00 USD) - 2025/01/16 5:51:36 WET [2025/01/16 0:51:36 ET]
Table 'Ausonia' 6-max Seat #2 is the button
Seat 1: Lipexxx ($30.01 in chips) 
Seat 2: Melenya ($158.21 in chips) 
Seat 3: rostickkin ($131.62 in chips) 
Seat 4: Timonessb ($100 in chips) 
Seat 5: MaRKiToScoK ($103 in chips) 
Seat 6: ponchua ($100 in chips) 
rostickkin: posts small blind $0.50
Timonessb: posts big blind $1
*** HOLE CARDS ***
MaRKiToScoK: folds 
ponchua: folds 
Lipexxx: folds 
Melenya: folds 
rostickkin: folds 
Uncalled bet ($0.50) returned to Timonessb
Timonessb collected $1 from pot
Timonessb: doesn't show hand 
*** SUMMARY ***
Total pot $1 | Rake $0 
Seat 1: Lipexxx folded before Flop (didn't bet)
Seat 2: Melenya (button) folded before Flop (didn't bet)
Seat 3: rostickkin (small blind) folded before Flop
Seat 4: Timonessb (big blind) collected ($1)
Seat 5: MaRKiToScoK folded before Flop (didn't bet)
Seat 6: ponchua folded before Flop (didn't bet)



PokerStars Hand #254394630447:  Hold'em No Limit ($0.50/$1.00 USD) - 2025/01/16 5:51:47 WET [2025/01/16 0:51:47 ET]
Table 'Ausonia' 6-max Seat #3 is the button
Seat 1: Lipexxx ($30.01 in chips) 
Seat 2: Melenya ($158.21 in chips) 
Seat 3: rostickkin ($131.12 in chips) 
Seat 4: Timonessb ($100.50 in chips) 
Seat 5: MaRKiToScoK ($103 in chips) 
Seat 6: ponchua ($100 in chips) 
Timonessb: posts small blind $0.50
MaRKiToScoK: posts big blind $1
*** HOLE CARDS ***
ponchua: folds 
Lipexxx: raises $2 to $3
Melenya: folds 
rostickkin: folds 
Timonessb: raises $2 to $5
MaRKiToScoK: folds 
Lipexxx: calls $2
*** FLOP *** [8d As 3h]
Timonessb: bets $3.45
Lipexxx: raises $4.45 to $7.90
Timonessb: folds 
Uncalled bet ($4.45) returned to Lipexxx
Lipexxx collected $17 from pot
*** SUMMARY ***
Total pot $17.90 | Rake $0.90 
Board [8d As 3h]
Seat 1: Lipexxx collected ($17)
Seat 2: Melenya folded before Flop (didn't bet)
Seat 3: rostickkin (button) folded before Flop (didn't bet)
Seat 4: Timonessb (small blind) folded on the Flop
Seat 5: MaRKiToScoK (big blind) folded before Flop
Seat 6: ponchua folded before Flop (didn't bet)



PokerStars Hand #254394633565:  Hold'em No Limit ($0.50/$1.00 USD) - 2025/01/16 5:52:26 WET [2025/01/16 0:52:26 ET]
Table 'Ausonia' 6-max Seat #4 is the button
Seat 1: Lipexxx ($38.56 in chips) 
Seat 2: Melenya ($158.21 in chips) 
Seat 3: rostickkin ($131.12 in chips) 
Seat 4: Timonessb ($100 in chips) 
Seat 5: MaRKiToScoK ($102 in chips) 
Seat 6: ponchua ($100 in chips) 
MaRKiToScoK: posts small blind $0.50
ponchua: posts big blind $1
*** HOLE CARDS ***
Lipexxx: calls $1
Melenya: raises $2.50 to $3.50
rostickkin: folds 
Timonessb: folds 
MaRKiToScoK: folds 
ponchua: folds 
Lipexxx: calls $2.50
*** FLOP *** [Jc Qs 7s]
Lipexxx: checks 
Melenya: bets $4.04
Lipexxx: folds 
Uncalled bet ($4.04) returned to Melenya
Melenya collected $8.08 from pot
Melenya: doesn't show hand 
*** SUMMARY ***
Total pot $8.50 | Rake $0.42 
Board [Jc Qs 7s]
Seat 1: Lipexxx folded on the Flop
Seat 2: Melenya collected ($8.08)
Seat 3: rostickkin folded before Flop (didn't bet)
Seat 4: Timonessb (button) folded before Flop (didn't bet)
Seat 5: MaRKiToScoK (small blind) folded before Flop
Seat 6: ponchua (big blind) folded before Flop



PokerStars Hand #254394636485:  Hold'em No Limit ($0.50/$1.00 USD) - 2025/01/16 5:53:04 WET [2025/01/16 0:53:04 ET]
Table 'Ausonia' 6-max Seat #5 is the button
Seat 1: Lipexxx ($35.06 in chips) 
Seat 2: Melenya ($162.79 in chips) 
Seat 3: rostickkin ($131.12 in chips) 
Seat 4: Timonessb ($100 in chips) 
Seat 5: MaRKiToScoK ($101.50 in chips) 
Seat 6: ponchua ($100 in chips) 
ponchua: posts small blind $0.50
Lipexxx: posts big blind $1
*** HOLE CARDS ***
Melenya: folds 
rostickkin: folds 
Timonessb: folds 
MaRKiToScoK: raises $1.50 to $2.50
ponchua: folds 
Lipexxx: raises $5.50 to $8
MaRKiToScoK: folds 
Uncalled bet ($5.50) returned to Lipexxx
Lipexxx collected $5.50 from pot
*** SUMMARY ***
Total pot $5.50 | Rake $0 
Seat 1: Lipexxx (big blind) collected ($5.50)
Seat 2: Melenya folded before Flop (didn't bet)
Seat 3: rostickkin folded before Flop (didn't bet)
Seat 4: Timonessb folded before Flop (didn't bet)
Seat 5: MaRKiToScoK (button) folded before Flop
Seat 6: ponchua (small blind) folded before Flop



PokerStars Hand #254394637783:  Hold'em No Limit ($0.50/$1.00 USD) - 2025/01/16 5:53:20 WET [2025/01/16 0:53:20 ET]
Table 'Ausonia' 6-max Seat #6 is the button
Seat 1: Lipexxx ($38.06 in chips) 
Seat 2: Melenya ($162.79 in chips) 
Seat 3: rostickkin ($131.12 in chips) 
Seat 4: Timonessb ($100 in chips) 
Seat 5: MaRKiToScoK ($100 in chips) 
Seat 6: ponchua ($100 in chips) 
Lipexxx: posts small blind $0.50
Melenya: posts big blind $1
*** HOLE CARDS ***
rostickkin: folds 
Timonessb: folds 
MaRKiToScoK: folds 
ponchua: folds 
Lipexxx: folds 
Uncalled bet ($0.50) returned to Melenya
Melenya collected $1 from pot
Melenya: doesn't show hand 
*** SUMMARY ***
Total pot $1 | Rake $0 
Seat 1: Lipexxx (small blind) folded before Flop
Seat 2: Melenya (big blind) collected ($1)
Seat 3: rostickkin folded before Flop (didn't bet)
Seat 4: Timonessb folded before Flop (didn't bet)
Seat 5: MaRKiToScoK folded before Flop (didn't bet)
Seat 6: ponchua (button) folded before Flop (didn't bet)



PokerStars Hand #254394639893:  Hold'em No Limit ($0.50/$1.00 USD) - 2025/01/16 5:53:47 WET [2025/01/16 0:53:47 ET]
Table 'Ausonia' 6-max Seat #1 is the button
Seat 1: Lipexxx ($37.56 in chips) 
Seat 2: Melenya ($163.29 in chips) 
Seat 3: rostickkin ($131.12 in chips) 
Seat 4: Timonessb ($100 in chips) 
Seat 5: MaRKiToScoK ($100 in chips) 
Seat 6: ponchua ($100 in chips) 
Melenya: posts small blind $0.50
rostickkin: posts big blind $1
*** HOLE CARDS ***
Timonessb: folds 
MaRKiToScoK: folds 
ponchua: raises $1.50 to $2.50
Lipexxx: raises $6.50 to $9
Melenya: folds 
rostickkin: raises $9 to $18
ponchua: raises $82 to $100 and is all-in
Lipexxx: calls $28.56 and is all-in
rostickkin: calls $82
*** FLOP *** [7d Js Ac]
*** TURN *** [7d Js Ac] [Kc]
*** RIVER *** [7d Js Ac Kc] [8h]
*** SHOW DOWN ***
rostickkin: shows [Ad Ah] (three of a kind, Aces)
ponchua: shows [Kd Ks] (three of a kind, Kings)
rostickkin collected $124.88 from side pot
Lipexxx: shows [5s 5h] (a pair of Fives)
rostickkin collected $110.68 from main pot
*** SUMMARY ***
Total pot $238.06 Main pot $110.68. Side pot $124.88. | Rake $2.50 
Board [7d Js Ac Kc 8h]
Seat 1: Lipexxx (button) showed [5s 5h] and lost with a pair of Fives
Seat 2: Melenya (small blind) folded before Flop
Seat 3: rostickkin (big blind) showed [Ad Ah] and won ($235.56) with three of a kind, Aces
Seat 4: Timonessb folded before Flop (didn't bet)
Seat 5: MaRKiToScoK folded before Flop (didn't bet)
Seat 6: ponchua showed [Kd Ks] and lost with three of a kind, Kings



PokerStars Hand #254394643980:  Hold'em No Limit ($0.50/$1.00 USD) - 2025/01/16 5:54:39 WET [2025/01/16 0:54:39 ET]
Table 'Ausonia' 6-max Seat #2 is the button
Seat 1: Lipexxx ($0 in chips) is sitting out
Seat 2: Melenya ($162.79 in chips) 
Seat 3: rostickkin ($266.68 in chips) 
Seat 4: Timonessb ($100 in chips) 
Seat 5: MaRKiToScoK ($100 in chips) 
Seat 6: ponchua ($100 in chips) 
rostickkin: posts small blind $0.50
Timonessb: posts big blind $1
*** HOLE CARDS ***
MaRKiToScoK: raises $1 to $2
Lipexxx leaves the table
ponchua: folds 
Melenya: folds 
rostickkin: folds 
Timonessb: calls $1
*** FLOP *** [8d Td 7c]
Timonessb: checks 
MaRKiToScoK: checks 
*** TURN *** [8d Td 7c] [4d]
Timonessb: bets $2.87
MaRKiToScoK: folds 
Uncalled bet ($2.87) returned to Timonessb
Timonessb collected $4.28 from pot
Timonessb: doesn't show hand 
*** SUMMARY ***
Total pot $4.50 | Rake $0.22 
Board [8d Td 7c 4d]
Seat 1: Lipexxx
Seat 2: Melenya (button) folded before Flop (didn't bet)
Seat 3: rostickkin (small blind) folded before Flop
Seat 4: Timonessb (big blind) collected ($4.28)
Seat 5: MaRKiToScoK folded on the Turn
Seat 6: ponchua folded before Flop (didn't bet)



PokerStars Hand #254394645833:  Hold'em No Limit ($0.50/$1.00 USD) - 2025/01/16 5:55:03 WET [2025/01/16 0:55:03 ET]
Table 'Ausonia' 6-max Seat #3 is the button
Seat 5: MaRKiToScoK ($100 in chips) is sitting out
Seat 2: Melenya ($162.79 in chips) 
Seat 3: rostickkin ($266.18 in chips) 
Seat 4: Timonessb ($102.28 in chips) 
Seat 6: ponchua ($100 in chips) 
Timonessb: posts small blind $0.50
MaRKiToScoK: is sitting out 
ponchua: posts big blind $1
*** HOLE CARDS ***
MaRKiToScoK leaves the table
Melenya: raises $1.50 to $2.50
rostickkin: folds 
Timonessb: folds 
ponchua: folds 
Uncalled bet ($1.50) returned to Melenya
Melenya collected $2.50 from pot
Melenya: doesn't show hand 
*** SUMMARY ***
Total pot $2.50 | Rake $0 
Seat 5: MaRKiToScoK
Seat 2: Melenya collected ($2.50)
Seat 3: rostickkin (button) folded before Flop (didn't bet)
Seat 4: Timonessb (small blind) folded before Flop
Seat 6: ponchua (big blind) folded before Flop



PokerStars Hand #254394646877:  Hold'em No Limit ($0.50/$1.00 USD) - 2025/01/16 5:55:17 WET [2025/01/16 0:55:17 ET]
Table 'Ausonia' 6-max Seat #6 is the button
Seat 2: Melenya ($164.29 in chips) is sitting out
Seat 3: rostickkin ($266.18 in chips) is sitting out
Seat 4: Timonessb ($101.78 in chips) 
Seat 6: ponchua ($100 in chips) 
ponchua: posts small blind $0.50
Melenya: is sitting out 
rostickkin: is sitting out 
Timonessb: posts big blind $1
*** HOLE CARDS ***
rostickkin leaves the table
ponchua: raises $1.50 to $2.50
Timonessb: folds 
Uncalled bet ($1.50) returned to ponchua
Melenya leaves the table
ponchua collected $2 from pot
ponchua: doesn't show hand 
*** SUMMARY ***
Total pot $2 | Rake $0 
Seat 2: Melenya
Seat 3: rostickkin
Seat 4: Timonessb (big blind) folded before Flop
Seat 6: ponchua (button) (small blind) collected ($2)



PokerStars Hand #254394792006:  Hold'em No Limit ($0.50/$1.00 USD) - 2025/01/16 6:27:45 WET [2025/01/16 1:27:45 ET]
Table 'Ausonia' 6-max Seat #1 is the button
Seat 1: CMX1998 ($45.95 in chips) 
Seat 2: Poker9803 ($100 in chips) 
CMX1998: posts small blind $0.50
Poker9803: posts big blind $1
*** HOLE CARDS ***
CMX1998: calls $0.50
Poker9803: checks 
*** FLOP *** [Jc 8h 7c]
Poker9803: checks 
CMX1998: checks 
*** TURN *** [Jc 8h 7c] [3d]
Poker9803: bets $1.43
CMX1998: folds 
Uncalled bet ($1.43) returned to Poker9803
Poker9803 collected $1.90 from pot
Poker9803: doesn't show hand 
*** SUMMARY ***
Total pot $2 | Rake $0.10 
Board [Jc 8h 7c 3d]
Seat 1: CMX1998 (button) (small blind) folded on the Turn
Seat 2: Poker9803 (big blind) collected ($1.90)



PokerStars Hand #254394793518:  Hold'em No Limit ($0.50/$1.00 USD) - 2025/01/16 6:28:05 WET [2025/01/16 1:28:05 ET]
Table 'Ausonia' 6-max Seat #2 is the button
Seat 1: CMX1998 ($44.95 in chips) 
Seat 2: Poker9803 ($100.90 in chips) 
Poker9803: posts small blind $0.50
CMX1998: posts big blind $1
*** HOLE CARDS ***
Poker9803: raises $1.50 to $2.50
CMX1998: calls $1.50
*** FLOP *** [6c 9s 2h]
CMX1998: bets $4
Poker9803: calls $4
*** TURN *** [6c 9s 2h] [3h]
CMX1998: checks 
Poker9803: bets $9.26
CMX1998: folds 
Uncalled bet ($9.26) returned to Poker9803
Poker9803 collected $12.35 from pot
Poker9803: doesn't show hand 
*** SUMMARY ***
Total pot $13 | Rake $0.65 
Board [6c 9s 2h 3h]
Seat 1: CMX1998 (big blind) folded on the Turn
Seat 2: Poker9803 (button) (small blind) collected ($12.35)



PokerStars Hand #254394795638:  Hold'em No Limit ($0.50/$1.00 USD) - 2025/01/16 6:28:34 WET [2025/01/16 1:28:34 ET]
Table 'Ausonia' 6-max Seat #1 is the button
Seat 1: CMX1998 ($38.45 in chips) 
Seat 2: Poker9803 ($106.75 in chips) 
CMX1998: posts small blind $0.50
Poker9803: posts big blind $1
*** HOLE CARDS ***
CMX1998: calls $0.50
Kreayshawn joins the table at seat #3 
Poker9803: raises $3 to $4
CMX1998: folds 
Uncalled bet ($3) returned to Poker9803
Poker9803 collected $2 from pot
Poker9803: doesn't show hand 
*** SUMMARY ***
Total pot $2 | Rake $0 
Seat 1: CMX1998 (button) (small blind) folded before Flop
Seat 2: Poker9803 (big blind) collected ($2)



PokerStars Hand #254394796568:  Hold'em No Limit ($0.50/$1.00 USD) - 2025/01/16 6:28:47 WET [2025/01/16 1:28:47 ET]
Table 'Ausonia' 6-max Seat #1 is the button
Seat 1: CMX1998 ($37.45 in chips) 
Seat 2: Poker9803 ($107.75 in chips) 
Seat 3: Kreayshawn ($100 in chips) 
Poker9803: posts small blind $0.50
Kreayshawn: posts big blind $1
*** HOLE CARDS ***
CMX1998: calls $1
Poker9803: folds 
Kreayshawn: checks 
*** FLOP *** [3c 8h 8s]
CashfishT joins the table at seat #4 
Kreayshawn: checks 
CMX1998: checks 
*** TURN *** [3c 8h 8s] [Qd]
Kreayshawn: checks 
CMX1998: checks 
*** RIVER *** [3c 8h 8s Qd] [Jc]
Kreayshawn: bets $3
CMX1998: raises $3 to $6
Kreayshawn: calls $3
*** SHOW DOWN ***
CMX1998: shows [Qc 4c] (two pair, Queens and Eights)
Kreayshawn: shows [9d 8c] (three of a kind, Eights)
Kreayshawn collected $13.78 from pot
*** SUMMARY ***
Total pot $14.50 | Rake $0.72 
Board [3c 8h 8s Qd Jc]
Seat 1: CMX1998 (button) showed [Qc 4c] and lost with two pair, Queens and Eights
Seat 2: Poker9803 (small blind) folded before Flop
Seat 3: Kreayshawn (big blind) showed [9d 8c] and won ($13.78) with three of a kind, Eights



PokerStars Hand #254394799321:  Hold'em No Limit ($0.50/$1.00 USD) - 2025/01/16 6:29:24 WET [2025/01/16 1:29:24 ET]
Table 'Ausonia' 6-max Seat #2 is the button
Seat 1: CMX1998 ($30.45 in chips) 
Seat 2: Poker9803 ($107.25 in chips) 
Seat 3: Kreayshawn ($106.78 in chips) 
Seat 4: CashfishT ($100 in chips) 
Kreayshawn: posts small blind $0.50
CashfishT: posts big blind $1
*** HOLE CARDS ***
CMX1998: calls $1
Poker9803: folds 
Kreayshawn: raises $3 to $4
CashfishT: folds 
CMX1998: folds 
Uncalled bet ($3) returned to Kreayshawn
Kreayshawn collected $3 from pot
*** SUMMARY ***
Total pot $3 | Rake $0 
Seat 1: CMX1998 folded before Flop
Seat 2: Poker9803 (button) folded before Flop (didn't bet)
Seat 3: Kreayshawn (small blind) collected ($3)
Seat 4: CashfishT (big blind) folded before Flop



PokerStars Hand #254394800636:  Hold'em No Limit ($0.50/$1.00 USD) - 2025/01/16 6:29:42 WET [2025/01/16 1:29:42 ET]
Table 'Ausonia' 6-max Seat #3 is the button
Seat 1: CMX1998 ($29.45 in chips) 
Seat 2: Poker9803 ($107.25 in chips) 
Seat 3: Kreayshawn ($108.78 in chips) 
Seat 4: CashfishT ($100 in chips) 
CashfishT: posts small blind $0.50
CMX1998: posts big blind $1
*** HOLE CARDS ***
Poker9803: folds 
Kreayshawn: raises $1.50 to $2.50
CashfishT: folds 
CMX1998: calls $1.50
*** FLOP *** [Td 8c 6d]
CMX1998: checks 
Kreayshawn: checks 
*** TURN *** [Td 8c 6d] [4c]
CMX1998: checks 
Timonessb joins the table at seat #6 
Kreayshawn: bets $1.72
CMX1998: calls $1.72
*** RIVER *** [Td 8c 6d 4c] [As]
CMX1998: bets $10
Kreayshawn: raises $19 to $29
CMX1998: calls $15.23 and is all-in
Uncalled bet ($3.77) returned to Kreayshawn
*** SHOW DOWN ***
Kreayshawn: shows [4h Ac] (two pair, Aces and Fours)
CMX1998: shows [Ad Jh] (a pair of Aces)
Kreayshawn collected $58.40 from pot
*** SUMMARY ***
Total pot $59.40 | Rake $1 
Board [Td 8c 6d 4c As]
Seat 1: CMX1998 (big blind) showed [Ad Jh] and lost with a pair of Aces
Seat 2: Poker9803 folded before Flop (didn't bet)
Seat 3: Kreayshawn (button) showed [4h Ac] and won ($58.40) with two pair, Aces and Fours
Seat 4: CashfishT (small blind) folded before Flop



PokerStars Hand #254394804950:  Hold'em No Limit ($0.50/$1.00 USD) - 2025/01/16 6:30:41 WET [2025/01/16 1:30:41 ET]
Table 'Ausonia' 6-max Seat #4 is the button
Seat 1: CMX1998 ($0 in chips) is sitting out
Seat 6: Timonessb ($100.78 in chips) is sitting out
Seat 2: Poker9803 ($107.25 in chips) 
Seat 3: Kreayshawn ($137.73 in chips) 
Seat 4: CashfishT ($100 in chips) 
Poker9803: posts small blind $0.50
Kreayshawn: posts big blind $1
*** HOLE CARDS ***
CashfishT: raises $1.20 to $2.20
Poker9803: folds 
Kreayshawn: calls $1.20
*** FLOP *** [Ah 2d 9s]
Kreayshawn: checks 
CashfishT: bets $1.54
Kreayshawn: folds 
Uncalled bet ($1.54) returned to CashfishT
CMX1998 leaves the table
CashfishT collected $4.66 from pot
CashfishT: doesn't show hand 
*** SUMMARY ***
Total pot $4.90 | Rake $0.24 
Board [Ah 2d 9s]
Seat 1: CMX1998
Seat 6: Timonessb
Seat 2: Poker9803 (small blind) folded before Flop
Seat 3: Kreayshawn (big blind) folded on the Flop
Seat 4: CashfishT (button) collected ($4.66)



PokerStars Hand #254394806447:  Hold'em No Limit ($0.50/$1.00 USD) - 2025/01/16 6:31:02 WET [2025/01/16 1:31:02 ET]
Table 'Ausonia' 6-max Seat #2 is the button
Seat 6: Timonessb ($100.78 in chips) is sitting out
Seat 2: Poker9803 ($106.75 in chips) 
Seat 3: Kreayshawn ($135.53 in chips) 
Seat 4: CashfishT ($102.46 in chips) 
Kreayshawn: posts small blind $0.50
CashfishT: posts big blind $1
Timonessb: sits out 
*** HOLE CARDS ***
Poker9803: folds 
Kreayshawn: raises $2 to $3
CashfishT: calls $2
*** FLOP *** [4h 2d 9h]
Kreayshawn: checks 
CashfishT: bets $2.85
Kreayshawn: calls $2.85
*** TURN *** [4h 2d 9h] [Jh]
Kreayshawn: checks 
CashfishT: bets $7.34
Kreayshawn: calls $7.34
*** RIVER *** [4h 2d 9h Jh] [5d]
Kreayshawn: checks 
CashfishT: checks 
*** SHOW DOWN ***
Kreayshawn: shows [Qh Jd] (a pair of Jacks)
CashfishT: mucks hand 
Kreayshawn collected $25.38 from pot
*** SUMMARY ***
Total pot $26.38 | Rake $1 
Board [4h 2d 9h Jh 5d]
Seat 6: Timonessb
Seat 2: Poker9803 (button) folded before Flop (didn't bet)
Seat 3: Kreayshawn (small blind) showed [Qh Jd] and won ($25.38) with a pair of Jacks
Seat 4: CashfishT (big blind) mucked



PokerStars Hand #254394811924:  Hold'em No Limit ($0.50/$1.00 USD) - 2025/01/16 6:32:17 WET [2025/01/16 1:32:17 ET]
Table 'Ausonia' 6-max Seat #3 is the button
Seat 2: Poker9803 ($106.75 in chips) 
Seat 3: Kreayshawn ($147.72 in chips) 
Seat 4: CashfishT ($100 in chips) 
Seat 6: Timonessb ($100.78 in chips) 
CashfishT: posts small blind $0.50
Timonessb: posts big blind $1
*** HOLE CARDS ***
Poker9803: folds 
Kreayshawn: raises $1.50 to $2.50
CashfishT: folds 
Timonessb: calls $1.50
*** FLOP *** [Jc 2c 9c]
Timonessb: checks 
Kreayshawn: checks 
*** TURN *** [Jc 2c 9c] [Qc]
Timonessb: checks 
Kreayshawn: checks 
*** RIVER *** [Jc 2c 9c Qc] [Js]
Timonessb: bets $5.50
Kreayshawn: folds 
Uncalled bet ($5.50) returned to Timonessb
Timonessb collected $5.22 from pot
Timonessb: doesn't show hand 
*** SUMMARY ***
Total pot $5.50 | Rake $0.28 
Board [Jc 2c 9c Qc Js]
Seat 2: Poker9803 folded before Flop (didn't bet)
Seat 3: Kreayshawn (button) folded on the River
Seat 4: CashfishT (small blind) folded before Flop
Seat 6: Timonessb (big blind) collected ($5.22)



PokerStars Hand #254394818865:  Hold'em No Limit ($0.50/$1.00 USD) - 2025/01/16 6:33:51 WET [2025/01/16 1:33:51 ET]
Table 'Ausonia' 6-max Seat #4 is the button
Seat 3: CMX1998 ($50.25 in chips) 
Seat 4: Poker9803 ($106.75 in chips) 
Seat 5: steelNike ($105.63 in chips) 
steelNike: posts small blind $0.50
CMX1998: posts big blind $1
*** HOLE CARDS ***
Poker9803: folds 
steelNike: calls $0.50
CMX1998: checks 
*** FLOP *** [Tc Qs Ts]
steelNike: bets $1
CMX1998: folds 
Uncalled bet ($1) returned to steelNike
steelNike collected $1.90 from pot
*** SUMMARY ***
Total pot $2 | Rake $0.10 
Board [Tc Qs Ts]
Seat 3: CMX1998 (big blind) folded on the Flop
Seat 4: Poker9803 (button) folded before Flop (didn't bet)
Seat 5: steelNike (small blind) collected ($1.90)



PokerStars Hand #254394819995:  Hold'em No Limit ($0.50/$1.00 USD) - 2025/01/16 6:34:06 WET [2025/01/16 1:34:06 ET]
Table 'Ausonia' 6-max Seat #5 is the button
Seat 3: CMX1998 ($49.25 in chips) 
Seat 4: Poker9803 ($106.75 in chips) 
Seat 5: steelNike ($106.53 in chips) 
CMX1998: posts small blind $0.50
Poker9803: posts big blind $1
*** HOLE CARDS ***
steelNike: folds 
CMX1998: calls $0.50
Poker9803: checks 
*** FLOP *** [Ks 2d Td]
CMX1998: checks 
Poker9803: checks 
*** TURN *** [Ks 2d Td] [6c]
CMX1998: bets $5
uuzka joins the table at seat #6 
Poker9803: folds 
Uncalled bet ($5) returned to CMX1998
CMX1998 collected $1.90 from pot
*** SUMMARY ***
Total pot $2 | Rake $0.10 
Board [Ks 2d Td 6c]
Seat 3: CMX1998 (small blind) collected ($1.90)
Seat 4: Poker9803 (big blind) folded on the Turn
Seat 5: steelNike (button) folded before Flop (didn't bet)



PokerStars Hand #254394822032:  Hold'em No Limit ($0.50/$1.00 USD) - 2025/01/16 6:34:33 WET [2025/01/16 1:34:33 ET]
Table 'Ausonia' 6-max Seat #3 is the button
Seat 6: uuzka ($100 in chips) is sitting out
Seat 3: CMX1998 ($50.15 in chips) 
Seat 4: Poker9803 ($105.75 in chips) 
Seat 5: steelNike ($106.53 in chips) 
Poker9803: posts small blind $0.50
steelNike: posts big blind $1
uuzka: sits out 
*** HOLE CARDS ***
CMX1998: folds 
Poker9803: raises $2.50 to $3.50
steelNike: folds 
Uncalled bet ($2.50) returned to Poker9803
Poker9803 collected $2 from pot
Poker9803: doesn't show hand 
*** SUMMARY ***
Total pot $2 | Rake $0 
Seat 6: uuzka
Seat 3: CMX1998 (button) folded before Flop (didn't bet)
Seat 4: Poker9803 (small blind) collected ($2)
Seat 5: steelNike (big blind) folded before Flop



PokerStars Hand #254394823633:  Hold'em No Limit ($0.50/$1.00 USD) - 2025/01/16 6:34:55 WET [2025/01/16 1:34:55 ET]
Table 'Ausonia' 6-max Seat #4 is the button
Seat 3: CMX1998 ($50.15 in chips) 
Seat 4: Poker9803 ($106.75 in chips) 
Seat 5: steelNike ($105.53 in chips) 
Seat 6: uuzka ($100 in chips) 
steelNike: posts small blind $0.50
Timonessb joins the table at seat #2 
uuzka: posts big blind $1
*** HOLE CARDS ***
CMX1998: calls $1
Poker9803: folds 
steelNike: folds 
uuzka: checks 
*** FLOP *** [8c As 7d]
uuzka: checks 
CMX1998: checks 
*** TURN *** [8c As 7d] [Kd]
uuzka: checks 
CMX1998: checks 
*** RIVER *** [8c As 7d Kd] [4h]
uuzka: checks 
CMX1998: bets $10
uuzka: folds 
Uncalled bet ($10) returned to CMX1998
CMX1998 collected $2.38 from pot
*** SUMMARY ***
Total pot $2.50 | Rake $0.12 
Board [8c As 7d Kd 4h]
Seat 3: CMX1998 collected ($2.38)
Seat 4: Poker9803 (button) folded before Flop (didn't bet)
Seat 5: steelNike (small blind) folded before Flop
Seat 6: uuzka (big blind) folded on the River



PokerStars Hand #254394827948:  Hold'em No Limit ($0.50/$1.00 USD) - 2025/01/16 6:35:53 WET [2025/01/16 1:35:53 ET]
Table 'Ausonia' 6-max Seat #5 is the button
Seat 2: Timonessb ($103.50 in chips) 
Seat 3: CMX1998 ($51.53 in chips) 
Seat 4: Poker9803 ($106.75 in chips) 
Seat 5: steelNike ($105.03 in chips) 
Seat 6: uuzka ($100 in chips) 
uuzka: posts small blind $0.50
Timonessb: posts big blind $1
*** HOLE CARDS ***
CMX1998: calls $1
Poker9803: folds 
steelNike: folds 
uuzka: raises $4 to $5
Timonessb: folds 
CMX1998: calls $4
*** FLOP *** [Kc As Qs]
uuzka: bets $4
CashfishT joins the table at seat #1 
CMX1998: calls $4
*** TURN *** [Kc As Qs] [7s]
uuzka: bets $12.03
CMX1998: calls $12.03
*** RIVER *** [Kc As Qs 7s] [5d]
uuzka: bets $32.77
CMX1998: folds 
Uncalled bet ($32.77) returned to uuzka
uuzka collected $40.91 from pot
uuzka: doesn't show hand 
*** SUMMARY ***
Total pot $43.06 | Rake $2.15 
Board [Kc As Qs 7s 5d]
Seat 2: Timonessb (big blind) folded before Flop
Seat 3: CMX1998 folded on the River
Seat 4: Poker9803 folded before Flop (didn't bet)
Seat 5: steelNike (button) folded before Flop (didn't bet)
Seat 6: uuzka (small blind) collected ($40.91)



PokerStars Hand #254394832223:  Hold'em No Limit ($0.50/$1.00 USD) - 2025/01/16 6:36:53 WET [2025/01/16 1:36:53 ET]
Table 'Ausonia' 6-max Seat #6 is the button
Seat 1: CashfishT ($100 in chips) is sitting out
Seat 2: Timonessb ($102.50 in chips) 
Seat 3: CMX1998 ($30.50 in chips) 
Seat 4: Poker9803 ($106.75 in chips) 
Seat 5: steelNike ($105.03 in chips) 
Seat 6: uuzka ($119.88 in chips) 
Timonessb: posts small blind $0.50
CMX1998: posts big blind $1
*** HOLE CARDS ***
Poker9803: folds 
steelNike: folds 
uuzka: raises $1.50 to $2.50
Timonessb: raises $9.50 to $12
CMX1998: folds 
uuzka: calls $9.50
*** FLOP *** [Jd 6s Js]
Timonessb: bets $7.50
uuzka: folds 
Uncalled bet ($7.50) returned to Timonessb
Timonessb collected $23.75 from pot
Timonessb: doesn't show hand 
*** SUMMARY ***
Total pot $25 | Rake $1.25 
Board [Jd 6s Js]
Seat 1: CashfishT
Seat 2: Timonessb (small blind) collected ($23.75)
Seat 3: CMX1998 (big blind) folded before Flop
Seat 4: Poker9803 folded before Flop (didn't bet)
Seat 5: steelNike folded before Flop (didn't bet)
Seat 6: uuzka (button) folded on the Flop



PokerStars Hand #254394531213:  Hold'em No Limit ($0.50/$1.00 USD) - 2025/01/16 5:31:30 WET [2025/01/16 0:31:30 ET]
Table 'Ausonia' 6-max Seat #1 is the button
Seat 2: Melenya ($100 in chips) is sitting out
Seat 5: MaRKiToScoK ($100 in chips) is sitting out
Seat 1: Lipexxx ($23.84 in chips) 
Seat 3: Freebet1 ($25.37 in chips) 
Seat 4: steelNike ($58 in chips) 
Freebet1: posts small blind $0.50
steelNike: posts big blind $1
MaRKiToScoK: sits out 
*** HOLE CARDS ***
Lipexxx: folds 
Freebet1: calls $0.50
steelNike: checks 
*** FLOP *** [2s Ad Kd]
Freebet1: checks 
steelNike: checks 
*** TURN *** [2s Ad Kd] [Td]
ponchua joins the table at seat #6 
Freebet1 is disconnected 
Freebet1 is connected 
Freebet1: checks 
steelNike: checks 
*** RIVER *** [2s Ad Kd Td] [4c]
Freebet1: checks 
steelNike: checks 
*** SHOW DOWN ***
Freebet1: shows [9c 8c] (high card Ace)
steelNike: shows [6d Js] (high card Ace - King+Jack kicker)
steelNike collected $1.90 from pot
*** SUMMARY ***
Total pot $2 | Rake $0.10 
Board [2s Ad Kd Td 4c]
Seat 2: Melenya
Seat 5: MaRKiToScoK
Seat 1: Lipexxx (button) folded before Flop (didn't bet)
Seat 3: Freebet1 (small blind) showed [9c 8c] and lost with high card Ace
Seat 4: steelNike (big blind) showed [6d Js] and won ($1.90) with high card Ace



PokerStars Hand #254394534210:  Hold'em No Limit ($0.50/$1.00 USD) - 2025/01/16 5:32:07 WET [2025/01/16 0:32:07 ET]
Table 'Ausonia' 6-max Seat #3 is the button
Seat 2: Melenya ($100 in chips) is sitting out
Seat 6: ponchua ($100 in chips) is sitting out
Seat 1: Lipexxx ($44.70 in chips) 
Seat 3: Freebet1 ($24.37 in chips) 
Seat 4: steelNike ($58.90 in chips) 
Seat 5: MaRKiToScoK ($100 in chips) 
steelNike: posts small blind $0.50
MaRKiToScoK: posts big blind $1
ponchua: sits out 
Melenya: sits out 
*** HOLE CARDS ***
Lipexxx: raises $1 to $2
Freebet1: folds 
steelNike: folds 
MaRKiToScoK: calls $1
*** FLOP *** [Qc 2h 6s]
MaRKiToScoK: checks 
Lipexxx: bets $2
MaRKiToScoK: folds 
Uncalled bet ($2) returned to Lipexxx
Lipexxx collected $4.28 from pot
*** SUMMARY ***
Total pot $4.50 | Rake $0.22 
Board [Qc 2h 6s]
Seat 2: Melenya
Seat 6: ponchua
Seat 1: Lipexxx collected ($4.28)
Seat 3: Freebet1 (button) folded before Flop (didn't bet)
Seat 4: steelNike (small blind) folded before Flop
Seat 5: MaRKiToScoK (big blind) folded on the Flop



PokerStars Hand #254394536062:  Hold'em No Limit ($0.50/$1.00 USD) - 2025/01/16 5:32:29 WET [2025/01/16 0:32:29 ET]
Table 'Ausonia' 6-max Seat #4 is the button
Seat 2: Melenya ($100 in chips) is sitting out
Seat 1: Lipexxx ($46.98 in chips) 
Seat 3: Freebet1 ($24.37 in chips) 
Seat 4: steelNike ($58.40 in chips) 
Seat 5: MaRKiToScoK ($100 in chips) 
Seat 6: ponchua ($100 in chips) 
MaRKiToScoK: posts small blind $0.50
ponchua: posts big blind $1
Melenya: sits out 
*** HOLE CARDS ***
Lipexxx: folds 
Freebet1: raises $1 to $2
steelNike: folds 
MaRKiToScoK: folds 
ponchua: calls $1
*** FLOP *** [9h Qs 3d]
ponchua: checks 
Freebet1: bets $1
ponchua: folds 
Uncalled bet ($1) returned to Freebet1
Freebet1 collected $4.28 from pot
*** SUMMARY ***
Total pot $4.50 | Rake $0.22 
Board [9h Qs 3d]
Seat 2: Melenya
Seat 1: Lipexxx folded before Flop (didn't bet)
Seat 3: Freebet1 collected ($4.28)
Seat 4: steelNike (button) folded before Flop (didn't bet)
Seat 5: MaRKiToScoK (small blind) folded before Flop
Seat 6: ponchua (big blind) folded on the Flop



PokerStars Hand #254394538418:  Hold'em No Limit ($0.50/$1.00 USD) - 2025/01/16 5:32:57 WET [2025/01/16 0:32:57 ET]
Table 'Ausonia' 6-max Seat #5 is the button
Seat 2: Melenya ($100 in chips) is sitting out
Seat 1: Lipexxx ($46.98 in chips) 
Seat 3: Freebet1 ($26.65 in chips) 
Seat 4: steelNike ($58.40 in chips) 
Seat 5: MaRKiToScoK ($100 in chips) 
Seat 6: ponchua ($100 in chips) 
ponchua: posts small blind $0.50
Lipexxx: posts big blind $1
Melenya: sits out 
*** HOLE CARDS ***
Freebet1: calls $1
steelNike: folds 
MaRKiToScoK: raises $2.50 to $3.50
ponchua: folds 
Lipexxx: folds 
Freebet1: calls $2.50
*** FLOP *** [2s 7d Ad]
Freebet1: checks 
MaRKiToScoK: bets $2.42
Freebet1: folds 
Uncalled bet ($2.42) returned to MaRKiToScoK
MaRKiToScoK collected $8.08 from pot
*** SUMMARY ***
Total pot $8.50 | Rake $0.42 
Board [2s 7d Ad]
Seat 2: Melenya
Seat 1: Lipexxx (big blind) folded before Flop
Seat 3: Freebet1 folded on the Flop
Seat 4: steelNike folded before Flop (didn't bet)
Seat 5: MaRKiToScoK (button) collected ($8.08)
Seat 6: ponchua (small blind) folded before Flop



PokerStars Hand #254394541101:  Hold'em No Limit ($0.50/$1.00 USD) - 2025/01/16 5:33:30 WET [2025/01/16 0:33:30 ET]
Table 'Ausonia' 6-max Seat #6 is the button
Seat 1: Lipexxx ($45.98 in chips) 
Seat 2: Melenya ($100 in chips) 
Seat 3: Freebet1 ($23.15 in chips) 
Seat 4: steelNike ($58.40 in chips) 
Seat 5: MaRKiToScoK ($104.58 in chips) 
Seat 6: ponchua ($100 in chips) 
Lipexxx: posts small blind $0.50
Melenya: posts big blind $1
*** HOLE CARDS ***
Freebet1: calls $1
steelNike: folds 
MaRKiToScoK: raises $2.50 to $3.50
ponchua: folds 
Lipexxx: folds 
Melenya: calls $2.50
Freebet1: raises $19.65 to $23.15 and is all-in
MaRKiToScoK: raises $81.43 to $104.58 and is all-in
Melenya: folds 
Uncalled bet ($81.43) returned to MaRKiToScoK
*** FLOP *** [9c 7d 2h]
*** TURN *** [9c 7d 2h] [Tc]
*** RIVER *** [9c 7d 2h Tc] [Ah]
*** SHOW DOWN ***
Freebet1: shows [9d 9h] (three of a kind, Nines)
MaRKiToScoK: shows [6h 6d] (a pair of Sixes)
Freebet1 collected $47.80 from pot
*** SUMMARY ***
Total pot $50.30 | Rake $2.50 
Board [9c 7d 2h Tc Ah]
Seat 1: Lipexxx (small blind) folded before Flop
Seat 2: Melenya (big blind) folded before Flop
Seat 3: Freebet1 showed [9d 9h] and won ($47.80) with three of a kind, Nines
Seat 4: steelNike folded before Flop (didn't bet)
Seat 5: MaRKiToScoK showed [6h 6d] and lost with a pair of Sixes
Seat 6: ponchua (button) folded before Flop (didn't bet)



PokerStars Hand #254394543925:  Hold'em No Limit ($0.50/$1.00 USD) - 2025/01/16 5:34:04 WET [2025/01/16 0:34:04 ET]
Table 'Ausonia' 6-max Seat #1 is the button
Seat 1: Lipexxx ($45.48 in chips) 
Seat 2: Melenya ($100 in chips) 
Seat 3: Freebet1 ($47.80 in chips) 
Seat 4: steelNike ($58.40 in chips) 
Seat 5: MaRKiToScoK ($100 in chips) 
Seat 6: ponchua ($100 in chips) 
Melenya: posts small blind $0.50
Freebet1: posts big blind $1
*** HOLE CARDS ***
steelNike: folds 
MaRKiToScoK: raises $1 to $2
ponchua: folds 
Lipexxx: folds 
Melenya: folds 
Freebet1: calls $1
*** FLOP *** [3h 2c 4h]
Freebet1: checks 
MaRKiToScoK: checks 
*** TURN *** [3h 2c 4h] [2s]
Freebet1: bets $4.28
MaRKiToScoK: folds 
Uncalled bet ($4.28) returned to Freebet1
Freebet1 collected $4.28 from pot
*** SUMMARY ***
Total pot $4.50 | Rake $0.22 
Board [3h 2c 4h 2s]
Seat 1: Lipexxx (button) folded before Flop (didn't bet)
Seat 2: Melenya (small blind) folded before Flop
Seat 3: Freebet1 (big blind) collected ($4.28)
Seat 4: steelNike folded before Flop (didn't bet)
Seat 5: MaRKiToScoK folded on the Turn
Seat 6: ponchua folded before Flop (didn't bet)



PokerStars Hand #254394546138:  Hold'em No Limit ($0.50/$1.00 USD) - 2025/01/16 5:34:31 WET [2025/01/16 0:34:31 ET]
Table 'Ausonia' 6-max Seat #2 is the button
Seat 1: Lipexxx ($45.48 in chips) 
Seat 2: Melenya ($100 in chips) 
Seat 3: Freebet1 ($50.08 in chips) 
Seat 4: steelNike ($58.40 in chips) 
Seat 5: MaRKiToScoK ($100 in chips) 
Seat 6: ponchua ($100 in chips) 
Freebet1: posts small blind $0.50
steelNike: posts big blind $1
*** HOLE CARDS ***
MaRKiToScoK: raises $1 to $2
ponchua: folds 
Lipexxx: raises $6 to $8
Melenya: folds 
Freebet1: folds 
steelNike: folds 
MaRKiToScoK: folds 
Uncalled bet ($6) returned to Lipexxx
Lipexxx collected $5.50 from pot
*** SUMMARY ***
Total pot $5.50 | Rake $0 
Seat 1: Lipexxx collected ($5.50)
Seat 2: Melenya (button) folded before Flop (didn't bet)
Seat 3: Freebet1 (small blind) folded before Flop
Seat 4: steelNike (big blind) folded before Flop
Seat 5: MaRKiToScoK folded before Flop
Seat 6: ponchua folded before Flop (didn't bet)



