PokerStars Hand #254404581718:  Hold'em No Limit ($0.50/$1.00 USD) - 2025/01/16 21:15:19 WET [2025/01/16 16:15:19 ET]
Table 'Cremona IV' 6-max Seat #1 is the button
Seat 1: tukeiron ($100 in chips) 
Seat 2: YeeesMan ($100 in chips) 
Seat 3: lespagnol623 ($11.38 in chips) 
Seat 4: Poker9803 ($100 in chips) 
Seat 5: ptolejmus ($10 in chips) 
Seat 6: Athinadou ($42.12 in chips) 
YeeesMan: posts small blind $0.50
lespagnol623: posts big blind $1
Athinadou: posts big blind $1
*** HOLE CARDS ***
Poker9803: folds 
ptolejmus: folds 
Athinadou: raises $2 to $3
tukeiron: folds 
YeeesMan: folds 
lespagnol623: calls $2
*** FLOP *** [Kh Kd 6c]
lespagnol623: checks 
Athinadou: bets $39.12 and is all-in
lespagnol623: calls $8.38 and is all-in
Uncalled bet ($30.74) returned to Athinadou
*** TURN *** [Kh Kd 6c] [8h]
*** RIVER *** [Kh Kd 6c 8h] [Ts]
*** SHOW DOWN ***
lespagnol623: shows [Ks 7s] (three of a kind, Kings)
Athinadou: shows [Qs As] (a pair of Kings)
lespagnol623 collected $22.10 from pot
*** SUMMARY ***
Total pot $23.26 | Rake $1.16 
Board [Kh Kd 6c 8h Ts]
Seat 1: tukeiron (button) folded before Flop (didn't bet)
Seat 2: YeeesMan (small blind) folded before Flop
Seat 3: lespagnol623 (big blind) showed [Ks 7s] and won ($22.10) with three of a kind, Kings
Seat 4: Poker9803 folded before Flop (didn't bet)
Seat 5: ptolejmus folded before Flop (didn't bet)
Seat 6: Athinadou showed [Qs As] and lost with a pair of Kings



PokerStars Hand #254404603757:  Hold'em No Limit ($0.50/$1.00 USD) - 2025/01/16 21:16:27 WET [2025/01/16 16:16:27 ET]
Table 'Cremona IV' 6-max Seat #2 is the button
Seat 1: tukeiron ($100 in chips) 
Seat 2: YeeesMan ($100 in chips) 
Seat 3: lespagnol623 ($22.10 in chips) 
Seat 4: Poker9803 ($100 in chips) 
Seat 5: ptolejmus ($10 in chips) 
Seat 6: Athinadou ($30.74 in chips) 
lespagnol623: posts small blind $0.50
Poker9803: posts big blind $1
*** HOLE CARDS ***
ptolejmus: folds 
Athinadou: raises $1 to $2
tukeiron: folds 
YeeesMan: folds 
lespagnol623: calls $1.50
Poker9803: calls $1
*** FLOP *** [Kh 6h Qd]
lespagnol623: checks 
Poker9803: checks 
Athinadou: checks 
*** TURN *** [Kh 6h Qd] [4h]
lespagnol623: checks 
Poker9803: bets $4.28
Athinadou: calls $4.28
lespagnol623: folds 
*** RIVER *** [Kh 6h Qd 4h] [5s]
Poker9803: bets $10.37
Athinadou: folds 
Uncalled bet ($10.37) returned to Poker9803
Poker9803 collected $13.83 from pot
Poker9803: doesn't show hand 
*** SUMMARY ***
Total pot $14.56 | Rake $0.73 
Board [Kh 6h Qd 4h 5s]
Seat 1: tukeiron folded before Flop (didn't bet)
Seat 2: YeeesMan (button) folded before Flop (didn't bet)
Seat 3: lespagnol623 (small blind) folded on the Turn
Seat 4: Poker9803 (big blind) collected ($13.83)
Seat 5: ptolejmus folded before Flop (didn't bet)
Seat 6: Athinadou folded on the River



PokerStars Hand #254404624157:  Hold'em No Limit ($0.50/$1.00 USD) - 2025/01/16 21:17:30 WET [2025/01/16 16:17:30 ET]
Table 'Cremona IV' 6-max Seat #3 is the button
Seat 1: tukeiron ($100 in chips) 
Seat 2: YeeesMan ($100 in chips) 
Seat 3: lespagnol623 ($20.10 in chips) 
Seat 4: Poker9803 ($107.55 in chips) 
Seat 5: ptolejmus ($10 in chips) 
Seat 6: Athinadou ($24.46 in chips) 
Poker9803: posts small blind $0.50
ptolejmus: posts big blind $1
*** HOLE CARDS ***
Athinadou: calls $1
tukeiron: raises $2.50 to $3.50
YeeesMan: folds 
lespagnol623: folds 
Poker9803: folds 
ptolejmus: folds 
Athinadou: folds 
Uncalled bet ($2.50) returned to tukeiron
tukeiron collected $3.50 from pot
lespagnol623 leaves the table
tukeiron: doesn't show hand 
*** SUMMARY ***
Total pot $3.50 | Rake $0 
Seat 1: tukeiron collected ($3.50)
Seat 2: YeeesMan folded before Flop (didn't bet)
Seat 3: lespagnol623 (button) folded before Flop (didn't bet)
Seat 4: Poker9803 (small blind) folded before Flop
Seat 5: ptolejmus (big blind) folded before Flop
Seat 6: Athinadou folded before Flop



PokerStars Hand #254404630199:  Hold'em No Limit ($0.50/$1.00 USD) - 2025/01/16 21:17:49 WET [2025/01/16 16:17:49 ET]
Table 'Cremona IV' 6-max Seat #4 is the button
Seat 1: tukeiron ($102.50 in chips) 
Seat 2: YeeesMan ($100 in chips) 
Seat 4: Poker9803 ($107.05 in chips) 
Seat 5: ptolejmus ($10 in chips) 
Seat 6: Athinadou ($23.46 in chips) 
ptolejmus: posts small blind $0.50
Athinadou: posts big blind $1
*** HOLE CARDS ***
tukeiron: folds 
kars0n joins the table at seat #3 
YeeesMan: folds 
Poker9803: raises $1 to $2
ptolejmus: folds 
Athinadou: folds 
Uncalled bet ($1) returned to Poker9803
Poker9803 collected $2.50 from pot
Poker9803: doesn't show hand 
*** SUMMARY ***
Total pot $2.50 | Rake $0 
Seat 1: tukeiron folded before Flop (didn't bet)
Seat 2: YeeesMan folded before Flop (didn't bet)
Seat 4: Poker9803 (button) collected ($2.50)
Seat 5: ptolejmus (small blind) folded before Flop
Seat 6: Athinadou (big blind) folded before Flop



PokerStars Hand #254404637423:  Hold'em No Limit ($0.50/$1.00 USD) - 2025/01/16 21:18:11 WET [2025/01/16 16:18:11 ET]
Table 'Cremona IV' 6-max Seat #5 is the button
Seat 3: kars0n ($100 in chips) is sitting out
Seat 1: tukeiron ($102.50 in chips) 
Seat 2: YeeesMan ($100 in chips) 
Seat 4: Poker9803 ($108.55 in chips) 
Seat 5: ptolejmus ($10 in chips) 
Seat 6: Athinadou ($22.46 in chips) 
Athinadou: posts small blind $0.50
tukeiron: posts big blind $1
kars0n: sits out 
*** HOLE CARDS ***
YeeesMan: folds 
Poker9803: folds 
ptolejmus: folds 
Athinadou: calls $0.50
tukeiron: checks 
*** FLOP *** [9d 7c 7s]
Athinadou: checks 
tukeiron: bets $1
Athinadou: calls $1
*** TURN *** [9d 7c 7s] [4s]
Athinadou: checks 
tukeiron: bets $2
Athinadou: folds 
Uncalled bet ($2) returned to tukeiron
tukeiron collected $3.80 from pot
*** SUMMARY ***
Total pot $4 | Rake $0.20 
Board [9d 7c 7s 4s]
Seat 3: kars0n
Seat 1: tukeiron (big blind) collected ($3.80)
Seat 2: YeeesMan folded before Flop (didn't bet)
Seat 4: Poker9803 folded before Flop (didn't bet)
Seat 5: ptolejmus (button) folded before Flop (didn't bet)
Seat 6: Athinadou (small blind) folded on the Turn



PokerStars Hand #254404644765:  Hold'em No Limit ($0.50/$1.00 USD) - 2025/01/16 21:18:34 WET [2025/01/16 16:18:34 ET]
Table 'Cremona IV' 6-max Seat #6 is the button
Seat 3: kars0n ($100 in chips) is sitting out
Seat 1: tukeiron ($104.30 in chips) 
Seat 2: YeeesMan ($100 in chips) 
Seat 4: Poker9803 ($108.55 in chips) 
Seat 5: ptolejmus ($10 in chips) 
Seat 6: Athinadou ($20.46 in chips) 
tukeiron: posts small blind $0.50
YeeesMan: posts big blind $1
kars0n: sits out 
*** HOLE CARDS ***
Poker9803: folds 
ptolejmus: folds 
Athinadou: folds 
tukeiron: folds 
Uncalled bet ($0.50) returned to YeeesMan
YeeesMan collected $1 from pot
YeeesMan: doesn't show hand 
*** SUMMARY ***
Total pot $1 | Rake $0 
Seat 3: kars0n
Seat 1: tukeiron (small blind) folded before Flop
Seat 2: YeeesMan (big blind) collected ($1)
Seat 4: Poker9803 folded before Flop (didn't bet)
Seat 5: ptolejmus folded before Flop (didn't bet)
Seat 6: Athinadou (button) folded before Flop (didn't bet)



PokerStars Hand #254404649843:  Hold'em No Limit ($0.50/$1.00 USD) - 2025/01/16 21:18:49 WET [2025/01/16 16:18:49 ET]
Table 'Cremona IV' 6-max Seat #1 is the button
Seat 1: tukeiron ($103.80 in chips) 
Seat 2: YeeesMan ($100.50 in chips) 
Seat 3: kars0n ($100 in chips) 
Seat 4: Poker9803 ($108.55 in chips) 
Seat 5: ptolejmus ($10 in chips) 
Seat 6: Athinadou ($20.46 in chips) 
YeeesMan: posts small blind $0.50
kars0n: posts big blind $1
*** HOLE CARDS ***
Poker9803: folds 
ptolejmus: raises $9 to $10 and is all-in
Athinadou: folds 
tukeiron: folds 
YeeesMan: calls $9.50
kars0n: folds 
*** FLOP *** [Qs 8h 7s]
*** TURN *** [Qs 8h 7s] [Kc]
*** RIVER *** [Qs 8h 7s Kc] [9c]
*** SHOW DOWN ***
YeeesMan: shows [Ad Jd] (high card Ace)
ptolejmus: shows [4h 4c] (a pair of Fours)
ptolejmus cashed out the hand for $9.89 | Cash Out Fee $0.20
*** SUMMARY ***
Total pot $21 | Rake $1.05 
Board [Qs 8h 7s Kc 9c]
Seat 1: tukeiron (button) folded before Flop (didn't bet)
Seat 2: YeeesMan (small blind) showed [Ad Jd] and lost with high card Ace
Seat 3: kars0n (big blind) folded before Flop
Seat 4: Poker9803 folded before Flop (didn't bet)
Seat 5: ptolejmus showed [4h 4c] and won ($19.95) with a pair of Fours (pot not awarded as player cashed out)
Seat 6: Athinadou folded before Flop (didn't bet)



PokerStars Hand #254404663013:  Hold'em No Limit ($0.50/$1.00 USD) - 2025/01/16 21:19:30 WET [2025/01/16 16:19:30 ET]
Table 'Cremona IV' 6-max Seat #2 is the button
Seat 4: Poker9803 ($108.55 in chips) is sitting out
Seat 1: tukeiron ($103.80 in chips) 
Seat 2: YeeesMan ($100 in chips) 
Seat 3: kars0n ($100 in chips) 
Seat 5: ptolejmus ($10 in chips) 
Seat 6: Athinadou ($20.46 in chips) 
kars0n: posts small blind $0.50
Poker9803: is sitting out 
ptolejmus: posts big blind $1
*** HOLE CARDS ***
Poker9803 leaves the table
Athinadou: folds 
tukeiron: folds 
ninidica joins the table at seat #4 
ninidica is disconnected 
YeeesMan: folds 
kars0n: raises $2 to $3
ptolejmus: folds 
Uncalled bet ($2) returned to kars0n
kars0n collected $2 from pot
kars0n: doesn't show hand 
*** SUMMARY ***
Total pot $2 | Rake $0 
Seat 4: Poker9803
Seat 1: tukeiron folded before Flop (didn't bet)
Seat 2: YeeesMan (button) folded before Flop (didn't bet)
Seat 3: kars0n (small blind) collected ($2)
Seat 5: ptolejmus (big blind) folded before Flop
Seat 6: Athinadou folded before Flop (didn't bet)



PokerStars Hand #254404673257:  Hold'em No Limit ($0.50/$1.00 USD) - 2025/01/16 21:20:02 WET [2025/01/16 16:20:02 ET]
Table 'Cremona IV' 6-max Seat #3 is the button
Seat 4: ninidica ($87.47 in chips) is sitting out
Seat 1: tukeiron ($103.80 in chips) 
Seat 2: YeeesMan ($100 in chips) 
Seat 3: kars0n ($101 in chips) 
Seat 5: ptolejmus ($10 in chips) 
Seat 6: Athinadou ($20.46 in chips) 
ptolejmus: posts small blind $0.50
Athinadou: posts big blind $1
*** HOLE CARDS ***
tukeiron: folds 
YeeesMan: folds 
kars0n: raises $1.50 to $2.50
ptolejmus: raises $7.50 to $10 and is all-in
Athinadou: folds 
kars0n: calls $7.50
*** FLOP *** [3d 8h 9c]
*** TURN *** [3d 8h 9c] [3h]
*** RIVER *** [3d 8h 9c 3h] [3c]
*** SHOW DOWN ***
ptolejmus: shows [Js Ad] (three of a kind, Threes)
kars0n: shows [7c 7s] (a full house, Threes full of Sevens)
kars0n collected $19.95 from pot
*** SUMMARY ***
Total pot $21 | Rake $1.05 
Board [3d 8h 9c 3h 3c]
Seat 4: ninidica
Seat 1: tukeiron folded before Flop (didn't bet)
Seat 2: YeeesMan folded before Flop (didn't bet)
Seat 3: kars0n (button) showed [7c 7s] and won ($19.95) with a full house, Threes full of Sevens
Seat 5: ptolejmus (small blind) showed [Js Ad] and lost with three of a kind, Threes
Seat 6: Athinadou (big blind) folded before Flop



PokerStars Hand #254404686679:  Hold'em No Limit ($0.50/$1.00 USD) - 2025/01/16 21:20:43 WET [2025/01/16 16:20:43 ET]
Table 'Cremona IV' 6-max Seat #5 is the button
Seat 1: tukeiron ($103.80 in chips) 
Seat 2: YeeesMan ($100 in chips) 
Seat 3: kars0n ($110.95 in chips) 
Seat 4: ninidica ($87.47 in chips) 
Seat 5: ptolejmus ($10 in chips) 
Seat 6: Athinadou ($19.46 in chips) 
Athinadou: posts small blind $0.50
tukeiron: posts big blind $1
ninidica: posts big blind $1
*** HOLE CARDS ***
YeeesMan: folds 
kars0n: folds 
ninidica: checks 
ptolejmus: raises $9 to $10 and is all-in
Athinadou: raises $9.46 to $19.46 and is all-in
tukeiron: folds 
ninidica: folds 
Uncalled bet ($9.46) returned to Athinadou
*** FLOP *** [8d 3d Qd]
*** TURN *** [8d 3d Qd] [8c]
*** RIVER *** [8d 3d Qd 8c] [5s]
*** SHOW DOWN ***
Athinadou: shows [Ah 3h] (two pair, Eights and Threes)
ptolejmus: shows [Kc Tc] (a pair of Eights)
Athinadou collected $20.90 from pot
*** SUMMARY ***
Total pot $22 | Rake $1.10 
Board [8d 3d Qd 8c 5s]
Seat 1: tukeiron (big blind) folded before Flop
Seat 2: YeeesMan folded before Flop (didn't bet)
Seat 3: kars0n folded before Flop (didn't bet)
Seat 4: ninidica folded before Flop (didn't bet)
Seat 5: ptolejmus (button) showed [Kc Tc] and lost with a pair of Eights
Seat 6: Athinadou (small blind) showed [Ah 3h] and won ($20.90) with two pair, Eights and Threes



PokerStars Hand #254404696924:  Hold'em No Limit ($0.50/$1.00 USD) - 2025/01/16 21:21:15 WET [2025/01/16 16:21:15 ET]
Table 'Cremona IV' 6-max Seat #6 is the button
Seat 1: tukeiron ($102.80 in chips) 
Seat 2: YeeesMan ($100 in chips) 
Seat 3: kars0n ($110.95 in chips) 
Seat 4: ninidica ($86.47 in chips) 
Seat 5: ptolejmus ($10 in chips) 
Seat 6: Athinadou ($30.36 in chips) 
tukeiron: posts small blind $0.50
YeeesMan: posts big blind $1
*** HOLE CARDS ***
kars0n: folds 
ninidica: folds 
ptolejmus: raises $1 to $2
Athinadou: calls $2
tukeiron: folds 
YeeesMan: folds 
*** FLOP *** [Ad 7c 8c]
ptolejmus: bets $1.41
Athinadou: folds 
Uncalled bet ($1.41) returned to ptolejmus
ptolejmus collected $5.22 from pot
*** SUMMARY ***
Total pot $5.50 | Rake $0.28 
Board [Ad 7c 8c]
Seat 1: tukeiron (small blind) folded before Flop
Seat 2: YeeesMan (big blind) folded before Flop
Seat 3: kars0n folded before Flop (didn't bet)
Seat 4: ninidica folded before Flop (didn't bet)
Seat 5: ptolejmus collected ($5.22)
Seat 6: Athinadou (button) folded on the Flop



PokerStars Hand #254404708083:  Hold'em No Limit ($0.50/$1.00 USD) - 2025/01/16 21:21:50 WET [2025/01/16 16:21:50 ET]
Table 'Cremona IV' 6-max Seat #1 is the button
Seat 1: tukeiron ($102.30 in chips) 
Seat 2: YeeesMan ($100 in chips) 
Seat 3: kars0n ($110.95 in chips) 
Seat 4: ninidica ($86.47 in chips) 
Seat 5: ptolejmus ($13.22 in chips) 
Seat 6: Athinadou ($28.36 in chips) 
YeeesMan: posts small blind $0.50
kars0n: posts big blind $1
*** HOLE CARDS ***
ninidica: folds 
ptolejmus: folds 
Athinadou: calls $1
tukeiron: folds 
YeeesMan: folds 
kars0n: checks 
*** FLOP *** [Qs 2s Jd]
kars0n: checks 
Athinadou: checks 
*** TURN *** [Qs 2s Jd] [7s]
kars0n: checks 
Athinadou: checks 
*** RIVER *** [Qs 2s Jd 7s] [As]
kars0n: checks 
Athinadou: bets $1
kars0n: calls $1
*** SHOW DOWN ***
Athinadou: shows [Kc 4c] (high card Ace)
kars0n: shows [Jh 6h] (a pair of Jacks)
kars0n collected $4.28 from pot
*** SUMMARY ***
Total pot $4.50 | Rake $0.22 
Board [Qs 2s Jd 7s As]
Seat 1: tukeiron (button) folded before Flop (didn't bet)
Seat 2: YeeesMan (small blind) folded before Flop
Seat 3: kars0n (big blind) showed [Jh 6h] and won ($4.28) with a pair of Jacks
Seat 4: ninidica folded before Flop (didn't bet)
Seat 5: ptolejmus folded before Flop (didn't bet)
Seat 6: Athinadou showed [Kc 4c] and lost with high card Ace



PokerStars Hand #254404718423:  Hold'em No Limit ($0.50/$1.00 USD) - 2025/01/16 21:22:21 WET [2025/01/16 16:22:21 ET]
Table 'Cremona IV' 6-max Seat #2 is the button
Seat 1: tukeiron ($102.30 in chips) 
Seat 2: YeeesMan ($100 in chips) 
Seat 3: kars0n ($113.23 in chips) 
Seat 4: ninidica ($86.47 in chips) 
Seat 5: ptolejmus ($13.22 in chips) 
Seat 6: Athinadou ($26.36 in chips) 
kars0n: posts small blind $0.50
ninidica: posts big blind $1
*** HOLE CARDS ***
ptolejmus: folds 
Athinadou: calls $1
tukeiron: raises $2 to $3
YeeesMan: folds 
kars0n: calls $2.50
ninidica: calls $2
Athinadou: calls $2
*** FLOP *** [Ah Kh Tc]
kars0n: checks 
ninidica: checks 
Athinadou: checks 
tukeiron: checks 
*** TURN *** [Ah Kh Tc] [Th]
kars0n: checks 
ninidica: checks 
Athinadou: checks 
tukeiron: bets $6.27
kars0n: folds 
ninidica: folds 
Athinadou: folds 
Uncalled bet ($6.27) returned to tukeiron
tukeiron collected $11.40 from pot
*** SUMMARY ***
Total pot $12 | Rake $0.60 
Board [Ah Kh Tc Th]
Seat 1: tukeiron collected ($11.40)
Seat 2: YeeesMan (button) folded before Flop (didn't bet)
Seat 3: kars0n (small blind) folded on the Turn
Seat 4: ninidica (big blind) folded on the Turn
Seat 5: ptolejmus folded before Flop (didn't bet)
Seat 6: Athinadou folded on the Turn



PokerStars Hand #254404739465:  Hold'em No Limit ($0.50/$1.00 USD) - 2025/01/16 21:23:27 WET [2025/01/16 16:23:27 ET]
Table 'Cremona IV' 6-max Seat #3 is the button
Seat 1: tukeiron ($110.70 in chips) 
Seat 2: YeeesMan ($100 in chips) 
Seat 3: kars0n ($110.23 in chips) 
Seat 4: ninidica ($83.47 in chips) 
Seat 5: ptolejmus ($13.22 in chips) 
Seat 6: Athinadou ($23.36 in chips) 
ninidica: posts small blind $0.50
ptolejmus: posts big blind $1
*** HOLE CARDS ***
Athinadou: calls $1
tukeiron: folds 
YeeesMan: folds 
kars0n: raises $2.50 to $3.50
ninidica: calls $3
ptolejmus: folds 
Athinadou: calls $2.50
*** FLOP *** [Qc 9s 2h]
ninidica: bets $5.46
Athinadou: folds 
kars0n: raises $9.54 to $15
ninidica: folds 
Uncalled bet ($9.54) returned to kars0n
kars0n collected $21.30 from pot
kars0n: doesn't show hand 
*** SUMMARY ***
Total pot $22.42 | Rake $1.12 
Board [Qc 9s 2h]
Seat 1: tukeiron folded before Flop (didn't bet)
Seat 2: YeeesMan folded before Flop (didn't bet)
Seat 3: kars0n (button) collected ($21.30)
Seat 4: ninidica (small blind) folded on the Flop
Seat 5: ptolejmus (big blind) folded before Flop
Seat 6: Athinadou folded on the Flop



PokerStars Hand #254404755141:  Hold'em No Limit ($0.50/$1.00 USD) - 2025/01/16 21:24:15 WET [2025/01/16 16:24:15 ET]
Table 'Cremona IV' 6-max Seat #4 is the button
Seat 1: tukeiron ($110.70 in chips) 
Seat 2: YeeesMan ($100 in chips) 
Seat 3: kars0n ($122.57 in chips) 
Seat 4: ninidica ($74.51 in chips) 
Seat 5: ptolejmus ($12.22 in chips) 
Seat 6: Athinadou ($19.86 in chips) 
ptolejmus: posts small blind $0.50
Athinadou: posts big blind $1
*** HOLE CARDS ***
tukeiron: folds 
YeeesMan: folds 
kars0n: folds 
ninidica: folds 
ptolejmus: raises $1.50 to $2.50
Athinadou: calls $1.50
*** FLOP *** [4s 8c 3d]
ptolejmus: bets $1.28
Athinadou: calls $1.28
*** TURN *** [4s 8c 3d] [9c]
ptolejmus: checks 
Athinadou: bets $3
ptolejmus: raises $5.44 to $8.44 and is all-in
Athinadou: calls $5.44
*** RIVER *** [4s 8c 3d 9c] [Tc]
*** SHOW DOWN ***
ptolejmus: shows [4c 5s] (a pair of Fours)
Athinadou: shows [9s Qh] (a pair of Nines)
Athinadou collected $23.22 from pot
ptolejmus cashed out the hand for $2.59 | Cash Out Fee $0.05
*** SUMMARY ***
Total pot $24.44 | Rake $1.22 
Board [4s 8c 3d 9c Tc]
Seat 1: tukeiron folded before Flop (didn't bet)
Seat 2: YeeesMan folded before Flop (didn't bet)
Seat 3: kars0n folded before Flop (didn't bet)
Seat 4: ninidica (button) folded before Flop (didn't bet)
Seat 5: ptolejmus (small blind) showed [4c 5s] and lost with a pair of Fours (cashed out).
Seat 6: Athinadou (big blind) showed [9s Qh] and won ($23.22) with a pair of Nines



PokerStars Hand #254404777637:  Hold'em No Limit ($0.50/$1.00 USD) - 2025/01/16 21:25:25 WET [2025/01/16 16:25:25 ET]
Table 'Cremona IV' 6-max Seat #5 is the button
Seat 1: tukeiron ($110.70 in chips) 
Seat 2: YeeesMan ($100 in chips) 
Seat 3: kars0n ($122.57 in chips) 
Seat 4: ninidica ($74.51 in chips) 
Seat 5: ptolejmus ($10 in chips) 
Seat 6: Athinadou ($30.86 in chips) 
Athinadou: posts small blind $0.50
tukeiron: posts big blind $1
*** HOLE CARDS ***
YeeesMan: folds 
kars0n: folds 
ninidica: folds 
ptolejmus: folds 
Athinadou: calls $0.50
tukeiron: raises $3.50 to $4.50
Athinadou: calls $3.50
*** FLOP *** [7c Ad Qc]
Athinadou: checks 
tukeiron: checks 
*** TURN *** [7c Ad Qc] [5h]
Athinadou: bets $3
tukeiron: calls $3
*** RIVER *** [7c Ad Qc 5h] [3s]
Athinadou: bets $7
tukeiron: calls $7
*** SHOW DOWN ***
Athinadou: shows [Jd 5d] (a pair of Fives)
tukeiron: shows [Qh Td] (a pair of Queens)
tukeiron collected $27.55 from pot
*** SUMMARY ***
Total pot $29 | Rake $1.45 
Board [7c Ad Qc 5h 3s]
Seat 1: tukeiron (big blind) showed [Qh Td] and won ($27.55) with a pair of Queens
Seat 2: YeeesMan folded before Flop (didn't bet)
Seat 3: kars0n folded before Flop (didn't bet)
Seat 4: ninidica folded before Flop (didn't bet)
Seat 5: ptolejmus (button) folded before Flop (didn't bet)
Seat 6: Athinadou (small blind) showed [Jd 5d] and lost with a pair of Fives



PokerStars Hand #254404794083:  Hold'em No Limit ($0.50/$1.00 USD) - 2025/01/16 21:26:16 WET [2025/01/16 16:26:16 ET]
Table 'Cremona IV' 6-max Seat #6 is the button
Seat 1: tukeiron ($123.75 in chips) 
Seat 2: YeeesMan ($100 in chips) 
Seat 3: kars0n ($122.57 in chips) 
Seat 4: ninidica ($74.51 in chips) 
Seat 5: ptolejmus ($10 in chips) 
Seat 6: Athinadou ($16.36 in chips) 
tukeiron: posts small blind $0.50
YeeesMan: posts big blind $1
*** HOLE CARDS ***
kars0n: raises $1 to $2
ninidica: folds 
ptolejmus: raises $8 to $10 and is all-in
Athinadou: folds 
tukeiron: folds 
YeeesMan: folds 
kars0n: folds 
Uncalled bet ($8) returned to ptolejmus
ptolejmus collected $5.50 from pot
*** SUMMARY ***
Total pot $5.50 | Rake $0 
Seat 1: tukeiron (small blind) folded before Flop
Seat 2: YeeesMan (big blind) folded before Flop
Seat 3: kars0n folded before Flop
Seat 4: ninidica folded before Flop (didn't bet)
Seat 5: ptolejmus collected ($5.50)
Seat 6: Athinadou (button) folded before Flop (didn't bet)



PokerStars Hand #254404800162:  Hold'em No Limit ($0.50/$1.00 USD) - 2025/01/16 21:26:35 WET [2025/01/16 16:26:35 ET]
Table 'Cremona IV' 6-max Seat #1 is the button
Seat 1: tukeiron ($123.25 in chips) 
Seat 2: YeeesMan ($100 in chips) 
Seat 3: kars0n ($120.57 in chips) 
Seat 4: ninidica ($74.51 in chips) 
Seat 5: ptolejmus ($13.50 in chips) 
Seat 6: Athinadou ($16.36 in chips) 
YeeesMan: posts small blind $0.50
kars0n: posts big blind $1
*** HOLE CARDS ***
ninidica: raises $1 to $2
ptolejmus: folds 
Athinadou: calls $2
tukeiron: folds 
YeeesMan: folds 
kars0n: folds 
*** FLOP *** [8s 4h 9h]
ninidica: bets $2.61
Athinadou: raises $11.75 to $14.36 and is all-in
ninidica: calls $11.75
*** TURN *** [8s 4h 9h] [5d]
*** RIVER *** [8s 4h 9h 5d] [7c]
*** SHOW DOWN ***
ninidica: shows [Ac 9d] (a pair of Nines)
Athinadou: shows [Th Tc] (a pair of Tens)
Athinadou collected $32.51 from pot
*** SUMMARY ***
Total pot $34.22 | Rake $1.71 
Board [8s 4h 9h 5d 7c]
Seat 1: tukeiron (button) folded before Flop (didn't bet)
Seat 2: YeeesMan (small blind) folded before Flop
Seat 3: kars0n (big blind) folded before Flop
Seat 4: ninidica showed [Ac 9d] and lost with a pair of Nines
Seat 5: ptolejmus folded before Flop (didn't bet)
Seat 6: Athinadou showed [Th Tc] and won ($32.51) with a pair of Tens



PokerStars Hand #254404814449:  Hold'em No Limit ($0.50/$1.00 USD) - 2025/01/16 21:27:19 WET [2025/01/16 16:27:19 ET]
Table 'Cremona IV' 6-max Seat #2 is the button
Seat 1: tukeiron ($123.25 in chips) 
Seat 2: YeeesMan ($100 in chips) 
Seat 3: kars0n ($119.57 in chips) 
Seat 4: ninidica ($58.15 in chips) 
Seat 5: ptolejmus ($13.50 in chips) 
Seat 6: Athinadou ($32.51 in chips) 
kars0n: posts small blind $0.50
ninidica: posts big blind $1
*** HOLE CARDS ***
ptolejmus: folds 
Athinadou: raises $1 to $2
tukeiron: folds 
YeeesMan: folds 
kars0n: folds 
ninidica: raises $1 to $3
Athinadou: calls $1
*** FLOP *** [8d 3h 3d]
ninidica: bets $3.09
Athinadou: calls $3.09
*** TURN *** [8d 3h 3d] [Jh]
ninidica: checks 
Athinadou: checks 
*** RIVER *** [8d 3h 3d Jh] [Js]
ninidica: checks 
Athinadou: checks 
*** SHOW DOWN ***
ninidica: shows [Ac Qs] (two pair, Jacks and Threes)
Athinadou: mucks hand 
ninidica collected $12.05 from pot
*** SUMMARY ***
Total pot $12.68 | Rake $0.63 
Board [8d 3h 3d Jh Js]
Seat 1: tukeiron folded before Flop (didn't bet)
Seat 2: YeeesMan (button) folded before Flop (didn't bet)
Seat 3: kars0n (small blind) folded before Flop
Seat 4: ninidica (big blind) showed [Ac Qs] and won ($12.05) with two pair, Jacks and Threes
Seat 5: ptolejmus folded before Flop (didn't bet)
Seat 6: Athinadou mucked



PokerStars Hand #254404830818:  Hold'em No Limit ($0.50/$1.00 USD) - 2025/01/16 21:28:11 WET [2025/01/16 16:28:11 ET]
Table 'Cremona IV' 6-max Seat #3 is the button
Seat 1: tukeiron ($123.25 in chips) 
Seat 2: YeeesMan ($100 in chips) 
Seat 3: kars0n ($119.07 in chips) 
Seat 4: ninidica ($64.11 in chips) 
Seat 5: ptolejmus ($13.50 in chips) 
Seat 6: Athinadou ($26.42 in chips) 
ninidica: posts small blind $0.50
ptolejmus: posts big blind $1
*** HOLE CARDS ***
Athinadou: folds 
Athinadou leaves the table
tukeiron: folds 
YeeesMan: folds 
kars0n: folds 
ninidica: calls $0.50
Joker007r joins the table at seat #6 
ptolejmus: raises $2 to $3
ninidica: calls $2
*** FLOP *** [8h 8d 3h]
ninidica: checks 
ptolejmus: bets $2.91
ninidica: folds 
Uncalled bet ($2.91) returned to ptolejmus
ptolejmus collected $5.70 from pot
*** SUMMARY ***
Total pot $6 | Rake $0.30 
Board [8h 8d 3h]
Seat 1: tukeiron folded before Flop (didn't bet)
Seat 2: YeeesMan folded before Flop (didn't bet)
Seat 3: kars0n (button) folded before Flop (didn't bet)
Seat 4: ninidica (small blind) folded on the Flop
Seat 5: ptolejmus (big blind) collected ($5.70)
Seat 6: Athinadou folded before Flop (didn't bet)



PokerStars Hand #254404843474:  Hold'em No Limit ($0.50/$1.00 USD) - 2025/01/16 21:28:51 WET [2025/01/16 16:28:51 ET]
Table 'Cremona IV' 6-max Seat #4 is the button
Seat 1: tukeiron ($123.25 in chips) 
Seat 2: YeeesMan ($100 in chips) 
Seat 3: kars0n ($119.07 in chips) 
Seat 4: ninidica ($61.11 in chips) 
Seat 5: ptolejmus ($16.20 in chips) 
Seat 6: Joker007r ($100 in chips) 
ptolejmus: posts small blind $0.50
Joker007r: posts big blind $1
*** HOLE CARDS ***
tukeiron: folds 
YeeesMan: raises $1.50 to $2.50
kars0n: folds 
ninidica: calls $2.50
ptolejmus: folds 
Joker007r: folds 
*** FLOP *** [4s 7h 3h]
YeeesMan: checks 
ninidica: bets $3.09
YeeesMan: calls $3.09
*** TURN *** [4s 7h 3h] [Qd]
YeeesMan: checks 
ninidica: checks 
*** RIVER *** [4s 7h 3h Qd] [Qc]
YeeesMan: bets $12.05
ninidica: calls $12.05
*** SHOW DOWN ***
YeeesMan: shows [Qs Ad] (three of a kind, Queens)
ninidica: mucks hand 
YeeesMan collected $34.94 from pot
*** SUMMARY ***
Total pot $36.78 | Rake $1.84 
Board [4s 7h 3h Qd Qc]
Seat 1: tukeiron folded before Flop (didn't bet)
Seat 2: YeeesMan showed [Qs Ad] and won ($34.94) with three of a kind, Queens
Seat 3: kars0n folded before Flop (didn't bet)
Seat 4: ninidica (button) mucked
Seat 5: ptolejmus (small blind) folded before Flop
Seat 6: Joker007r (big blind) folded before Flop



PokerStars Hand #254404865062:  Hold'em No Limit ($0.50/$1.00 USD) - 2025/01/16 21:29:59 WET [2025/01/16 16:29:59 ET]
Table 'Cremona IV' 6-max Seat #5 is the button
Seat 1: tukeiron ($123.25 in chips) 
Seat 2: YeeesMan ($117.30 in chips) 
Seat 3: kars0n ($119.07 in chips) 
Seat 4: ninidica ($43.47 in chips) 
Seat 5: ptolejmus ($15.70 in chips) 
Seat 6: Joker007r ($100 in chips) 
Joker007r: posts small blind $0.50
tukeiron: posts big blind $1
*** HOLE CARDS ***
YeeesMan: folds 
kars0n: folds 
ninidica: folds 
ptolejmus: folds 
Joker007r: folds 
Uncalled bet ($0.50) returned to tukeiron
tukeiron collected $1 from pot
*** SUMMARY ***
Total pot $1 | Rake $0 
Seat 1: tukeiron (big blind) collected ($1)
Seat 2: YeeesMan folded before Flop (didn't bet)
Seat 3: kars0n folded before Flop (didn't bet)
Seat 4: ninidica folded before Flop (didn't bet)
Seat 5: ptolejmus (button) folded before Flop (didn't bet)
Seat 6: Joker007r (small blind) folded before Flop



PokerStars Hand #254404870379:  Hold'em No Limit ($0.50/$1.00 USD) - 2025/01/16 21:30:15 WET [2025/01/16 16:30:15 ET]
Table 'Cremona IV' 6-max Seat #6 is the button
Seat 1: tukeiron ($123.75 in chips) 
Seat 2: YeeesMan ($117.30 in chips) 
Seat 3: kars0n ($119.07 in chips) 
Seat 4: ninidica ($43.47 in chips) 
Seat 5: ptolejmus ($15.70 in chips) 
Seat 6: Joker007r ($100 in chips) 
tukeiron: posts small blind $0.50
YeeesMan: posts big blind $1
*** HOLE CARDS ***
kars0n: folds 
ninidica: folds 
ptolejmus: folds 
Joker007r: raises $1.50 to $2.50
tukeiron: folds 
YeeesMan: calls $1.50
*** FLOP *** [8s 2c 3h]
YeeesMan: checks 
Joker007r: bets $1.72
YeeesMan: raises $5.44 to $7.16
Joker007r: folds 
Uncalled bet ($5.44) returned to YeeesMan
YeeesMan collected $8.49 from pot
YeeesMan: doesn't show hand 
*** SUMMARY ***
Total pot $8.94 | Rake $0.45 
Board [8s 2c 3h]
Seat 1: tukeiron (small blind) folded before Flop
Seat 2: YeeesMan (big blind) collected ($8.49)
Seat 3: kars0n folded before Flop (didn't bet)
Seat 4: ninidica folded before Flop (didn't bet)
Seat 5: ptolejmus folded before Flop (didn't bet)
Seat 6: Joker007r (button) folded on the Flop



PokerStars Hand #254404892263:  Hold'em No Limit ($0.50/$1.00 USD) - 2025/01/16 21:31:23 WET [2025/01/16 16:31:23 ET]
Table 'Cremona IV' 6-max Seat #1 is the button
Seat 1: tukeiron ($123.25 in chips) 
Seat 2: YeeesMan ($121.57 in chips) 
Seat 3: kars0n ($119.07 in chips) 
Seat 4: ninidica ($43.47 in chips) 
Seat 5: ptolejmus ($15.70 in chips) 
Seat 6: Joker007r ($100 in chips) 
YeeesMan: posts small blind $0.50
kars0n: posts big blind $1
*** HOLE CARDS ***
ninidica: calls $1
ptolejmus: folds 
Joker007r: folds 
tukeiron: raises $4.50 to $5.50
YeeesMan: folds 
kars0n: calls $4.50
ninidica: folds 
*** FLOP *** [8s 4c 2s]
kars0n: checks 
tukeiron: checks 
*** TURN *** [8s 4c 2s] [Th]
kars0n: bets $17.82
tukeiron: folds 
Uncalled bet ($17.82) returned to kars0n
kars0n collected $11.88 from pot
kars0n: doesn't show hand 
*** SUMMARY ***
Total pot $12.50 | Rake $0.62 
Board [8s 4c 2s Th]
Seat 1: tukeiron (button) folded on the Turn
Seat 2: YeeesMan (small blind) folded before Flop
Seat 3: kars0n (big blind) collected ($11.88)
Seat 4: ninidica folded before Flop
Seat 5: ptolejmus folded before Flop (didn't bet)
Seat 6: Joker007r folded before Flop (didn't bet)



PokerStars Hand #254404912882:  Hold'em No Limit ($0.50/$1.00 USD) - 2025/01/16 21:32:27 WET [2025/01/16 16:32:27 ET]
Table 'Cremona IV' 6-max Seat #2 is the button
Seat 1: tukeiron ($117.75 in chips) 
Seat 2: YeeesMan ($121.07 in chips) 
Seat 3: kars0n ($125.45 in chips) 
Seat 4: ninidica ($42.47 in chips) 
Seat 5: ptolejmus ($15.70 in chips) 
Seat 6: Joker007r ($100 in chips) 
kars0n: posts small blind $0.50
ninidica: posts big blind $1
*** HOLE CARDS ***
ptolejmus: raises $1 to $2
Joker007r: folds 
tukeiron: folds 
YeeesMan: folds 
kars0n: folds 
ninidica is disconnected 
ninidica has timed out while disconnected
ninidica: folds 
Uncalled bet ($1) returned to ptolejmus
ptolejmus collected $2.50 from pot
*** SUMMARY ***
Total pot $2.50 | Rake $0 
Seat 1: tukeiron folded before Flop (didn't bet)
Seat 2: YeeesMan (button) folded before Flop (didn't bet)
Seat 3: kars0n (small blind) folded before Flop
Seat 4: ninidica (big blind) folded before Flop
Seat 5: ptolejmus collected ($2.50)
Seat 6: Joker007r folded before Flop (didn't bet)



PokerStars Hand #254404929075:  Hold'em No Limit ($0.50/$1.00 USD) - 2025/01/16 21:33:18 WET [2025/01/16 16:33:18 ET]
Table 'Cremona IV' 6-max Seat #3 is the button
Seat 4: ninidica ($41.47 in chips) is sitting out
Seat 1: tukeiron ($117.75 in chips) 
Seat 2: YeeesMan ($121.07 in chips) 
Seat 3: kars0n ($124.95 in chips) 
Seat 5: ptolejmus ($17.20 in chips) 
Seat 6: Joker007r ($100 in chips) 
ptolejmus: posts small blind $0.50
Joker007r: posts big blind $1
*** HOLE CARDS ***
tukeiron: folds 
YeeesMan: folds 
kars0n: raises $1.50 to $2.50
ptolejmus: folds 
Joker007r: folds 
Uncalled bet ($1.50) returned to kars0n
kars0n collected $2.50 from pot
kars0n: doesn't show hand 
*** SUMMARY ***
Total pot $2.50 | Rake $0 
Seat 4: ninidica
Seat 1: tukeiron folded before Flop (didn't bet)
Seat 2: YeeesMan folded before Flop (didn't bet)
Seat 3: kars0n (button) collected ($2.50)
Seat 5: ptolejmus (small blind) folded before Flop
Seat 6: Joker007r (big blind) folded before Flop



PokerStars Hand #254404933176:  Hold'em No Limit ($0.50/$1.00 USD) - 2025/01/16 21:33:30 WET [2025/01/16 16:33:30 ET]
Table 'Cremona IV' 6-max Seat #5 is the button
Seat 4: ninidica ($41.47 in chips) is sitting out
Seat 1: tukeiron ($117.75 in chips) 
Seat 2: YeeesMan ($121.07 in chips) 
Seat 3: kars0n ($126.45 in chips) 
Seat 5: ptolejmus ($16.70 in chips) 
Seat 6: Joker007r ($100 in chips) 
Joker007r: posts small blind $0.50
tukeiron: posts big blind $1
*** HOLE CARDS ***
YeeesMan: folds 
kars0n: raises $1.50 to $2.50
ptolejmus: folds 
Joker007r: folds 
tukeiron: folds 
Uncalled bet ($1.50) returned to kars0n
kars0n collected $2.50 from pot
kars0n: doesn't show hand 
*** SUMMARY ***
Total pot $2.50 | Rake $0 
Seat 4: ninidica
Seat 1: tukeiron (big blind) folded before Flop
Seat 2: YeeesMan folded before Flop (didn't bet)
Seat 3: kars0n collected ($2.50)
Seat 5: ptolejmus (button) folded before Flop (didn't bet)
Seat 6: Joker007r (small blind) folded before Flop



PokerStars Hand #254404939146:  Hold'em No Limit ($0.50/$1.00 USD) - 2025/01/16 21:33:49 WET [2025/01/16 16:33:49 ET]
Table 'Cremona IV' 6-max Seat #6 is the button
Seat 4: ninidica ($41.47 in chips) is sitting out
Seat 1: tukeiron ($116.75 in chips) 
Seat 2: YeeesMan ($121.07 in chips) 
Seat 3: kars0n ($127.95 in chips) 
Seat 5: ptolejmus ($16.70 in chips) 
Seat 6: Joker007r ($100 in chips) 
tukeiron: posts small blind $0.50
YeeesMan: posts big blind $1
*** HOLE CARDS ***
kars0n: folds 
ptolejmus: raises $1 to $2
Joker007r: folds 
tukeiron: folds 
YeeesMan: folds 
Uncalled bet ($1) returned to ptolejmus
ptolejmus collected $2.50 from pot
*** SUMMARY ***
Total pot $2.50 | Rake $0 
Seat 4: ninidica
Seat 1: tukeiron (small blind) folded before Flop
Seat 2: YeeesMan (big blind) folded before Flop
Seat 3: kars0n folded before Flop (didn't bet)
Seat 5: ptolejmus collected ($2.50)
Seat 6: Joker007r (button) folded before Flop (didn't bet)



PokerStars Hand #254404945953:  Hold'em No Limit ($0.50/$1.00 USD) - 2025/01/16 21:34:10 WET [2025/01/16 16:34:10 ET]
Table 'Cremona IV' 6-max Seat #1 is the button
Seat 4: ninidica ($41.47 in chips) is sitting out
Seat 1: tukeiron ($116.25 in chips) 
Seat 2: YeeesMan ($120.07 in chips) 
Seat 3: kars0n ($127.95 in chips) 
Seat 5: ptolejmus ($18.20 in chips) 
Seat 6: Joker007r ($100 in chips) 
YeeesMan: posts small blind $0.50
kars0n: posts big blind $1
*** HOLE CARDS ***
ptolejmus: folds 
Joker007r: folds 
tukeiron: raises $1.50 to $2.50
YeeesMan: folds 
kars0n: folds 
Uncalled bet ($1.50) returned to tukeiron
tukeiron collected $2.50 from pot
tukeiron: doesn't show hand 
*** SUMMARY ***
Total pot $2.50 | Rake $0 
Seat 4: ninidica
Seat 1: tukeiron (button) collected ($2.50)
Seat 2: YeeesMan (small blind) folded before Flop
Seat 3: kars0n (big blind) folded before Flop
Seat 5: ptolejmus folded before Flop (didn't bet)
Seat 6: Joker007r folded before Flop (didn't bet)



PokerStars Hand #254404951254:  Hold'em No Limit ($0.50/$1.00 USD) - 2025/01/16 21:34:27 WET [2025/01/16 16:34:27 ET]
Table 'Cremona IV' 6-max Seat #2 is the button
Seat 1: tukeiron ($117.75 in chips) 
Seat 2: YeeesMan ($119.57 in chips) 
Seat 3: kars0n ($126.95 in chips) 
Seat 4: ninidica ($41.47 in chips) 
Seat 5: ptolejmus ($18.20 in chips) 
Seat 6: Joker007r ($100 in chips) 
kars0n: posts small blind $0.50
ninidica: posts big blind $1
*** HOLE CARDS ***
ptolejmus: folds 
Joker007r: folds 
tukeiron: folds 
YeeesMan: raises $1.50 to $2.50
kars0n: folds 
ninidica: folds 
Uncalled bet ($1.50) returned to YeeesMan
YeeesMan collected $2.50 from pot
YeeesMan: doesn't show hand 
*** SUMMARY ***
Total pot $2.50 | Rake $0 
Seat 1: tukeiron folded before Flop (didn't bet)
Seat 2: YeeesMan (button) collected ($2.50)
Seat 3: kars0n (small blind) folded before Flop
Seat 4: ninidica (big blind) folded before Flop
Seat 5: ptolejmus folded before Flop (didn't bet)
Seat 6: Joker007r folded before Flop (didn't bet)



PokerStars Hand #254404956433:  Hold'em No Limit ($0.50/$1.00 USD) - 2025/01/16 21:34:43 WET [2025/01/16 16:34:43 ET]
Table 'Cremona IV' 6-max Seat #3 is the button
Seat 1: tukeiron ($117.75 in chips) 
Seat 2: YeeesMan ($121.07 in chips) 
Seat 3: kars0n ($126.45 in chips) 
Seat 4: ninidica ($40.47 in chips) 
Seat 5: ptolejmus ($18.20 in chips) 
Seat 6: Joker007r ($100 in chips) 
ninidica: posts small blind $0.50
ptolejmus: posts big blind $1
*** HOLE CARDS ***
Joker007r: folds 
tukeiron: folds 
YeeesMan: folds 
kars0n: folds 
ninidica: calls $0.50
ptolejmus: raises $2.50 to $3.50
ninidica: folds 
Uncalled bet ($2.50) returned to ptolejmus
ptolejmus collected $2 from pot
*** SUMMARY ***
Total pot $2 | Rake $0 
Seat 1: tukeiron folded before Flop (didn't bet)
Seat 2: YeeesMan folded before Flop (didn't bet)
Seat 3: kars0n (button) folded before Flop (didn't bet)
Seat 4: ninidica (small blind) folded before Flop
Seat 5: ptolejmus (big blind) collected ($2)
Seat 6: Joker007r folded before Flop (didn't bet)



PokerStars Hand #254404965675:  Hold'em No Limit ($0.50/$1.00 USD) - 2025/01/16 21:35:11 WET [2025/01/16 16:35:11 ET]
Table 'Cremona IV' 6-max Seat #4 is the button
Seat 1: tukeiron ($117.75 in chips) 
Seat 2: YeeesMan ($121.07 in chips) 
Seat 3: kars0n ($126.45 in chips) 
Seat 4: ninidica ($39.47 in chips) 
Seat 5: ptolejmus ($19.20 in chips) 
Seat 6: Joker007r ($100 in chips) 
ptolejmus: posts small blind $0.50
Joker007r: posts big blind $1
*** HOLE CARDS ***
tukeiron: raises $2.50 to $3.50
YeeesMan: folds 
kars0n: folds 
ninidica: folds 
ptolejmus: folds 
Joker007r: folds 
Uncalled bet ($2.50) returned to tukeiron
tukeiron collected $2.50 from pot
*** SUMMARY ***
Total pot $2.50 | Rake $0 
Seat 1: tukeiron collected ($2.50)
Seat 2: YeeesMan folded before Flop (didn't bet)
Seat 3: kars0n folded before Flop (didn't bet)
Seat 4: ninidica (button) folded before Flop (didn't bet)
Seat 5: ptolejmus (small blind) folded before Flop
Seat 6: Joker007r (big blind) folded before Flop



PokerStars Hand #254404982135:  Hold'em No Limit ($0.50/$1.00 USD) - 2025/01/16 21:36:03 WET [2025/01/16 16:36:03 ET]
Table 'Cremona IV' 6-max Seat #5 is the button
Seat 1: tukeiron ($119.25 in chips) 
Seat 2: YeeesMan ($121.07 in chips) 
Seat 3: kars0n ($126.45 in chips) 
Seat 4: ninidica ($39.47 in chips) 
Seat 5: ptolejmus ($18.70 in chips) 
Seat 6: Joker007r ($100 in chips) 
Joker007r: posts small blind $0.50
tukeiron: posts big blind $1
*** HOLE CARDS ***
YeeesMan: raises $1.50 to $2.50
kars0n: folds 
ninidica: folds 
ptolejmus: folds 
Joker007r: folds 
tukeiron: folds 
Uncalled bet ($1.50) returned to YeeesMan
YeeesMan collected $2.50 from pot
YeeesMan: doesn't show hand 
*** SUMMARY ***
Total pot $2.50 | Rake $0 
Seat 1: tukeiron (big blind) folded before Flop
Seat 2: YeeesMan collected ($2.50)
Seat 3: kars0n folded before Flop (didn't bet)
Seat 4: ninidica folded before Flop (didn't bet)
Seat 5: ptolejmus (button) folded before Flop (didn't bet)
Seat 6: Joker007r (small blind) folded before Flop



PokerStars Hand #254404990522:  Hold'em No Limit ($0.50/$1.00 USD) - 2025/01/16 21:36:29 WET [2025/01/16 16:36:29 ET]
Table 'Cremona IV' 6-max Seat #6 is the button
Seat 1: tukeiron ($118.25 in chips) 
Seat 2: YeeesMan ($122.57 in chips) 
Seat 3: kars0n ($126.45 in chips) 
Seat 4: ninidica ($39.47 in chips) 
Seat 5: ptolejmus ($18.70 in chips) 
Seat 6: Joker007r ($100 in chips) 
tukeiron: posts small blind $0.50
YeeesMan: posts big blind $1
*** HOLE CARDS ***
kars0n: raises $1 to $2
ninidica: folds 
ptolejmus: folds 
Joker007r: folds 
tukeiron: folds 
YeeesMan: folds 
Uncalled bet ($1) returned to kars0n
kars0n collected $2.50 from pot
kars0n: doesn't show hand 
*** SUMMARY ***
Total pot $2.50 | Rake $0 
Seat 1: tukeiron (small blind) folded before Flop
Seat 2: YeeesMan (big blind) folded before Flop
Seat 3: kars0n collected ($2.50)
Seat 4: ninidica folded before Flop (didn't bet)
Seat 5: ptolejmus folded before Flop (didn't bet)
Seat 6: Joker007r (button) folded before Flop (didn't bet)



PokerStars Hand #254404995320:  Hold'em No Limit ($0.50/$1.00 USD) - 2025/01/16 21:36:44 WET [2025/01/16 16:36:44 ET]
Table 'Cremona IV' 6-max Seat #1 is the button
Seat 1: tukeiron ($117.75 in chips) 
Seat 2: YeeesMan ($121.57 in chips) 
Seat 3: kars0n ($127.95 in chips) 
Seat 4: ninidica ($39.47 in chips) 
Seat 5: ptolejmus ($18.70 in chips) 
Seat 6: Joker007r ($100 in chips) 
YeeesMan: posts small blind $0.50
kars0n: posts big blind $1
*** HOLE CARDS ***
ninidica: folds 
ptolejmus: folds 
Joker007r: folds 
tukeiron: raises $1.50 to $2.50
YeeesMan: folds 
kars0n: calls $1.50
*** FLOP *** [6s 2d 9s]
kars0n: checks 
tukeiron: bets $3.92
kars0n: raises $6.58 to $10.50
tukeiron: folds 
Uncalled bet ($6.58) returned to kars0n
kars0n collected $12.67 from pot
kars0n: doesn't show hand 
*** SUMMARY ***
Total pot $13.34 | Rake $0.67 
Board [6s 2d 9s]
Seat 1: tukeiron (button) folded on the Flop
Seat 2: YeeesMan (small blind) folded before Flop
Seat 3: kars0n (big blind) collected ($12.67)
Seat 4: ninidica folded before Flop (didn't bet)
Seat 5: ptolejmus folded before Flop (didn't bet)
Seat 6: Joker007r folded before Flop (didn't bet)



PokerStars Hand #254405014019:  Hold'em No Limit ($0.50/$1.00 USD) - 2025/01/16 21:37:43 WET [2025/01/16 16:37:43 ET]
Table 'Cremona IV' 6-max Seat #2 is the button
Seat 1: tukeiron ($111.33 in chips) 
Seat 2: YeeesMan ($121.07 in chips) 
Seat 3: kars0n ($134.20 in chips) 
Seat 4: ninidica ($39.47 in chips) 
Seat 5: ptolejmus ($18.70 in chips) 
Seat 6: Joker007r ($100 in chips) 
kars0n: posts small blind $0.50
ninidica: posts big blind $1
*** HOLE CARDS ***
ptolejmus: folds 
Joker007r: folds 
tukeiron: folds 
YeeesMan: raises $1.50 to $2.50
kars0n: folds 
ninidica: folds 
Uncalled bet ($1.50) returned to YeeesMan
YeeesMan collected $2.50 from pot
YeeesMan: doesn't show hand 
*** SUMMARY ***
Total pot $2.50 | Rake $0 
Seat 1: tukeiron folded before Flop (didn't bet)
Seat 2: YeeesMan (button) collected ($2.50)
Seat 3: kars0n (small blind) folded before Flop
Seat 4: ninidica (big blind) folded before Flop
Seat 5: ptolejmus folded before Flop (didn't bet)
Seat 6: Joker007r folded before Flop (didn't bet)



PokerStars Hand #254405018021:  Hold'em No Limit ($0.50/$1.00 USD) - 2025/01/16 21:37:56 WET [2025/01/16 16:37:56 ET]
Table 'Cremona IV' 6-max Seat #3 is the button
Seat 1: tukeiron ($111.33 in chips) 
Seat 2: YeeesMan ($122.57 in chips) 
Seat 3: kars0n ($133.70 in chips) 
Seat 4: ninidica ($38.47 in chips) 
Seat 5: ptolejmus ($18.70 in chips) 
Seat 6: Joker007r ($100 in chips) 
ninidica: posts small blind $0.50
ptolejmus: posts big blind $1
*** HOLE CARDS ***
Joker007r: folds 
tukeiron: raises $1.50 to $2.50
YeeesMan: folds 
kars0n: folds 
ninidica: raises $1.50 to $4
ptolejmus: folds 
tukeiron: raises $10 to $14
ninidica: calls $10
*** FLOP *** [4h 2s Tc]
ninidica: checks 
tukeiron: checks 
*** TURN *** [4h 2s Tc] [3c]
ninidica: bets $24.47 and is all-in
tukeiron: calls $24.47
*** RIVER *** [4h 2s Tc 3c] [7h]
*** SHOW DOWN ***
ninidica: shows [8h Ad] (high card Ace)
tukeiron: shows [Ah Ks] (high card Ace - King kicker)
tukeiron collected $75.44 from pot
*** SUMMARY ***
Total pot $77.94 | Rake $2.50 
Board [4h 2s Tc 3c 7h]
Seat 1: tukeiron showed [Ah Ks] and won ($75.44) with high card Ace
Seat 2: YeeesMan folded before Flop (didn't bet)
Seat 3: kars0n (button) folded before Flop (didn't bet)
Seat 4: ninidica (small blind) showed [8h Ad] and lost with high card Ace
Seat 5: ptolejmus (big blind) folded before Flop
Seat 6: Joker007r folded before Flop (didn't bet)



PokerStars Hand #254405045045:  Hold'em No Limit ($0.50/$1.00 USD) - 2025/01/16 21:39:22 WET [2025/01/16 16:39:22 ET]
Table 'Cremona IV' 6-max Seat #5 is the button
Seat 4: ninidica ($0 in chips) is sitting out
Seat 1: tukeiron ($148.30 in chips) 
Seat 2: YeeesMan ($122.57 in chips) 
Seat 3: kars0n ($133.70 in chips) 
Seat 5: ptolejmus ($17.70 in chips) 
Seat 6: Joker007r ($100 in chips) 
Joker007r: posts small blind $0.50
tukeiron: posts big blind $1
*** HOLE CARDS ***
YeeesMan: folds 
kars0n: folds 
ptolejmus: folds 
Joker007r: raises $2 to $3
tukeiron: folds 
Uncalled bet ($2) returned to Joker007r
Joker007r collected $2 from pot
Joker007r: doesn't show hand 
ninidica leaves the table
*** SUMMARY ***
Total pot $2 | Rake $0 
Seat 4: ninidica
Seat 1: tukeiron (big blind) folded before Flop
Seat 2: YeeesMan folded before Flop (didn't bet)
Seat 3: kars0n folded before Flop (didn't bet)
Seat 5: ptolejmus (button) folded before Flop (didn't bet)
Seat 6: Joker007r (small blind) collected ($2)



PokerStars Hand #254405051867:  Hold'em No Limit ($0.50/$1.00 USD) - 2025/01/16 21:39:44 WET [2025/01/16 16:39:44 ET]
Table 'Cremona IV' 6-max Seat #6 is the button
Seat 1: tukeiron ($147.30 in chips) 
Seat 2: YeeesMan ($122.57 in chips) 
Seat 3: kars0n ($133.70 in chips) 
Seat 5: ptolejmus ($17.70 in chips) 
Seat 6: Joker007r ($101 in chips) 
tukeiron: posts small blind $0.50
YeeesMan: posts big blind $1
*** HOLE CARDS ***
kars0n: folds 
ptolejmus: raises $1 to $2
Joker007r: folds 
Joker007r leaves the table
tukeiron: folds 
YeeesMan: folds 
Uncalled bet ($1) returned to ptolejmus
ptolejmus collected $2.50 from pot
*** SUMMARY ***
Total pot $2.50 | Rake $0 
Seat 1: tukeiron (small blind) folded before Flop
Seat 2: YeeesMan (big blind) folded before Flop
Seat 3: kars0n folded before Flop (didn't bet)
Seat 5: ptolejmus collected ($2.50)
Seat 6: Joker007r (button) folded before Flop (didn't bet)



PokerStars Hand #254405060959:  Hold'em No Limit ($0.50/$1.00 USD) - 2025/01/16 21:40:12 WET [2025/01/16 16:40:12 ET]
Table 'Cremona IV' 6-max Seat #1 is the button
Seat 1: tukeiron ($146.80 in chips) 
Seat 2: YeeesMan ($121.57 in chips) 
Seat 3: kars0n ($133.70 in chips) 
Seat 5: ptolejmus ($19.20 in chips) 
YeeesMan: posts small blind $0.50
kars0n: posts big blind $1
*** HOLE CARDS ***
ptolejmus: folds 
tukeiron: folds 
YeeesMan: folds 
Uncalled bet ($0.50) returned to kars0n
kars0n collected $1 from pot
kars0n: doesn't show hand 
*** SUMMARY ***
Total pot $1 | Rake $0 
Seat 1: tukeiron (button) folded before Flop (didn't bet)
Seat 2: YeeesMan (small blind) folded before Flop
Seat 3: kars0n (big blind) collected ($1)
Seat 5: ptolejmus folded before Flop (didn't bet)



PokerStars Hand #254405066433:  Hold'em No Limit ($0.50/$1.00 USD) - 2025/01/16 21:40:30 WET [2025/01/16 16:40:30 ET]
Table 'Cremona IV' 6-max Seat #2 is the button
Seat 1: tukeiron ($146.80 in chips) 
Seat 2: YeeesMan ($121.07 in chips) 
Seat 3: kars0n ($134.20 in chips) 
Seat 5: ptolejmus ($19.20 in chips) 
kars0n: posts small blind $0.50
ptolejmus: posts big blind $1
*** HOLE CARDS ***
tukeiron: folds 
YeeesMan: folds 
kars0n: raises $2 to $3
ptolejmus: folds 
Uncalled bet ($2) returned to kars0n
kars0n collected $2 from pot
kars0n: doesn't show hand 
*** SUMMARY ***
Total pot $2 | Rake $0 
Seat 1: tukeiron folded before Flop (didn't bet)
Seat 2: YeeesMan (button) folded before Flop (didn't bet)
Seat 3: kars0n (small blind) collected ($2)
Seat 5: ptolejmus (big blind) folded before Flop



PokerStars Hand #254405072599:  Hold'em No Limit ($0.50/$1.00 USD) - 2025/01/16 21:40:50 WET [2025/01/16 16:40:50 ET]
Table 'Cremona IV' 6-max Seat #3 is the button
Seat 1: tukeiron ($146.80 in chips) 
Seat 2: YeeesMan ($121.07 in chips) 
Seat 3: kars0n ($135.20 in chips) 
Seat 5: ptolejmus ($18.20 in chips) 
ptolejmus: posts small blind $0.50
tukeiron: posts big blind $1
*** HOLE CARDS ***
YeeesMan: folds 
AndreaBsAs joins the table at seat #6 
kars0n: raises $1.50 to $2.50
ptolejmus: folds 
tukeiron: calls $1.50
*** FLOP *** [Ts Js 3c]
tukeiron: checks 
kars0n: bets $3.92
tukeiron: folds 
Uncalled bet ($3.92) returned to kars0n
kars0n collected $5.22 from pot
kars0n: doesn't show hand 
*** SUMMARY ***
Total pot $5.50 | Rake $0.28 
Board [Ts Js 3c]
Seat 1: tukeiron (big blind) folded on the Flop
Seat 2: YeeesMan folded before Flop (didn't bet)
Seat 3: kars0n (button) collected ($5.22)
Seat 5: ptolejmus (small blind) folded before Flop



PokerStars Hand #254405086247:  Hold'em No Limit ($0.50/$1.00 USD) - 2025/01/16 21:41:33 WET [2025/01/16 16:41:33 ET]
Table 'Cremona IV' 6-max Seat #5 is the button
Seat 2: YeeesMan ($121.07 in chips) is sitting out
Seat 6: AndreaBsAs ($100 in chips) is sitting out
Seat 1: tukeiron ($144.30 in chips) 
Seat 3: kars0n ($137.92 in chips) 
Seat 5: ptolejmus ($17.70 in chips) 
tukeiron: posts small blind $0.50
YeeesMan: is sitting out 
kars0n: posts big blind $1
*** HOLE CARDS ***
YeeesMan leaves the table
ptolejmus: folds 
tukeiron: folds 
Uncalled bet ($0.50) returned to kars0n
kars0n collected $1 from pot
kars0n: doesn't show hand 
*** SUMMARY ***
Total pot $1 | Rake $0 
Seat 2: YeeesMan
Seat 6: AndreaBsAs
Seat 1: tukeiron (small blind) folded before Flop
Seat 3: kars0n (big blind) collected ($1)
Seat 5: ptolejmus (button) folded before Flop (didn't bet)



PokerStars Hand #254405089115:  Hold'em No Limit ($0.50/$1.00 USD) - 2025/01/16 21:41:42 WET [2025/01/16 16:41:42 ET]
Table 'Cremona IV' 6-max Seat #1 is the button
Seat 5: ptolejmus ($17.70 in chips) is sitting out
Seat 1: tukeiron ($143.80 in chips) 
Seat 3: kars0n ($138.42 in chips) 
Seat 6: AndreaBsAs ($100 in chips) 
kars0n: posts small blind $0.50
ptolejmus: is sitting out 
AndreaBsAs: posts big blind $1
*** HOLE CARDS ***
tukeiron: folds 
kars0n: folds 
Uncalled bet ($0.50) returned to AndreaBsAs
ptolejmus leaves the table
AndreaBsAs collected $1 from pot
*** SUMMARY ***
Total pot $1 | Rake $0 
Seat 5: ptolejmus
Seat 1: tukeiron (button) folded before Flop (didn't bet)
Seat 3: kars0n (small blind) folded before Flop
Seat 6: AndreaBsAs (big blind) collected ($1)



PokerStars Hand #254405092441:  Hold'em No Limit ($0.50/$1.00 USD) - 2025/01/16 21:41:53 WET [2025/01/16 16:41:53 ET]
Table 'Cremona IV' 6-max Seat #3 is the button
Seat 1: tukeiron ($143.80 in chips) 
Seat 3: kars0n ($137.92 in chips) 
Seat 6: AndreaBsAs ($100.50 in chips) 
AndreaBsAs: posts small blind $0.50
tukeiron: posts big blind $1
*** HOLE CARDS ***
kars0n: folds 
AndreaBsAs: raises $2 to $3
machinedada23 joins the table at seat #4 
machinedada23 is disconnected 
tukeiron: calls $2
*** FLOP *** [Ks Kc 8h]
raketkasix joins the table at seat #2 
ReVeu710 joins the table at seat #5 
AndreaBsAs: bets $1.88
tukeiron: calls $1.88
*** TURN *** [Ks Kc 8h] [Jh]
AndreaBsAs: bets $6.12
tukeiron: calls $6.12
*** RIVER *** [Ks Kc 8h Jh] [Tc]
AndreaBsAs: bets $16.17
tukeiron: raises $116.63 to $132.80 and is all-in
AndreaBsAs: calls $73.33 and is all-in
Uncalled bet ($43.30) returned to tukeiron
*** SHOW DOWN ***
tukeiron: shows [8c 9h] (two pair, Kings and Eights)
AndreaBsAs: shows [Qd Ah] (a straight, Ten to Ace)
AndreaBsAs collected $200 from pot
*** SUMMARY ***
Total pot $201 | Rake $1 
Board [Ks Kc 8h Jh Tc]
Seat 1: tukeiron (big blind) showed [8c 9h] and lost with two pair, Kings and Eights
Seat 3: kars0n (button) folded before Flop (didn't bet)
Seat 6: AndreaBsAs (small blind) showed [Qd Ah] and won ($200) with a straight, Ten to Ace



PokerStars Hand #254405127325:  Hold'em No Limit ($0.50/$1.00 USD) - 2025/01/16 21:43:45 WET [2025/01/16 16:43:45 ET]
Table 'Cremona IV' 6-max Seat #6 is the button
Seat 4: machinedada23 ($100 in chips) is sitting out
Seat 5: ReVeu710 ($100 in chips) is sitting out
Seat 1: tukeiron ($100 in chips) 
Seat 2: raketkasix ($100 in chips) 
Seat 3: kars0n ($137.92 in chips) 
Seat 6: AndreaBsAs ($200 in chips) 
tukeiron: posts small blind $0.50
raketkasix: posts big blind $1
machinedada23: sits out 
ReVeu710: sits out 
*** HOLE CARDS ***
kars0n: folds 
AndreaBsAs: folds 
tukeiron: folds 
Uncalled bet ($0.50) returned to raketkasix
raketkasix collected $1 from pot
raketkasix: doesn't show hand 
*** SUMMARY ***
Total pot $1 | Rake $0 
Seat 4: machinedada23
Seat 5: ReVeu710
Seat 1: tukeiron (small blind) folded before Flop
Seat 2: raketkasix (big blind) collected ($1)
Seat 3: kars0n folded before Flop (didn't bet)
Seat 6: AndreaBsAs (button) folded before Flop (didn't bet)



PokerStars Hand #254405130767:  Hold'em No Limit ($0.50/$1.00 USD) - 2025/01/16 21:43:56 WET [2025/01/16 16:43:56 ET]
Table 'Cremona IV' 6-max Seat #1 is the button
Seat 4: machinedada23 ($100 in chips) is sitting out
Seat 5: ReVeu710 ($100 in chips) is sitting out
Seat 1: tukeiron ($100 in chips) 
Seat 2: raketkasix ($100.50 in chips) 
Seat 3: kars0n ($137.92 in chips) 
Seat 6: AndreaBsAs ($200 in chips) 
raketkasix: posts small blind $0.50
kars0n: posts big blind $1
machinedada23: sits out 
ReVeu710: sits out 
*** HOLE CARDS ***
AndreaBsAs: raises $1.50 to $2.50
tukeiron: folds 
raketkasix: folds 
kars0n: folds 
Uncalled bet ($1.50) returned to AndreaBsAs
AndreaBsAs collected $2.50 from pot
*** SUMMARY ***
Total pot $2.50 | Rake $0 
Seat 4: machinedada23
Seat 5: ReVeu710
Seat 1: tukeiron (button) folded before Flop (didn't bet)
Seat 2: raketkasix (small blind) folded before Flop
Seat 3: kars0n (big blind) folded before Flop
Seat 6: AndreaBsAs collected ($2.50)



PokerStars Hand #254405140590:  Hold'em No Limit ($0.50/$1.00 USD) - 2025/01/16 21:44:27 WET [2025/01/16 16:44:27 ET]
Table 'Cremona IV' 6-max Seat #2 is the button
Seat 5: ReVeu710 ($100 in chips) is sitting out
Seat 1: tukeiron ($100 in chips) 
Seat 2: raketkasix ($100 in chips) 
Seat 3: kars0n ($136.92 in chips) 
Seat 4: machinedada23 ($100 in chips) 
Seat 6: AndreaBsAs ($201.50 in chips) 
kars0n: posts small blind $0.50
machinedada23: posts big blind $1
ReVeu710: sits out 
*** HOLE CARDS ***
AndreaBsAs: raises $1.20 to $2.20
tukeiron: folds 
raketkasix: folds 
kars0n: folds 
ReVeu710 leaves the table
machinedada23: calls $1.20
*** FLOP *** [4d 5d Td]
machinedada23: checks 
ptolejmus joins the table at seat #5 
AndreaBsAs: bets $2.33
machinedada23: raises $2.33 to $4.66
AndreaBsAs: calls $2.33
*** TURN *** [4d 5d Td] [Kh]
machinedada23: checks 
AndreaBsAs: bets $10.40
machinedada23: calls $10.40
*** RIVER *** [4d 5d Td Kh] [2s]
machinedada23: bets $45
AndreaBsAs: folds 
Uncalled bet ($45) returned to machinedada23
machinedada23 collected $33.27 from pot
*** SUMMARY ***
Total pot $35.02 | Rake $1.75 
Board [4d 5d Td Kh 2s]
Seat 5: ReVeu710
Seat 1: tukeiron folded before Flop (didn't bet)
Seat 2: raketkasix (button) folded before Flop (didn't bet)
Seat 3: kars0n (small blind) folded before Flop
Seat 4: machinedada23 (big blind) collected ($33.27)
Seat 6: AndreaBsAs folded on the River



PokerStars Hand #254405168406:  Hold'em No Limit ($0.50/$1.00 USD) - 2025/01/16 21:45:56 WET [2025/01/16 16:45:56 ET]
Table 'Cremona IV' 6-max Seat #3 is the button
Seat 1: tukeiron ($100 in chips) 
Seat 2: raketkasix ($100 in chips) 
Seat 3: kars0n ($136.42 in chips) 
Seat 4: machinedada23 ($116.01 in chips) 
Seat 5: ptolejmus ($17.70 in chips) 
Seat 6: AndreaBsAs ($184.24 in chips) 
machinedada23: posts small blind $0.50
ptolejmus: posts big blind $1
*** HOLE CARDS ***
AndreaBsAs: raises $1.20 to $2.20
tukeiron: folds 
raketkasix: folds 
kars0n: folds 
machinedada23: folds 
ptolejmus: folds 
Uncalled bet ($1.20) returned to AndreaBsAs
AndreaBsAs collected $2.50 from pot
*** SUMMARY ***
Total pot $2.50 | Rake $0 
Seat 1: tukeiron folded before Flop (didn't bet)
Seat 2: raketkasix folded before Flop (didn't bet)
Seat 3: kars0n (button) folded before Flop (didn't bet)
Seat 4: machinedada23 (small blind) folded before Flop
Seat 5: ptolejmus (big blind) folded before Flop
Seat 6: AndreaBsAs collected ($2.50)



PokerStars Hand #254405174030:  Hold'em No Limit ($0.50/$1.00 USD) - 2025/01/16 21:46:14 WET [2025/01/16 16:46:14 ET]
Table 'Cremona IV' 6-max Seat #4 is the button
Seat 1: tukeiron ($100 in chips) 
Seat 2: raketkasix ($100 in chips) 
Seat 3: kars0n ($136.42 in chips) 
Seat 4: machinedada23 ($115.51 in chips) 
Seat 5: ptolejmus ($17.70 in chips) 
Seat 6: AndreaBsAs ($185.74 in chips) 
ptolejmus: posts small blind $0.50
AndreaBsAs: posts big blind $1
*** HOLE CARDS ***
tukeiron: folds 
raketkasix: folds 
kars0n: folds 
machinedada23: raises $2 to $3
ptolejmus: folds 
AndreaBsAs: calls $2
*** FLOP *** [Jh 9h 3h]
AndreaBsAs: checks 
machinedada23: bets $3.09
AndreaBsAs: folds 
Uncalled bet ($3.09) returned to machinedada23
machinedada23 collected $6.18 from pot
*** SUMMARY ***
Total pot $6.50 | Rake $0.32 
Board [Jh 9h 3h]
Seat 1: tukeiron folded before Flop (didn't bet)
Seat 2: raketkasix folded before Flop (didn't bet)
Seat 3: kars0n folded before Flop (didn't bet)
Seat 4: machinedada23 (button) collected ($6.18)
Seat 5: ptolejmus (small blind) folded before Flop
Seat 6: AndreaBsAs (big blind) folded on the Flop



PokerStars Hand #254405187231:  Hold'em No Limit ($0.50/$1.00 USD) - 2025/01/16 21:46:57 WET [2025/01/16 16:46:57 ET]
Table 'Cremona IV' 6-max Seat #5 is the button
Seat 1: tukeiron ($100 in chips) 
Seat 2: raketkasix ($100 in chips) 
Seat 3: kars0n ($136.42 in chips) 
Seat 4: machinedada23 ($118.69 in chips) 
Seat 5: ptolejmus ($17.70 in chips) 
Seat 6: AndreaBsAs ($182.74 in chips) 
AndreaBsAs: posts small blind $0.50
tukeiron: posts big blind $1
*** HOLE CARDS ***
raketkasix: folds 
kars0n: folds 
machinedada23: raises $2 to $3
ptolejmus: folds 
AndreaBsAs: folds 
tukeiron: calls $2
*** FLOP *** [Qh Qd Th]
tukeiron: checks 
machinedada23: bets $5
tukeiron: folds 
Uncalled bet ($5) returned to machinedada23
machinedada23 collected $6.18 from pot
*** SUMMARY ***
Total pot $6.50 | Rake $0.32 
Board [Qh Qd Th]
Seat 1: tukeiron (big blind) folded on the Flop
Seat 2: raketkasix folded before Flop (didn't bet)
Seat 3: kars0n folded before Flop (didn't bet)
Seat 4: machinedada23 collected ($6.18)
Seat 5: ptolejmus (button) folded before Flop (didn't bet)
Seat 6: AndreaBsAs (small blind) folded before Flop



PokerStars Hand #254405198216:  Hold'em No Limit ($0.50/$1.00 USD) - 2025/01/16 21:47:32 WET [2025/01/16 16:47:32 ET]
Table 'Cremona IV' 6-max Seat #6 is the button
Seat 1: tukeiron ($100 in chips) 
Seat 2: raketkasix ($100 in chips) 
Seat 3: kars0n ($136.42 in chips) 
Seat 4: machinedada23 ($121.87 in chips) 
Seat 5: ptolejmus ($17.70 in chips) 
Seat 6: AndreaBsAs ($182.24 in chips) 
tukeiron: posts small blind $0.50
raketkasix: posts big blind $1
*** HOLE CARDS ***
kars0n: folds 
machinedada23: folds 
ptolejmus: raises $1 to $2
AndreaBsAs: folds 
tukeiron: raises $16 to $18
raketkasix: folds 
ptolejmus: folds 
Uncalled bet ($16) returned to tukeiron
tukeiron collected $5 from pot
tukeiron: doesn't show hand 
*** SUMMARY ***
Total pot $5 | Rake $0 
Seat 1: tukeiron (small blind) collected ($5)
Seat 2: raketkasix (big blind) folded before Flop
Seat 3: kars0n folded before Flop (didn't bet)
Seat 4: machinedada23 folded before Flop (didn't bet)
Seat 5: ptolejmus folded before Flop
Seat 6: AndreaBsAs (button) folded before Flop (didn't bet)



PokerStars Hand #254405208287:  Hold'em No Limit ($0.50/$1.00 USD) - 2025/01/16 21:48:05 WET [2025/01/16 16:48:05 ET]
Table 'Cremona IV' 6-max Seat #1 is the button
Seat 1: tukeiron ($103 in chips) 
Seat 2: raketkasix ($100 in chips) 
Seat 3: kars0n ($136.42 in chips) 
Seat 4: machinedada23 ($121.87 in chips) 
Seat 5: ptolejmus ($17.70 in chips) 
Seat 6: AndreaBsAs ($182.24 in chips) 
raketkasix: posts small blind $0.50
kars0n: posts big blind $1
*** HOLE CARDS ***
machinedada23: calls $1
ptolejmus: folds 
AndreaBsAs: folds 
tukeiron: raises $4.50 to $5.50
raketkasix: folds 
kars0n: folds 
machinedada23: folds 
Uncalled bet ($4.50) returned to tukeiron
tukeiron collected $3.50 from pot
tukeiron: doesn't show hand 
*** SUMMARY ***
Total pot $3.50 | Rake $0 
Seat 1: tukeiron (button) collected ($3.50)
Seat 2: raketkasix (small blind) folded before Flop
Seat 3: kars0n (big blind) folded before Flop
Seat 4: machinedada23 folded before Flop
Seat 5: ptolejmus folded before Flop (didn't bet)
Seat 6: AndreaBsAs folded before Flop (didn't bet)



PokerStars Hand #254405217065:  Hold'em No Limit ($0.50/$1.00 USD) - 2025/01/16 21:48:34 WET [2025/01/16 16:48:34 ET]
Table 'Cremona IV' 6-max Seat #2 is the button
Seat 1: tukeiron ($105.50 in chips) 
Seat 2: raketkasix ($100 in chips) 
Seat 3: kars0n ($135.42 in chips) 
Seat 4: machinedada23 ($120.87 in chips) 
Seat 5: ptolejmus ($17.70 in chips) 
Seat 6: AndreaBsAs ($182.24 in chips) 
kars0n: posts small blind $0.50
machinedada23: posts big blind $1
*** HOLE CARDS ***
ptolejmus: folds 
AndreaBsAs: folds 
tukeiron: raises $1.10 to $2.10
raketkasix: raises $4.90 to $7
kars0n: folds 
machinedada23: folds 
tukeiron: folds 
Uncalled bet ($4.90) returned to raketkasix
raketkasix collected $5.70 from pot
raketkasix: doesn't show hand 
*** SUMMARY ***
Total pot $5.70 | Rake $0 
Seat 1: tukeiron folded before Flop
Seat 2: raketkasix (button) collected ($5.70)
Seat 3: kars0n (small blind) folded before Flop
Seat 4: machinedada23 (big blind) folded before Flop
Seat 5: ptolejmus folded before Flop (didn't bet)
Seat 6: AndreaBsAs folded before Flop (didn't bet)



PokerStars Hand #254405224245:  Hold'em No Limit ($0.50/$1.00 USD) - 2025/01/16 21:48:57 WET [2025/01/16 16:48:57 ET]
Table 'Cremona IV' 6-max Seat #3 is the button
Seat 1: tukeiron ($103.40 in chips) 
Seat 2: raketkasix ($103.60 in chips) 
Seat 3: kars0n ($134.92 in chips) 
Seat 4: machinedada23 ($119.87 in chips) 
Seat 5: ptolejmus ($17.70 in chips) 
Seat 6: AndreaBsAs ($182.24 in chips) 
machinedada23: posts small blind $0.50
ptolejmus: posts big blind $1
*** HOLE CARDS ***
AndreaBsAs: folds 
tukeiron: folds 
raketkasix: folds 
kars0n: raises $1.50 to $2.50
machinedada23: folds 
ptolejmus: folds 
Uncalled bet ($1.50) returned to kars0n
kars0n collected $2.50 from pot
kars0n: doesn't show hand 
*** SUMMARY ***
Total pot $2.50 | Rake $0 
Seat 1: tukeiron folded before Flop (didn't bet)
Seat 2: raketkasix folded before Flop (didn't bet)
Seat 3: kars0n (button) collected ($2.50)
Seat 4: machinedada23 (small blind) folded before Flop
Seat 5: ptolejmus (big blind) folded before Flop
Seat 6: AndreaBsAs folded before Flop (didn't bet)



PokerStars Hand #254405235899:  Hold'em No Limit ($0.50/$1.00 USD) - 2025/01/16 21:49:35 WET [2025/01/16 16:49:35 ET]
Table 'Cremona IV' 6-max Seat #4 is the button
Seat 1: tukeiron ($103.40 in chips) 
Seat 2: raketkasix ($103.60 in chips) 
Seat 3: kars0n ($136.42 in chips) 
Seat 4: machinedada23 ($119.37 in chips) 
Seat 5: ptolejmus ($17.70 in chips) 
Seat 6: AndreaBsAs ($182.24 in chips) 
ptolejmus: posts small blind $0.50
AndreaBsAs: posts big blind $1
*** HOLE CARDS ***
tukeiron: folds 
raketkasix: folds 
kars0n: raises $1.50 to $2.50
machinedada23: folds 
ptolejmus: folds 
AndreaBsAs: folds 
Uncalled bet ($1.50) returned to kars0n
kars0n collected $2.50 from pot
kars0n: doesn't show hand 
*** SUMMARY ***
Total pot $2.50 | Rake $0 
Seat 1: tukeiron folded before Flop (didn't bet)
Seat 2: raketkasix folded before Flop (didn't bet)
Seat 3: kars0n collected ($2.50)
Seat 4: machinedada23 (button) folded before Flop (didn't bet)
Seat 5: ptolejmus (small blind) folded before Flop
Seat 6: AndreaBsAs (big blind) folded before Flop



PokerStars Hand #254405243730:  Hold'em No Limit ($0.50/$1.00 USD) - 2025/01/16 21:50:00 WET [2025/01/16 16:50:00 ET]
Table 'Cremona IV' 6-max Seat #5 is the button
Seat 1: tukeiron ($103.40 in chips) 
Seat 2: raketkasix ($103.60 in chips) 
Seat 3: kars0n ($137.92 in chips) 
Seat 4: machinedada23 ($119.37 in chips) 
Seat 5: ptolejmus ($17.70 in chips) 
Seat 6: AndreaBsAs ($181.24 in chips) 
AndreaBsAs: posts small blind $0.50
tukeiron: posts big blind $1
*** HOLE CARDS ***
raketkasix: folds 
kars0n: folds 
machinedada23: raises $2 to $3
ptolejmus: folds 
AndreaBsAs: folds 
tukeiron: folds 
Uncalled bet ($2) returned to machinedada23
machinedada23 collected $2.50 from pot
*** SUMMARY ***
Total pot $2.50 | Rake $0 
Seat 1: tukeiron (big blind) folded before Flop
Seat 2: raketkasix folded before Flop (didn't bet)
Seat 3: kars0n folded before Flop (didn't bet)
Seat 4: machinedada23 collected ($2.50)
Seat 5: ptolejmus (button) folded before Flop (didn't bet)
Seat 6: AndreaBsAs (small blind) folded before Flop



PokerStars Hand #254405251720:  Hold'em No Limit ($0.50/$1.00 USD) - 2025/01/16 21:50:26 WET [2025/01/16 16:50:26 ET]
Table 'Cremona IV' 6-max Seat #6 is the button
Seat 1: tukeiron ($102.40 in chips) 
Seat 2: raketkasix ($103.60 in chips) 
Seat 3: kars0n ($137.92 in chips) 
Seat 4: machinedada23 ($120.87 in chips) 
Seat 5: ptolejmus ($17.70 in chips) 
Seat 6: AndreaBsAs ($180.74 in chips) 
tukeiron: posts small blind $0.50
raketkasix: posts big blind $1
*** HOLE CARDS ***
kars0n: raises $1 to $2
machinedada23: folds 
ptolejmus: folds 
AndreaBsAs: folds 
tukeiron: folds 
raketkasix: folds 
Uncalled bet ($1) returned to kars0n
kars0n collected $2.50 from pot
kars0n: doesn't show hand 
*** SUMMARY ***
Total pot $2.50 | Rake $0 
Seat 1: tukeiron (small blind) folded before Flop
Seat 2: raketkasix (big blind) folded before Flop
Seat 3: kars0n collected ($2.50)
Seat 4: machinedada23 folded before Flop (didn't bet)
Seat 5: ptolejmus folded before Flop (didn't bet)
Seat 6: AndreaBsAs (button) folded before Flop (didn't bet)



PokerStars Hand #254405258068:  Hold'em No Limit ($0.50/$1.00 USD) - 2025/01/16 21:50:46 WET [2025/01/16 16:50:46 ET]
Table 'Cremona IV' 6-max Seat #1 is the button
Seat 1: tukeiron ($101.90 in chips) 
Seat 2: raketkasix ($102.60 in chips) 
Seat 3: kars0n ($139.42 in chips) 
Seat 4: machinedada23 ($120.87 in chips) 
Seat 5: ptolejmus ($17.70 in chips) 
Seat 6: AndreaBsAs ($180.74 in chips) 
raketkasix: posts small blind $0.50
kars0n: posts big blind $1
*** HOLE CARDS ***
machinedada23: raises $2 to $3
ptolejmus: folds 
AndreaBsAs: folds 
tukeiron: calls $3
raketkasix: folds 
kars0n: raises $12 to $15
machinedada23: folds 
tukeiron: folds 
Uncalled bet ($12) returned to kars0n
kars0n collected $9.50 from pot
kars0n: doesn't show hand 
*** SUMMARY ***
Total pot $9.50 | Rake $0 
Seat 1: tukeiron (button) folded before Flop
Seat 2: raketkasix (small blind) folded before Flop
Seat 3: kars0n (big blind) collected ($9.50)
Seat 4: machinedada23 folded before Flop
Seat 5: ptolejmus folded before Flop (didn't bet)
Seat 6: AndreaBsAs folded before Flop (didn't bet)



PokerStars Hand #254405271676:  Hold'em No Limit ($0.50/$1.00 USD) - 2025/01/16 21:51:30 WET [2025/01/16 16:51:30 ET]
Table 'Cremona IV' 6-max Seat #2 is the button
Seat 1: tukeiron ($100 in chips) 
Seat 2: raketkasix ($102.10 in chips) 
Seat 3: kars0n ($145.92 in chips) 
Seat 4: machinedada23 ($117.87 in chips) 
Seat 5: ptolejmus ($17.70 in chips) 
Seat 6: AndreaBsAs ($180.74 in chips) 
kars0n: posts small blind $0.50
machinedada23: posts big blind $1
*** HOLE CARDS ***
ptolejmus: folds 
AndreaBsAs: folds 
tukeiron: folds 
raketkasix: raises $1.50 to $2.50
kars0n: folds 
machinedada23: calls $1.50
*** FLOP *** [4d 6c Th]
machinedada23: checks 
raketkasix: bets $4
machinedada23: folds 
Uncalled bet ($4) returned to raketkasix
raketkasix collected $5.22 from pot
raketkasix: doesn't show hand 
*** SUMMARY ***
Total pot $5.50 | Rake $0.28 
Board [4d 6c Th]
Seat 1: tukeiron folded before Flop (didn't bet)
Seat 2: raketkasix (button) collected ($5.22)
Seat 3: kars0n (small blind) folded before Flop
Seat 4: machinedada23 (big blind) folded on the Flop
Seat 5: ptolejmus folded before Flop (didn't bet)
Seat 6: AndreaBsAs folded before Flop (didn't bet)



PokerStars Hand #254405282261:  Hold'em No Limit ($0.50/$1.00 USD) - 2025/01/16 21:52:03 WET [2025/01/16 16:52:03 ET]
Table 'Cremona IV' 6-max Seat #3 is the button
Seat 1: tukeiron ($100 in chips) 
Seat 2: raketkasix ($104.82 in chips) 
Seat 3: kars0n ($145.42 in chips) 
Seat 4: machinedada23 ($115.37 in chips) 
Seat 5: ptolejmus ($17.70 in chips) 
Seat 6: AndreaBsAs ($180.74 in chips) 
machinedada23: posts small blind $0.50
ptolejmus: posts big blind $1
*** HOLE CARDS ***
AndreaBsAs: folds 
tukeiron: raises $2.50 to $3.50
raketkasix: folds 
kars0n: folds 
machinedada23: folds 
ptolejmus: folds 
Uncalled bet ($2.50) returned to tukeiron
tukeiron collected $2.50 from pot
*** SUMMARY ***
Total pot $2.50 | Rake $0 
Seat 1: tukeiron collected ($2.50)
Seat 2: raketkasix folded before Flop (didn't bet)
Seat 3: kars0n (button) folded before Flop (didn't bet)
Seat 4: machinedada23 (small blind) folded before Flop
Seat 5: ptolejmus (big blind) folded before Flop
Seat 6: AndreaBsAs folded before Flop (didn't bet)



PokerStars Hand #254405288331:  Hold'em No Limit ($0.50/$1.00 USD) - 2025/01/16 21:52:23 WET [2025/01/16 16:52:23 ET]
Table 'Cremona IV' 6-max Seat #4 is the button
Seat 1: tukeiron ($101.50 in chips) 
Seat 2: raketkasix ($104.82 in chips) 
Seat 3: kars0n ($145.42 in chips) 
Seat 4: machinedada23 ($114.87 in chips) 
Seat 5: ptolejmus ($17.70 in chips) 
Seat 6: AndreaBsAs ($180.74 in chips) 
ptolejmus: posts small blind $0.50
AndreaBsAs: posts big blind $1
*** HOLE CARDS ***
tukeiron: folds 
raketkasix: folds 
kars0n: folds 
machinedada23: raises $2 to $3
ptolejmus: folds 
AndreaBsAs: folds 
Uncalled bet ($2) returned to machinedada23
machinedada23 collected $2.50 from pot
*** SUMMARY ***
Total pot $2.50 | Rake $0 
Seat 1: tukeiron folded before Flop (didn't bet)
Seat 2: raketkasix folded before Flop (didn't bet)
Seat 3: kars0n folded before Flop (didn't bet)
Seat 4: machinedada23 (button) collected ($2.50)
Seat 5: ptolejmus (small blind) folded before Flop
Seat 6: AndreaBsAs (big blind) folded before Flop



PokerStars Hand #254405297628:  Hold'em No Limit ($0.50/$1.00 USD) - 2025/01/16 21:52:53 WET [2025/01/16 16:52:53 ET]
Table 'Cremona IV' 6-max Seat #5 is the button
Seat 1: tukeiron ($101.50 in chips) 
Seat 2: raketkasix ($104.82 in chips) 
Seat 3: kars0n ($145.42 in chips) 
Seat 4: machinedada23 ($116.37 in chips) 
Seat 5: ptolejmus ($17.70 in chips) 
Seat 6: AndreaBsAs ($179.74 in chips) 
AndreaBsAs: posts small blind $0.50
tukeiron: posts big blind $1
*** HOLE CARDS ***
raketkasix: folds 
kars0n: raises $1 to $2
machinedada23: folds 
ptolejmus: folds 
AndreaBsAs: folds 
tukeiron: folds 
Uncalled bet ($1) returned to kars0n
kars0n collected $2.50 from pot
kars0n: doesn't show hand 
*** SUMMARY ***
Total pot $2.50 | Rake $0 
Seat 1: tukeiron (big blind) folded before Flop
Seat 2: raketkasix folded before Flop (didn't bet)
Seat 3: kars0n collected ($2.50)
Seat 4: machinedada23 folded before Flop (didn't bet)
Seat 5: ptolejmus (button) folded before Flop (didn't bet)
Seat 6: AndreaBsAs (small blind) folded before Flop



PokerStars Hand #254405304248:  Hold'em No Limit ($0.50/$1.00 USD) - 2025/01/16 21:53:14 WET [2025/01/16 16:53:14 ET]
Table 'Cremona IV' 6-max Seat #6 is the button
Seat 1: tukeiron ($100.50 in chips) 
Seat 2: raketkasix ($104.82 in chips) 
Seat 3: kars0n ($146.92 in chips) 
Seat 4: machinedada23 ($116.37 in chips) 
Seat 5: ptolejmus ($17.70 in chips) 
Seat 6: AndreaBsAs ($179.24 in chips) 
tukeiron: posts small blind $0.50
raketkasix: posts big blind $1
*** HOLE CARDS ***
kars0n: folds 
machinedada23: raises $1 to $2
ptolejmus: raises $15.70 to $17.70 and is all-in
AndreaBsAs: folds 
tukeiron: folds 
raketkasix: folds 
machinedada23: calls $15.70
*** FLOP *** [8c Qc 3s]
*** TURN *** [8c Qc 3s] [7h]
*** RIVER *** [8c Qc 3s 7h] [Qs]
*** SHOW DOWN ***
machinedada23: shows [Ah As] (two pair, Aces and Queens)
ptolejmus: shows [Ac Tc] (a pair of Queens)
machinedada23 cashed out the hand for $29.78 | Cash Out Fee $0.61
*** SUMMARY ***
Total pot $36.90 | Rake $1.84 
Board [8c Qc 3s 7h Qs]
Seat 1: tukeiron (small blind) folded before Flop
Seat 2: raketkasix (big blind) folded before Flop
Seat 3: kars0n folded before Flop (didn't bet)
Seat 4: machinedada23 showed [Ah As] and won ($35.06) with two pair, Aces and Queens (pot not awarded as player cashed out)
Seat 5: ptolejmus showed [Ac Tc] and lost with a pair of Queens
Seat 6: AndreaBsAs (button) folded before Flop (didn't bet)



PokerStars Hand #254405319053:  Hold'em No Limit ($0.50/$1.00 USD) - 2025/01/16 21:54:02 WET [2025/01/16 16:54:02 ET]
Table 'Cremona IV' 6-max Seat #1 is the button
Seat 1: tukeiron ($100 in chips) 
Seat 2: raketkasix ($103.82 in chips) 
Seat 3: kars0n ($146.92 in chips) 
Seat 4: machinedada23 ($128.45 in chips) 
Seat 5: ptolejmus ($17.70 in chips) 
Seat 6: AndreaBsAs ($179.24 in chips) 
raketkasix: posts small blind $0.50
kars0n: posts big blind $1
*** HOLE CARDS ***
machinedada23: folds 
ptolejmus: raises $1 to $2
AndreaBsAs: folds 
tukeiron: folds 
raketkasix: folds 
kars0n: calls $1
*** FLOP *** [Qh As 4h]
kars0n: checks 
ptolejmus: bets $2.18
kars0n: folds 
Uncalled bet ($2.18) returned to ptolejmus
ptolejmus collected $4.28 from pot
*** SUMMARY ***
Total pot $4.50 | Rake $0.22 
Board [Qh As 4h]
Seat 1: tukeiron (button) folded before Flop (didn't bet)
Seat 2: raketkasix (small blind) folded before Flop
Seat 3: kars0n (big blind) folded on the Flop
Seat 4: machinedada23 folded before Flop (didn't bet)
Seat 5: ptolejmus collected ($4.28)
Seat 6: AndreaBsAs folded before Flop (didn't bet)



PokerStars Hand #254405331434:  Hold'em No Limit ($0.50/$1.00 USD) - 2025/01/16 21:54:42 WET [2025/01/16 16:54:42 ET]
Table 'Cremona IV' 6-max Seat #2 is the button
Seat 1: tukeiron ($100 in chips) 
Seat 2: raketkasix ($103.32 in chips) 
Seat 3: kars0n ($144.92 in chips) 
Seat 4: machinedada23 ($128.45 in chips) 
Seat 5: ptolejmus ($19.98 in chips) 
Seat 6: AndreaBsAs ($179.24 in chips) 
kars0n: posts small blind $0.50
machinedada23: posts big blind $1
*** HOLE CARDS ***
ptolejmus: folds 
AndreaBsAs: folds 
tukeiron: folds 
raketkasix: folds 
kars0n: folds 
Uncalled bet ($0.50) returned to machinedada23
machinedada23 collected $1 from pot
*** SUMMARY ***
Total pot $1 | Rake $0 
Seat 1: tukeiron folded before Flop (didn't bet)
Seat 2: raketkasix (button) folded before Flop (didn't bet)
Seat 3: kars0n (small blind) folded before Flop
Seat 4: machinedada23 (big blind) collected ($1)
Seat 5: ptolejmus folded before Flop (didn't bet)
Seat 6: AndreaBsAs folded before Flop (didn't bet)



PokerStars Hand #254405337969:  Hold'em No Limit ($0.50/$1.00 USD) - 2025/01/16 21:55:03 WET [2025/01/16 16:55:03 ET]
Table 'Cremona IV' 6-max Seat #3 is the button
Seat 1: tukeiron ($100 in chips) 
Seat 2: raketkasix ($103.32 in chips) 
Seat 3: kars0n ($144.42 in chips) 
Seat 4: machinedada23 ($128.95 in chips) 
Seat 5: ptolejmus ($19.98 in chips) 
Seat 6: AndreaBsAs ($179.24 in chips) 
machinedada23: posts small blind $0.50
ptolejmus: posts big blind $1
*** HOLE CARDS ***
AndreaBsAs: raises $1.20 to $2.20
tukeiron: folds 
raketkasix: folds 
kars0n: folds 
machinedada23: folds 
ptolejmus: folds 
Uncalled bet ($1.20) returned to AndreaBsAs
AndreaBsAs collected $2.50 from pot
*** SUMMARY ***
Total pot $2.50 | Rake $0 
Seat 1: tukeiron folded before Flop (didn't bet)
Seat 2: raketkasix folded before Flop (didn't bet)
Seat 3: kars0n (button) folded before Flop (didn't bet)
Seat 4: machinedada23 (small blind) folded before Flop
Seat 5: ptolejmus (big blind) folded before Flop
Seat 6: AndreaBsAs collected ($2.50)



PokerStars Hand #254405344321:  Hold'em No Limit ($0.50/$1.00 USD) - 2025/01/16 21:55:29 WET [2025/01/16 16:55:29 ET]
Table 'Cremona IV' 6-max Seat #4 is the button
Seat 1: tukeiron ($100 in chips) 
Seat 2: raketkasix ($103.32 in chips) 
Seat 3: kars0n ($144.42 in chips) 
Seat 4: machinedada23 ($128.45 in chips) 
Seat 5: ptolejmus ($18.98 in chips) 
Seat 6: AndreaBsAs ($180.74 in chips) 
ptolejmus: posts small blind $0.50
AndreaBsAs: posts big blind $1
*** HOLE CARDS ***
tukeiron: raises $2.50 to $3.50
raketkasix: folds 
kars0n: folds 
machinedada23: folds 
ptolejmus: folds 
AndreaBsAs: folds 
Uncalled bet ($2.50) returned to tukeiron
tukeiron collected $2.50 from pot
*** SUMMARY ***
Total pot $2.50 | Rake $0 
Seat 1: tukeiron collected ($2.50)
Seat 2: raketkasix folded before Flop (didn't bet)
Seat 3: kars0n folded before Flop (didn't bet)
Seat 4: machinedada23 (button) folded before Flop (didn't bet)
Seat 5: ptolejmus (small blind) folded before Flop
Seat 6: AndreaBsAs (big blind) folded before Flop



PokerStars Hand #254405348291:  Hold'em No Limit ($0.50/$1.00 USD) - 2025/01/16 21:55:46 WET [2025/01/16 16:55:46 ET]
Table 'Cremona IV' 6-max Seat #5 is the button
Seat 1: tukeiron ($101.50 in chips) 
Seat 2: raketkasix ($103.32 in chips) 
Seat 3: kars0n ($144.42 in chips) 
Seat 4: machinedada23 ($128.45 in chips) 
Seat 5: ptolejmus ($18.48 in chips) 
Seat 6: AndreaBsAs ($179.74 in chips) 
AndreaBsAs: posts small blind $0.50
tukeiron: posts big blind $1
*** HOLE CARDS ***
raketkasix: raises $1.50 to $2.50
kars0n: folds 
machinedada23: calls $2.50
ptolejmus: raises $15.98 to $18.48 and is all-in
AndreaBsAs: folds 
tukeiron: folds 
raketkasix: calls $15.98
machinedada23: folds 
*** FLOP *** [8c 2s 5s]
*** TURN *** [8c 2s 5s] [8d]
*** RIVER *** [8c 2s 5s 8d] [3c]
*** SHOW DOWN ***
raketkasix: shows [Ac As] (two pair, Aces and Eights)
ptolejmus: shows [Ad Ah] (two pair, Aces and Eights)
raketkasix collected $19.46 from pot
ptolejmus collected $19.45 from pot
*** SUMMARY ***
Total pot $40.96 | Rake $2.05 
Board [8c 2s 5s 8d 3c]
Seat 1: tukeiron (big blind) folded before Flop
Seat 2: raketkasix showed [Ac As] and won ($19.46) with two pair, Aces and Eights
Seat 3: kars0n folded before Flop (didn't bet)
Seat 4: machinedada23 folded before Flop
Seat 5: ptolejmus (button) showed [Ad Ah] and won ($19.45) with two pair, Aces and Eights
Seat 6: AndreaBsAs (small blind) folded before Flop



PokerStars Hand #254405359363:  Hold'em No Limit ($0.50/$1.00 USD) - 2025/01/16 21:56:35 WET [2025/01/16 16:56:35 ET]
Table 'Cremona IV' 6-max Seat #6 is the button
Seat 1: tukeiron ($100.50 in chips) 
Seat 2: raketkasix ($104.30 in chips) 
Seat 3: kars0n ($144.42 in chips) 
Seat 4: machinedada23 ($125.95 in chips) 
Seat 5: ptolejmus ($19.45 in chips) 
Seat 6: AndreaBsAs ($179.24 in chips) 
tukeiron: posts small blind $0.50
raketkasix: posts big blind $1
*** HOLE CARDS ***
kars0n: folds 
machinedada23: folds 
ptolejmus: folds 
AndreaBsAs: folds 
tukeiron: folds 
Uncalled bet ($0.50) returned to raketkasix
raketkasix collected $1 from pot
raketkasix: doesn't show hand 
*** SUMMARY ***
Total pot $1 | Rake $0 
Seat 1: tukeiron (small blind) folded before Flop
Seat 2: raketkasix (big blind) collected ($1)
Seat 3: kars0n folded before Flop (didn't bet)
Seat 4: machinedada23 folded before Flop (didn't bet)
Seat 5: ptolejmus folded before Flop (didn't bet)
Seat 6: AndreaBsAs (button) folded before Flop (didn't bet)



PokerStars Hand #254405362853:  Hold'em No Limit ($0.50/$1.00 USD) - 2025/01/16 21:56:50 WET [2025/01/16 16:56:50 ET]
Table 'Cremona IV' 6-max Seat #1 is the button
Seat 1: tukeiron ($100 in chips) 
Seat 2: raketkasix ($104.80 in chips) 
Seat 3: kars0n ($144.42 in chips) 
Seat 4: machinedada23 ($125.95 in chips) 
Seat 5: ptolejmus ($19.45 in chips) 
Seat 6: AndreaBsAs ($179.24 in chips) 
raketkasix: posts small blind $0.50
kars0n: posts big blind $1
*** HOLE CARDS ***
machinedada23: folds 
ptolejmus: folds 
AndreaBsAs: folds 
tukeiron: raises $1.50 to $2.50
raketkasix: folds 
kars0n: folds 
Uncalled bet ($1.50) returned to tukeiron
tukeiron collected $2.50 from pot
*** SUMMARY ***
Total pot $2.50 | Rake $0 
Seat 1: tukeiron (button) collected ($2.50)
Seat 2: raketkasix (small blind) folded before Flop
Seat 3: kars0n (big blind) folded before Flop
Seat 4: machinedada23 folded before Flop (didn't bet)
Seat 5: ptolejmus folded before Flop (didn't bet)
Seat 6: AndreaBsAs folded before Flop (didn't bet)



PokerStars Hand #254405366858:  Hold'em No Limit ($0.50/$1.00 USD) - 2025/01/16 21:57:08 WET [2025/01/16 16:57:08 ET]
Table 'Cremona IV' 6-max Seat #2 is the button
Seat 1: tukeiron ($101.50 in chips) 
Seat 2: raketkasix ($104.30 in chips) 
Seat 3: kars0n ($143.42 in chips) 
Seat 4: machinedada23 ($125.95 in chips) 
Seat 5: ptolejmus ($19.45 in chips) 
Seat 6: AndreaBsAs ($179.24 in chips) 
kars0n: posts small blind $0.50
machinedada23: posts big blind $1
*** HOLE CARDS ***
ptolejmus: folds 
AndreaBsAs: folds 
tukeiron: raises $1.50 to $2.50
ptolejmus leaves the table
raketkasix: folds 
kars0n: folds 
machinedada23: calls $1.50
*** FLOP *** [9c Kh Td]
machinedada23: checks 
tintin641 joins the table at seat #5 
tukeiron: checks 
*** TURN *** [9c Kh Td] [Jd]
machinedada23: checks 
tukeiron: bets $2.50
machinedada23: calls $2.50
*** RIVER *** [9c Kh Td Jd] [4h]
machinedada23: checks 
tukeiron: bets $7.49
machinedada23: folds 
Uncalled bet ($7.49) returned to tukeiron
tukeiron collected $9.98 from pot
*** SUMMARY ***
Total pot $10.50 | Rake $0.52 
Board [9c Kh Td Jd 4h]
Seat 1: tukeiron collected ($9.98)
Seat 2: raketkasix (button) folded before Flop (didn't bet)
Seat 3: kars0n (small blind) folded before Flop
Seat 4: machinedada23 (big blind) folded on the River
Seat 5: ptolejmus folded before Flop (didn't bet)
Seat 6: AndreaBsAs folded before Flop (didn't bet)



PokerStars Hand #254405375015:  Hold'em No Limit ($0.50/$1.00 USD) - 2025/01/16 21:57:44 WET [2025/01/16 16:57:44 ET]
Table 'Cremona IV' 6-max Seat #3 is the button
Seat 1: tukeiron ($106.48 in chips) 
Seat 2: raketkasix ($104.30 in chips) 
Seat 3: kars0n ($142.92 in chips) 
Seat 4: machinedada23 ($120.95 in chips) 
Seat 5: tintin641 ($100 in chips) 
Seat 6: AndreaBsAs ($179.24 in chips) 
machinedada23: posts small blind $0.50
tintin641: posts big blind $1
*** HOLE CARDS ***
AndreaBsAs: folds 
tukeiron: folds 
raketkasix: raises $1.50 to $2.50
kars0n: folds 
machinedada23: folds 
tintin641: folds 
Uncalled bet ($1.50) returned to raketkasix
raketkasix collected $2.50 from pot
raketkasix: doesn't show hand 
*** SUMMARY ***
Total pot $2.50 | Rake $0 
Seat 1: tukeiron folded before Flop (didn't bet)
Seat 2: raketkasix collected ($2.50)
Seat 3: kars0n (button) folded before Flop (didn't bet)
Seat 4: machinedada23 (small blind) folded before Flop
Seat 5: tintin641 (big blind) folded before Flop
Seat 6: AndreaBsAs folded before Flop (didn't bet)



PokerStars Hand #254405379852:  Hold'em No Limit ($0.50/$1.00 USD) - 2025/01/16 21:58:06 WET [2025/01/16 16:58:06 ET]
Table 'Cremona IV' 6-max Seat #4 is the button
Seat 1: tukeiron ($106.48 in chips) 
Seat 2: raketkasix ($105.80 in chips) 
Seat 3: kars0n ($142.92 in chips) 
Seat 4: machinedada23 ($120.45 in chips) 
Seat 5: tintin641 ($100 in chips) 
Seat 6: AndreaBsAs ($179.24 in chips) 
tintin641: posts small blind $0.50
AndreaBsAs: posts big blind $1
*** HOLE CARDS ***
tukeiron: folds 
raketkasix: folds 
kars0n: folds 
machinedada23: folds 
tintin641: raises $2 to $3
AndreaBsAs: folds 
Uncalled bet ($2) returned to tintin641
tintin641 collected $2 from pot
tintin641: doesn't show hand 
*** SUMMARY ***
Total pot $2 | Rake $0 
Seat 1: tukeiron folded before Flop (didn't bet)
Seat 2: raketkasix folded before Flop (didn't bet)
Seat 3: kars0n folded before Flop (didn't bet)
Seat 4: machinedada23 (button) folded before Flop (didn't bet)
Seat 5: tintin641 (small blind) collected ($2)
Seat 6: AndreaBsAs (big blind) folded before Flop



PokerStars Hand #254405492883:  Hold'em No Limit ($0.50/$1.00 USD) - 2025/01/16 22:05:01 WET [2025/01/16 17:05:01 ET]
Table 'Cremona IV' 6-max Seat #2 is the button
Seat 1: tukeiron ($100.48 in chips) 
Seat 2: raketkasix ($105.50 in chips) 
Seat 3: kars0n ($138.42 in chips) 
Seat 4: machinedada23 ($105.84 in chips) 
Seat 5: tintin641 ($105.50 in chips) 
Seat 6: AndreaBsAs ($208.68 in chips) 
kars0n: posts small blind $0.50
machinedada23: posts big blind $1
*** HOLE CARDS ***
tintin641: folds 
AndreaBsAs: folds 
tukeiron: folds 
raketkasix: folds 
kars0n: raises $2 to $3
machinedada23: folds 
Uncalled bet ($2) returned to kars0n
kars0n collected $2 from pot
kars0n: doesn't show hand 
*** SUMMARY ***
Total pot $2 | Rake $0 
Seat 1: tukeiron folded before Flop (didn't bet)
Seat 2: raketkasix (button) folded before Flop (didn't bet)
Seat 3: kars0n (small blind) collected ($2)
Seat 4: machinedada23 (big blind) folded before Flop
Seat 5: tintin641 folded before Flop (didn't bet)
Seat 6: AndreaBsAs folded before Flop (didn't bet)



PokerStars Hand #254405510814:  Hold'em No Limit ($0.50/$1.00 USD) - 2025/01/16 22:05:59 WET [2025/01/16 17:05:59 ET]
Table 'Cremona IV' 6-max Seat #3 is the button
Seat 1: tukeiron ($100.48 in chips) 
Seat 2: raketkasix ($105.50 in chips) 
Seat 3: kars0n ($139.42 in chips) 
Seat 4: machinedada23 ($104.84 in chips) 
Seat 5: tintin641 ($105.50 in chips) 
Seat 6: AndreaBsAs ($208.68 in chips) 
machinedada23: posts small blind $0.50
tintin641: posts big blind $1
*** HOLE CARDS ***
AndreaBsAs: folds 
tukeiron: raises $1.50 to $2.50
raketkasix: raises $5 to $7.50
kars0n: folds 
machinedada23 has timed out
machinedada23: folds 
tintin641: folds 
tukeiron: raises $14.50 to $22
raketkasix: folds 
Uncalled bet ($14.50) returned to tukeiron
tukeiron collected $16.50 from pot
tukeiron: doesn't show hand 
*** SUMMARY ***
Total pot $16.50 | Rake $0 
Seat 1: tukeiron collected ($16.50)
Seat 2: raketkasix folded before Flop
Seat 3: kars0n (button) folded before Flop (didn't bet)
Seat 4: machinedada23 (small blind) folded before Flop
Seat 5: tintin641 (big blind) folded before Flop
Seat 6: AndreaBsAs folded before Flop (didn't bet)



PokerStars Hand #254405531579:  Hold'em No Limit ($0.50/$1.00 USD) - 2025/01/16 22:07:07 WET [2025/01/16 17:07:07 ET]
Table 'Cremona IV' 6-max Seat #5 is the button
Seat 4: machinedada23 ($104.34 in chips) is sitting out
Seat 1: tukeiron ($109.48 in chips) 
Seat 2: raketkasix ($100 in chips) 
Seat 3: kars0n ($139.42 in chips) 
Seat 5: tintin641 ($104.50 in chips) 
Seat 6: AndreaBsAs ($208.68 in chips) 
AndreaBsAs: posts small blind $0.50
tukeiron: posts big blind $1
*** HOLE CARDS ***
raketkasix: folds 
kars0n: folds 
tintin641: raises $1.50 to $2.50
AndreaBsAs: folds 
tukeiron: calls $1.50
*** FLOP *** [7h Ah Ks]
tukeiron: checks 
tintin641: bets $7.83
tukeiron: calls $7.83
*** TURN *** [7h Ah Ks] [3c]
tukeiron: checks 
tintin641: checks 
*** RIVER *** [7h Ah Ks 3c] [5s]
tukeiron: bets $4.02
tintin641: folds 
Uncalled bet ($4.02) returned to tukeiron
tukeiron collected $20.10 from pot
*** SUMMARY ***
Total pot $21.16 | Rake $1.06 
Board [7h Ah Ks 3c 5s]
Seat 4: machinedada23
Seat 1: tukeiron (big blind) collected ($20.10)
Seat 2: raketkasix folded before Flop (didn't bet)
Seat 3: kars0n folded before Flop (didn't bet)
Seat 5: tintin641 (button) folded on the River
Seat 6: AndreaBsAs (small blind) folded before Flop



PokerStars Hand #254405559098:  Hold'em No Limit ($0.50/$1.00 USD) - 2025/01/16 22:08:37 WET [2025/01/16 17:08:37 ET]
Table 'Cremona IV' 6-max Seat #6 is the button
Seat 2: raketkasix ($100 in chips) is sitting out
Seat 1: tukeiron ($119.25 in chips) 
Seat 3: kars0n ($139.42 in chips) 
Seat 4: machinedada23 ($104.34 in chips) 
Seat 5: tintin641 ($100 in chips) 
Seat 6: AndreaBsAs ($208.18 in chips) 
tukeiron: posts small blind $0.50
raketkasix: is sitting out 
kars0n: posts big blind $1
*** HOLE CARDS ***
raketkasix leaves the table
machinedada23: raises $1 to $2
tintin641: folds 
nikalas22 joins the table at seat #2 
AndreaBsAs: calls $2
tukeiron: folds 
kars0n: folds 
*** FLOP *** [5d 3h 6c]
machinedada23: checks 
AndreaBsAs: checks 
*** TURN *** [5d 3h 6c] [3d]
machinedada23: checks 
AndreaBsAs: checks 
*** RIVER *** [5d 3h 6c 3d] [9c]
machinedada23: checks 
AndreaBsAs: bets $4.02
machinedada23: folds 
Uncalled bet ($4.02) returned to AndreaBsAs
AndreaBsAs collected $5.22 from pot
*** SUMMARY ***
Total pot $5.50 | Rake $0.28 
Board [5d 3h 6c 3d 9c]
Seat 2: raketkasix
Seat 1: tukeiron (small blind) folded before Flop
Seat 3: kars0n (big blind) folded before Flop
Seat 4: machinedada23 folded on the River
Seat 5: tintin641 folded before Flop (didn't bet)
Seat 6: AndreaBsAs (button) collected ($5.22)



PokerStars Hand #254405580804:  Hold'em No Limit ($0.50/$1.00 USD) - 2025/01/16 22:09:48 WET [2025/01/16 17:09:48 ET]
Table 'Cremona IV' 6-max Seat #1 is the button
Seat 2: nikalas22 ($100 in chips) is sitting out
Seat 1: tukeiron ($118.75 in chips) 
Seat 3: kars0n ($138.42 in chips) 
Seat 4: machinedada23 ($102.34 in chips) 
Seat 5: tintin641 ($100 in chips) 
Seat 6: AndreaBsAs ($211.40 in chips) 
kars0n: posts small blind $0.50
machinedada23: posts big blind $1
*** HOLE CARDS ***
tintin641: folds 
AndreaBsAs: folds 
tukeiron: folds 
kars0n: raises $2 to $3
machinedada23: folds 
Uncalled bet ($2) returned to kars0n
kars0n collected $2 from pot
kars0n: doesn't show hand 
*** SUMMARY ***
Total pot $2 | Rake $0 
Seat 2: nikalas22
Seat 1: tukeiron (button) folded before Flop (didn't bet)
Seat 3: kars0n (small blind) collected ($2)
Seat 4: machinedada23 (big blind) folded before Flop
Seat 5: tintin641 folded before Flop (didn't bet)
Seat 6: AndreaBsAs folded before Flop (didn't bet)



PokerStars Hand #254405587593:  Hold'em No Limit ($0.50/$1.00 USD) - 2025/01/16 22:10:11 WET [2025/01/16 17:10:11 ET]
Table 'Cremona IV' 6-max Seat #3 is the button
Seat 2: nikalas22 ($100 in chips) is sitting out
Seat 1: tukeiron ($118.75 in chips) 
Seat 3: kars0n ($139.42 in chips) 
Seat 4: machinedada23 ($101.34 in chips) 
Seat 5: tintin641 ($100 in chips) 
Seat 6: AndreaBsAs ($211.40 in chips) 
machinedada23: posts small blind $0.50
tintin641: posts big blind $1
nikalas22: sits out 
*** HOLE CARDS ***
AndreaBsAs: folds 
tukeiron: folds 
kars0n: folds 
machinedada23: folds 
Uncalled bet ($0.50) returned to tintin641
machinedada23 leaves the table
tintin641 collected $1 from pot
tintin641: doesn't show hand 
*** SUMMARY ***
Total pot $1 | Rake $0 
Seat 2: nikalas22
Seat 1: tukeiron folded before Flop (didn't bet)
Seat 3: kars0n (button) folded before Flop (didn't bet)
Seat 4: machinedada23 (small blind) folded before Flop
Seat 5: tintin641 (big blind) collected ($1)
Seat 6: AndreaBsAs folded before Flop (didn't bet)



PokerStars Hand #254405591650:  Hold'em No Limit ($0.50/$1.00 USD) - 2025/01/16 22:10:24 WET [2025/01/16 17:10:24 ET]
Table 'Cremona IV' 6-max Seat #5 is the button
Seat 2: nikalas22 ($100 in chips) is sitting out
Seat 1: tukeiron ($118.75 in chips) 
Seat 3: kars0n ($139.42 in chips) 
Seat 5: tintin641 ($100.50 in chips) 
Seat 6: AndreaBsAs ($211.40 in chips) 
AndreaBsAs: posts small blind $0.50
tukeiron: posts big blind $1
nikalas22: sits out 
*** HOLE CARDS ***
kars0n: folds 
tintin641: folds 
AndreaBsAs: raises $2 to $3
tukeiron: calls $2
*** FLOP *** [4h As 7s]
AndreaBsAs: bets $1.88
tukeiron: calls $1.88
*** TURN *** [4h As 7s] [Kh]
Fero128 joins the table at seat #4 
AndreaBsAs: checks 
Fero128 is disconnected 
tukeiron: checks 
*** RIVER *** [4h As 7s Kh] [6d]
AndreaBsAs: checks 
tukeiron: bets $11.59
AndreaBsAs: calls $11.59
*** SHOW DOWN ***
tukeiron: shows [Ah 9h] (a pair of Aces)
AndreaBsAs: mucks hand 
tukeiron collected $31.94 from pot
*** SUMMARY ***
Total pot $32.94 | Rake $1 
Board [4h As 7s Kh 6d]
Seat 2: nikalas22
Seat 1: tukeiron (big blind) showed [Ah 9h] and won ($31.94) with a pair of Aces
Seat 3: kars0n folded before Flop (didn't bet)
Seat 5: tintin641 (button) folded before Flop (didn't bet)
Seat 6: AndreaBsAs (small blind) mucked



PokerStars Hand #254405613564:  Hold'em No Limit ($0.50/$1.00 USD) - 2025/01/16 22:11:36 WET [2025/01/16 17:11:36 ET]
Table 'Cremona IV' 6-max Seat #6 is the button
Seat 1: tukeiron ($134.22 in chips) 
Seat 2: nikalas22 ($100 in chips) 
Seat 3: kars0n ($139.42 in chips) 
Seat 4: Fero128 ($19.98 in chips) 
Seat 5: tintin641 ($100.50 in chips) 
Seat 6: AndreaBsAs ($194.93 in chips) 
tukeiron: posts small blind $0.50
nikalas22: posts big blind $1
Fero128: posts big blind $1
*** HOLE CARDS ***
kars0n: folds 
Fero128: raises $1 to $2
tintin641: folds 
AndreaBsAs: raises $5 to $7
tukeiron: folds 
nikalas22: folds 
Fero128: folds 
Uncalled bet ($5) returned to AndreaBsAs
AndreaBsAs collected $5.50 from pot
*** SUMMARY ***
Total pot $5.50 | Rake $0 
Seat 1: tukeiron (small blind) folded before Flop
Seat 2: nikalas22 (big blind) folded before Flop
Seat 3: kars0n folded before Flop (didn't bet)
Seat 4: Fero128 folded before Flop
Seat 5: tintin641 folded before Flop (didn't bet)
Seat 6: AndreaBsAs (button) collected ($5.50)



PokerStars Hand #254405624079:  Hold'em No Limit ($0.50/$1.00 USD) - 2025/01/16 22:12:11 WET [2025/01/16 17:12:11 ET]
Table 'Cremona IV' 6-max Seat #1 is the button
Seat 1: tukeiron ($133.72 in chips) 
Seat 2: nikalas22 ($100 in chips) 
Seat 3: kars0n ($139.42 in chips) 
Seat 4: Fero128 ($17.98 in chips) 
Seat 5: tintin641 ($100.50 in chips) 
Seat 6: AndreaBsAs ($198.43 in chips) 
nikalas22: posts small blind $0.50
kars0n: posts big blind $1
*** HOLE CARDS ***
Fero128: folds 
tintin641: folds 
AndreaBsAs: raises $1.50 to $2.50
tukeiron: folds 
nikalas22: raises $9.50 to $12
kars0n: folds 
AndreaBsAs: folds 
Uncalled bet ($9.50) returned to nikalas22
nikalas22 collected $6 from pot
nikalas22: doesn't show hand 
*** SUMMARY ***
Total pot $6 | Rake $0 
Seat 1: tukeiron (button) folded before Flop (didn't bet)
Seat 2: nikalas22 (small blind) collected ($6)
Seat 3: kars0n (big blind) folded before Flop
Seat 4: Fero128 folded before Flop (didn't bet)
Seat 5: tintin641 folded before Flop (didn't bet)
Seat 6: AndreaBsAs folded before Flop



PokerStars Hand #254405635897:  Hold'em No Limit ($0.50/$1.00 USD) - 2025/01/16 22:12:50 WET [2025/01/16 17:12:50 ET]
Table 'Cremona IV' 6-max Seat #2 is the button
Seat 1: tukeiron ($133.72 in chips) 
Seat 2: nikalas22 ($103.50 in chips) 
Seat 3: kars0n ($138.42 in chips) 
Seat 4: Fero128 ($17.98 in chips) 
Seat 5: tintin641 ($100.50 in chips) 
Seat 6: AndreaBsAs ($195.93 in chips) 
kars0n: posts small blind $0.50
Fero128: posts big blind $1
*** HOLE CARDS ***
tintin641: raises $1.50 to $2.50
AndreaBsAs: folds 
tukeiron: calls $2.50
nikalas22: folds 
kars0n: folds 
Fero128: calls $1.50
*** FLOP *** [8s 6c 4c]
Fero128: bets $1
tintin641: calls $1
tukeiron: raises $10.60 to $11.60
Fero128: folds 
tintin641: folds 
Uncalled bet ($10.60) returned to tukeiron
tukeiron collected $10.45 from pot
tukeiron: doesn't show hand 
*** SUMMARY ***
Total pot $11 | Rake $0.55 
Board [8s 6c 4c]
Seat 1: tukeiron collected ($10.45)
Seat 2: nikalas22 (button) folded before Flop (didn't bet)
Seat 3: kars0n (small blind) folded before Flop
Seat 4: Fero128 (big blind) folded on the Flop
Seat 5: tintin641 folded on the Flop
Seat 6: AndreaBsAs folded before Flop (didn't bet)



PokerStars Hand #254405649343:  Hold'em No Limit ($0.50/$1.00 USD) - 2025/01/16 22:13:35 WET [2025/01/16 17:13:35 ET]
Table 'Cremona IV' 6-max Seat #3 is the button
Seat 1: tukeiron ($140.67 in chips) 
Seat 2: nikalas22 ($103.50 in chips) 
Seat 3: kars0n ($137.92 in chips) 
Seat 4: Fero128 ($14.48 in chips) 
Seat 5: tintin641 ($100 in chips) 
Seat 6: AndreaBsAs ($195.93 in chips) 
Fero128: posts small blind $0.50
tintin641: posts big blind $1
*** HOLE CARDS ***
AndreaBsAs: folds 
tukeiron: raises $1.50 to $2.50
nikalas22: folds 
kars0n: folds 
Fero128: folds 
tintin641: folds 
Uncalled bet ($1.50) returned to tukeiron
tukeiron collected $2.50 from pot
tukeiron: doesn't show hand 
*** SUMMARY ***
Total pot $2.50 | Rake $0 
Seat 1: tukeiron collected ($2.50)
Seat 2: nikalas22 folded before Flop (didn't bet)
Seat 3: kars0n (button) folded before Flop (didn't bet)
Seat 4: Fero128 (small blind) folded before Flop
Seat 5: tintin641 (big blind) folded before Flop
Seat 6: AndreaBsAs folded before Flop (didn't bet)



PokerStars Hand #254405658896:  Hold'em No Limit ($0.50/$1.00 USD) - 2025/01/16 22:14:06 WET [2025/01/16 17:14:06 ET]
Table 'Cremona IV' 6-max Seat #4 is the button
Seat 1: tukeiron ($142.17 in chips) 
Seat 2: nikalas22 ($103.50 in chips) 
Seat 3: kars0n ($137.92 in chips) 
Seat 4: Fero128 ($13.98 in chips) 
Seat 5: tintin641 ($100 in chips) 
Seat 6: AndreaBsAs ($195.93 in chips) 
tintin641: posts small blind $0.50
AndreaBsAs: posts big blind $1
*** HOLE CARDS ***
tukeiron: folds 
nikalas22: folds 
kars0n: raises $1.50 to $2.50
Fero128: raises $11.48 to $13.98 and is all-in
tintin641: folds 
AndreaBsAs: calls $12.98
kars0n: folds 
*** FLOP *** [4h Qc 7h]
*** TURN *** [4h Qc 7h] [5h]
*** RIVER *** [4h Qc 7h 5h] [5c]
*** SHOW DOWN ***
AndreaBsAs: shows [Ks Ah] (a pair of Fives)
Fero128: shows [Qs Th] (two pair, Queens and Fives)
Fero128 collected $29.41 from pot
*** SUMMARY ***
Total pot $30.96 | Rake $1.55 
Board [4h Qc 7h 5h 5c]
Seat 1: tukeiron folded before Flop (didn't bet)
Seat 2: nikalas22 folded before Flop (didn't bet)
Seat 3: kars0n folded before Flop
Seat 4: Fero128 (button) showed [Qs Th] and won ($29.41) with two pair, Queens and Fives
Seat 5: tintin641 (small blind) folded before Flop
Seat 6: AndreaBsAs (big blind) showed [Ks Ah] and lost with a pair of Fives



PokerStars Hand #254405668909:  Hold'em No Limit ($0.50/$1.00 USD) - 2025/01/16 22:14:39 WET [2025/01/16 17:14:39 ET]
Table 'Cremona IV' 6-max Seat #5 is the button
Seat 1: tukeiron ($142.17 in chips) 
Seat 2: nikalas22 ($103.50 in chips) 
Seat 3: kars0n ($135.42 in chips) 
Seat 4: Fero128 ($29.41 in chips) 
Seat 5: tintin641 ($100 in chips) 
Seat 6: AndreaBsAs ($181.95 in chips) 
AndreaBsAs: posts small blind $0.50
tukeiron: posts big blind $1
*** HOLE CARDS ***
nikalas22: folds 
kars0n: folds 
Fero128: folds 
tintin641: raises $1.50 to $2.50
AndreaBsAs: folds 
tukeiron: calls $1.50
*** FLOP *** [9c 3d 6h]
tukeiron: checks 
tintin641: checks 
*** TURN *** [9c 3d 6h] [5h]
tukeiron: checks 
tintin641: checks 
*** RIVER *** [9c 3d 6h 5h] [4h]
tukeiron: checks 
tintin641: bets $3.92
tukeiron: folds 
Uncalled bet ($3.92) returned to tintin641
tintin641 collected $5.22 from pot
tintin641: doesn't show hand 
*** SUMMARY ***
Total pot $5.50 | Rake $0.28 
Board [9c 3d 6h 5h 4h]
Seat 1: tukeiron (big blind) folded on the River
Seat 2: nikalas22 folded before Flop (didn't bet)
Seat 3: kars0n folded before Flop (didn't bet)
Seat 4: Fero128 folded before Flop (didn't bet)
Seat 5: tintin641 (button) collected ($5.22)
Seat 6: AndreaBsAs (small blind) folded before Flop



PokerStars Hand #254405690113:  Hold'em No Limit ($0.50/$1.00 USD) - 2025/01/16 22:15:49 WET [2025/01/16 17:15:49 ET]
Table 'Cremona IV' 6-max Seat #6 is the button
Seat 1: tukeiron ($139.67 in chips) 
Seat 2: nikalas22 ($103.50 in chips) 
Seat 3: kars0n ($135.42 in chips) 
Seat 4: Fero128 ($29.41 in chips) 
Seat 5: tintin641 ($102.72 in chips) 
Seat 6: AndreaBsAs ($181.45 in chips) 
tukeiron: posts small blind $0.50
nikalas22: posts big blind $1
*** HOLE CARDS ***
kars0n: raises $1 to $2
Fero128: calls $2
tintin641: folds 
AndreaBsAs: folds 
tukeiron: folds 
nikalas22: folds 
*** FLOP *** [Ts 8s 2s]
kars0n: bets $1.72
Fero128: folds 
Uncalled bet ($1.72) returned to kars0n
kars0n collected $5.22 from pot
kars0n: doesn't show hand 
*** SUMMARY ***
Total pot $5.50 | Rake $0.28 
Board [Ts 8s 2s]
Seat 1: tukeiron (small blind) folded before Flop
Seat 2: nikalas22 (big blind) folded before Flop
Seat 3: kars0n collected ($5.22)
Seat 4: Fero128 folded on the Flop
Seat 5: tintin641 folded before Flop (didn't bet)
Seat 6: AndreaBsAs (button) folded before Flop (didn't bet)



PokerStars Hand #254405700547:  Hold'em No Limit ($0.50/$1.00 USD) - 2025/01/16 22:16:24 WET [2025/01/16 17:16:24 ET]
Table 'Cremona IV' 6-max Seat #1 is the button
Seat 1: tukeiron ($139.17 in chips) 
Seat 2: nikalas22 ($102.50 in chips) 
Seat 3: kars0n ($138.64 in chips) 
Seat 4: Fero128 ($27.41 in chips) 
Seat 5: tintin641 ($102.72 in chips) 
Seat 6: AndreaBsAs ($181.45 in chips) 
nikalas22: posts small blind $0.50
kars0n: posts big blind $1
*** HOLE CARDS ***
Fero128: calls $1
tintin641: folds 
AndreaBsAs: folds 
tukeiron: raises $2 to $3
nikalas22: folds 
kars0n: folds 
Fero128: calls $2
*** FLOP *** [7h Jc 9d]
Fero128: checks 
tukeiron: bets $2.35
Fero128: calls $2.35
*** TURN *** [7h Jc 9d] [3c]
Fero128: checks 
tukeiron: bets $133.82 and is all-in
Fero128: calls $22.06 and is all-in
Uncalled bet ($111.76) returned to tukeiron
*** FIRST RIVER *** [7h Jc 9d 3c] [9s]
*** SECOND RIVER *** [7h Jc 9d 3c] [Ks]
*** FIRST SHOW DOWN ***
Fero128: shows [Th Jd] (two pair, Jacks and Nines)
tukeiron: shows [Qc 2c] (a pair of Nines)
Fero128 collected $26.91 from pot
*** SECOND SHOW DOWN ***
Fero128: shows [Th Jd] (a pair of Jacks)
tukeiron: shows [Qc 2c] (high card King)
Fero128 collected $26.91 from pot
*** SUMMARY ***
Total pot $56.32 | Rake $2.50 
Hand was run twice
FIRST Board [7h Jc 9d 3c 9s]
SECOND Board [7h Jc 9d 3c Ks]
Seat 1: tukeiron (button) showed [Qc 2c] and lost with a pair of Nines, and lost with high card King
Seat 2: nikalas22 (small blind) folded before Flop
Seat 3: kars0n (big blind) folded before Flop
Seat 4: Fero128 showed [Th Jd] and won ($26.91) with two pair, Jacks and Nines, and won ($26.91) with a pair of Jacks
Seat 5: tintin641 folded before Flop (didn't bet)
Seat 6: AndreaBsAs folded before Flop (didn't bet)



PokerStars Hand #254405718673:  Hold'em No Limit ($0.50/$1.00 USD) - 2025/01/16 22:17:24 WET [2025/01/16 17:17:24 ET]
Table 'Cremona IV' 6-max Seat #2 is the button
Seat 1: tukeiron ($111.76 in chips) 
Seat 2: nikalas22 ($102 in chips) 
Seat 3: kars0n ($137.64 in chips) 
Seat 4: Fero128 ($53.82 in chips) 
Seat 5: tintin641 ($102.72 in chips) 
Seat 6: AndreaBsAs ($181.45 in chips) 
kars0n: posts small blind $0.50
Fero128: posts big blind $1
*** HOLE CARDS ***
tintin641: folds 
AndreaBsAs: raises $1.20 to $2.20
tukeiron: folds 
nikalas22: folds 
kars0n: folds 
Fero128: calls $1.20
*** FLOP *** [As 6h Qc]
Fero128: checks 
AndreaBsAs: bets $1.54
Fero128: folds 
Uncalled bet ($1.54) returned to AndreaBsAs
AndreaBsAs collected $4.66 from pot
*** SUMMARY ***
Total pot $4.90 | Rake $0.24 
Board [As 6h Qc]
Seat 1: tukeiron folded before Flop (didn't bet)
Seat 2: nikalas22 (button) folded before Flop (didn't bet)
Seat 3: kars0n (small blind) folded before Flop
Seat 4: Fero128 (big blind) folded on the Flop
Seat 5: tintin641 folded before Flop (didn't bet)
Seat 6: AndreaBsAs collected ($4.66)



PokerStars Hand #254405726139:  Hold'em No Limit ($0.50/$1.00 USD) - 2025/01/16 22:17:49 WET [2025/01/16 17:17:49 ET]
Table 'Cremona IV' 6-max Seat #3 is the button
Seat 1: tukeiron ($111.76 in chips) 
Seat 2: nikalas22 ($102 in chips) 
Seat 3: kars0n ($137.14 in chips) 
Seat 4: Fero128 ($51.62 in chips) 
Seat 5: tintin641 ($102.72 in chips) 
Seat 6: AndreaBsAs ($183.91 in chips) 
Fero128: posts small blind $0.50
tintin641: posts big blind $1
*** HOLE CARDS ***
AndreaBsAs: folds 
tukeiron: folds 
nikalas22: folds 
kars0n: folds 
Fero128: folds 
Uncalled bet ($0.50) returned to tintin641
tintin641 collected $1 from pot
tintin641: doesn't show hand 
*** SUMMARY ***
Total pot $1 | Rake $0 
Seat 1: tukeiron folded before Flop (didn't bet)
Seat 2: nikalas22 folded before Flop (didn't bet)
Seat 3: kars0n (button) folded before Flop (didn't bet)
Seat 4: Fero128 (small blind) folded before Flop
Seat 5: tintin641 (big blind) collected ($1)
Seat 6: AndreaBsAs folded before Flop (didn't bet)



PokerStars Hand #254405730603:  Hold'em No Limit ($0.50/$1.00 USD) - 2025/01/16 22:18:03 WET [2025/01/16 17:18:03 ET]
Table 'Cremona IV' 6-max Seat #4 is the button
Seat 1: tukeiron ($111.76 in chips) 
Seat 2: nikalas22 ($102 in chips) 
Seat 3: kars0n ($137.14 in chips) 
Seat 4: Fero128 ($51.12 in chips) 
Seat 5: tintin641 ($103.22 in chips) 
Seat 6: AndreaBsAs ($183.91 in chips) 
tintin641: posts small blind $0.50
AndreaBsAs: posts big blind $1
*** HOLE CARDS ***
tukeiron: raises $1.50 to $2.50
nikalas22: folds 
kars0n: folds 
Fero128: calls $2.50
tintin641: folds 
AndreaBsAs: folds 
*** FLOP *** [5s 3s 4d]
tukeiron: bets $2.04
Fero128: calls $2.04
*** TURN *** [5s 3s 4d] [Ac]
tukeiron: bets $5.03
Fero128: calls $5.03
*** RIVER *** [5s 3s 4d Ac] [9s]
tukeiron: bets $10.79
Fero128: calls $10.79
*** SHOW DOWN ***
tukeiron: shows [Kc Tc] (high card Ace)
Fero128: shows [5c Ad] (two pair, Aces and Fives)
Fero128 collected $40.11 from pot
*** SUMMARY ***
Total pot $42.22 | Rake $2.11 
Board [5s 3s 4d Ac 9s]
Seat 1: tukeiron showed [Kc Tc] and lost with high card Ace
Seat 2: nikalas22 folded before Flop (didn't bet)
Seat 3: kars0n folded before Flop (didn't bet)
Seat 4: Fero128 (button) showed [5c Ad] and won ($40.11) with two pair, Aces and Fives
Seat 5: tintin641 (small blind) folded before Flop
Seat 6: AndreaBsAs (big blind) folded before Flop



PokerStars Hand #254405746512:  Hold'em No Limit ($0.50/$1.00 USD) - 2025/01/16 22:18:57 WET [2025/01/16 17:18:57 ET]
Table 'Cremona IV' 6-max Seat #5 is the button
Seat 1: tukeiron ($100 in chips) 
Seat 2: nikalas22 ($102 in chips) 
Seat 3: kars0n ($137.14 in chips) 
Seat 4: Fero128 ($70.87 in chips) 
Seat 5: tintin641 ($102.72 in chips) 
Seat 6: AndreaBsAs ($182.91 in chips) 
AndreaBsAs: posts small blind $0.50
tukeiron: posts big blind $1
*** HOLE CARDS ***
nikalas22: folds 
kars0n: raises $1 to $2
Fero128: folds 
tintin641: folds 
AndreaBsAs: folds 
tukeiron: calls $1
*** FLOP *** [Qd Kd Td]
tukeiron: checks 
kars0n: checks 
*** TURN *** [Qd Kd Td] [Ah]
tukeiron: checks 
kars0n: checks 
*** RIVER *** [Qd Kd Td Ah] [Qh]
tukeiron: checks 
kars0n: checks 
*** SHOW DOWN ***
tukeiron: shows [8h 8s] (two pair, Queens and Eights)
kars0n: shows [Ac Kh] (two pair, Aces and Kings)
kars0n collected $4.28 from pot
*** SUMMARY ***
Total pot $4.50 | Rake $0.22 
Board [Qd Kd Td Ah Qh]
Seat 1: tukeiron (big blind) showed [8h 8s] and lost with two pair, Queens and Eights
Seat 2: nikalas22 folded before Flop (didn't bet)
Seat 3: kars0n showed [Ac Kh] and won ($4.28) with two pair, Aces and Kings
Seat 4: Fero128 folded before Flop (didn't bet)
Seat 5: tintin641 (button) folded before Flop (didn't bet)
Seat 6: AndreaBsAs (small blind) folded before Flop



PokerStars Hand #254405762002:  Hold'em No Limit ($0.50/$1.00 USD) - 2025/01/16 22:19:48 WET [2025/01/16 17:19:48 ET]
Table 'Cremona IV' 6-max Seat #6 is the button
Seat 1: tukeiron ($100 in chips) 
Seat 2: nikalas22 ($102 in chips) 
Seat 3: kars0n ($139.42 in chips) 
Seat 4: Fero128 ($70.87 in chips) 
Seat 5: tintin641 ($102.72 in chips) 
Seat 6: AndreaBsAs ($182.41 in chips) 
tukeiron: posts small blind $0.50
nikalas22: posts big blind $1
*** HOLE CARDS ***
kars0n: folds 
Fero128: folds 
tintin641: raises $1.50 to $2.50
AndreaBsAs: folds 
tukeiron: folds 
nikalas22: calls $1.50
*** FLOP *** [7d 3h 4c]
nikalas22: checks 
tintin641: checks 
*** TURN *** [7d 3h 4c] [9c]
nikalas22: bets $1.57
tintin641: calls $1.57
*** RIVER *** [7d 3h 4c 9c] [5s]
nikalas22: bets $2.46
tintin641: folds 
Uncalled bet ($2.46) returned to nikalas22
nikalas22 collected $8.21 from pot
nikalas22: doesn't show hand 
*** SUMMARY ***
Total pot $8.64 | Rake $0.43 
Board [7d 3h 4c 9c 5s]
Seat 1: tukeiron (small blind) folded before Flop
Seat 2: nikalas22 (big blind) collected ($8.21)
Seat 3: kars0n folded before Flop (didn't bet)
Seat 4: Fero128 folded before Flop (didn't bet)
Seat 5: tintin641 folded on the River
Seat 6: AndreaBsAs (button) folded before Flop (didn't bet)



PokerStars Hand #254405785814:  Hold'em No Limit ($0.50/$1.00 USD) - 2025/01/16 22:21:09 WET [2025/01/16 17:21:09 ET]
Table 'Cremona IV' 6-max Seat #1 is the button
Seat 1: tukeiron ($100 in chips) 
Seat 2: nikalas22 ($106.14 in chips) 
Seat 3: kars0n ($139.42 in chips) 
Seat 4: Fero128 ($70.87 in chips) 
Seat 5: tintin641 ($100 in chips) 
Seat 6: AndreaBsAs ($182.41 in chips) 
nikalas22: posts small blind $0.50
kars0n: posts big blind $1
*** HOLE CARDS ***
Fero128: calls $1
tintin641: folds 
AndreaBsAs: folds 
tukeiron: folds 
nikalas22: folds 
kars0n: checks 
*** FLOP *** [5s Jd Ad]
kars0n: checks 
Fero128: checks 
*** TURN *** [5s Jd Ad] [Ts]
kars0n: checks 
Fero128: bets $3
kars0n: folds 
Uncalled bet ($3) returned to Fero128
Fero128 collected $2.38 from pot
*** SUMMARY ***
Total pot $2.50 | Rake $0.12 
Board [5s Jd Ad Ts]
Seat 1: tukeiron (button) folded before Flop (didn't bet)
Seat 2: nikalas22 (small blind) folded before Flop
Seat 3: kars0n (big blind) folded on the Turn
Seat 4: Fero128 collected ($2.38)
Seat 5: tintin641 folded before Flop (didn't bet)
Seat 6: AndreaBsAs folded before Flop (didn't bet)



PokerStars Hand #254405796771:  Hold'em No Limit ($0.50/$1.00 USD) - 2025/01/16 22:21:46 WET [2025/01/16 17:21:46 ET]
Table 'Cremona IV' 6-max Seat #2 is the button
Seat 1: tukeiron ($100 in chips) 
Seat 2: nikalas22 ($105.64 in chips) 
Seat 3: kars0n ($138.42 in chips) 
Seat 4: Fero128 ($72.25 in chips) 
Seat 5: tintin641 ($100 in chips) 
Seat 6: AndreaBsAs ($182.41 in chips) 
kars0n: posts small blind $0.50
Fero128: posts big blind $1
*** HOLE CARDS ***
tintin641: folds 
AndreaBsAs: folds 
tukeiron: folds 
nikalas22: folds 
kars0n: raises $2 to $3
Fero128: calls $2
*** FLOP *** [9c 2h 2s]
kars0n: bets $1.88
Fero128: calls $1.88
*** TURN *** [9c 2h 2s] [Jc]
kars0n: checks 
Fero128: checks 
*** RIVER *** [9c 2h 2s Jc] [3s]
kars0n: checks 
Fero128: checks 
*** SHOW DOWN ***
kars0n: shows [Kd 7h] (a pair of Deuces)
Fero128: shows [Qc Ks] (a pair of Deuces - King+Queen kicker)
Fero128 collected $9.27 from pot
*** SUMMARY ***
Total pot $9.76 | Rake $0.49 
Board [9c 2h 2s Jc 3s]
Seat 1: tukeiron folded before Flop (didn't bet)
Seat 2: nikalas22 (button) folded before Flop (didn't bet)
Seat 3: kars0n (small blind) showed [Kd 7h] and lost with a pair of Deuces
Seat 4: Fero128 (big blind) showed [Qc Ks] and won ($9.27) with a pair of Deuces
Seat 5: tintin641 folded before Flop (didn't bet)
Seat 6: AndreaBsAs folded before Flop (didn't bet)



PokerStars Hand #254405809341:  Hold'em No Limit ($0.50/$1.00 USD) - 2025/01/16 22:22:29 WET [2025/01/16 17:22:29 ET]
Table 'Cremona IV' 6-max Seat #3 is the button
Seat 1: tukeiron ($100 in chips) 
Seat 2: nikalas22 ($105.64 in chips) 
Seat 3: kars0n ($133.54 in chips) 
Seat 4: Fero128 ($76.64 in chips) 
Seat 5: tintin641 ($100 in chips) 
Seat 6: AndreaBsAs ($182.41 in chips) 
Fero128: posts small blind $0.50
tintin641: posts big blind $1
*** HOLE CARDS ***
AndreaBsAs: folds 
tukeiron: raises $2.50 to $3.50
nikalas22: folds 
kars0n: folds 
Fero128: calls $3
tintin641: folds 
*** FLOP *** [7d 2d 9d]
Fero128: checks 
tukeiron: bets $3.80
Fero128: folds 
Uncalled bet ($3.80) returned to tukeiron
tukeiron collected $7.60 from pot
*** SUMMARY ***
Total pot $8 | Rake $0.40 
Board [7d 2d 9d]
Seat 1: tukeiron collected ($7.60)
Seat 2: nikalas22 folded before Flop (didn't bet)
Seat 3: kars0n (button) folded before Flop (didn't bet)
Seat 4: Fero128 (small blind) folded on the Flop
Seat 5: tintin641 (big blind) folded before Flop
Seat 6: AndreaBsAs folded before Flop (didn't bet)



PokerStars Hand #254405816694:  Hold'em No Limit ($0.50/$1.00 USD) - 2025/01/16 22:22:53 WET [2025/01/16 17:22:53 ET]
Table 'Cremona IV' 6-max Seat #4 is the button
Seat 1: tukeiron ($104.10 in chips) 
Seat 2: nikalas22 ($105.64 in chips) 
Seat 3: kars0n ($133.54 in chips) 
Seat 4: Fero128 ($73.14 in chips) 
Seat 5: tintin641 ($100 in chips) 
Seat 6: AndreaBsAs ($182.41 in chips) 
tintin641: posts small blind $0.50
AndreaBsAs: posts big blind $1
*** HOLE CARDS ***
tukeiron: folds 
nikalas22: raises $1.50 to $2.50
kars0n: folds 
Fero128: folds 
tintin641: folds 
AndreaBsAs: folds 
Uncalled bet ($1.50) returned to nikalas22
nikalas22 collected $2.50 from pot
nikalas22: doesn't show hand 
*** SUMMARY ***
Total pot $2.50 | Rake $0 
Seat 1: tukeiron folded before Flop (didn't bet)
Seat 2: nikalas22 collected ($2.50)
Seat 3: kars0n folded before Flop (didn't bet)
Seat 4: Fero128 (button) folded before Flop (didn't bet)
Seat 5: tintin641 (small blind) folded before Flop
Seat 6: AndreaBsAs (big blind) folded before Flop



PokerStars Hand #254405823627:  Hold'em No Limit ($0.50/$1.00 USD) - 2025/01/16 22:23:17 WET [2025/01/16 17:23:17 ET]
Table 'Cremona IV' 6-max Seat #5 is the button
Seat 1: tukeiron ($104.10 in chips) 
Seat 2: nikalas22 ($107.14 in chips) 
Seat 3: kars0n ($133.54 in chips) 
Seat 4: Fero128 ($73.14 in chips) 
Seat 5: tintin641 ($100 in chips) 
Seat 6: AndreaBsAs ($181.41 in chips) 
AndreaBsAs: posts small blind $0.50
tukeiron: posts big blind $1
*** HOLE CARDS ***
nikalas22: folds 
kars0n: folds 
Fero128: calls $1
tintin641: folds 
AndreaBsAs: folds 
tukeiron: raises $2.50 to $3.50
Fero128: folds 
Uncalled bet ($2.50) returned to tukeiron
tukeiron collected $2.50 from pot
*** SUMMARY ***
Total pot $2.50 | Rake $0 
Seat 1: tukeiron (big blind) collected ($2.50)
Seat 2: nikalas22 folded before Flop (didn't bet)
Seat 3: kars0n folded before Flop (didn't bet)
Seat 4: Fero128 folded before Flop
Seat 5: tintin641 (button) folded before Flop (didn't bet)
Seat 6: AndreaBsAs (small blind) folded before Flop



PokerStars Hand #254405837125:  Hold'em No Limit ($0.50/$1.00 USD) - 2025/01/16 22:24:02 WET [2025/01/16 17:24:02 ET]
Table 'Cremona IV' 6-max Seat #6 is the button
Seat 1: tukeiron ($105.60 in chips) 
Seat 2: nikalas22 ($107.14 in chips) 
Seat 3: kars0n ($133.54 in chips) 
Seat 4: Fero128 ($72.14 in chips) 
Seat 5: tintin641 ($100 in chips) 
Seat 6: AndreaBsAs ($180.91 in chips) 
tukeiron: posts small blind $0.50
nikalas22: posts big blind $1
*** HOLE CARDS ***
kars0n: folds 
Fero128: calls $1
tintin641: raises $3 to $4
AndreaBsAs: folds 
tukeiron: folds 
nikalas22: folds 
Fero128: calls $3
*** FLOP *** [Jc Tc Qs]
Fero128: checks 
tintin641: bets $2.98
Fero128: raises $7.49 to $10.47
tintin641: calls $7.49
*** TURN *** [Jc Tc Qs] [7s]
Fero128: bets $57.67 and is all-in
tintin641: folds 
Uncalled bet ($57.67) returned to Fero128
Fero128 collected $28.92 from pot
*** SUMMARY ***
Total pot $30.44 | Rake $1.52 
Board [Jc Tc Qs 7s]
Seat 1: tukeiron (small blind) folded before Flop
Seat 2: nikalas22 (big blind) folded before Flop
Seat 3: kars0n folded before Flop (didn't bet)
Seat 4: Fero128 collected ($28.92)
Seat 5: tintin641 folded on the Turn
Seat 6: AndreaBsAs (button) folded before Flop (didn't bet)



PokerStars Hand #254405858448:  Hold'em No Limit ($0.50/$1.00 USD) - 2025/01/16 22:25:14 WET [2025/01/16 17:25:14 ET]
Table 'Cremona IV' 6-max Seat #1 is the button
Seat 1: tukeiron ($105.10 in chips) 
Seat 2: nikalas22 ($106.14 in chips) 
Seat 3: kars0n ($133.54 in chips) 
Seat 4: Fero128 ($86.59 in chips) 
Seat 5: tintin641 ($100 in chips) 
Seat 6: AndreaBsAs ($180.91 in chips) 
nikalas22: posts small blind $0.50
kars0n: posts big blind $1
*** HOLE CARDS ***
Fero128: calls $1
tintin641: folds 
AndreaBsAs: raises $3 to $4
tukeiron: folds 
nikalas22: folds 
kars0n: folds 
Fero128: calls $3
*** FLOP *** [8d Kh 4s]
Fero128: checks 
AndreaBsAs: bets $4.51
Fero128: folds 
Uncalled bet ($4.51) returned to AndreaBsAs
AndreaBsAs collected $9.02 from pot
*** SUMMARY ***
Total pot $9.50 | Rake $0.48 
Board [8d Kh 4s]
Seat 1: tukeiron (button) folded before Flop (didn't bet)
Seat 2: nikalas22 (small blind) folded before Flop
Seat 3: kars0n (big blind) folded before Flop
Seat 4: Fero128 folded on the Flop
Seat 5: tintin641 folded before Flop (didn't bet)
Seat 6: AndreaBsAs collected ($9.02)



PokerStars Hand #254405867140:  Hold'em No Limit ($0.50/$1.00 USD) - 2025/01/16 22:25:44 WET [2025/01/16 17:25:44 ET]
Table 'Cremona IV' 6-max Seat #2 is the button
Seat 1: tukeiron ($105.10 in chips) 
Seat 2: nikalas22 ($105.64 in chips) 
Seat 3: kars0n ($132.54 in chips) 
Seat 4: Fero128 ($82.59 in chips) 
Seat 5: tintin641 ($100 in chips) 
Seat 6: AndreaBsAs ($185.93 in chips) 
kars0n: posts small blind $0.50
Fero128: posts big blind $1
*** HOLE CARDS ***
tintin641: folds 
AndreaBsAs: folds 
tukeiron: folds 
nikalas22: raises $1.50 to $2.50
kars0n: folds 
Fero128: calls $1.50
*** FLOP *** [2s Jh Ts]
Fero128: checks 
nikalas22: checks 
*** TURN *** [2s Jh Ts] [4s]
Fero128: checks 
nikalas22: bets $3.92
Fero128: calls $3.92
*** RIVER *** [2s Jh Ts 4s] [Td]
Fero128: checks 
nikalas22: checks 
*** SHOW DOWN ***
Fero128: shows [6s 7s] (a flush, Ten high)
nikalas22: mucks hand 
Fero128 collected $12.67 from pot
*** SUMMARY ***
Total pot $13.34 | Rake $0.67 
Board [2s Jh Ts 4s Td]
Seat 1: tukeiron folded before Flop (didn't bet)
Seat 2: nikalas22 (button) mucked
Seat 3: kars0n (small blind) folded before Flop
Seat 4: Fero128 (big blind) showed [6s 7s] and won ($12.67) with a flush, Ten high
Seat 5: tintin641 folded before Flop (didn't bet)
Seat 6: AndreaBsAs folded before Flop (didn't bet)



PokerStars Hand #254405882320:  Hold'em No Limit ($0.50/$1.00 USD) - 2025/01/16 22:26:35 WET [2025/01/16 17:26:35 ET]
Table 'Cremona IV' 6-max Seat #3 is the button
Seat 1: tukeiron ($105.10 in chips) 
Seat 2: nikalas22 ($100 in chips) 
Seat 3: kars0n ($132.04 in chips) 
Seat 4: Fero128 ($88.84 in chips) 
Seat 5: tintin641 ($100 in chips) 
Seat 6: AndreaBsAs ($185.93 in chips) 
Fero128: posts small blind $0.50
tintin641: posts big blind $1
*** HOLE CARDS ***
AndreaBsAs: folds 
tukeiron: folds 
nikalas22: folds 
kars0n: folds 
Fero128: calls $0.50
tintin641: raises $3 to $4
Fero128: calls $3
*** FLOP *** [9c Td 9h]
Fero128: checks 
tintin641: bets $2.51
Fero128: calls $2.51
*** TURN *** [9c Td 9h] [Qd]
Fero128: checks 
tintin641: checks 
*** RIVER *** [9c Td 9h Qd] [6h]
Fero128: checks 
tintin641: checks 
*** SHOW DOWN ***
Fero128: shows [Ah Jc] (a pair of Nines)
tintin641: shows [4s 4c] (two pair, Nines and Fours)
tintin641 collected $12.37 from pot
*** SUMMARY ***
Total pot $13.02 | Rake $0.65 
Board [9c Td 9h Qd 6h]
Seat 1: tukeiron folded before Flop (didn't bet)
Seat 2: nikalas22 folded before Flop (didn't bet)
Seat 3: kars0n (button) folded before Flop (didn't bet)
Seat 4: Fero128 (small blind) showed [Ah Jc] and lost with a pair of Nines
Seat 5: tintin641 (big blind) showed [4s 4c] and won ($12.37) with two pair, Nines and Fours
Seat 6: AndreaBsAs folded before Flop (didn't bet)



PokerStars Hand #254405900614:  Hold'em No Limit ($0.50/$1.00 USD) - 2025/01/16 22:27:37 WET [2025/01/16 17:27:37 ET]
Table 'Cremona IV' 6-max Seat #4 is the button
Seat 1: tukeiron ($105.10 in chips) 
Seat 2: nikalas22 ($100 in chips) 
Seat 3: kars0n ($132.04 in chips) 
Seat 4: Fero128 ($82.33 in chips) 
Seat 5: tintin641 ($105.86 in chips) 
Seat 6: AndreaBsAs ($185.93 in chips) 
tintin641: posts small blind $0.50
AndreaBsAs: posts big blind $1
*** HOLE CARDS ***
tukeiron: raises $1.50 to $2.50
nikalas22: folds 
kars0n: folds 
Fero128: calls $2.50
tintin641: folds 
AndreaBsAs: folds 
*** FLOP *** [7d 7s Jh]
tukeiron: bets $2.04
Fero128: folds 
Uncalled bet ($2.04) returned to tukeiron
tukeiron collected $6.18 from pot
*** SUMMARY ***
Total pot $6.50 | Rake $0.32 
Board [7d 7s Jh]
Seat 1: tukeiron collected ($6.18)
Seat 2: nikalas22 folded before Flop (didn't bet)
Seat 3: kars0n folded before Flop (didn't bet)
Seat 4: Fero128 (button) folded on the Flop
Seat 5: tintin641 (small blind) folded before Flop
Seat 6: AndreaBsAs (big blind) folded before Flop



PokerStars Hand #254405908019:  Hold'em No Limit ($0.50/$1.00 USD) - 2025/01/16 22:28:02 WET [2025/01/16 17:28:02 ET]
Table 'Cremona IV' 6-max Seat #5 is the button
Seat 1: tukeiron ($108.78 in chips) 
Seat 2: nikalas22 ($100 in chips) 
Seat 3: kars0n ($132.04 in chips) 
Seat 4: Fero128 ($79.83 in chips) 
Seat 5: tintin641 ($105.36 in chips) 
Seat 6: AndreaBsAs ($184.93 in chips) 
AndreaBsAs: posts small blind $0.50
tukeiron: posts big blind $1
*** HOLE CARDS ***
nikalas22: raises $1.50 to $2.50
kars0n: folds 
Fero128: calls $2.50
tintin641: folds 
AndreaBsAs: calls $2
tukeiron: folds 
*** FLOP *** [Kh As Qh]
AndreaBsAs: checks 
nikalas22: checks 
Fero128: checks 
*** TURN *** [Kh As Qh] [Tc]
AndreaBsAs: checks 
nikalas22: bets $6.06
Fero128: folds 
AndreaBsAs: folds 
Uncalled bet ($6.06) returned to nikalas22
nikalas22 collected $8.08 from pot
nikalas22: doesn't show hand 
*** SUMMARY ***
Total pot $8.50 | Rake $0.42 
Board [Kh As Qh Tc]
Seat 1: tukeiron (big blind) folded before Flop
Seat 2: nikalas22 collected ($8.08)
Seat 3: kars0n folded before Flop (didn't bet)
Seat 4: Fero128 folded on the Turn
Seat 5: tintin641 (button) folded before Flop (didn't bet)
Seat 6: AndreaBsAs (small blind) folded on the Turn



PokerStars Hand #254405920029:  Hold'em No Limit ($0.50/$1.00 USD) - 2025/01/16 22:28:43 WET [2025/01/16 17:28:43 ET]
Table 'Cremona IV' 6-max Seat #6 is the button
Seat 1: tukeiron ($107.78 in chips) 
Seat 2: nikalas22 ($105.58 in chips) 
Seat 3: kars0n ($132.04 in chips) 
Seat 4: Fero128 ($77.33 in chips) 
Seat 5: tintin641 ($105.36 in chips) 
Seat 6: AndreaBsAs ($182.43 in chips) 
tukeiron: posts small blind $0.50
nikalas22: posts big blind $1
*** HOLE CARDS ***
kars0n: folds 
Fero128: calls $1
tintin641: folds 
AndreaBsAs: folds 
tukeiron: raises $4.50 to $5.50
nikalas22: folds 
Fero128: calls $4.50
*** FLOP *** [Kd 2h 5d]
tukeiron: bets $5.70
Fero128: calls $5.70
*** TURN *** [Kd 2h 5d] [6h]
tukeiron: checks 
Fero128: checks 
*** RIVER *** [Kd 2h 5d 6h] [Ks]
tukeiron: bets $16.67
Fero128: calls $16.67
*** SHOW DOWN ***
tukeiron: shows [9c Kh] (three of a kind, Kings)
Fero128: mucks hand 
tukeiron collected $54.24 from pot
*** SUMMARY ***
Total pot $56.74 | Rake $2.50 
Board [Kd 2h 5d 6h Ks]
Seat 1: tukeiron (small blind) showed [9c Kh] and won ($54.24) with three of a kind, Kings
Seat 2: nikalas22 (big blind) folded before Flop
Seat 3: kars0n folded before Flop (didn't bet)
Seat 4: Fero128 mucked
Seat 5: tintin641 folded before Flop (didn't bet)
Seat 6: AndreaBsAs (button) folded before Flop (didn't bet)



PokerStars Hand #254405930748:  Hold'em No Limit ($0.50/$1.00 USD) - 2025/01/16 22:29:20 WET [2025/01/16 17:29:20 ET]
Table 'Cremona IV' 6-max Seat #1 is the button
Seat 1: tukeiron ($134.15 in chips) 
Seat 2: nikalas22 ($104.58 in chips) 
Seat 3: kars0n ($132.04 in chips) 
Seat 4: Fero128 ($49.46 in chips) 
Seat 5: tintin641 ($105.36 in chips) 
Seat 6: AndreaBsAs ($182.43 in chips) 
nikalas22: posts small blind $0.50
kars0n: posts big blind $1
*** HOLE CARDS ***
Fero128: calls $1
tintin641: folds 
AndreaBsAs: folds 
tukeiron: folds 
nikalas22: raises $3 to $4
kars0n: folds 
Fero128: calls $3
*** FLOP *** [Tc 7s 6c]
nikalas22: checks 
Fero128: checks 
*** TURN *** [Tc 7s 6c] [Ad]
nikalas22: checks 
Fero128: bets $4
nikalas22: folds 
Uncalled bet ($4) returned to Fero128
Fero128 collected $8.55 from pot
*** SUMMARY ***
Total pot $9 | Rake $0.45 
Board [Tc 7s 6c Ad]
Seat 1: tukeiron (button) folded before Flop (didn't bet)
Seat 2: nikalas22 (small blind) folded on the Turn
Seat 3: kars0n (big blind) folded before Flop
Seat 4: Fero128 collected ($8.55)
Seat 5: tintin641 folded before Flop (didn't bet)
Seat 6: AndreaBsAs folded before Flop (didn't bet)



PokerStars Hand #254405940557:  Hold'em No Limit ($0.50/$1.00 USD) - 2025/01/16 22:29:54 WET [2025/01/16 17:29:54 ET]
Table 'Cremona IV' 6-max Seat #2 is the button
Seat 1: tukeiron ($134.15 in chips) 
Seat 2: nikalas22 ($100.58 in chips) 
Seat 3: kars0n ($131.04 in chips) 
Seat 4: Fero128 ($54.01 in chips) 
Seat 5: tintin641 ($105.36 in chips) 
Seat 6: AndreaBsAs ($182.43 in chips) 
kars0n: posts small blind $0.50
Fero128: posts big blind $1
*** HOLE CARDS ***
tintin641: raises $1.50 to $2.50
AndreaBsAs: folds 
tukeiron: folds 
nikalas22: folds 
kars0n: folds 
Fero128: calls $1.50
*** FLOP *** [2h 4d 3c]
Fero128: checks 
tintin641: bets $1.72
Fero128: calls $1.72
*** TURN *** [2h 4d 3c] [7s]
Fero128: checks 
tintin641: checks 
*** RIVER *** [2h 4d 3c 7s] [Qd]
Fero128: checks 
tintin641: checks 
*** SHOW DOWN ***
Fero128: shows [8c Ac] (high card Ace)
tintin641: shows [Ad 3d] (a pair of Threes)
tintin641 collected $8.49 from pot
*** SUMMARY ***
Total pot $8.94 | Rake $0.45 
Board [2h 4d 3c 7s Qd]
Seat 1: tukeiron folded before Flop (didn't bet)
Seat 2: nikalas22 (button) folded before Flop (didn't bet)
Seat 3: kars0n (small blind) folded before Flop
Seat 4: Fero128 (big blind) showed [8c Ac] and lost with high card Ace
Seat 5: tintin641 showed [Ad 3d] and won ($8.49) with a pair of Threes
Seat 6: AndreaBsAs folded before Flop (didn't bet)



PokerStars Hand #254405954090:  Hold'em No Limit ($0.50/$1.00 USD) - 2025/01/16 22:30:40 WET [2025/01/16 17:30:40 ET]
Table 'Cremona IV' 6-max Seat #3 is the button
Seat 1: tukeiron ($134.15 in chips) 
Seat 2: nikalas22 ($100.58 in chips) 
Seat 3: kars0n ($130.54 in chips) 
Seat 4: Fero128 ($49.79 in chips) 
Seat 5: tintin641 ($109.63 in chips) 
Seat 6: AndreaBsAs ($182.43 in chips) 
Fero128: posts small blind $0.50
tintin641: posts big blind $1
*** HOLE CARDS ***
AndreaBsAs: raises $1.20 to $2.20
tukeiron: folds 
nikalas22: folds 
kars0n: folds 
Fero128: folds 
tintin641: folds 
Uncalled bet ($1.20) returned to AndreaBsAs
Fero128 leaves the table
AndreaBsAs collected $2.50 from pot
*** SUMMARY ***
Total pot $2.50 | Rake $0 
Seat 1: tukeiron folded before Flop (didn't bet)
Seat 2: nikalas22 folded before Flop (didn't bet)
Seat 3: kars0n (button) folded before Flop (didn't bet)
Seat 4: Fero128 (small blind) folded before Flop
Seat 5: tintin641 (big blind) folded before Flop
Seat 6: AndreaBsAs collected ($2.50)



PokerStars Hand #254405960489:  Hold'em No Limit ($0.50/$1.00 USD) - 2025/01/16 22:31:02 WET [2025/01/16 17:31:02 ET]
Table 'Cremona IV' 6-max Seat #5 is the button
Seat 1: tukeiron ($134.15 in chips) 
Seat 2: nikalas22 ($100.58 in chips) 
Seat 3: kars0n ($130.54 in chips) 
Seat 5: tintin641 ($108.63 in chips) 
Seat 6: AndreaBsAs ($183.93 in chips) 
AndreaBsAs: posts small blind $0.50
tukeiron: posts big blind $1
*** HOLE CARDS ***
nikalas22: folds 
nikalas22 leaves the table
kars0n: raises $1.50 to $2.50
tintin641: raises $5 to $7.50
AndreaBsAs: raises $14.50 to $22
tukeiron: folds 
kars0n: folds 
tintin641: folds 
Uncalled bet ($14.50) returned to AndreaBsAs
AndreaBsAs collected $18.50 from pot
*** SUMMARY ***
Total pot $18.50 | Rake $0 
Seat 1: tukeiron (big blind) folded before Flop
Seat 2: nikalas22 folded before Flop (didn't bet)
Seat 3: kars0n folded before Flop
Seat 5: tintin641 (button) folded before Flop
Seat 6: AndreaBsAs (small blind) collected ($18.50)



PokerStars Hand #254405973244:  Hold'em No Limit ($0.50/$1.00 USD) - 2025/01/16 22:31:45 WET [2025/01/16 17:31:45 ET]
Table 'Cremona IV' 6-max Seat #6 is the button
Seat 1: tukeiron ($133.15 in chips) 
Seat 3: kars0n ($128.04 in chips) 
Seat 5: tintin641 ($101.13 in chips) 
Seat 6: AndreaBsAs ($194.93 in chips) 
tukeiron: posts small blind $0.50
kars0n: posts big blind $1
*** HOLE CARDS ***
tintin641: folds 
AndreaBsAs: folds 
tukeiron: folds 
Uncalled bet ($0.50) returned to kars0n
kars0n collected $1 from pot
kars0n: doesn't show hand 
*** SUMMARY ***
Total pot $1 | Rake $0 
Seat 1: tukeiron (small blind) folded before Flop
Seat 3: kars0n (big blind) collected ($1)
Seat 5: tintin641 folded before Flop (didn't bet)
Seat 6: AndreaBsAs (button) folded before Flop (didn't bet)



PokerStars Hand #254405978356:  Hold'em No Limit ($0.50/$1.00 USD) - 2025/01/16 22:32:03 WET [2025/01/16 17:32:03 ET]
Table 'Cremona IV' 6-max Seat #1 is the button
Seat 5: tintin641 ($101.13 in chips) is sitting out
Seat 1: tukeiron ($132.65 in chips) 
Seat 3: kars0n ($128.54 in chips) 
Seat 6: AndreaBsAs ($194.93 in chips) 
kars0n: posts small blind $0.50
tintin641: is sitting out 
AndreaBsAs: posts big blind $1
*** HOLE CARDS ***
tintin641 leaves the table
tukeiron: folds 
kars0n: raises $2 to $3
AndreaBsAs: folds 
Uncalled bet ($2) returned to kars0n
kars0n collected $2 from pot
kars0n: doesn't show hand 
*** SUMMARY ***
Total pot $2 | Rake $0 
Seat 5: tintin641
Seat 1: tukeiron (button) folded before Flop (didn't bet)
Seat 3: kars0n (small blind) collected ($2)
Seat 6: AndreaBsAs (big blind) folded before Flop



PokerStars Hand #254405984404:  Hold'em No Limit ($0.50/$1.00 USD) - 2025/01/16 22:32:24 WET [2025/01/16 17:32:24 ET]
Table 'Cremona IV' 6-max Seat #3 is the button
Seat 1: tukeiron ($132.65 in chips) 
Seat 3: kars0n ($129.54 in chips) 
Seat 6: AndreaBsAs ($193.93 in chips) 
AndreaBsAs: posts small blind $0.50
tukeiron: posts big blind $1
*** HOLE CARDS ***
kars0n: raises $1.50 to $2.50
AndreaBsAs: raises $8.50 to $11
tukeiron: folds 
kars0n: folds 
Uncalled bet ($8.50) returned to AndreaBsAs
tukeiron leaves the table
AndreaBsAs collected $6 from pot
*** SUMMARY ***
Total pot $6 | Rake $0 
Seat 1: tukeiron (big blind) folded before Flop
Seat 3: kars0n (button) folded before Flop
Seat 6: AndreaBsAs (small blind) collected ($6)



PokerStars Hand #254405992585:  Hold'em No Limit ($0.50/$1.00 USD) - 2025/01/16 22:32:52 WET [2025/01/16 17:32:52 ET]
Table 'Cremona IV' 6-max Seat #6 is the button
Seat 3: kars0n ($127.04 in chips) 
Seat 6: AndreaBsAs ($197.43 in chips) 
AndreaBsAs: posts small blind $0.50
kars0n: posts big blind $1
*** HOLE CARDS ***
AndreaBsAs: raises $2 to $3
kars0n: folds 
Uncalled bet ($2) returned to AndreaBsAs
AndreaBsAs collected $2 from pot
*** SUMMARY ***
Total pot $2 | Rake $0 
Seat 3: kars0n (big blind) folded before Flop
Seat 6: AndreaBsAs (button) (small blind) collected ($2)



PokerStars Hand #254405996782:  Hold'em No Limit ($0.50/$1.00 USD) - 2025/01/16 22:33:06 WET [2025/01/16 17:33:06 ET]
Table 'Cremona IV' 6-max Seat #3 is the button
Seat 3: kars0n ($126.04 in chips) 
Seat 6: AndreaBsAs ($198.43 in chips) 
kars0n: posts small blind $0.50
AndreaBsAs: posts big blind $1
*** HOLE CARDS ***
kars0n: folds 
Uncalled bet ($0.50) returned to AndreaBsAs
AndreaBsAs collected $1 from pot
*** SUMMARY ***
Total pot $1 | Rake $0 
Seat 3: kars0n (button) (small blind) folded before Flop
Seat 6: AndreaBsAs (big blind) collected ($1)



PokerStars Hand #254405999190:  Hold'em No Limit ($0.50/$1.00 USD) - 2025/01/16 22:33:15 WET [2025/01/16 17:33:15 ET]
Table 'Cremona IV' 6-max Seat #6 is the button
Seat 3: kars0n ($125.54 in chips) 
Seat 6: AndreaBsAs ($198.93 in chips) 
AndreaBsAs: posts small blind $0.50
kars0n: posts big blind $1
*** HOLE CARDS ***
AndreaBsAs: raises $1.40 to $2.40
kars0n: calls $1.40
*** FLOP *** [3d 9c 9d]
kars0n: checks 
AndreaBsAs: bets $1.50
kars0n: folds 
Uncalled bet ($1.50) returned to AndreaBsAs
AndreaBsAs collected $4.56 from pot
pr0tecto joins the table at seat #2 
*** SUMMARY ***
Total pot $4.80 | Rake $0.24 
Board [3d 9c 9d]
Seat 3: kars0n (big blind) folded on the Flop
Seat 6: AndreaBsAs (button) (small blind) collected ($4.56)



PokerStars Hand #254406009149:  Hold'em No Limit ($0.50/$1.00 USD) - 2025/01/16 22:33:49 WET [2025/01/16 17:33:49 ET]
Table 'Cremona IV' 6-max Seat #3 is the button
Seat 2: pr0tecto ($100 in chips) 
Seat 3: kars0n ($123.14 in chips) 
Seat 6: AndreaBsAs ($201.09 in chips) 
AndreaBsAs: posts small blind $0.50
pr0tecto: posts big blind $1
*** HOLE CARDS ***
kars0n: folds 
AndreaBsAs: raises $2 to $3
pr0tecto: calls $2
*** FLOP *** [5d 3d 9s]
AndreaBsAs: checks 
pr0tecto: bets $2.91
AndreaBsAs: calls $2.91
*** TURN *** [5d 3d 9s] [6h]
itaba joins the table at seat #5 
AndreaBsAs: checks 
pr0tecto: bets $7.41
AndreaBsAs: calls $7.41
*** RIVER *** [5d 3d 9s 6h] [9d]
AndreaBsAs: checks 
pr0tecto: checks 
*** SHOW DOWN ***
AndreaBsAs: shows [5s 7s] (two pair, Nines and Fives)
pr0tecto: shows [As 5h] (two pair, Nines and Fives - Ace kicker)
pr0tecto collected $25.64 from pot
*** SUMMARY ***
Total pot $26.64 | Rake $1 
Board [5d 3d 9s 6h 9d]
Seat 2: pr0tecto (big blind) showed [As 5h] and won ($25.64) with two pair, Nines and Fives
Seat 3: kars0n (button) folded before Flop (didn't bet)
Seat 6: AndreaBsAs (small blind) showed [5s 7s] and lost with two pair, Nines and Fives



PokerStars Hand #254406028663:  Hold'em No Limit ($0.50/$1.00 USD) - 2025/01/16 22:34:56 WET [2025/01/16 17:34:56 ET]
Table 'Cremona IV' 6-max Seat #6 is the button
Seat 5: itaba ($10 in chips) is sitting out
Seat 2: pr0tecto ($112.32 in chips) 
Seat 3: kars0n ($123.14 in chips) 
Seat 6: AndreaBsAs ($187.77 in chips) 
pr0tecto: posts small blind $0.50
kars0n: posts big blind $1
itaba: sits out 
*** HOLE CARDS ***
AndreaBsAs: raises $1.50 to $2.50
pr0tecto: folds 
kars0n: calls $1.50
*** FLOP *** [Jc 3h 2d]
ReVeu710 joins the table at seat #4 
kars0n: checks 
rizinhooo joins the table at seat #1 
rizinhooo is disconnected 
AndreaBsAs: bets $4.02
kars0n: calls $4.02
*** TURN *** [Jc 3h 2d] [3d]
kars0n: checks 
ReVeu710 leaves the table
AndreaBsAs: bets $9.90
kars0n: folds 
Uncalled bet ($9.90) returned to AndreaBsAs
Manifestorr joins the table at seat #4 
AndreaBsAs collected $12.86 from pot
*** SUMMARY ***
Total pot $13.54 | Rake $0.68 
Board [Jc 3h 2d 3d]
Seat 5: itaba
Seat 2: pr0tecto (small blind) folded before Flop
Seat 3: kars0n (big blind) folded on the Turn
Seat 6: AndreaBsAs (button) collected ($12.86)



PokerStars Hand #254406042461:  Hold'em No Limit ($0.50/$1.00 USD) - 2025/01/16 22:35:43 WET [2025/01/16 17:35:43 ET]
Table 'Cremona IV' 6-max Seat #2 is the button
Seat 5: itaba ($10 in chips) is sitting out
Seat 1: rizinhooo ($25.58 in chips) 
Seat 2: pr0tecto ($111.82 in chips) 
Seat 3: kars0n ($116.62 in chips) 
Seat 4: Manifestorr ($100 in chips) 
Seat 6: AndreaBsAs ($194.11 in chips) 
kars0n: posts small blind $0.50
Manifestorr: posts big blind $1
itaba: sits out 
rizinhooo: posts big blind $1
*** HOLE CARDS ***
AndreaBsAs: folds 
rizinhooo: checks 
pr0tecto: folds 
kars0n: raises $2 to $3
Manifestorr: folds 
rizinhooo: calls $2
*** FLOP *** [4d 7s Th]
kars0n: bets $3.33
rizinhooo: calls $3.33
*** TURN *** [4d 7s Th] [8s]
kars0n: checks 
rizinhooo: bets $19.25 and is all-in
kars0n: calls $19.25
*** RIVER *** [4d 7s Th 8s] [Js]
*** SHOW DOWN ***
kars0n: shows [Tc Qd] (a pair of Tens)
rizinhooo: shows [5h 6c] (a straight, Four to Eight)
rizinhooo collected $49.66 from pot
*** SUMMARY ***
Total pot $52.16 | Rake $2.50 
Board [4d 7s Th 8s Js]
Seat 5: itaba
Seat 1: rizinhooo showed [5h 6c] and won ($49.66) with a straight, Four to Eight
Seat 2: pr0tecto (button) folded before Flop (didn't bet)
Seat 3: kars0n (small blind) showed [Tc Qd] and lost with a pair of Tens
Seat 4: Manifestorr (big blind) folded before Flop
Seat 6: AndreaBsAs folded before Flop (didn't bet)



PokerStars Hand #254406051807:  Hold'em No Limit ($0.50/$1.00 USD) - 2025/01/16 22:36:15 WET [2025/01/16 17:36:15 ET]
Table 'Cremona IV' 6-max Seat #3 is the button
Seat 1: rizinhooo ($49.66 in chips) 
Seat 2: pr0tecto ($111.82 in chips) 
Seat 3: kars0n ($100 in chips) 
Seat 4: Manifestorr ($100 in chips) 
Seat 5: itaba ($10 in chips) 
Seat 6: AndreaBsAs ($194.11 in chips) 
Manifestorr: posts small blind $0.50
itaba: posts big blind $1
*** HOLE CARDS ***
AndreaBsAs: folds 
rizinhooo: calls $1
pr0tecto: raises $3.50 to $4.50
kars0n: folds 
Manifestorr: folds 
itaba: folds 
rizinhooo: calls $3.50
*** FLOP *** [Js 2c 5d]
rizinhooo: checks 
pr0tecto: checks 
*** TURN *** [Js 2c 5d] [6c]
rizinhooo: checks 
pr0tecto: bets $5.09
rizinhooo: folds 
Uncalled bet ($5.09) returned to pr0tecto
pr0tecto collected $9.98 from pot
pr0tecto: doesn't show hand 
*** SUMMARY ***
Total pot $10.50 | Rake $0.52 
Board [Js 2c 5d 6c]
Seat 1: rizinhooo folded on the Turn
Seat 2: pr0tecto collected ($9.98)
Seat 3: kars0n (button) folded before Flop (didn't bet)
Seat 4: Manifestorr (small blind) folded before Flop
Seat 5: itaba (big blind) folded before Flop
Seat 6: AndreaBsAs folded before Flop (didn't bet)



PokerStars Hand #254406066038:  Hold'em No Limit ($0.50/$1.00 USD) - 2025/01/16 22:37:04 WET [2025/01/16 17:37:04 ET]
Table 'Cremona IV' 6-max Seat #4 is the button
Seat 1: rizinhooo ($45.16 in chips) 
Seat 2: pr0tecto ($117.30 in chips) 
Seat 3: kars0n ($100 in chips) 
Seat 4: Manifestorr ($100 in chips) 
Seat 5: itaba ($9 in chips) 
Seat 6: AndreaBsAs ($194.11 in chips) 
itaba: posts small blind $0.50
AndreaBsAs: posts big blind $1
*** HOLE CARDS ***
rizinhooo: folds 
pr0tecto: folds 
kars0n: raises $1.50 to $2.50
rizinhooo leaves the table
Manifestorr: raises $5.50 to $8
itaba: folds 
AndreaBsAs: folds 
kars0n: folds 
Uncalled bet ($5.50) returned to Manifestorr
Manifestorr collected $6.50 from pot
*** SUMMARY ***
Total pot $6.50 | Rake $0 
Seat 1: rizinhooo folded before Flop (didn't bet)
Seat 2: pr0tecto folded before Flop (didn't bet)
Seat 3: kars0n folded before Flop
Seat 4: Manifestorr (button) collected ($6.50)
Seat 5: itaba (small blind) folded before Flop
Seat 6: AndreaBsAs (big blind) folded before Flop



PokerStars Hand #254406073928:  Hold'em No Limit ($0.50/$1.00 USD) - 2025/01/16 22:37:32 WET [2025/01/16 17:37:32 ET]
Table 'Cremona IV' 6-max Seat #5 is the button
Seat 2: pr0tecto ($117.30 in chips) is sitting out
Seat 3: kars0n ($100 in chips) 
Seat 4: Manifestorr ($104 in chips) 
Seat 5: itaba ($8.50 in chips) 
Seat 6: AndreaBsAs ($193.11 in chips) 
AndreaBsAs: posts small blind $0.50
pr0tecto: is sitting out 
kars0n: posts big blind $1
*** HOLE CARDS ***
Manifestorr: raises $1.20 to $2.20
pr0tecto leaves the table
itaba: folds 
AndreaBsAs: folds 
kars0n: folds 
Uncalled bet ($1.20) returned to Manifestorr
Manifestorr collected $2.50 from pot
*** SUMMARY ***
Total pot $2.50 | Rake $0 
Seat 2: pr0tecto
Seat 3: kars0n (big blind) folded before Flop
Seat 4: Manifestorr collected ($2.50)
Seat 5: itaba (button) folded before Flop (didn't bet)
Seat 6: AndreaBsAs (small blind) folded before Flop



PokerStars Hand #254406102256:  Hold'em No Limit ($0.50/$1.00 USD) - 2025/01/16 22:39:10 WET [2025/01/16 17:39:10 ET]
Table 'Cremona IV' 6-max Seat #1 is the button
Seat 1: acornram ($100 in chips) 
Seat 2: z00mba ($100 in chips) 
Seat 3: kars0n ($100 in chips) 
Seat 4: EvilReality ($100 in chips) 
Seat 5: XneferX ($100 in chips) 
z00mba: posts small blind $0.50
kars0n: posts big blind $1
*** HOLE CARDS ***
EvilReality: folds 
XneferX: raises $1.30 to $2.30
acornram: folds 
z00mba: folds 
kars0n: folds 
Uncalled bet ($1.30) returned to XneferX
XneferX collected $2.50 from pot
XneferX: doesn't show hand 
*** SUMMARY ***
Total pot $2.50 | Rake $0 
Seat 1: acornram (button) folded before Flop (didn't bet)
Seat 2: z00mba (small blind) folded before Flop
Seat 3: kars0n (big blind) folded before Flop
Seat 4: EvilReality folded before Flop (didn't bet)
Seat 5: XneferX collected ($2.50)



PokerStars Hand #254406107400:  Hold'em No Limit ($0.50/$1.00 USD) - 2025/01/16 22:39:28 WET [2025/01/16 17:39:28 ET]
Table 'Cremona IV' 6-max Seat #2 is the button
Seat 1: acornram ($100 in chips) 
Seat 2: z00mba ($100 in chips) 
Seat 3: kars0n ($100 in chips) 
Seat 4: EvilReality ($100 in chips) 
Seat 5: XneferX ($101.50 in chips) 
kars0n: posts small blind $0.50
EvilReality: posts big blind $1
*** HOLE CARDS ***
XneferX: folds 
acornram: folds 
z00mba: folds 
levy262626 joins the table at seat #6 
levy262626 is disconnected 
kars0n: raises $2 to $3
EvilReality: raises $6 to $9
kars0n: folds 
Uncalled bet ($6) returned to EvilReality
EvilReality collected $6 from pot
EvilReality: doesn't show hand 
*** SUMMARY ***
Total pot $6 | Rake $0 
Seat 1: acornram folded before Flop (didn't bet)
Seat 2: z00mba (button) folded before Flop (didn't bet)
Seat 3: kars0n (small blind) folded before Flop
Seat 4: EvilReality (big blind) collected ($6)
Seat 5: XneferX folded before Flop (didn't bet)



PokerStars Hand #254406114889:  Hold'em No Limit ($0.50/$1.00 USD) - 2025/01/16 22:39:54 WET [2025/01/16 17:39:54 ET]
Table 'Cremona IV' 6-max Seat #3 is the button
Seat 1: acornram ($100 in chips) 
Seat 2: z00mba ($100 in chips) 
Seat 3: kars0n ($100 in chips) 
Seat 4: EvilReality ($103 in chips) 
Seat 5: XneferX ($101.50 in chips) 
Seat 6: levy262626 ($10.02 in chips) 
EvilReality: posts small blind $0.50
XneferX: posts big blind $1
levy262626: posts big blind $1
*** HOLE CARDS ***
levy262626: checks 
acornram: raises $2 to $3
z00mba: folds 
kars0n: folds 
EvilReality: raises $10 to $13
XneferX: folds 
levy262626: folds 
acornram: calls $10
*** FLOP *** [As Ks 7c]
EvilReality: bets $7
acornram: raises $20.30 to $27.30
EvilReality: folds 
Uncalled bet ($20.30) returned to acornram
acornram collected $39.90 from pot
*** SUMMARY ***
Total pot $42 | Rake $2.10 
Board [As Ks 7c]
Seat 1: acornram collected ($39.90)
Seat 2: z00mba folded before Flop (didn't bet)
Seat 3: kars0n (button) folded before Flop (didn't bet)
Seat 4: EvilReality (small blind) folded on the Flop
Seat 5: XneferX (big blind) folded before Flop
Seat 6: levy262626 folded before Flop (didn't bet)



PokerStars Hand #254406132079:  Hold'em No Limit ($0.50/$1.00 USD) - 2025/01/16 22:40:54 WET [2025/01/16 17:40:54 ET]
Table 'Cremona IV' 6-max Seat #4 is the button
Seat 1: acornram ($119.90 in chips) 
Seat 2: z00mba ($100 in chips) 
Seat 3: kars0n ($100 in chips) 
Seat 4: EvilReality ($100 in chips) 
Seat 5: XneferX ($100.50 in chips) 
Seat 6: levy262626 ($9.02 in chips) 
XneferX: posts small blind $0.50
levy262626: posts big blind $1
*** HOLE CARDS ***
acornram: folds 
z00mba: folds 
kars0n: raises $1.50 to $2.50
EvilReality: folds 
XneferX: folds 
levy262626: calls $1.50
*** FLOP *** [8s 2d 6c]
levy262626: checks 
kars0n: checks 
*** TURN *** [8s 2d 6c] [Kd]
levy262626: bets $2.61
kars0n: calls $2.61
*** RIVER *** [8s 2d 6c Kd] [9s]
levy262626: bets $3.91 and is all-in
kars0n: calls $3.91
*** SHOW DOWN ***
levy262626: shows [3d Ks] (a pair of Kings)
kars0n: shows [9c Kc] (two pair, Kings and Nines)
kars0n collected $17.61 from pot
*** SUMMARY ***
Total pot $18.54 | Rake $0.93 
Board [8s 2d 6c Kd 9s]
Seat 1: acornram folded before Flop (didn't bet)
Seat 2: z00mba folded before Flop (didn't bet)
Seat 3: kars0n showed [9c Kc] and won ($17.61) with two pair, Kings and Nines
Seat 4: EvilReality (button) folded before Flop (didn't bet)
Seat 5: XneferX (small blind) folded before Flop
Seat 6: levy262626 (big blind) showed [3d Ks] and lost with a pair of Kings



PokerStars Hand #254406144935:  Hold'em No Limit ($0.50/$1.00 USD) - 2025/01/16 22:41:39 WET [2025/01/16 17:41:39 ET]
Table 'Cremona IV' 6-max Seat #5 is the button
Seat 6: levy262626 ($0 in chips) is sitting out
Seat 1: acornram ($119.90 in chips) 
Seat 2: z00mba ($100 in chips) 
Seat 3: kars0n ($108.59 in chips) 
Seat 4: EvilReality ($100 in chips) 
Seat 5: XneferX ($100 in chips) 
acornram: posts small blind $0.50
z00mba: posts big blind $1
*** HOLE CARDS ***
levy262626 is disconnected 
kars0n: folds 
EvilReality: folds 
XneferX: raises $1.77 to $2.77
acornram: folds 
z00mba: folds 
Uncalled bet ($1.77) returned to XneferX
XneferX collected $2.50 from pot
XneferX: doesn't show hand 
*** SUMMARY ***
Total pot $2.50 | Rake $0 
Seat 6: levy262626
Seat 1: acornram (small blind) folded before Flop
Seat 2: z00mba (big blind) folded before Flop
Seat 3: kars0n folded before Flop (didn't bet)
Seat 4: EvilReality folded before Flop (didn't bet)
Seat 5: XneferX (button) collected ($2.50)



PokerStars Hand #254406148588:  Hold'em No Limit ($0.50/$1.00 USD) - 2025/01/16 22:41:51 WET [2025/01/16 17:41:51 ET]
Table 'Cremona IV' 6-max Seat #1 is the button
Seat 6: levy262626 ($0 in chips) is sitting out
Seat 1: acornram ($119.40 in chips) 
Seat 2: z00mba ($100 in chips) 
Seat 3: kars0n ($108.59 in chips) 
Seat 4: EvilReality ($100 in chips) 
Seat 5: XneferX ($101.50 in chips) 
z00mba: posts small blind $0.50
kars0n: posts big blind $1
*** HOLE CARDS ***
EvilReality: folds 
XneferX: folds 
acornram: folds 
z00mba: raises $2 to $3
kars0n: folds 
Uncalled bet ($2) returned to z00mba
z00mba collected $2 from pot
z00mba: doesn't show hand 
*** SUMMARY ***
Total pot $2 | Rake $0 
Seat 6: levy262626
Seat 1: acornram (button) folded before Flop (didn't bet)
Seat 2: z00mba (small blind) collected ($2)
Seat 3: kars0n (big blind) folded before Flop
Seat 4: EvilReality folded before Flop (didn't bet)
Seat 5: XneferX folded before Flop (didn't bet)



PokerStars Hand #254406156516:  Hold'em No Limit ($0.50/$1.00 USD) - 2025/01/16 22:42:19 WET [2025/01/16 17:42:19 ET]
Table 'Cremona IV' 6-max Seat #2 is the button
Seat 6: levy262626 ($0 in chips) is sitting out
Seat 1: acornram ($119.40 in chips) 
Seat 2: z00mba ($101 in chips) 
Seat 3: kars0n ($107.59 in chips) 
Seat 4: EvilReality ($100 in chips) 
Seat 5: XneferX ($101.50 in chips) 
kars0n: posts small blind $0.50
EvilReality: posts big blind $1
*** HOLE CARDS ***
XneferX: folds 
acornram: calls $1
z00mba: calls $1
kars0n: calls $0.50
EvilReality: checks 
*** FLOP *** [9d Ts Kc]
kars0n: checks 
EvilReality: bets $2
acornram: folds 
z00mba: folds 
kars0n: folds 
Uncalled bet ($2) returned to EvilReality
EvilReality collected $3.80 from pot
EvilReality: doesn't show hand 
*** SUMMARY ***
Total pot $4 | Rake $0.20 
Board [9d Ts Kc]
Seat 6: levy262626
Seat 1: acornram folded on the Flop
Seat 2: z00mba (button) folded on the Flop
Seat 3: kars0n (small blind) folded on the Flop
Seat 4: EvilReality (big blind) collected ($3.80)
Seat 5: XneferX folded before Flop (didn't bet)



PokerStars Hand #254406165111:  Hold'em No Limit ($0.50/$1.00 USD) - 2025/01/16 22:42:49 WET [2025/01/16 17:42:49 ET]
Table 'Cremona IV' 6-max Seat #3 is the button
Seat 6: levy262626 ($0 in chips) is sitting out
Seat 1: acornram ($118.40 in chips) 
Seat 2: z00mba ($100 in chips) 
Seat 3: kars0n ($106.59 in chips) 
Seat 4: EvilReality ($102.80 in chips) 
Seat 5: XneferX ($101.50 in chips) 
EvilReality: posts small blind $0.50
XneferX: posts big blind $1
*** HOLE CARDS ***
acornram: folds 
z00mba: folds 
kars0n: raises $1.50 to $2.50
EvilReality: folds 
XneferX: calls $1.50
*** FLOP *** [6d 2s 5s]
XneferX: checks 
kars0n: checks 
*** TURN *** [6d 2s 5s] [Qh]
XneferX: checks 
kars0n: bets $7.83
XneferX: folds 
Uncalled bet ($7.83) returned to kars0n
kars0n collected $5.22 from pot
kars0n: doesn't show hand 
*** SUMMARY ***
Total pot $5.50 | Rake $0.28 
Board [6d 2s 5s Qh]
Seat 6: levy262626
Seat 1: acornram folded before Flop (didn't bet)
Seat 2: z00mba folded before Flop (didn't bet)
Seat 3: kars0n (button) collected ($5.22)
Seat 4: EvilReality (small blind) folded before Flop
Seat 5: XneferX (big blind) folded on the Turn



PokerStars Hand #254406182222:  Hold'em No Limit ($0.50/$1.00 USD) - 2025/01/16 22:43:50 WET [2025/01/16 17:43:50 ET]
Table 'Cremona IV' 6-max Seat #4 is the button
Seat 6: levy262626 ($0 in chips) is sitting out
Seat 1: acornram ($118.40 in chips) 
Seat 2: z00mba ($100 in chips) 
Seat 3: kars0n ($109.31 in chips) 
Seat 4: EvilReality ($102.30 in chips) 
Seat 5: XneferX ($100 in chips) 
XneferX: posts small blind $0.50
acornram: posts big blind $1
*** HOLE CARDS ***
z00mba: folds 
kars0n: folds 
EvilReality: folds 
XneferX: folds 
Uncalled bet ($0.50) returned to acornram
acornram collected $1 from pot
*** SUMMARY ***
Total pot $1 | Rake $0 
Seat 6: levy262626
Seat 1: acornram (big blind) collected ($1)
Seat 2: z00mba folded before Flop (didn't bet)
Seat 3: kars0n folded before Flop (didn't bet)
Seat 4: EvilReality (button) folded before Flop (didn't bet)
Seat 5: XneferX (small blind) folded before Flop



PokerStars Hand #254406189183:  Hold'em No Limit ($0.50/$1.00 USD) - 2025/01/16 22:44:14 WET [2025/01/16 17:44:14 ET]
Table 'Cremona IV' 6-max Seat #5 is the button
Seat 2: z00mba ($100 in chips) is sitting out
Seat 6: levy262626 ($0 in chips) is sitting out
Seat 1: acornram ($118.90 in chips) 
Seat 3: kars0n ($109.31 in chips) 
Seat 4: EvilReality ($102.30 in chips) 
Seat 5: XneferX ($100 in chips) 
acornram: posts small blind $0.50
z00mba: is sitting out 
kars0n: posts big blind $1
*** HOLE CARDS ***
EvilReality: folds 
XneferX: folds 
acornram: calls $0.50
kars0n: checks 
*** FLOP *** [Js 9s 7h]
acornram: bets $1.90
kars0n: calls $1.90
*** TURN *** [Js 9s 7h] [6d]
acornram: bets $5.51
kars0n: folds 
Uncalled bet ($5.51) returned to acornram
acornram collected $5.51 from pot
*** SUMMARY ***
Total pot $5.80 | Rake $0.29 
Board [Js 9s 7h 6d]
Seat 2: z00mba
Seat 6: levy262626
Seat 1: acornram (small blind) collected ($5.51)
Seat 3: kars0n (big blind) folded on the Turn
Seat 4: EvilReality folded before Flop (didn't bet)
Seat 5: XneferX (button) folded before Flop (didn't bet)



PokerStars Hand #254406197038:  Hold'em No Limit ($0.50/$1.00 USD) - 2025/01/16 22:44:43 WET [2025/01/16 17:44:43 ET]
Table 'Cremona IV' 6-max Seat #3 is the button
Seat 2: z00mba ($100 in chips) is sitting out
Seat 4: EvilReality ($102.30 in chips) is sitting out
Seat 5: XneferX ($100 in chips) is sitting out
Seat 6: levy262626 ($0 in chips) is sitting out
Seat 1: acornram ($121.51 in chips) 
Seat 3: kars0n ($106.41 in chips) 
kars0n: posts small blind $0.50
EvilReality: is sitting out 
XneferX: is sitting out 
acornram: posts big blind $1
*** HOLE CARDS ***
kars0n: raises $1.50 to $2.50
EvilReality leaves the table
acornram: calls $1.50
*** FLOP *** [9h Jc Kc]
acornram: checks 
XneferX leaves the table
kars0n: checks 
*** TURN *** [9h Jc Kc] [Tc]
acornram: bets $4.75
kars0n: folds 
Uncalled bet ($4.75) returned to acornram
acornram collected $4.75 from pot
*** SUMMARY ***
Total pot $5 | Rake $0.25 
Board [9h Jc Kc Tc]
Seat 2: z00mba
Seat 4: EvilReality
Seat 5: XneferX
Seat 6: levy262626
Seat 1: acornram (big blind) collected ($4.75)
Seat 3: kars0n (button) (small blind) folded on the Turn



PokerStars Hand #254406204714:  Hold'em No Limit ($0.50/$1.00 USD) - 2025/01/16 22:45:10 WET [2025/01/16 17:45:10 ET]
Table 'Cremona IV' 6-max Seat #3 is the button
Seat 6: levy262626 ($0 in chips) is sitting out
Seat 1: acornram ($123.76 in chips) 
Seat 2: z00mba ($100 in chips) 
Seat 3: kars0n ($103.91 in chips) 
acornram: posts small blind $0.50
z00mba: posts big blind $1
*** HOLE CARDS ***
kars0n: folds 
acornram: raises $1 to $2
z00mba: calls $1
*** FLOP *** [9d 7d 2d]
acornram: bets $1.90
z00mba: calls $1.90
*** TURN *** [9d 7d 2d] [5s]
acornram: checks 
z00mba: bets $5
acornram: folds 
Uncalled bet ($5) returned to z00mba
z00mba collected $7.41 from pot
z00mba: doesn't show hand 
*** SUMMARY ***
Total pot $7.80 | Rake $0.39 
Board [9d 7d 2d 5s]
Seat 6: levy262626
Seat 1: acornram (small blind) folded on the Turn
Seat 2: z00mba (big blind) collected ($7.41)
Seat 3: kars0n (button) folded before Flop (didn't bet)



PokerStars Hand #254406213251:  Hold'em No Limit ($0.50/$1.00 USD) - 2025/01/16 22:45:40 WET [2025/01/16 17:45:40 ET]
Table 'Cremona IV' 6-max Seat #1 is the button
Seat 6: levy262626 ($0 in chips) is sitting out
Seat 1: acornram ($119.86 in chips) 
Seat 2: z00mba ($103.51 in chips) 
Seat 3: kars0n ($103.91 in chips) 
z00mba: posts small blind $0.50
kars0n: posts big blind $1
*** HOLE CARDS ***
acornram: folds 
z00mba: raises $2 to $3
kars0n: folds 
Uncalled bet ($2) returned to z00mba
z00mba collected $2 from pot
z00mba: doesn't show hand 
*** SUMMARY ***
Total pot $2 | Rake $0 
Seat 6: levy262626
Seat 1: acornram (button) folded before Flop (didn't bet)
Seat 2: z00mba (small blind) collected ($2)
Seat 3: kars0n (big blind) folded before Flop



PokerStars Hand #254406218456:  Hold'em No Limit ($0.50/$1.00 USD) - 2025/01/16 22:45:58 WET [2025/01/16 17:45:58 ET]
Table 'Cremona IV' 6-max Seat #2 is the button
Seat 6: levy262626 ($0 in chips) is sitting out
Seat 1: acornram ($119.86 in chips) 
Seat 2: z00mba ($104.51 in chips) 
Seat 3: kars0n ($102.91 in chips) 
kars0n: posts small blind $0.50
acornram: posts big blind $1
*** HOLE CARDS ***
z00mba: raises $1.50 to $2.50
kars0n: folds 
acornram: folds 
Uncalled bet ($1.50) returned to z00mba
z00mba collected $2.50 from pot
levy262626 leaves the table
z00mba: doesn't show hand 
*** SUMMARY ***
Total pot $2.50 | Rake $0 
Seat 6: levy262626
Seat 1: acornram (big blind) folded before Flop
Seat 2: z00mba (button) collected ($2.50)
Seat 3: kars0n (small blind) folded before Flop



PokerStars Hand #254406221177:  Hold'em No Limit ($0.50/$1.00 USD) - 2025/01/16 22:46:08 WET [2025/01/16 17:46:08 ET]
Table 'Cremona IV' 6-max Seat #3 is the button
Seat 1: acornram ($118.86 in chips) 
Seat 2: z00mba ($106.01 in chips) 
Seat 3: kars0n ($102.41 in chips) 
acornram: posts small blind $0.50
z00mba: posts big blind $1
*** HOLE CARDS ***
kars0n: folds 
acornram: raises $1 to $2
z00mba: calls $1
*** FLOP *** [5h Ah Tc]
acornram: bets $1.90
kars0n leaves the table
z00mba: calls $1.90
*** TURN *** [5h Ah Tc] [Qs]
acornram: bets $2
z00mba: calls $2
*** RIVER *** [5h Ah Tc Qs] [Ac]
acornram: bets $11.21
z00mba: folds 
Uncalled bet ($11.21) returned to acornram
acornram collected $11.21 from pot
*** SUMMARY ***
Total pot $11.80 | Rake $0.59 
Board [5h Ah Tc Qs Ac]
Seat 1: acornram (small blind) collected ($11.21)
Seat 2: z00mba (big blind) folded on the River
Seat 3: kars0n (button) folded before Flop (didn't bet)



PokerStars Hand #254406233640:  Hold'em No Limit ($0.50/$1.00 USD) - 2025/01/16 22:46:52 WET [2025/01/16 17:46:52 ET]
Table 'Cremona IV' 6-max Seat #2 is the button
Seat 1: acornram ($124.17 in chips) 
Seat 2: z00mba ($100.11 in chips) 
z00mba: posts small blind $0.50
acornram: posts big blind $1
*** HOLE CARDS ***
z00mba: raises $2 to $3
acornram: raises $2 to $5
z00mba: calls $2
*** FLOP *** [8c 4h Qc]
acornram: bets $4.75
z00mba: folds 
Uncalled bet ($4.75) returned to acornram
acornram collected $9.50 from pot
*** SUMMARY ***
Total pot $10 | Rake $0.50 
Board [8c 4h Qc]
Seat 1: acornram (big blind) collected ($9.50)
Seat 2: z00mba (button) (small blind) folded on the Flop



PokerStars Hand #254406238185:  Hold'em No Limit ($0.50/$1.00 USD) - 2025/01/16 22:47:08 WET [2025/01/16 17:47:08 ET]
Table 'Cremona IV' 6-max Seat #1 is the button
Seat 1: acornram ($128.67 in chips) 
Seat 2: z00mba ($100 in chips) 
acornram: posts small blind $0.50
z00mba: posts big blind $1
*** HOLE CARDS ***
acornram: calls $0.50
z00mba: checks 
*** FLOP *** [8d 5c 4d]
z00mba: checks 
acornram: checks 
*** TURN *** [8d 5c 4d] [7s]
z00mba: checks 
acornram: checks 
*** RIVER *** [8d 5c 4d 7s] [9d]
z00mba: checks 
acornram: checks 
*** SHOW DOWN ***
z00mba: shows [8h Qc] (a pair of Eights)
acornram: mucks hand 
z00mba collected $1.90 from pot
*** SUMMARY ***
Total pot $2 | Rake $0.10 
Board [8d 5c 4d 7s 9d]
Seat 1: acornram (button) (small blind) mucked
Seat 2: z00mba (big blind) showed [8h Qc] and won ($1.90) with a pair of Eights



PokerStars Hand #254406244998:  Hold'em No Limit ($0.50/$1.00 USD) - 2025/01/16 22:47:33 WET [2025/01/16 17:47:33 ET]
Table 'Cremona IV' 6-max Seat #2 is the button
Seat 1: acornram ($127.67 in chips) 
Seat 2: z00mba ($100.90 in chips) 
z00mba: posts small blind $0.50
acornram: posts big blind $1
*** HOLE CARDS ***
z00mba: raises $2 to $3
acornram: folds 
Uncalled bet ($2) returned to z00mba
acornram leaves the table
z00mba collected $2 from pot
z00mba: doesn't show hand 
*** SUMMARY ***
Total pot $2 | Rake $0 
Seat 1: acornram (big blind) folded before Flop
Seat 2: z00mba (button) (small blind) collected ($2)



