PokerStars Hand #254394558000:  Hold'em No Limit ($0.50/$1.00 USD) - 2025/01/16 5:36:56 WET [2025/01/16 0:36:56 ET]
Table 'Walpurga III' 6-max Seat #3 is the button
Seat 2: uuzka ($100 in chips) 
Seat 3: m1lkdud ($65.12 in chips) 
Seat 4: vikonda85 ($100 in chips) 
vikonda85: posts small blind $0.50
uuzka: posts big blind $1
*** HOLE CARDS ***
m1lkdud: raises $2.50 to $3.50
vikonda85: calls $3
uuzka: folds 
*** FLOP *** [Kd 6d 3h]
vikonda85: checks 
m1lkdud: bets $3.80
vikonda85: calls $3.80
*** TURN *** [Kd 6d 3h] [Ad]
vikonda85: checks 
m1lkdud: bets $7.41
vikonda85: calls $7.41
*** RIVER *** [Kd 6d 3h Ad] [Qh]
vikonda85: checks 
m1lkdud: bets $50.41 and is all-in
vikonda85: folds 
Uncalled bet ($50.41) returned to m1lkdud
m1lkdud collected $29.42 from pot
*** SUMMARY ***
Total pot $30.42 | Rake $1 
Board [Kd 6d 3h Ad Qh]
Seat 2: uuzka (big blind) folded before Flop
Seat 3: m1lkdud (button) collected ($29.42)
Seat 4: vikonda85 (small blind) folded on the River



PokerStars Hand #254394562014:  Hold'em No Limit ($0.50/$1.00 USD) - 2025/01/16 5:37:45 WET [2025/01/16 0:37:45 ET]
Table 'Walpurga III' 6-max Seat #4 is the button
Seat 2: uuzka ($100 in chips) 
Seat 3: m1lkdud ($79.83 in chips) 
Seat 4: vikonda85 ($100 in chips) 
uuzka: posts small blind $0.50
m1lkdud: posts big blind $1
*** HOLE CARDS ***
vikonda85: raises $1.50 to $2.50
uuzka: folds 
m1lkdud: folds 
Uncalled bet ($1.50) returned to vikonda85
vikonda85 collected $2.50 from pot
vikonda85: doesn't show hand 
ponchua joins the table at seat #5 
*** SUMMARY ***
Total pot $2.50 | Rake $0 
Seat 2: uuzka (small blind) folded before Flop
Seat 3: m1lkdud (big blind) folded before Flop
Seat 4: vikonda85 (button) collected ($2.50)



PokerStars Hand #254394562937:  Hold'em No Limit ($0.50/$1.00 USD) - 2025/01/16 5:37:56 WET [2025/01/16 0:37:56 ET]
Table 'Walpurga III' 6-max Seat #2 is the button
Seat 5: ponchua ($100 in chips) is sitting out
Seat 2: uuzka ($100 in chips) 
Seat 3: m1lkdud ($78.83 in chips) 
Seat 4: vikonda85 ($101.50 in chips) 
m1lkdud: posts small blind $0.50
vikonda85: posts big blind $1
ponchua: sits out 
*** HOLE CARDS ***
uuzka: folds 
m1lkdud: raises $2 to $3
vikonda85: calls $2
*** FLOP *** [Th Tc 6h]
m1lkdud: bets $5.70
vikonda85: folds 
Uncalled bet ($5.70) returned to m1lkdud
m1lkdud collected $5.70 from pot
*** SUMMARY ***
Total pot $6 | Rake $0.30 
Board [Th Tc 6h]
Seat 5: ponchua
Seat 2: uuzka (button) folded before Flop (didn't bet)
Seat 3: m1lkdud (small blind) collected ($5.70)
Seat 4: vikonda85 (big blind) folded on the Flop



PokerStars Hand #254394564525:  Hold'em No Limit ($0.50/$1.00 USD) - 2025/01/16 5:38:15 WET [2025/01/16 0:38:15 ET]
Table 'Walpurga III' 6-max Seat #3 is the button
Seat 2: uuzka ($100 in chips) 
Seat 3: m1lkdud ($81.53 in chips) 
Seat 4: vikonda85 ($100 in chips) 
Seat 5: ponchua ($100 in chips) 
vikonda85: posts small blind $0.50
ponchua: posts big blind $1
*** HOLE CARDS ***
uuzka: folds 
m1lkdud: raises $2.50 to $3.50
vikonda85: calls $3
ponchua: calls $2.50
*** FLOP *** [2c 7c Kh]
vikonda85: checks 
ponchua: checks 
m1lkdud: bets $4.99
vikonda85: folds 
ponchua: calls $4.99
*** TURN *** [2c 7c Kh] [5c]
ponchua: bets $14.22
m1lkdud: raises $58.82 to $73.04 and is all-in
ponchua: calls $58.82
*** RIVER *** [2c 7c Kh 5c] [Tc]
*** SHOW DOWN ***
ponchua: shows [Ac 4c] (a flush, Ace high)
m1lkdud: shows [7s 7h] (three of a kind, Sevens)
ponchua collected $165.56 from pot
*** SUMMARY ***
Total pot $166.56 | Rake $1 
Board [2c 7c Kh 5c Tc]
Seat 2: uuzka folded before Flop (didn't bet)
Seat 3: m1lkdud (button) showed [7s 7h] and lost with three of a kind, Sevens
Seat 4: vikonda85 (small blind) folded on the Flop
Seat 5: ponchua (big blind) showed [Ac 4c] and won ($165.56) with a flush, Ace high



PokerStars Hand #254394572091:  Hold'em No Limit ($0.50/$1.00 USD) - 2025/01/16 5:39:44 WET [2025/01/16 0:39:44 ET]
Table 'Walpurga III' 6-max Seat #4 is the button
Seat 3: m1lkdud ($0 in chips) is sitting out
Seat 2: uuzka ($100 in chips) 
Seat 4: vikonda85 ($100 in chips) 
Seat 5: ponchua ($184.03 in chips) 
ponchua: posts small blind $0.50
uuzka: posts big blind $1
*** HOLE CARDS ***
m1lkdud leaves the table
vikonda85: folds 
ponchua: raises $2 to $3
uuzka: folds 
Uncalled bet ($2) returned to ponchua
ponchua collected $2 from pot
ponchua: doesn't show hand 
*** SUMMARY ***
Total pot $2 | Rake $0 
Seat 3: m1lkdud
Seat 2: uuzka (big blind) folded before Flop
Seat 4: vikonda85 (button) folded before Flop (didn't bet)
Seat 5: ponchua (small blind) collected ($2)



PokerStars Hand #254394573405:  Hold'em No Limit ($0.50/$1.00 USD) - 2025/01/16 5:40:00 WET [2025/01/16 0:40:00 ET]
Table 'Walpurga III' 6-max Seat #5 is the button
Seat 2: uuzka ($100 in chips) 
Seat 4: vikonda85 ($100 in chips) 
Seat 5: ponchua ($185.03 in chips) 
uuzka: posts small blind $0.50
vikonda85: posts big blind $1
*** HOLE CARDS ***
ponchua: folds 
uuzka: folds 
Uncalled bet ($0.50) returned to vikonda85
vikonda85 collected $1 from pot
vikonda85: doesn't show hand 
*** SUMMARY ***
Total pot $1 | Rake $0 
Seat 2: uuzka (small blind) folded before Flop
Seat 4: vikonda85 (big blind) collected ($1)
Seat 5: ponchua (button) folded before Flop (didn't bet)



PokerStars Hand #254394574266:  Hold'em No Limit ($0.50/$1.00 USD) - 2025/01/16 5:40:11 WET [2025/01/16 0:40:11 ET]
Table 'Walpurga III' 6-max Seat #2 is the button
Seat 2: uuzka ($100 in chips) 
Seat 4: vikonda85 ($100.50 in chips) 
Seat 5: ponchua ($185.03 in chips) 
vikonda85: posts small blind $0.50
ponchua: posts big blind $1
*** HOLE CARDS ***
uuzka: folds 
vikonda85: raises $1.50 to $2.50
ponchua: folds 
Uncalled bet ($1.50) returned to vikonda85
vikonda85 collected $2 from pot
vikonda85: doesn't show hand 
*** SUMMARY ***
Total pot $2 | Rake $0 
Seat 2: uuzka (button) folded before Flop (didn't bet)
Seat 4: vikonda85 (small blind) collected ($2)
Seat 5: ponchua (big blind) folded before Flop



PokerStars Hand #254394580491:  Hold'em No Limit ($0.50/$1.00 USD) - 2025/01/16 5:41:26 WET [2025/01/16 0:41:26 ET]
Table 'Walpurga III' 6-max Seat #3 is the button
Seat 2: lukazs2 ($51.50 in chips) 
Seat 3: steepfell ($100 in chips) 
Seat 4: vikonda85 ($101.50 in chips) 
vikonda85: posts small blind $0.50
lukazs2: posts big blind $1
*** HOLE CARDS ***
steepfell: folds 
steelNike joins the table at seat #5 
rostickkin joins the table at seat #6 
ponchua joins the table at seat #1 
vikonda85: raises $1.50 to $2.50
lukazs2: calls $1.50
*** FLOP *** [6d 9s 5h]
vikonda85: bets $2.38
lukazs2: folds 
Uncalled bet ($2.38) returned to vikonda85
vikonda85 collected $4.75 from pot
vikonda85: doesn't show hand 
*** SUMMARY ***
Total pot $5 | Rake $0.25 
Board [6d 9s 5h]
Seat 2: lukazs2 (big blind) folded on the Flop
Seat 3: steepfell (button) folded before Flop (didn't bet)
Seat 4: vikonda85 (small blind) collected ($4.75)



PokerStars Hand #254394583681:  Hold'em No Limit ($0.50/$1.00 USD) - 2025/01/16 5:42:05 WET [2025/01/16 0:42:05 ET]
Table 'Walpurga III' 6-max Seat #4 is the button
Seat 1: ponchua ($184.03 in chips) is sitting out
Seat 5: steelNike ($40 in chips) is sitting out
Seat 6: rostickkin ($100 in chips) is sitting out
Seat 2: lukazs2 ($49 in chips) 
Seat 3: steepfell ($100 in chips) 
Seat 4: vikonda85 ($103.75 in chips) 
lukazs2: posts small blind $0.50
steepfell: posts big blind $1
*** HOLE CARDS ***
vikonda85: folds 
lukazs2: raises $3 to $4
steepfell: folds 
Uncalled bet ($3) returned to lukazs2
lukazs2 collected $2 from pot
*** SUMMARY ***
Total pot $2 | Rake $0 
Seat 1: ponchua
Seat 5: steelNike
Seat 6: rostickkin
Seat 2: lukazs2 (small blind) collected ($2)
Seat 3: steepfell (big blind) folded before Flop
Seat 4: vikonda85 (button) folded before Flop (didn't bet)



PokerStars Hand #254394585326:  Hold'em No Limit ($0.50/$1.00 USD) - 2025/01/16 5:42:24 WET [2025/01/16 0:42:24 ET]
Table 'Walpurga III' 6-max Seat #2 is the button
Seat 1: ponchua ($184.03 in chips) is sitting out
Seat 5: steelNike ($40 in chips) is sitting out
Seat 6: rostickkin ($100 in chips) is sitting out
Seat 2: lukazs2 ($50 in chips) 
Seat 3: steepfell ($100 in chips) 
Seat 4: vikonda85 ($103.75 in chips) 
steepfell: posts small blind $0.50
vikonda85: posts big blind $1
steelNike: sits out 
rostickkin: sits out 
ponchua: sits out 
*** HOLE CARDS ***
lukazs2: calls $1
steepfell: folds 
vikonda85: checks 
*** FLOP *** [8d Ah Kh]
vikonda85: checks 
lukazs2: checks 
*** TURN *** [8d Ah Kh] [5c]
vikonda85: checks 
lukazs2: checks 
*** RIVER *** [8d Ah Kh 5c] [4d]
vikonda85: checks 
lukazs2: checks 
*** SHOW DOWN ***
vikonda85: shows [Jc 8h] (a pair of Eights)
lukazs2: mucks hand 
vikonda85 collected $2.38 from pot
*** SUMMARY ***
Total pot $2.50 | Rake $0.12 
Board [8d Ah Kh 5c 4d]
Seat 1: ponchua
Seat 5: steelNike
Seat 6: rostickkin
Seat 2: lukazs2 (button) mucked
Seat 3: steepfell (small blind) folded before Flop
Seat 4: vikonda85 (big blind) showed [Jc 8h] and won ($2.38) with a pair of Eights



PokerStars Hand #254394588341:  Hold'em No Limit ($0.50/$1.00 USD) - 2025/01/16 5:43:02 WET [2025/01/16 0:43:02 ET]
Table 'Walpurga III' 6-max Seat #3 is the button
Seat 1: ponchua ($184.03 in chips) is sitting out
Seat 6: rostickkin ($100 in chips) is sitting out
Seat 2: lukazs2 ($49 in chips) 
Seat 3: steepfell ($100 in chips) 
Seat 4: vikonda85 ($105.13 in chips) 
Seat 5: steelNike ($40 in chips) 
vikonda85: posts small blind $0.50
steelNike: posts big blind $1
rostickkin: sits out 
ponchua: sits out 
*** HOLE CARDS ***
lukazs2: folds 
steepfell: raises $1.50 to $2.50
vikonda85: folds 
steelNike: calls $1.50
*** FLOP *** [Ts Ad 5h]
steelNike: checks 
steepfell: checks 
*** TURN *** [Ts Ad 5h] [9s]
steelNike: checks 
steepfell: checks 
*** RIVER *** [Ts Ad 5h 9s] [Js]
steelNike: bets $2.61
steepfell: folds 
Uncalled bet ($2.61) returned to steelNike
steelNike collected $5.22 from pot
*** SUMMARY ***
Total pot $5.50 | Rake $0.28 
Board [Ts Ad 5h 9s Js]
Seat 1: ponchua
Seat 6: rostickkin
Seat 2: lukazs2 folded before Flop (didn't bet)
Seat 3: steepfell (button) folded on the River
Seat 4: vikonda85 (small blind) folded before Flop
Seat 5: steelNike (big blind) collected ($5.22)



PokerStars Hand #254394592451:  Hold'em No Limit ($0.50/$1.00 USD) - 2025/01/16 5:43:53 WET [2025/01/16 0:43:53 ET]
Table 'Walpurga III' 6-max Seat #4 is the button
Seat 1: ponchua ($184.03 in chips) is sitting out
Seat 2: lukazs2 ($49 in chips) 
Seat 3: steepfell ($100 in chips) 
Seat 4: vikonda85 ($104.63 in chips) 
Seat 5: steelNike ($42.72 in chips) 
Seat 6: rostickkin ($100 in chips) 
steelNike: posts small blind $0.50
rostickkin: posts big blind $1
ponchua: sits out 
*** HOLE CARDS ***
lukazs2: folds 
steepfell: raises $1.50 to $2.50
vikonda85: folds 
steelNike: folds 
rostickkin: calls $1.50
*** FLOP *** [3h Qh 5c]
rostickkin: checks 
steepfell: checks 
*** TURN *** [3h Qh 5c] [Jc]
rostickkin: checks 
steepfell: bets $3.92
rostickkin: calls $3.92
*** RIVER *** [3h Qh 5c Jc] [3s]
rostickkin: checks 
steepfell: checks 
*** SHOW DOWN ***
rostickkin: shows [Jh 7h] (two pair, Jacks and Threes)
steepfell: mucks hand 
rostickkin collected $12.67 from pot
*** SUMMARY ***
Total pot $13.34 | Rake $0.67 
Board [3h Qh 5c Jc 3s]
Seat 1: ponchua
Seat 2: lukazs2 folded before Flop (didn't bet)
Seat 3: steepfell mucked
Seat 4: vikonda85 (button) folded before Flop (didn't bet)
Seat 5: steelNike (small blind) folded before Flop
Seat 6: rostickkin (big blind) showed [Jh 7h] and won ($12.67) with two pair, Jacks and Threes



PokerStars Hand #254394598025:  Hold'em No Limit ($0.50/$1.00 USD) - 2025/01/16 5:45:03 WET [2025/01/16 0:45:03 ET]
Table 'Walpurga III' 6-max Seat #5 is the button
Seat 1: ponchua ($184.03 in chips) 
Seat 2: lukazs2 ($49 in chips) 
Seat 3: steepfell ($100 in chips) 
Seat 4: vikonda85 ($104.63 in chips) 
Seat 5: steelNike ($42.22 in chips) 
Seat 6: rostickkin ($106.25 in chips) 
rostickkin: posts small blind $0.50
ponchua: posts big blind $1
*** HOLE CARDS ***
lukazs2: calls $1
steepfell: folds 
vikonda85: folds 
steelNike: folds 
rostickkin: folds 
ponchua: checks 
*** FLOP *** [Js Ad Qs]
ponchua: checks 
lukazs2: checks 
*** TURN *** [Js Ad Qs] [6c]
ponchua: checks 
lukazs2: checks 
*** RIVER *** [Js Ad Qs 6c] [Ac]
ponchua: checks 
lukazs2: checks 
*** SHOW DOWN ***
ponchua: shows [Kh 7d] (a pair of Aces)
lukazs2: mucks hand 
ponchua collected $2.38 from pot
*** SUMMARY ***
Total pot $2.50 | Rake $0.12 
Board [Js Ad Qs 6c Ac]
Seat 1: ponchua (big blind) showed [Kh 7d] and won ($2.38) with a pair of Aces
Seat 2: lukazs2 mucked
Seat 3: steepfell folded before Flop (didn't bet)
Seat 4: vikonda85 folded before Flop (didn't bet)
Seat 5: steelNike (button) folded before Flop (didn't bet)
Seat 6: rostickkin (small blind) folded before Flop



PokerStars Hand #254394603675:  Hold'em No Limit ($0.50/$1.00 USD) - 2025/01/16 5:46:12 WET [2025/01/16 0:46:12 ET]
Table 'Walpurga III' 6-max Seat #6 is the button
Seat 1: ponchua ($185.41 in chips) 
Seat 2: lukazs2 ($48 in chips) 
Seat 3: steepfell ($100 in chips) 
Seat 4: vikonda85 ($104.63 in chips) 
Seat 5: steelNike ($42.22 in chips) 
Seat 6: rostickkin ($105.75 in chips) 
ponchua: posts small blind $0.50
lukazs2: posts big blind $1
*** HOLE CARDS ***
steepfell: folds 
vikonda85: folds 
steelNike: raises $1 to $2
rostickkin: folds 
ponchua: raises $6 to $8
lukazs2: folds 
steelNike: folds 
Uncalled bet ($6) returned to ponchua
ponchua collected $5 from pot
ponchua: doesn't show hand 
*** SUMMARY ***
Total pot $5 | Rake $0 
Seat 1: ponchua (small blind) collected ($5)
Seat 2: lukazs2 (big blind) folded before Flop
Seat 3: steepfell folded before Flop (didn't bet)
Seat 4: vikonda85 folded before Flop (didn't bet)
Seat 5: steelNike folded before Flop
Seat 6: rostickkin (button) folded before Flop (didn't bet)



PokerStars Hand #254394607563:  Hold'em No Limit ($0.50/$1.00 USD) - 2025/01/16 5:47:01 WET [2025/01/16 0:47:01 ET]
Table 'Walpurga III' 6-max Seat #1 is the button
Seat 1: ponchua ($188.41 in chips) 
Seat 2: lukazs2 ($47 in chips) 
Seat 3: steepfell ($100 in chips) 
Seat 4: vikonda85 ($104.63 in chips) 
Seat 5: steelNike ($40.22 in chips) 
Seat 6: rostickkin ($105.75 in chips) 
lukazs2: posts small blind $0.50
steepfell: posts big blind $1
*** HOLE CARDS ***
vikonda85: folds 
steelNike: folds 
rostickkin: folds 
ponchua: raises $1.50 to $2.50
lukazs2: calls $2
steepfell: folds 
*** FLOP *** [9d Ks Qd]
lukazs2: checks 
ponchua: checks 
*** TURN *** [9d Ks Qd] [Jd]
lukazs2: checks 
ponchua: checks 
*** RIVER *** [9d Ks Qd Jd] [Ah]
lukazs2: checks 
ponchua: checks 
*** SHOW DOWN ***
lukazs2: shows [7h 5h] (high card Ace)
ponchua: shows [Ac 3d] (a pair of Aces)
ponchua collected $5.70 from pot
*** SUMMARY ***
Total pot $6 | Rake $0.30 
Board [9d Ks Qd Jd Ah]
Seat 1: ponchua (button) showed [Ac 3d] and won ($5.70) with a pair of Aces
Seat 2: lukazs2 (small blind) showed [7h 5h] and lost with high card Ace
Seat 3: steepfell (big blind) folded before Flop
Seat 4: vikonda85 folded before Flop (didn't bet)
Seat 5: steelNike folded before Flop (didn't bet)
Seat 6: rostickkin folded before Flop (didn't bet)



PokerStars Hand #254394614113:  Hold'em No Limit ($0.50/$1.00 USD) - 2025/01/16 5:48:21 WET [2025/01/16 0:48:21 ET]
Table 'Walpurga III' 6-max Seat #2 is the button
Seat 1: ponchua ($191.61 in chips) 
Seat 2: lukazs2 ($44.50 in chips) 
Seat 3: steepfell ($100 in chips) 
Seat 4: vikonda85 ($104.63 in chips) 
Seat 5: steelNike ($40.22 in chips) 
Seat 6: rostickkin ($105.75 in chips) 
steepfell: posts small blind $0.50
vikonda85: posts big blind $1
*** HOLE CARDS ***
steelNike: folds 
rostickkin: folds 
ponchua: folds 
lukazs2: calls $1
steepfell: folds 
vikonda85: checks 
*** FLOP *** [Js 8h Qc]
vikonda85: checks 
lukazs2: checks 
*** TURN *** [Js 8h Qc] [4h]
vikonda85: checks 
lukazs2: checks 
*** RIVER *** [Js 8h Qc 4h] [Ts]
vikonda85: checks 
lukazs2: checks 
*** SHOW DOWN ***
vikonda85: shows [Jc 2s] (a pair of Jacks)
lukazs2: mucks hand 
vikonda85 collected $2.38 from pot
*** SUMMARY ***
Total pot $2.50 | Rake $0.12 
Board [Js 8h Qc 4h Ts]
Seat 1: ponchua folded before Flop (didn't bet)
Seat 2: lukazs2 (button) mucked
Seat 3: steepfell (small blind) folded before Flop
Seat 4: vikonda85 (big blind) showed [Jc 2s] and won ($2.38) with a pair of Jacks
Seat 5: steelNike folded before Flop (didn't bet)
Seat 6: rostickkin folded before Flop (didn't bet)



PokerStars Hand #254394617824:  Hold'em No Limit ($0.50/$1.00 USD) - 2025/01/16 5:49:08 WET [2025/01/16 0:49:08 ET]
Table 'Walpurga III' 6-max Seat #3 is the button
Seat 1: ponchua ($191.61 in chips) 
Seat 2: lukazs2 ($43.50 in chips) 
Seat 3: steepfell ($100 in chips) 
Seat 4: vikonda85 ($106.01 in chips) 
Seat 5: steelNike ($40.22 in chips) 
Seat 6: rostickkin ($105.75 in chips) 
vikonda85: posts small blind $0.50
steelNike: posts big blind $1
*** HOLE CARDS ***
rostickkin: folds 
ponchua: folds 
lukazs2: raises $2 to $3
steepfell: folds 
vikonda85: folds 
steelNike: folds 
Uncalled bet ($2) returned to lukazs2
lukazs2 collected $2.50 from pot
*** SUMMARY ***
Total pot $2.50 | Rake $0 
Seat 1: ponchua folded before Flop (didn't bet)
Seat 2: lukazs2 collected ($2.50)
Seat 3: steepfell (button) folded before Flop (didn't bet)
Seat 4: vikonda85 (small blind) folded before Flop
Seat 5: steelNike (big blind) folded before Flop
Seat 6: rostickkin folded before Flop (didn't bet)



PokerStars Hand #254394621073:  Hold'em No Limit ($0.50/$1.00 USD) - 2025/01/16 5:49:49 WET [2025/01/16 0:49:49 ET]
Table 'Walpurga III' 6-max Seat #4 is the button
Seat 1: ponchua ($191.61 in chips) 
Seat 2: lukazs2 ($45 in chips) 
Seat 3: steepfell ($100 in chips) 
Seat 4: vikonda85 ($105.51 in chips) 
Seat 5: steelNike ($39.22 in chips) 
Seat 6: rostickkin ($105.75 in chips) 
steelNike: posts small blind $0.50
rostickkin: posts big blind $1
*** HOLE CARDS ***
ponchua: folds 
lukazs2: folds 
steepfell: folds 
vikonda85: folds 
steelNike: raises $2 to $3
rostickkin: folds 
Uncalled bet ($2) returned to steelNike
steelNike collected $2 from pot
*** SUMMARY ***
Total pot $2 | Rake $0 
Seat 1: ponchua folded before Flop (didn't bet)
Seat 2: lukazs2 folded before Flop (didn't bet)
Seat 3: steepfell folded before Flop (didn't bet)
Seat 4: vikonda85 (button) folded before Flop (didn't bet)
Seat 5: steelNike (small blind) collected ($2)
Seat 6: rostickkin (big blind) folded before Flop



PokerStars Hand #254394623816:  Hold'em No Limit ($0.50/$1.00 USD) - 2025/01/16 5:50:23 WET [2025/01/16 0:50:23 ET]
Table 'Walpurga III' 6-max Seat #5 is the button
Seat 1: ponchua ($191.61 in chips) 
Seat 2: lukazs2 ($45 in chips) 
Seat 3: steepfell ($100 in chips) 
Seat 4: vikonda85 ($105.51 in chips) 
Seat 5: steelNike ($40.22 in chips) 
Seat 6: rostickkin ($104.75 in chips) 
rostickkin: posts small blind $0.50
ponchua: posts big blind $1
*** HOLE CARDS ***
lukazs2: folds 
steepfell: folds 
vikonda85: folds 
steelNike: folds 
rostickkin: folds 
Uncalled bet ($0.50) returned to ponchua
ponchua collected $1 from pot
ponchua: doesn't show hand 
*** SUMMARY ***
Total pot $1 | Rake $0 
Seat 1: ponchua (big blind) collected ($1)
Seat 2: lukazs2 folded before Flop (didn't bet)
Seat 3: steepfell folded before Flop (didn't bet)
Seat 4: vikonda85 folded before Flop (didn't bet)
Seat 5: steelNike (button) folded before Flop (didn't bet)
Seat 6: rostickkin (small blind) folded before Flop



PokerStars Hand #254394625262:  Hold'em No Limit ($0.50/$1.00 USD) - 2025/01/16 5:50:42 WET [2025/01/16 0:50:42 ET]
Table 'Walpurga III' 6-max Seat #6 is the button
Seat 1: ponchua ($192.11 in chips) 
Seat 2: lukazs2 ($45 in chips) 
Seat 3: steepfell ($100 in chips) 
Seat 4: vikonda85 ($105.51 in chips) 
Seat 5: steelNike ($40.22 in chips) 
Seat 6: rostickkin ($104.25 in chips) 
ponchua: posts small blind $0.50
lukazs2: posts big blind $1
*** HOLE CARDS ***
steepfell: folds 
vikonda85: folds 
steelNike: raises $1 to $2
rostickkin: folds 
ponchua: raises $6 to $8
lukazs2: folds 
steelNike: folds 
Uncalled bet ($6) returned to ponchua
ponchua collected $5 from pot
ponchua: doesn't show hand 
*** SUMMARY ***
Total pot $5 | Rake $0 
Seat 1: ponchua (small blind) collected ($5)
Seat 2: lukazs2 (big blind) folded before Flop
Seat 3: steepfell folded before Flop (didn't bet)
Seat 4: vikonda85 folded before Flop (didn't bet)
Seat 5: steelNike folded before Flop
Seat 6: rostickkin (button) folded before Flop (didn't bet)



PokerStars Hand #254394628153:  Hold'em No Limit ($0.50/$1.00 USD) - 2025/01/16 5:51:18 WET [2025/01/16 0:51:18 ET]
Table 'Walpurga III' 6-max Seat #1 is the button
Seat 1: ponchua ($195.11 in chips) 
Seat 2: lukazs2 ($44 in chips) 
Seat 3: steepfell ($100 in chips) 
Seat 4: vikonda85 ($105.51 in chips) 
Seat 5: steelNike ($38.22 in chips) 
Seat 6: rostickkin ($104.25 in chips) 
lukazs2: posts small blind $0.50
steepfell: posts big blind $1
*** HOLE CARDS ***
vikonda85: folds 
steelNike: folds 
rostickkin: folds 
ponchua: raises $1.50 to $2.50
lukazs2: raises $6 to $8.50
steepfell: folds 
ponchua: calls $6
*** FLOP *** [4d Th 2d]
lukazs2: bets $35.50 and is all-in
ponchua: calls $35.50
*** TURN *** [4d Th 2d] [Ks]
*** RIVER *** [4d Th 2d Ks] [5c]
*** SHOW DOWN ***
lukazs2: shows [Ad Qc] (high card Ace)
ponchua: shows [Ts Js] (a pair of Tens)
ponchua collected $86.50 from pot
*** SUMMARY ***
Total pot $89 | Rake $2.50 
Board [4d Th 2d Ks 5c]
Seat 1: ponchua (button) showed [Ts Js] and won ($86.50) with a pair of Tens
Seat 2: lukazs2 (small blind) showed [Ad Qc] and lost with high card Ace
Seat 3: steepfell (big blind) folded before Flop
Seat 4: vikonda85 folded before Flop (didn't bet)
Seat 5: steelNike folded before Flop (didn't bet)
Seat 6: rostickkin folded before Flop (didn't bet)



PokerStars Hand #254394631633:  Hold'em No Limit ($0.50/$1.00 USD) - 2025/01/16 5:52:02 WET [2025/01/16 0:52:02 ET]
Table 'Walpurga III' 6-max Seat #3 is the button
Seat 2: lukazs2 ($0 in chips) is sitting out
Seat 1: ponchua ($237.61 in chips) 
Seat 3: steepfell ($100 in chips) 
Seat 4: vikonda85 ($105.51 in chips) 
Seat 5: steelNike ($38.22 in chips) 
Seat 6: rostickkin ($104.25 in chips) 
vikonda85: posts small blind $0.50
steelNike: posts big blind $1
*** HOLE CARDS ***
rostickkin: folds 
ponchua: folds 
steepfell: folds 
vikonda85: folds 
Uncalled bet ($0.50) returned to steelNike
steelNike collected $1 from pot
*** SUMMARY ***
Total pot $1 | Rake $0 
Seat 2: lukazs2
Seat 1: ponchua folded before Flop (didn't bet)
Seat 3: steepfell (button) folded before Flop (didn't bet)
Seat 4: vikonda85 (small blind) folded before Flop
Seat 5: steelNike (big blind) collected ($1)
Seat 6: rostickkin folded before Flop (didn't bet)



PokerStars Hand #254394632804:  Hold'em No Limit ($0.50/$1.00 USD) - 2025/01/16 5:52:17 WET [2025/01/16 0:52:17 ET]
Table 'Walpurga III' 6-max Seat #4 is the button
Seat 1: ponchua ($237.61 in chips) 
Seat 2: lukazs2 ($79.58 in chips) 
Seat 3: steepfell ($100 in chips) 
Seat 4: vikonda85 ($105.01 in chips) 
Seat 5: steelNike ($38.72 in chips) 
Seat 6: rostickkin ($104.25 in chips) 
steelNike: posts small blind $0.50
rostickkin: posts big blind $1
*** HOLE CARDS ***
ponchua: folds 
lukazs2: raises $1 to $2
steepfell: folds 
vikonda85: folds 
steelNike: folds 
rostickkin: raises $8 to $10
lukazs2: folds 
Uncalled bet ($8) returned to rostickkin
rostickkin collected $4.50 from pot
rostickkin: doesn't show hand 
*** SUMMARY ***
Total pot $4.50 | Rake $0 
Seat 1: ponchua folded before Flop (didn't bet)
Seat 2: lukazs2 folded before Flop
Seat 3: steepfell folded before Flop (didn't bet)
Seat 4: vikonda85 (button) folded before Flop (didn't bet)
Seat 5: steelNike (small blind) folded before Flop
Seat 6: rostickkin (big blind) collected ($4.50)



PokerStars Hand #254394634994:  Hold'em No Limit ($0.50/$1.00 USD) - 2025/01/16 5:52:45 WET [2025/01/16 0:52:45 ET]
Table 'Walpurga III' 6-max Seat #5 is the button
Seat 1: ponchua ($237.61 in chips) 
Seat 2: lukazs2 ($77.58 in chips) 
Seat 3: steepfell ($100 in chips) 
Seat 4: vikonda85 ($105.01 in chips) 
Seat 5: steelNike ($100 in chips) 
Seat 6: rostickkin ($106.75 in chips) 
rostickkin: posts small blind $0.50
ponchua: posts big blind $1
*** HOLE CARDS ***
lukazs2: calls $1
steepfell: folds 
vikonda85: raises $2.50 to $3.50
steelNike: folds 
rostickkin: folds 
ponchua: folds 
lukazs2: calls $2.50
*** FLOP *** [Ad Js Ks]
lukazs2: checks 
vikonda85: checks 
*** TURN *** [Ad Js Ks] [8c]
lukazs2: checks 
vikonda85: checks 
*** RIVER *** [Ad Js Ks 8c] [8s]
lukazs2: checks 
vikonda85: checks 
*** SHOW DOWN ***
lukazs2: shows [6d 5d] (a pair of Eights)
vikonda85: shows [Qd Jc] (two pair, Jacks and Eights)
vikonda85 collected $8.08 from pot
*** SUMMARY ***
Total pot $8.50 | Rake $0.42 
Board [Ad Js Ks 8c 8s]
Seat 1: ponchua (big blind) folded before Flop
Seat 2: lukazs2 showed [6d 5d] and lost with a pair of Eights
Seat 3: steepfell folded before Flop (didn't bet)
Seat 4: vikonda85 showed [Qd Jc] and won ($8.08) with two pair, Jacks and Eights
Seat 5: steelNike (button) folded before Flop (didn't bet)
Seat 6: rostickkin (small blind) folded before Flop



PokerStars Hand #254394639368:  Hold'em No Limit ($0.50/$1.00 USD) - 2025/01/16 5:53:41 WET [2025/01/16 0:53:41 ET]
Table 'Walpurga III' 6-max Seat #6 is the button
Seat 1: ponchua ($236.61 in chips) 
Seat 2: lukazs2 ($74.08 in chips) 
Seat 3: steepfell ($100 in chips) 
Seat 4: vikonda85 ($109.59 in chips) 
Seat 5: steelNike ($100 in chips) 
Seat 6: rostickkin ($106.25 in chips) 
ponchua: posts small blind $0.50
lukazs2: posts big blind $1
*** HOLE CARDS ***
steepfell: folds 
vikonda85: folds 
steelNike: raises $1.30 to $2.30
rostickkin: folds 
ponchua: folds 
lukazs2: calls $1.30
*** FLOP *** [Kc 5s Ah]
lukazs2: checks 
steelNike: bets $2.42
lukazs2: folds 
Uncalled bet ($2.42) returned to steelNike
steelNike collected $4.84 from pot
*** SUMMARY ***
Total pot $5.10 | Rake $0.26 
Board [Kc 5s Ah]
Seat 1: ponchua (small blind) folded before Flop
Seat 2: lukazs2 (big blind) folded on the Flop
Seat 3: steepfell folded before Flop (didn't bet)
Seat 4: vikonda85 folded before Flop (didn't bet)
Seat 5: steelNike collected ($4.84)
Seat 6: rostickkin (button) folded before Flop (didn't bet)



PokerStars Hand #254394642644:  Hold'em No Limit ($0.50/$1.00 USD) - 2025/01/16 5:54:22 WET [2025/01/16 0:54:22 ET]
Table 'Walpurga III' 6-max Seat #1 is the button
Seat 1: ponchua ($236.11 in chips) 
Seat 2: lukazs2 ($71.78 in chips) 
Seat 3: steepfell ($100 in chips) 
Seat 4: vikonda85 ($109.59 in chips) 
Seat 5: steelNike ($102.54 in chips) 
Seat 6: rostickkin ($106.25 in chips) 
lukazs2: posts small blind $0.50
steepfell: posts big blind $1
*** HOLE CARDS ***
vikonda85: folds 
steelNike: folds 
rostickkin: folds 
ponchua: raises $1.50 to $2.50
lukazs2: calls $2
steepfell: folds 
*** FLOP *** [6s 9s Ac]
lukazs2: checks 
ponchua: bets $1.77
lukazs2: calls $1.77
*** TURN *** [6s 9s Ac] [4c]
lukazs2: bets $4.53
ponchua: folds 
Uncalled bet ($4.53) returned to lukazs2
lukazs2 collected $9.06 from pot
*** SUMMARY ***
Total pot $9.54 | Rake $0.48 
Board [6s 9s Ac 4c]
Seat 1: ponchua (button) folded on the Turn
Seat 2: lukazs2 (small blind) collected ($9.06)
Seat 3: steepfell (big blind) folded before Flop
Seat 4: vikonda85 folded before Flop (didn't bet)
Seat 5: steelNike folded before Flop (didn't bet)
Seat 6: rostickkin folded before Flop (didn't bet)



PokerStars Hand #254394648319:  Hold'em No Limit ($0.50/$1.00 USD) - 2025/01/16 5:55:39 WET [2025/01/16 0:55:39 ET]
Table 'Walpurga III' 6-max Seat #2 is the button
Seat 1: ponchua ($231.84 in chips) 
Seat 2: lukazs2 ($76.57 in chips) 
Seat 3: steepfell ($100 in chips) 
Seat 4: vikonda85 ($109.59 in chips) 
Seat 5: steelNike ($102.54 in chips) 
Seat 6: rostickkin ($106.25 in chips) 
steepfell: posts small blind $0.50
vikonda85: posts big blind $1
*** HOLE CARDS ***
steelNike: folds 
rostickkin: folds 
ponchua: folds 
lukazs2: folds 
steepfell: folds 
Uncalled bet ($0.50) returned to vikonda85
vikonda85 collected $1 from pot
vikonda85: doesn't show hand 
*** SUMMARY ***
Total pot $1 | Rake $0 
Seat 1: ponchua folded before Flop (didn't bet)
Seat 2: lukazs2 (button) folded before Flop (didn't bet)
Seat 3: steepfell (small blind) folded before Flop
Seat 4: vikonda85 (big blind) collected ($1)
Seat 5: steelNike folded before Flop (didn't bet)
Seat 6: rostickkin folded before Flop (didn't bet)



PokerStars Hand #254394443901:  Hold'em No Limit ($0.50/$1.00 USD) - 2025/01/16 5:14:30 WET [2025/01/16 0:14:30 ET]
Table 'Walpurga III' 6-max Seat #3 is the button
Seat 2: Melenya ($100 in chips) 
Seat 3: BeauParleur ($102.22 in chips) 
Seat 4: Poker9803 ($110 in chips) 
Poker9803: posts small blind $0.50
Melenya: posts big blind $1
*** HOLE CARDS ***
BeauParleur: folds 
Poker9803: folds 
Uncalled bet ($0.50) returned to Melenya
Melenya collected $1 from pot
Melenya: doesn't show hand 
*** SUMMARY ***
Total pot $1 | Rake $0 
Seat 2: Melenya (big blind) collected ($1)
Seat 3: BeauParleur (button) folded before Flop (didn't bet)
Seat 4: Poker9803 (small blind) folded before Flop



PokerStars Hand #254394444779:  Hold'em No Limit ($0.50/$1.00 USD) - 2025/01/16 5:14:40 WET [2025/01/16 0:14:40 ET]
Table 'Walpurga III' 6-max Seat #4 is the button
Seat 2: Melenya ($100.50 in chips) 
Seat 3: BeauParleur ($102.22 in chips) 
Seat 4: Poker9803 ($109.50 in chips) 
Melenya: posts small blind $0.50
BeauParleur: posts big blind $1
*** HOLE CARDS ***
Poker9803: raises $1.50 to $2.50
Melenya: raises $9.50 to $12
BeauParleur: folds 
Poker9803: folds 
Uncalled bet ($9.50) returned to Melenya
Melenya collected $6 from pot
Melenya: doesn't show hand 
*** SUMMARY ***
Total pot $6 | Rake $0 
Seat 2: Melenya (small blind) collected ($6)
Seat 3: BeauParleur (big blind) folded before Flop
Seat 4: Poker9803 (button) folded before Flop



PokerStars Hand #254394446966:  Hold'em No Limit ($0.50/$1.00 USD) - 2025/01/16 5:15:05 WET [2025/01/16 0:15:05 ET]
Table 'Walpurga III' 6-max Seat #2 is the button
Seat 2: Melenya ($104 in chips) 
Seat 3: BeauParleur ($101.22 in chips) 
Seat 4: Poker9803 ($107 in chips) 
BeauParleur: posts small blind $0.50
Poker9803: posts big blind $1
*** HOLE CARDS ***
Melenya: raises $1.50 to $2.50
BeauParleur: folds 
Poker9803: folds 
Uncalled bet ($1.50) returned to Melenya
Melenya collected $2.50 from pot
Melenya: doesn't show hand 
*** SUMMARY ***
Total pot $2.50 | Rake $0 
Seat 2: Melenya (button) collected ($2.50)
Seat 3: BeauParleur (small blind) folded before Flop
Seat 4: Poker9803 (big blind) folded before Flop



PokerStars Hand #254394447892:  Hold'em No Limit ($0.50/$1.00 USD) - 2025/01/16 5:15:16 WET [2025/01/16 0:15:16 ET]
Table 'Walpurga III' 6-max Seat #3 is the button
Seat 2: Melenya ($105.50 in chips) 
Seat 3: BeauParleur ($100.72 in chips) 
Seat 4: Poker9803 ($106 in chips) 
Poker9803: posts small blind $0.50
Melenya: posts big blind $1
*** HOLE CARDS ***
BeauParleur: raises $1.50 to $2.50
Poker9803: folds 
Melenya: folds 
Uncalled bet ($1.50) returned to BeauParleur
BeauParleur collected $2.50 from pot
BeauParleur: doesn't show hand 
*** SUMMARY ***
Total pot $2.50 | Rake $0 
Seat 2: Melenya (big blind) folded before Flop
Seat 3: BeauParleur (button) collected ($2.50)
Seat 4: Poker9803 (small blind) folded before Flop



PokerStars Hand #254394449409:  Hold'em No Limit ($0.50/$1.00 USD) - 2025/01/16 5:15:33 WET [2025/01/16 0:15:33 ET]
Table 'Walpurga III' 6-max Seat #4 is the button
Seat 2: Melenya ($104.50 in chips) 
Seat 3: BeauParleur ($102.22 in chips) 
Seat 4: Poker9803 ($105.50 in chips) 
Melenya: posts small blind $0.50
BeauParleur: posts big blind $1
*** HOLE CARDS ***
Poker9803: folds 
Melenya: raises $2 to $3
BeauParleur: calls $2
*** FLOP *** [Jd 9d Ad]
Melenya: checks 
BeauParleur: bets $1
Melenya: calls $1
*** TURN *** [Jd 9d Ad] [Jh]
Melenya: checks 
BeauParleur: bets $3.80
Melenya: calls $3.80
*** RIVER *** [Jd 9d Ad Jh] [7c]
Melenya: checks 
BeauParleur: checks 
*** SHOW DOWN ***
Melenya: shows [Ks Jc] (three of a kind, Jacks)
BeauParleur: mucks hand 
Melenya collected $14.82 from pot
*** SUMMARY ***
Total pot $15.60 | Rake $0.78 
Board [Jd 9d Ad Jh 7c]
Seat 2: Melenya (small blind) showed [Ks Jc] and won ($14.82) with three of a kind, Jacks
Seat 3: BeauParleur (big blind) mucked
Seat 4: Poker9803 (button) folded before Flop (didn't bet)



PokerStars Hand #254394456529:  Hold'em No Limit ($0.50/$1.00 USD) - 2025/01/16 5:16:54 WET [2025/01/16 0:16:54 ET]
Table 'Walpurga III' 6-max Seat #3 is the button
Seat 4: Poker9803 ($105.50 in chips) is sitting out
Seat 2: Melenya ($111.52 in chips) 
Seat 3: BeauParleur ($100 in chips) 
BeauParleur: posts small blind $0.50
Poker9803: is sitting out 
Melenya: posts big blind $1
*** HOLE CARDS ***
Poker9803 leaves the table
BeauParleur: raises $1 to $2
Melenya: calls $1
*** FLOP *** [3d 8h 5h]
Melenya: checks 
BeauParleur: bets $2.85
Melenya: calls $2.85
*** TURN *** [3d 8h 5h] [Js]
Melenya: checks 
BeauParleur: bets $13.50
Melenya: folds 
Uncalled bet ($13.50) returned to BeauParleur
BeauParleur collected $9.22 from pot
BeauParleur: doesn't show hand 
*** SUMMARY ***
Total pot $9.70 | Rake $0.48 
Board [3d 8h 5h Js]
Seat 4: Poker9803
Seat 2: Melenya (big blind) folded on the Turn
Seat 3: BeauParleur (button) (small blind) collected ($9.22)



PokerStars Hand #254394463172:  Hold'em No Limit ($0.50/$1.00 USD) - 2025/01/16 5:18:10 WET [2025/01/16 0:18:10 ET]
Table 'Walpurga III' 6-max Seat #2 is the button
Seat 2: Melenya ($106.67 in chips) 
Seat 3: BeauParleur ($104.37 in chips) 
Melenya: posts small blind $0.50
BeauParleur: posts big blind $1
*** HOLE CARDS ***
Melenya: folds 
Uncalled bet ($0.50) returned to BeauParleur
BeauParleur collected $1 from pot
BeauParleur: doesn't show hand 
*** SUMMARY ***
Total pot $1 | Rake $0 
Seat 2: Melenya (button) (small blind) folded before Flop
Seat 3: BeauParleur (big blind) collected ($1)



PokerStars Hand #254394649738:  Hold'em No Limit ($0.50/$1.00 USD) - 2025/01/16 5:56:00 WET [2025/01/16 0:56:00 ET]
Table 'Walpurga III' 6-max Seat #3 is the button
Seat 1: ponchua ($231.84 in chips) 
Seat 2: lukazs2 ($76.57 in chips) 
Seat 3: steepfell ($100 in chips) 
Seat 4: vikonda85 ($110.09 in chips) 
Seat 5: steelNike ($102.54 in chips) 
Seat 6: rostickkin ($106.25 in chips) 
vikonda85: posts small blind $0.50
steelNike: posts big blind $1
*** HOLE CARDS ***
rostickkin: folds 
ponchua: folds 
lukazs2: calls $1
steepfell: folds 
vikonda85: folds 
steelNike: checks 
*** FLOP *** [Js Tc 8h]
steelNike: checks 
lukazs2: checks 
*** TURN *** [Js Tc 8h] [9h]
steelNike: bets $1.19
lukazs2: folds 
Uncalled bet ($1.19) returned to steelNike
steelNike collected $2.38 from pot
*** SUMMARY ***
Total pot $2.50 | Rake $0.12 
Board [Js Tc 8h 9h]
Seat 1: ponchua folded before Flop (didn't bet)
Seat 2: lukazs2 folded on the Turn
Seat 3: steepfell (button) folded before Flop (didn't bet)
Seat 4: vikonda85 (small blind) folded before Flop
Seat 5: steelNike (big blind) collected ($2.38)
Seat 6: rostickkin folded before Flop (didn't bet)



PokerStars Hand #254394652841:  Hold'em No Limit ($0.50/$1.00 USD) - 2025/01/16 5:56:45 WET [2025/01/16 0:56:45 ET]
Table 'Walpurga III' 6-max Seat #4 is the button
Seat 1: ponchua ($231.84 in chips) 
Seat 2: lukazs2 ($75.57 in chips) 
Seat 3: steepfell ($100 in chips) 
Seat 4: vikonda85 ($109.59 in chips) 
Seat 5: steelNike ($103.92 in chips) 
Seat 6: rostickkin ($106.25 in chips) 
steelNike: posts small blind $0.50
rostickkin: posts big blind $1
*** HOLE CARDS ***
ponchua: folds 
lukazs2: raises $3 to $4
steepfell: folds 
vikonda85: calls $4
steelNike: folds 
rostickkin: folds 
*** FLOP *** [9s Ts 9c]
lukazs2: checks 
vikonda85: bets $7
lukazs2: calls $7
*** TURN *** [9s Ts 9c] [Th]
lukazs2: checks 
vikonda85: checks 
*** RIVER *** [9s Ts 9c Th] [8c]
lukazs2: checks 
vikonda85: bets $25.44
lukazs2: calls $25.44
*** SHOW DOWN ***
vikonda85: shows [9d Kd] (a full house, Nines full of Tens)
lukazs2: mucks hand 
vikonda85 collected $71.88 from pot
*** SUMMARY ***
Total pot $74.38 | Rake $2.50 
Board [9s Ts 9c Th 8c]
Seat 1: ponchua folded before Flop (didn't bet)
Seat 2: lukazs2 mucked
Seat 3: steepfell folded before Flop (didn't bet)
Seat 4: vikonda85 (button) showed [9d Kd] and won ($71.88) with a full house, Nines full of Tens
Seat 5: steelNike (small blind) folded before Flop
Seat 6: rostickkin (big blind) folded before Flop



PokerStars Hand #254394657052:  Hold'em No Limit ($0.50/$1.00 USD) - 2025/01/16 5:57:48 WET [2025/01/16 0:57:48 ET]
Table 'Walpurga III' 6-max Seat #5 is the button
Seat 1: ponchua ($231.84 in chips) 
Seat 2: lukazs2 ($39.13 in chips) 
Seat 3: steepfell ($100 in chips) 
Seat 4: vikonda85 ($145.03 in chips) 
Seat 5: steelNike ($103.42 in chips) 
Seat 6: rostickkin ($105.25 in chips) 
rostickkin: posts small blind $0.50
ponchua: posts big blind $1
*** HOLE CARDS ***
lukazs2: calls $1
steepfell: folds 
vikonda85: raises $2.50 to $3.50
steelNike: folds 
rostickkin: folds 
ponchua: folds 
lukazs2: calls $2.50
*** FLOP *** [4d 7c Qd]
lukazs2: bets $4.04
vikonda85: folds 
Uncalled bet ($4.04) returned to lukazs2
lukazs2 collected $8.08 from pot
*** SUMMARY ***
Total pot $8.50 | Rake $0.42 
Board [4d 7c Qd]
Seat 1: ponchua (big blind) folded before Flop
Seat 2: lukazs2 collected ($8.08)
Seat 3: steepfell folded before Flop (didn't bet)
Seat 4: vikonda85 folded on the Flop
Seat 5: steelNike (button) folded before Flop (didn't bet)
Seat 6: rostickkin (small blind) folded before Flop



PokerStars Hand #254394659719:  Hold'em No Limit ($0.50/$1.00 USD) - 2025/01/16 5:58:27 WET [2025/01/16 0:58:27 ET]
Table 'Walpurga III' 6-max Seat #6 is the button
Seat 1: ponchua ($230.84 in chips) 
Seat 2: lukazs2 ($100 in chips) 
Seat 3: steepfell ($100 in chips) 
Seat 4: vikonda85 ($141.53 in chips) 
Seat 5: steelNike ($103.42 in chips) 
Seat 6: rostickkin ($104.75 in chips) 
ponchua: posts small blind $0.50
lukazs2: posts big blind $1
*** HOLE CARDS ***
steepfell: folds 
vikonda85: raises $1.50 to $2.50
steelNike: folds 
rostickkin: folds 
ponchua: folds 
lukazs2: raises $6.50 to $9
vikonda85: calls $6.50
*** FLOP *** [9c 3h 7d]
lukazs2: bets $8.79
vikonda85: folds 
Uncalled bet ($8.79) returned to lukazs2
lukazs2 collected $17.58 from pot
*** SUMMARY ***
Total pot $18.50 | Rake $0.92 
Board [9c 3h 7d]
Seat 1: ponchua (small blind) folded before Flop
Seat 2: lukazs2 (big blind) collected ($17.58)
Seat 3: steepfell folded before Flop (didn't bet)
Seat 4: vikonda85 folded on the Flop
Seat 5: steelNike folded before Flop (didn't bet)
Seat 6: rostickkin (button) folded before Flop (didn't bet)



PokerStars Hand #254394662596:  Hold'em No Limit ($0.50/$1.00 USD) - 2025/01/16 5:59:11 WET [2025/01/16 0:59:11 ET]
Table 'Walpurga III' 6-max Seat #1 is the button
Seat 1: ponchua ($230.34 in chips) 
Seat 2: lukazs2 ($108.58 in chips) 
Seat 3: steepfell ($100 in chips) 
Seat 4: vikonda85 ($132.53 in chips) 
Seat 5: steelNike ($103.42 in chips) 
Seat 6: rostickkin ($104.75 in chips) 
lukazs2: posts small blind $0.50
steepfell: posts big blind $1
*** HOLE CARDS ***
vikonda85: folds 
steelNike: raises $1 to $2
rostickkin: folds 
ponchua: folds 
lukazs2: calls $1.50
steepfell: calls $1
*** FLOP *** [5d 4c Jd]
lukazs2: checks 
steepfell: checks 
steelNike: checks 
*** TURN *** [5d 4c Jd] [8d]
lukazs2: bets $2.85
steepfell: folds 
steelNike: folds 
Uncalled bet ($2.85) returned to lukazs2
lukazs2 collected $5.70 from pot
*** SUMMARY ***
Total pot $6 | Rake $0.30 
Board [5d 4c Jd 8d]
Seat 1: ponchua (button) folded before Flop (didn't bet)
Seat 2: lukazs2 (small blind) collected ($5.70)
Seat 3: steepfell (big blind) folded on the Turn
Seat 4: vikonda85 folded before Flop (didn't bet)
Seat 5: steelNike folded on the Turn
Seat 6: rostickkin folded before Flop (didn't bet)



PokerStars Hand #254394666219:  Hold'em No Limit ($0.50/$1.00 USD) - 2025/01/16 6:00:04 WET [2025/01/16 1:00:04 ET]
Table 'Walpurga III' 6-max Seat #2 is the button
Seat 1: ponchua ($230.34 in chips) 
Seat 2: lukazs2 ($112.28 in chips) 
Seat 3: steepfell ($100 in chips) 
Seat 4: vikonda85 ($132.53 in chips) 
Seat 5: steelNike ($101.42 in chips) 
Seat 6: rostickkin ($104.75 in chips) 
steepfell: posts small blind $0.50
vikonda85: posts big blind $1
*** HOLE CARDS ***
steelNike: folds 
rostickkin: raises $1.20 to $2.20
ponchua: folds 
lukazs2: raises $2.80 to $5
steepfell: folds 
vikonda85: folds 
rostickkin: calls $2.80
*** FLOP *** [3c Th Ac]
rostickkin: checks 
lukazs2: bets $5.46
rostickkin: calls $5.46
*** TURN *** [3c Th Ac] [4h]
rostickkin: checks 
lukazs2: checks 
*** RIVER *** [3c Th Ac 4h] [Kc]
rostickkin: checks 
lukazs2: checks 
*** SHOW DOWN ***
rostickkin: shows [Ad Jc] (a pair of Aces)
lukazs2: mucks hand 
rostickkin collected $21.30 from pot
*** SUMMARY ***
Total pot $22.42 | Rake $1.12 
Board [3c Th Ac 4h Kc]
Seat 1: ponchua folded before Flop (didn't bet)
Seat 2: lukazs2 (button) mucked
Seat 3: steepfell (small blind) folded before Flop
Seat 4: vikonda85 (big blind) folded before Flop
Seat 5: steelNike folded before Flop (didn't bet)
Seat 6: rostickkin showed [Ad Jc] and won ($21.30) with a pair of Aces



PokerStars Hand #254394670134:  Hold'em No Limit ($0.50/$1.00 USD) - 2025/01/16 6:00:58 WET [2025/01/16 1:00:58 ET]
Table 'Walpurga III' 6-max Seat #3 is the button
Seat 1: ponchua ($230.34 in chips) 
Seat 2: lukazs2 ($101.82 in chips) 
Seat 3: steepfell ($100 in chips) 
Seat 4: vikonda85 ($131.53 in chips) 
Seat 5: steelNike ($101.42 in chips) 
Seat 6: rostickkin ($115.59 in chips) 
vikonda85: posts small blind $0.50
steelNike: posts big blind $1
*** HOLE CARDS ***
rostickkin: folds 
ponchua: folds 
lukazs2: folds 
steepfell: folds 
vikonda85: folds 
Uncalled bet ($0.50) returned to steelNike
steelNike collected $1 from pot
*** SUMMARY ***
Total pot $1 | Rake $0 
Seat 1: ponchua folded before Flop (didn't bet)
Seat 2: lukazs2 folded before Flop (didn't bet)
Seat 3: steepfell (button) folded before Flop (didn't bet)
Seat 4: vikonda85 (small blind) folded before Flop
Seat 5: steelNike (big blind) collected ($1)
Seat 6: rostickkin folded before Flop (didn't bet)



PokerStars Hand #254394671522:  Hold'em No Limit ($0.50/$1.00 USD) - 2025/01/16 6:01:16 WET [2025/01/16 1:01:16 ET]
Table 'Walpurga III' 6-max Seat #4 is the button
Seat 1: ponchua ($230.34 in chips) 
Seat 2: lukazs2 ($101.82 in chips) 
Seat 3: steepfell ($100 in chips) 
Seat 4: vikonda85 ($131.03 in chips) 
Seat 5: steelNike ($101.92 in chips) 
Seat 6: rostickkin ($115.59 in chips) 
steelNike: posts small blind $0.50
rostickkin: posts big blind $1
*** HOLE CARDS ***
ponchua: raises $1.50 to $2.50
lukazs2: calls $2.50
steepfell: folds 
vikonda85: folds 
steelNike: folds 
rostickkin: folds 
*** FLOP *** [2s Kh 9c]
ponchua: checks 
lukazs2: checks 
*** TURN *** [2s Kh 9c] [Js]
ponchua: bets $4.51
lukazs2: folds 
Uncalled bet ($4.51) returned to ponchua
ponchua collected $6.18 from pot
ponchua: doesn't show hand 
*** SUMMARY ***
Total pot $6.50 | Rake $0.32 
Board [2s Kh 9c Js]
Seat 1: ponchua collected ($6.18)
Seat 2: lukazs2 folded on the Turn
Seat 3: steepfell folded before Flop (didn't bet)
Seat 4: vikonda85 (button) folded before Flop (didn't bet)
Seat 5: steelNike (small blind) folded before Flop
Seat 6: rostickkin (big blind) folded before Flop



PokerStars Hand #254394674398:  Hold'em No Limit ($0.50/$1.00 USD) - 2025/01/16 6:01:53 WET [2025/01/16 1:01:53 ET]
Table 'Walpurga III' 6-max Seat #5 is the button
Seat 1: ponchua ($234.02 in chips) is sitting out
Seat 2: lukazs2 ($99.32 in chips) 
Seat 3: steepfell ($100 in chips) 
Seat 4: vikonda85 ($131.03 in chips) 
Seat 5: steelNike ($101.42 in chips) 
Seat 6: rostickkin ($114.59 in chips) 
rostickkin: posts small blind $0.50
ponchua: is sitting out 
lukazs2: posts big blind $1
*** HOLE CARDS ***
steepfell: raises $1.50 to $2.50
vikonda85: folds 
steelNike: raises $5 to $7.50
rostickkin: folds 
lukazs2: calls $6.50
steepfell: folds 
*** FLOP *** [8d Ac Ks]
lukazs2: checks 
steelNike: checks 
*** TURN *** [8d Ac Ks] [4h]
lukazs2: checks 
steelNike: checks 
*** RIVER *** [8d Ac Ks 4h] [5s]
lukazs2: checks 
steelNike: checks 
*** SHOW DOWN ***
lukazs2: shows [7h 2s] (high card Ace)
steelNike: shows [Kh Qc] (a pair of Kings)
steelNike collected $17.10 from pot
*** SUMMARY ***
Total pot $18 | Rake $0.90 
Board [8d Ac Ks 4h 5s]
Seat 1: ponchua
Seat 2: lukazs2 (big blind) showed [7h 2s] and lost with high card Ace
Seat 3: steepfell folded before Flop
Seat 4: vikonda85 folded before Flop (didn't bet)
Seat 5: steelNike (button) showed [Kh Qc] and won ($17.10) with a pair of Kings
Seat 6: rostickkin (small blind) folded before Flop



PokerStars Hand #254394679743:  Hold'em No Limit ($0.50/$1.00 USD) - 2025/01/16 6:03:03 WET [2025/01/16 1:03:03 ET]
Table 'Walpurga III' 6-max Seat #6 is the button
Seat 1: ponchua ($234.02 in chips) is sitting out
Seat 2: lukazs2 ($91.82 in chips) 
Seat 3: steepfell ($100 in chips) 
Seat 4: vikonda85 ($131.03 in chips) 
Seat 5: steelNike ($111.02 in chips) 
Seat 6: rostickkin ($114.09 in chips) 
lukazs2: posts small blind $0.50
steepfell: posts big blind $1
*** HOLE CARDS ***
vikonda85: folds 
steelNike: raises $1.30 to $2.30
rostickkin: folds 
lukazs2: calls $1.80
steepfell: folds 
*** FLOP *** [3h Qh 5s]
lukazs2: bets $1
steelNike: calls $1
*** TURN *** [3h Qh 5s] [Td]
lukazs2: checks 
steelNike: checks 
*** RIVER *** [3h Qh 5s Td] [Ad]
lukazs2: checks 
steelNike: checks 
*** SHOW DOWN ***
lukazs2: shows [4s 5d] (a pair of Fives)
steelNike: shows [Jd Jc] (a pair of Jacks)
steelNike collected $7.22 from pot
*** SUMMARY ***
Total pot $7.60 | Rake $0.38 
Board [3h Qh 5s Td Ad]
Seat 1: ponchua
Seat 2: lukazs2 (small blind) showed [4s 5d] and lost with a pair of Fives
Seat 3: steepfell (big blind) folded before Flop
Seat 4: vikonda85 folded before Flop (didn't bet)
Seat 5: steelNike showed [Jd Jc] and won ($7.22) with a pair of Jacks
Seat 6: rostickkin (button) folded before Flop (didn't bet)



PokerStars Hand #254394684259:  Hold'em No Limit ($0.50/$1.00 USD) - 2025/01/16 6:04:01 WET [2025/01/16 1:04:01 ET]
Table 'Walpurga III' 6-max Seat #2 is the button
Seat 1: ponchua ($234.02 in chips) is sitting out
Seat 4: vikonda85 ($131.03 in chips) is sitting out
Seat 2: lukazs2 ($88.52 in chips) 
Seat 3: steepfell ($100 in chips) 
Seat 5: steelNike ($114.94 in chips) 
Seat 6: rostickkin ($114.09 in chips) 
steepfell: posts small blind $0.50
vikonda85: is sitting out 
steelNike: posts big blind $1
*** HOLE CARDS ***
rostickkin: folds 
vikonda85 leaves the table
MaRKiToScoK joins the table at seat #4 
lukazs2: raises $1 to $2
steepfell: folds 
steelNike: calls $1
*** FLOP *** [4c Ah 8c]
steelNike: checks 
lukazs2 has timed out
lukazs2: checks 
*** TURN *** [4c Ah 8c] [Jc]
steelNike: checks 
lukazs2: bets $1
steelNike: calls $1
*** RIVER *** [4c Ah 8c Jc] [Ad]
steelNike: checks 
lukazs2: checks 
*** SHOW DOWN ***
steelNike: shows [8s Th] (two pair, Aces and Eights)
lukazs2: mucks hand 
steelNike collected $6.18 from pot
*** SUMMARY ***
Total pot $6.50 | Rake $0.32 
Board [4c Ah 8c Jc Ad]
Seat 1: ponchua
Seat 4: vikonda85
Seat 2: lukazs2 (button) mucked
Seat 3: steepfell (small blind) folded before Flop
Seat 5: steelNike (big blind) showed [8s Th] and won ($6.18) with two pair, Aces and Eights
Seat 6: rostickkin folded before Flop (didn't bet)



PokerStars Hand #254394692250:  Hold'em No Limit ($0.50/$1.00 USD) - 2025/01/16 6:05:47 WET [2025/01/16 1:05:47 ET]
Table 'Walpurga III' 6-max Seat #3 is the button
Seat 1: ponchua ($234.02 in chips) is sitting out
Seat 4: MaRKiToScoK ($100 in chips) is sitting out
Seat 6: rostickkin ($114.09 in chips) is sitting out
Seat 2: lukazs2 ($85.52 in chips) 
Seat 3: steepfell ($100 in chips) 
Seat 5: steelNike ($118.12 in chips) 
steelNike: posts small blind $0.50
rostickkin: is sitting out 
lukazs2: posts big blind $1
*** HOLE CARDS ***
rostickkin leaves the table
steepfell: folds 
steelNike: raises $2 to $3
lukazs2: calls $2
*** FLOP *** [Kc Js Jd]
steelNike: checks 
lukazs2: checks 
*** TURN *** [Kc Js Jd] [Qs]
steelNike: checks 
lukazs2: bets $1
steelNike: calls $1
*** RIVER *** [Kc Js Jd Qs] [Th]
steelNike: checks 
lukazs2: checks 
*** SHOW DOWN ***
steelNike: shows [6d Qd] (two pair, Queens and Jacks)
lukazs2: mucks hand 
steelNike collected $7.60 from pot
*** SUMMARY ***
Total pot $8 | Rake $0.40 
Board [Kc Js Jd Qs Th]
Seat 1: ponchua
Seat 4: MaRKiToScoK
Seat 6: rostickkin
Seat 2: lukazs2 (big blind) mucked
Seat 3: steepfell (button) folded before Flop (didn't bet)
Seat 5: steelNike (small blind) showed [6d Qd] and won ($7.60) with two pair, Queens and Jacks



PokerStars Hand #254394695220:  Hold'em No Limit ($0.50/$1.00 USD) - 2025/01/16 6:06:26 WET [2025/01/16 1:06:26 ET]
Table 'Walpurga III' 6-max Seat #5 is the button
Seat 1: ponchua ($234.02 in chips) is sitting out
Seat 4: MaRKiToScoK ($100 in chips) is sitting out
Seat 2: lukazs2 ($81.52 in chips) 
Seat 3: steepfell ($100 in chips) 
Seat 5: steelNike ($121.72 in chips) 
lukazs2: posts small blind $0.50
steepfell: posts big blind $1
MaRKiToScoK: sits out 
*** HOLE CARDS ***
7bekon7 joins the table at seat #6 
steelNike: folds 
lukazs2: calls $0.50
steepfell: checks 
*** FLOP *** [Qc 9h 2h]
lukazs2: checks 
steepfell: bets $1.43
lukazs2: calls $1.43
*** TURN *** [Qc 9h 2h] [5h]
lukazs2: checks 
steepfell: bets $3.47
lukazs2: calls $3.47
*** RIVER *** [Qc 9h 2h 5h] [8c]
lukazs2: checks 
steepfell: bets $13.45
lukazs2: folds 
Uncalled bet ($13.45) returned to steepfell
steepfell collected $11.21 from pot
steepfell: doesn't show hand 
*** SUMMARY ***
Total pot $11.80 | Rake $0.59 
Board [Qc 9h 2h 5h 8c]
Seat 1: ponchua
Seat 4: MaRKiToScoK
Seat 2: lukazs2 (small blind) folded on the River
Seat 3: steepfell (big blind) collected ($11.21)
Seat 5: steelNike (button) folded before Flop (didn't bet)



PokerStars Hand #254394699002:  Hold'em No Limit ($0.50/$1.00 USD) - 2025/01/16 6:07:15 WET [2025/01/16 1:07:15 ET]
Table 'Walpurga III' 6-max Seat #2 is the button
Seat 1: ponchua ($234.02 in chips) is sitting out
Seat 6: 7bekon7 ($100 in chips) is sitting out
Seat 2: lukazs2 ($75.62 in chips) 
Seat 3: steepfell ($105.31 in chips) 
Seat 4: MaRKiToScoK ($100 in chips) 
Seat 5: steelNike ($121.72 in chips) 
steepfell: posts small blind $0.50
MaRKiToScoK: posts big blind $1
7bekon7: sits out 
*** HOLE CARDS ***
steelNike: folds 
lukazs2: raises $4 to $5
steepfell: folds 
MaRKiToScoK: folds 
Uncalled bet ($4) returned to lukazs2
lukazs2 collected $2.50 from pot
*** SUMMARY ***
Total pot $2.50 | Rake $0 
Seat 1: ponchua
Seat 6: 7bekon7
Seat 2: lukazs2 (button) collected ($2.50)
Seat 3: steepfell (small blind) folded before Flop
Seat 4: MaRKiToScoK (big blind) folded before Flop
Seat 5: steelNike folded before Flop (didn't bet)



PokerStars Hand #254394700133:  Hold'em No Limit ($0.50/$1.00 USD) - 2025/01/16 6:07:31 WET [2025/01/16 1:07:31 ET]
Table 'Walpurga III' 6-max Seat #3 is the button
Seat 1: ponchua ($234.02 in chips) is sitting out
Seat 6: 7bekon7 ($100 in chips) is sitting out
Seat 2: lukazs2 ($77.12 in chips) 
Seat 3: steepfell ($104.81 in chips) 
Seat 4: MaRKiToScoK ($100 in chips) 
Seat 5: steelNike ($121.72 in chips) 
MaRKiToScoK: posts small blind $0.50
steelNike: posts big blind $1
7bekon7: sits out 
*** HOLE CARDS ***
lukazs2: raises $4 to $5
steepfell: folds 
MaRKiToScoK: folds 
steelNike: folds 
Uncalled bet ($4) returned to lukazs2
lukazs2 collected $2.50 from pot
*** SUMMARY ***
Total pot $2.50 | Rake $0 
Seat 1: ponchua
Seat 6: 7bekon7
Seat 2: lukazs2 collected ($2.50)
Seat 3: steepfell (button) folded before Flop (didn't bet)
Seat 4: MaRKiToScoK (small blind) folded before Flop
Seat 5: steelNike (big blind) folded before Flop



PokerStars Hand #254394702115:  Hold'em No Limit ($0.50/$1.00 USD) - 2025/01/16 6:07:56 WET [2025/01/16 1:07:56 ET]
Table 'Walpurga III' 6-max Seat #4 is the button
Seat 1: ponchua ($234.02 in chips) is sitting out
Seat 2: lukazs2 ($78.62 in chips) 
Seat 3: steepfell ($104.81 in chips) 
Seat 4: MaRKiToScoK ($100 in chips) 
Seat 5: steelNike ($120.72 in chips) 
Seat 6: 7bekon7 ($100 in chips) 
steelNike: posts small blind $0.50
7bekon7: posts big blind $1
*** HOLE CARDS ***
lukazs2: calls $1
steepfell: folds 
MaRKiToScoK: folds 
steelNike: folds 
7bekon7: checks 
*** FLOP *** [9s Qh 2s]
7bekon7: checks 
lukazs2 has timed out
lukazs2: checks 
*** TURN *** [9s Qh 2s] [Ad]
7bekon7: checks 
lukazs2 has timed out
lukazs2: checks 
*** RIVER *** [9s Qh 2s Ad] [5d]
7bekon7: bets $1.19
lukazs2 has timed out
lukazs2: folds 
Uncalled bet ($1.19) returned to 7bekon7
7bekon7 collected $2.38 from pot
7bekon7: doesn't show hand 
*** SUMMARY ***
Total pot $2.50 | Rake $0.12 
Board [9s Qh 2s Ad 5d]
Seat 1: ponchua
Seat 2: lukazs2 folded on the River
Seat 3: steepfell folded before Flop (didn't bet)
Seat 4: MaRKiToScoK (button) folded before Flop (didn't bet)
Seat 5: steelNike (small blind) folded before Flop
Seat 6: 7bekon7 (big blind) collected ($2.38)



PokerStars Hand #254394709494:  Hold'em No Limit ($0.50/$1.00 USD) - 2025/01/16 6:09:32 WET [2025/01/16 1:09:32 ET]
Table 'Walpurga III' 6-max Seat #5 is the button
Seat 2: lukazs2 ($77.62 in chips) is sitting out
Seat 1: ponchua ($234.02 in chips) 
Seat 3: steepfell ($104.81 in chips) 
Seat 4: MaRKiToScoK ($100 in chips) 
Seat 5: steelNike ($120.22 in chips) 
Seat 6: 7bekon7 ($101.38 in chips) 
7bekon7: posts small blind $0.50
ponchua: posts big blind $1
*** HOLE CARDS ***
steepfell: folds 
MaRKiToScoK: folds 
steelNike: folds 
7bekon7: folds 
Uncalled bet ($0.50) returned to ponchua
ponchua collected $1 from pot
ponchua: doesn't show hand 
*** SUMMARY ***
Total pot $1 | Rake $0 
Seat 2: lukazs2
Seat 1: ponchua (big blind) collected ($1)
Seat 3: steepfell folded before Flop (didn't bet)
Seat 4: MaRKiToScoK folded before Flop (didn't bet)
Seat 5: steelNike (button) folded before Flop (didn't bet)
Seat 6: 7bekon7 (small blind) folded before Flop



PokerStars Hand #254394710601:  Hold'em No Limit ($0.50/$1.00 USD) - 2025/01/16 6:09:47 WET [2025/01/16 1:09:47 ET]
Table 'Walpurga III' 6-max Seat #6 is the button
Seat 2: lukazs2 ($77.62 in chips) is sitting out
Seat 1: ponchua ($234.52 in chips) 
Seat 3: steepfell ($104.81 in chips) 
Seat 4: MaRKiToScoK ($100 in chips) 
Seat 5: steelNike ($120.22 in chips) 
Seat 6: 7bekon7 ($100.88 in chips) 
ponchua: posts small blind $0.50
steepfell: posts big blind $1
*** HOLE CARDS ***
MaRKiToScoK: folds 
steelNike: folds 
7bekon7: folds 
ponchua: folds 
Uncalled bet ($0.50) returned to steepfell
steepfell collected $1 from pot
steepfell: doesn't show hand 
*** SUMMARY ***
Total pot $1 | Rake $0 
Seat 2: lukazs2
Seat 1: ponchua (small blind) folded before Flop
Seat 3: steepfell (big blind) collected ($1)
Seat 4: MaRKiToScoK folded before Flop (didn't bet)
Seat 5: steelNike folded before Flop (didn't bet)
Seat 6: 7bekon7 (button) folded before Flop (didn't bet)



PokerStars Hand #254394712684:  Hold'em No Limit ($0.50/$1.00 USD) - 2025/01/16 6:10:15 WET [2025/01/16 1:10:15 ET]
Table 'Walpurga III' 6-max Seat #1 is the button
Seat 2: lukazs2 ($77.62 in chips) is sitting out
Seat 1: ponchua ($234.02 in chips) 
Seat 3: steepfell ($105.31 in chips) 
Seat 4: MaRKiToScoK ($100 in chips) 
Seat 5: steelNike ($120.22 in chips) 
Seat 6: 7bekon7 ($100.88 in chips) 
steepfell: posts small blind $0.50
MaRKiToScoK: posts big blind $1
*** HOLE CARDS ***
steelNike: folds 
7bekon7: folds 
ponchua: folds 
steepfell: folds 
Uncalled bet ($0.50) returned to MaRKiToScoK
MaRKiToScoK collected $1 from pot
*** SUMMARY ***
Total pot $1 | Rake $0 
Seat 2: lukazs2
Seat 1: ponchua (button) folded before Flop (didn't bet)
Seat 3: steepfell (small blind) folded before Flop
Seat 4: MaRKiToScoK (big blind) collected ($1)
Seat 5: steelNike folded before Flop (didn't bet)
Seat 6: 7bekon7 folded before Flop (didn't bet)



PokerStars Hand #254394713844:  Hold'em No Limit ($0.50/$1.00 USD) - 2025/01/16 6:10:30 WET [2025/01/16 1:10:30 ET]
Table 'Walpurga III' 6-max Seat #3 is the button
Seat 2: lukazs2 ($77.62 in chips) is sitting out
Seat 1: ponchua ($234.02 in chips) 
Seat 3: steepfell ($104.81 in chips) 
Seat 4: MaRKiToScoK ($100.50 in chips) 
Seat 5: steelNike ($120.22 in chips) 
Seat 6: 7bekon7 ($100.88 in chips) 
MaRKiToScoK: posts small blind $0.50
steelNike: posts big blind $1
*** HOLE CARDS ***
7bekon7: folds 
ponchua: folds 
steepfell: folds 
MaRKiToScoK: folds 
Uncalled bet ($0.50) returned to steelNike
steelNike collected $1 from pot
*** SUMMARY ***
Total pot $1 | Rake $0 
Seat 2: lukazs2
Seat 1: ponchua folded before Flop (didn't bet)
Seat 3: steepfell (button) folded before Flop (didn't bet)
Seat 4: MaRKiToScoK (small blind) folded before Flop
Seat 5: steelNike (big blind) collected ($1)
Seat 6: 7bekon7 folded before Flop (didn't bet)



PokerStars Hand #254394714731:  Hold'em No Limit ($0.50/$1.00 USD) - 2025/01/16 6:10:42 WET [2025/01/16 1:10:42 ET]
Table 'Walpurga III' 6-max Seat #4 is the button
Seat 2: lukazs2 ($77.62 in chips) is sitting out
Seat 1: ponchua ($234.02 in chips) 
Seat 3: steepfell ($104.81 in chips) 
Seat 4: MaRKiToScoK ($100 in chips) 
Seat 5: steelNike ($120.72 in chips) 
Seat 6: 7bekon7 ($100.88 in chips) 
steelNike: posts small blind $0.50
7bekon7: posts big blind $1
*** HOLE CARDS ***
ponchua: folds 
steepfell: folds 
MaRKiToScoK: folds 
steelNike: raises $2 to $3
7bekon7: raises $6 to $9
steelNike: folds 
Uncalled bet ($6) returned to 7bekon7
7bekon7 collected $6 from pot
7bekon7: doesn't show hand 
*** SUMMARY ***
Total pot $6 | Rake $0 
Seat 2: lukazs2
Seat 1: ponchua folded before Flop (didn't bet)
Seat 3: steepfell folded before Flop (didn't bet)
Seat 4: MaRKiToScoK (button) folded before Flop (didn't bet)
Seat 5: steelNike (small blind) folded before Flop
Seat 6: 7bekon7 (big blind) collected ($6)



PokerStars Hand #254394717802:  Hold'em No Limit ($0.50/$1.00 USD) - 2025/01/16 6:11:22 WET [2025/01/16 1:11:22 ET]
Table 'Walpurga III' 6-max Seat #5 is the button
Seat 2: lukazs2 ($77.62 in chips) is sitting out
Seat 1: ponchua ($234.02 in chips) 
Seat 3: steepfell ($104.81 in chips) 
Seat 4: MaRKiToScoK ($100 in chips) 
Seat 5: steelNike ($117.72 in chips) 
Seat 6: 7bekon7 ($103.88 in chips) 
7bekon7: posts small blind $0.50
ponchua: posts big blind $1
*** HOLE CARDS ***
steepfell: folds 
MaRKiToScoK: folds 
steelNike: raises $1.50 to $2.50
7bekon7: folds 
ponchua: raises $9.50 to $12
steelNike: folds 
Uncalled bet ($9.50) returned to ponchua
ponchua collected $5.50 from pot
ponchua: doesn't show hand 
*** SUMMARY ***
Total pot $5.50 | Rake $0 
Seat 2: lukazs2
Seat 1: ponchua (big blind) collected ($5.50)
Seat 3: steepfell folded before Flop (didn't bet)
Seat 4: MaRKiToScoK folded before Flop (didn't bet)
Seat 5: steelNike (button) folded before Flop
Seat 6: 7bekon7 (small blind) folded before Flop



PokerStars Hand #254394721016:  Hold'em No Limit ($0.50/$1.00 USD) - 2025/01/16 6:12:06 WET [2025/01/16 1:12:06 ET]
Table 'Walpurga III' 6-max Seat #6 is the button
Seat 2: lukazs2 ($77.62 in chips) is sitting out
Seat 1: ponchua ($237.02 in chips) 
Seat 3: steepfell ($104.81 in chips) 
Seat 4: MaRKiToScoK ($100 in chips) 
Seat 5: steelNike ($115.22 in chips) 
Seat 6: 7bekon7 ($103.38 in chips) 
ponchua: posts small blind $0.50
steepfell: posts big blind $1
*** HOLE CARDS ***
MaRKiToScoK: folds 
steelNike: folds 
7bekon7: folds 
ponchua: raises $2 to $3
steepfell: raises $6 to $9
ponchua: folds 
Uncalled bet ($6) returned to steepfell
steepfell collected $6 from pot
steepfell: doesn't show hand 
*** SUMMARY ***
Total pot $6 | Rake $0 
Seat 2: lukazs2
Seat 1: ponchua (small blind) folded before Flop
Seat 3: steepfell (big blind) collected ($6)
Seat 4: MaRKiToScoK folded before Flop (didn't bet)
Seat 5: steelNike folded before Flop (didn't bet)
Seat 6: 7bekon7 (button) folded before Flop (didn't bet)



PokerStars Hand #254394723272:  Hold'em No Limit ($0.50/$1.00 USD) - 2025/01/16 6:12:37 WET [2025/01/16 1:12:37 ET]
Table 'Walpurga III' 6-max Seat #1 is the button
Seat 2: lukazs2 ($77.62 in chips) is sitting out
Seat 1: ponchua ($234.02 in chips) 
Seat 3: steepfell ($107.81 in chips) 
Seat 4: MaRKiToScoK ($100 in chips) 
Seat 5: steelNike ($115.22 in chips) 
Seat 6: 7bekon7 ($103.38 in chips) 
steepfell: posts small blind $0.50
MaRKiToScoK: posts big blind $1
*** HOLE CARDS ***
steelNike: raises $1 to $2
7bekon7: folds 
ponchua: folds 
steepfell: folds 
MaRKiToScoK: calls $1
*** FLOP *** [Qh 9d Qs]
MaRKiToScoK: checks 
steelNike: bets $1.07
MaRKiToScoK: folds 
Uncalled bet ($1.07) returned to steelNike
steelNike collected $4.28 from pot
*** SUMMARY ***
Total pot $4.50 | Rake $0.22 
Board [Qh 9d Qs]
Seat 2: lukazs2
Seat 1: ponchua (button) folded before Flop (didn't bet)
Seat 3: steepfell (small blind) folded before Flop
Seat 4: MaRKiToScoK (big blind) folded on the Flop
Seat 5: steelNike collected ($4.28)
Seat 6: 7bekon7 folded before Flop (didn't bet)



PokerStars Hand #254394736156:  Hold'em No Limit ($0.50/$1.00 USD) - 2025/01/16 6:15:30 WET [2025/01/16 1:15:30 ET]
Table 'Walpurga III' 6-max Seat #4 is the button
Seat 2: lukazs2 ($77.62 in chips) is sitting out
Seat 1: ponchua ($225.75 in chips) 
Seat 3: steepfell ($107.31 in chips) 
Seat 4: MaRKiToScoK ($100 in chips) 
Seat 5: steelNike ($125.42 in chips) 
Seat 6: 7bekon7 ($103.38 in chips) 
steelNike: posts small blind $0.50
7bekon7: posts big blind $1
*** HOLE CARDS ***
ponchua: folds 
steepfell: folds 
MaRKiToScoK: folds 
steelNike: folds 
Uncalled bet ($0.50) returned to 7bekon7
7bekon7 collected $1 from pot
7bekon7: doesn't show hand 
*** SUMMARY ***
Total pot $1 | Rake $0 
Seat 2: lukazs2
Seat 1: ponchua folded before Flop (didn't bet)
Seat 3: steepfell folded before Flop (didn't bet)
Seat 4: MaRKiToScoK (button) folded before Flop (didn't bet)
Seat 5: steelNike (small blind) folded before Flop
Seat 6: 7bekon7 (big blind) collected ($1)



PokerStars Hand #254394738010:  Hold'em No Limit ($0.50/$1.00 USD) - 2025/01/16 6:15:54 WET [2025/01/16 1:15:54 ET]
Table 'Walpurga III' 6-max Seat #5 is the button
Seat 2: lukazs2 ($77.62 in chips) is sitting out
Seat 1: ponchua ($225.75 in chips) 
Seat 3: steepfell ($107.31 in chips) 
Seat 4: MaRKiToScoK ($100 in chips) 
Seat 5: steelNike ($124.92 in chips) 
Seat 6: 7bekon7 ($103.88 in chips) 
7bekon7: posts small blind $0.50
ponchua: posts big blind $1
*** HOLE CARDS ***
steepfell: folds 
MaRKiToScoK: raises $1.25 to $2.25
steelNike: folds 
7bekon7: folds 
ponchua: calls $1.25
*** FLOP *** [As 3d Kc]
ponchua: checks 
MaRKiToScoK: bets $1.43
ponchua: calls $1.43
*** TURN *** [As 3d Kc] [Ks]
ponchua: bets $2.24
MaRKiToScoK: calls $2.24
*** RIVER *** [As 3d Kc Ks] [Js]
ponchua: bets $7.85
MaRKiToScoK: folds 
Uncalled bet ($7.85) returned to ponchua
ponchua collected $11.72 from pot
ponchua: doesn't show hand 
*** SUMMARY ***
Total pot $12.34 | Rake $0.62 
Board [As 3d Kc Ks Js]
Seat 2: lukazs2
Seat 1: ponchua (big blind) collected ($11.72)
Seat 3: steepfell folded before Flop (didn't bet)
Seat 4: MaRKiToScoK folded on the River
Seat 5: steelNike (button) folded before Flop (didn't bet)
Seat 6: 7bekon7 (small blind) folded before Flop



PokerStars Hand #254394744440:  Hold'em No Limit ($0.50/$1.00 USD) - 2025/01/16 6:17:19 WET [2025/01/16 1:17:19 ET]
Table 'Walpurga III' 6-max Seat #6 is the button
Seat 2: lukazs2 ($77.62 in chips) is sitting out
Seat 1: ponchua ($231.55 in chips) 
Seat 3: steepfell ($107.31 in chips) 
Seat 4: MaRKiToScoK ($100 in chips) 
Seat 5: steelNike ($124.92 in chips) 
Seat 6: 7bekon7 ($103.38 in chips) 
ponchua: posts small blind $0.50
steepfell: posts big blind $1
*** HOLE CARDS ***
MaRKiToScoK: folds 
steelNike: folds 
MaRKiToScoK leaves the table
7bekon7: folds 
ponchua: raises $2 to $3
steepfell: raises $6 to $9
uuzka joins the table at seat #4 
ponchua: folds 
Uncalled bet ($6) returned to steepfell
steepfell collected $6 from pot
steepfell: doesn't show hand 
*** SUMMARY ***
Total pot $6 | Rake $0 
Seat 2: lukazs2
Seat 1: ponchua (small blind) folded before Flop
Seat 3: steepfell (big blind) collected ($6)
Seat 4: MaRKiToScoK folded before Flop (didn't bet)
Seat 5: steelNike folded before Flop (didn't bet)
Seat 6: 7bekon7 (button) folded before Flop (didn't bet)



PokerStars Hand #254394747472:  Hold'em No Limit ($0.50/$1.00 USD) - 2025/01/16 6:17:58 WET [2025/01/16 1:17:58 ET]
Table 'Walpurga III' 6-max Seat #1 is the button
Seat 2: lukazs2 ($77.62 in chips) is sitting out
Seat 1: ponchua ($228.55 in chips) 
Seat 3: steepfell ($110.31 in chips) 
Seat 4: uuzka ($100 in chips) 
Seat 5: steelNike ($124.92 in chips) 
Seat 6: 7bekon7 ($103.38 in chips) 
steepfell: posts small blind $0.50
uuzka: posts big blind $1
*** HOLE CARDS ***
steelNike: folds 
7bekon7: folds 
ponchua: raises $1.50 to $2.50
steepfell: folds 
lukazs2 is disconnected 
uuzka: folds 
Uncalled bet ($1.50) returned to ponchua
ponchua collected $2.50 from pot
ponchua: doesn't show hand 
*** SUMMARY ***
Total pot $2.50 | Rake $0 
Seat 2: lukazs2
Seat 1: ponchua (button) collected ($2.50)
Seat 3: steepfell (small blind) folded before Flop
Seat 4: uuzka (big blind) folded before Flop
Seat 5: steelNike folded before Flop (didn't bet)
Seat 6: 7bekon7 folded before Flop (didn't bet)



PokerStars Hand #254394748981:  Hold'em No Limit ($0.50/$1.00 USD) - 2025/01/16 6:18:19 WET [2025/01/16 1:18:19 ET]
Table 'Walpurga III' 6-max Seat #3 is the button
Seat 2: lukazs2 ($77.62 in chips) is sitting out
Seat 1: ponchua ($230.05 in chips) 
Seat 3: steepfell ($109.81 in chips) 
Seat 4: uuzka ($100 in chips) 
Seat 5: steelNike ($124.92 in chips) 
Seat 6: 7bekon7 ($103.38 in chips) 
uuzka: posts small blind $0.50
steelNike: posts big blind $1
*** HOLE CARDS ***
7bekon7: raises $1.25 to $2.25
ponchua: folds 
steepfell: folds 
uuzka: folds 
steelNike: folds 
Uncalled bet ($1.25) returned to 7bekon7
7bekon7 collected $2.50 from pot
7bekon7: doesn't show hand 
*** SUMMARY ***
Total pot $2.50 | Rake $0 
Seat 2: lukazs2
Seat 1: ponchua folded before Flop (didn't bet)
Seat 3: steepfell (button) folded before Flop (didn't bet)
Seat 4: uuzka (small blind) folded before Flop
Seat 5: steelNike (big blind) folded before Flop
Seat 6: 7bekon7 collected ($2.50)



PokerStars Hand #254394750272:  Hold'em No Limit ($0.50/$1.00 USD) - 2025/01/16 6:18:36 WET [2025/01/16 1:18:36 ET]
Table 'Walpurga III' 6-max Seat #4 is the button
Seat 2: lukazs2 ($77.62 in chips) is sitting out
Seat 1: ponchua ($230.05 in chips) 
Seat 3: steepfell ($109.81 in chips) 
Seat 4: uuzka ($100 in chips) 
Seat 5: steelNike ($123.92 in chips) 
Seat 6: 7bekon7 ($104.88 in chips) 
steelNike: posts small blind $0.50
7bekon7: posts big blind $1
lukazs2: sits out 
*** HOLE CARDS ***
ponchua: raises $1.50 to $2.50
steepfell: folds 
uuzka: folds 
steelNike: raises $9.50 to $12
7bekon7: folds 
ponchua: folds 
Uncalled bet ($9.50) returned to steelNike
steelNike collected $6 from pot
*** SUMMARY ***
Total pot $6 | Rake $0 
Seat 2: lukazs2
Seat 1: ponchua folded before Flop
Seat 3: steepfell folded before Flop (didn't bet)
Seat 4: uuzka (button) folded before Flop (didn't bet)
Seat 5: steelNike (small blind) collected ($6)
Seat 6: 7bekon7 (big blind) folded before Flop



PokerStars Hand #254394752890:  Hold'em No Limit ($0.50/$1.00 USD) - 2025/01/16 6:19:11 WET [2025/01/16 1:19:11 ET]
Table 'Walpurga III' 6-max Seat #5 is the button
Seat 1: ponchua ($227.55 in chips) 
Seat 2: lukazs2 ($77.62 in chips) 
Seat 3: steepfell ($109.81 in chips) 
Seat 4: uuzka ($100 in chips) 
Seat 5: steelNike ($127.42 in chips) 
Seat 6: 7bekon7 ($103.88 in chips) 
7bekon7: posts small blind $0.50
ponchua: posts big blind $1
lukazs2: posts small & big blinds $1.50
*** HOLE CARDS ***
lukazs2: checks 
steepfell: folds 
uuzka: folds 
steelNike: folds 
7bekon7: folds 
ponchua: raises $5 to $6
lukazs2: folds 
Uncalled bet ($5) returned to ponchua
ponchua collected $3 from pot
ponchua: doesn't show hand 
*** SUMMARY ***
Total pot $3 | Rake $0 
Seat 1: ponchua (big blind) collected ($3)
Seat 2: lukazs2 folded before Flop (didn't bet)
Seat 3: steepfell folded before Flop (didn't bet)
Seat 4: uuzka folded before Flop (didn't bet)
Seat 5: steelNike (button) folded before Flop (didn't bet)
Seat 6: 7bekon7 (small blind) folded before Flop



PokerStars Hand #254394754250:  Hold'em No Limit ($0.50/$1.00 USD) - 2025/01/16 6:19:29 WET [2025/01/16 1:19:29 ET]
Table 'Walpurga III' 6-max Seat #6 is the button
Seat 1: ponchua ($229.55 in chips) 
Seat 2: lukazs2 ($76.12 in chips) 
Seat 3: steepfell ($109.81 in chips) 
Seat 4: uuzka ($100 in chips) 
Seat 5: steelNike ($127.42 in chips) 
Seat 6: 7bekon7 ($103.38 in chips) 
ponchua: posts small blind $0.50
lukazs2: posts big blind $1
*** HOLE CARDS ***
steepfell: folds 
uuzka: folds 
steelNike: raises $1.30 to $2.30
7bekon7: folds 
ponchua: folds 
lukazs2: calls $1.30
*** FLOP *** [5d 9c 3d]
lukazs2: checks 
steelNike: checks 
*** TURN *** [5d 9c 3d] [Qs]
lukazs2: checks 
steelNike: checks 
*** RIVER *** [5d 9c 3d Qs] [2h]
lukazs2: checks 
steelNike: checks 
*** SHOW DOWN ***
lukazs2: shows [6c Ah] (high card Ace)
steelNike: shows [Ad Js] (high card Ace - Queen+Jack kicker)
steelNike collected $4.84 from pot
*** SUMMARY ***
Total pot $5.10 | Rake $0.26 
Board [5d 9c 3d Qs 2h]
Seat 1: ponchua (small blind) folded before Flop
Seat 2: lukazs2 (big blind) showed [6c Ah] and lost with high card Ace
Seat 3: steepfell folded before Flop (didn't bet)
Seat 4: uuzka folded before Flop (didn't bet)
Seat 5: steelNike showed [Ad Js] and won ($4.84) with high card Ace
Seat 6: 7bekon7 (button) folded before Flop (didn't bet)



PokerStars Hand #254394756483:  Hold'em No Limit ($0.50/$1.00 USD) - 2025/01/16 6:19:59 WET [2025/01/16 1:19:59 ET]
Table 'Walpurga III' 6-max Seat #1 is the button
Seat 1: ponchua ($229.05 in chips) 
Seat 2: lukazs2 ($73.82 in chips) 
Seat 3: steepfell ($109.81 in chips) 
Seat 4: uuzka ($100 in chips) 
Seat 5: steelNike ($129.96 in chips) 
Seat 6: 7bekon7 ($103.38 in chips) 
lukazs2: posts small blind $0.50
steepfell: posts big blind $1
*** HOLE CARDS ***
uuzka: folds 
steelNike: folds 
7bekon7: raises $1.50 to $2.50
ponchua: folds 
lukazs2: calls $2
steepfell: raises $10.50 to $13
7bekon7: folds 
lukazs2: folds 
Uncalled bet ($10.50) returned to steepfell
steepfell collected $7.50 from pot
steepfell: doesn't show hand 
*** SUMMARY ***
Total pot $7.50 | Rake $0 
Seat 1: ponchua (button) folded before Flop (didn't bet)
Seat 2: lukazs2 (small blind) folded before Flop
Seat 3: steepfell (big blind) collected ($7.50)
Seat 4: uuzka folded before Flop (didn't bet)
Seat 5: steelNike folded before Flop (didn't bet)
Seat 6: 7bekon7 folded before Flop



PokerStars Hand #254394759011:  Hold'em No Limit ($0.50/$1.00 USD) - 2025/01/16 6:20:33 WET [2025/01/16 1:20:33 ET]
Table 'Walpurga III' 6-max Seat #2 is the button
Seat 1: ponchua ($229.05 in chips) 
Seat 2: lukazs2 ($71.32 in chips) 
Seat 3: steepfell ($114.81 in chips) 
Seat 4: uuzka ($100 in chips) 
Seat 5: steelNike ($129.96 in chips) 
Seat 6: 7bekon7 ($100.88 in chips) 
steepfell: posts small blind $0.50
uuzka: posts big blind $1
*** HOLE CARDS ***
steelNike: folds 
7bekon7: folds 
ponchua: raises $1.50 to $2.50
lukazs2: raises $1.50 to $4
steepfell: folds 
uuzka: folds 
ponchua: calls $1.50
*** FLOP *** [2d 5h 9h]
ponchua: checks 
lukazs2: bets $6.51
ponchua: folds 
Uncalled bet ($6.51) returned to lukazs2
lukazs2 collected $9.02 from pot
*** SUMMARY ***
Total pot $9.50 | Rake $0.48 
Board [2d 5h 9h]
Seat 1: ponchua folded on the Flop
Seat 2: lukazs2 (button) collected ($9.02)
Seat 3: steepfell (small blind) folded before Flop
Seat 4: uuzka (big blind) folded before Flop
Seat 5: steelNike folded before Flop (didn't bet)
Seat 6: 7bekon7 folded before Flop (didn't bet)



PokerStars Hand #254394762799:  Hold'em No Limit ($0.50/$1.00 USD) - 2025/01/16 6:21:22 WET [2025/01/16 1:21:22 ET]
Table 'Walpurga III' 6-max Seat #3 is the button
Seat 1: ponchua ($225.05 in chips) 
Seat 2: lukazs2 ($76.34 in chips) 
Seat 3: steepfell ($114.31 in chips) 
Seat 4: uuzka ($100 in chips) 
Seat 5: steelNike ($129.96 in chips) 
Seat 6: 7bekon7 ($100.88 in chips) 
uuzka: posts small blind $0.50
steelNike: posts big blind $1
*** HOLE CARDS ***
7bekon7: raises $1.25 to $2.25
ponchua: folds 
lukazs2: raises $4.25 to $6.50
steepfell: folds 
uuzka: folds 
steelNike: folds 
7bekon7: calls $4.25
*** FLOP *** [5d 3d 7s]
7bekon7: checks 
lukazs2: bets $13.78
7bekon7: folds 
Uncalled bet ($13.78) returned to lukazs2
lukazs2 collected $13.78 from pot
*** SUMMARY ***
Total pot $14.50 | Rake $0.72 
Board [5d 3d 7s]
Seat 1: ponchua folded before Flop (didn't bet)
Seat 2: lukazs2 collected ($13.78)
Seat 3: steepfell (button) folded before Flop (didn't bet)
Seat 4: uuzka (small blind) folded before Flop
Seat 5: steelNike (big blind) folded before Flop
Seat 6: 7bekon7 folded on the Flop



PokerStars Hand #254394766140:  Hold'em No Limit ($0.50/$1.00 USD) - 2025/01/16 6:22:06 WET [2025/01/16 1:22:06 ET]
Table 'Walpurga III' 6-max Seat #4 is the button
Seat 1: ponchua ($225.05 in chips) 
Seat 2: lukazs2 ($83.62 in chips) 
Seat 3: steepfell ($114.31 in chips) 
Seat 4: uuzka ($100 in chips) 
Seat 5: steelNike ($128.96 in chips) 
Seat 6: 7bekon7 ($100 in chips) 
steelNike: posts small blind $0.50
7bekon7: posts big blind $1
*** HOLE CARDS ***
ponchua: folds 
ponchua leaves the table
lukazs2: folds 
lukazs2 leaves the table
steepfell: folds 
uuzka: raises $1.50 to $2.50
steelNike: folds 
7bekon7: folds 
Uncalled bet ($1.50) returned to uuzka
uuzka collected $2.50 from pot
uuzka: doesn't show hand 
*** SUMMARY ***
Total pot $2.50 | Rake $0 
Seat 1: ponchua folded before Flop (didn't bet)
Seat 2: lukazs2 folded before Flop (didn't bet)
Seat 3: steepfell folded before Flop (didn't bet)
Seat 4: uuzka (button) collected ($2.50)
Seat 5: steelNike (small blind) folded before Flop
Seat 6: 7bekon7 (big blind) folded before Flop



PokerStars Hand #254394767391:  Hold'em No Limit ($0.50/$1.00 USD) - 2025/01/16 6:22:22 WET [2025/01/16 1:22:22 ET]
Table 'Walpurga III' 6-max Seat #5 is the button
Seat 3: steepfell ($114.31 in chips) 
Seat 4: uuzka ($101.50 in chips) 
Seat 5: steelNike ($128.46 in chips) 
Seat 6: 7bekon7 ($100 in chips) 
7bekon7: posts small blind $0.50
steepfell: posts big blind $1
*** HOLE CARDS ***
uuzka: folds 
uuzka leaves the table
steelNike: raises $1.50 to $2.50
7bekon7: folds 
steepfell: folds 
Uncalled bet ($1.50) returned to steelNike
steelNike collected $2.50 from pot
*** SUMMARY ***
Total pot $2.50 | Rake $0 
Seat 3: steepfell (big blind) folded before Flop
Seat 4: uuzka folded before Flop (didn't bet)
Seat 5: steelNike (button) collected ($2.50)
Seat 6: 7bekon7 (small blind) folded before Flop



