PokerStars Hand #254406838987:  Hold'em No Limit ($0.50/$1.00 USD) - 2025/01/16 23:26:09 WET [2025/01/16 18:26:09 ET]
Table 'Leonisis II' 6-max Seat #3 is the button
Seat 1: ffac ($100 in chips) 
Seat 3: Eredar5 ($100 in chips) 
Eredar5: posts small blind $0.50
ffac: posts big blind $1
*** HOLE CARDS ***
Eredar5: folds 
Uncalled bet ($0.50) returned to ffac
ffac collected $1 from pot
ffac: doesn't show hand 
*** SUMMARY ***
Total pot $1 | Rake $0 
Seat 1: ffac (big blind) collected ($1)
Seat 3: Eredar5 (button) (small blind) folded before Flop



PokerStars Hand #254407212448:  Hold'em No Limit ($0.50/$1.00 USD) - 2025/01/16 23:50:52 WET [2025/01/16 18:50:52 ET]
Table 'Leonisis II' 6-max Seat #5 is the button
Seat 3: tintin641 ($100 in chips) is sitting out
Seat 1: Unipoker11 ($101.50 in chips) 
Seat 2: Poker-KING1369 ($42.28 in chips) 
Seat 4: Seavus10 ($109.38 in chips) 
Seat 5: IREQO ($100 in chips) 
Seat 6: Supermegopro ($100 in chips) 
Supermegopro: posts small blind $0.50
Unipoker11: posts big blind $1
tintin641: sits out 
*** HOLE CARDS ***
Poker-KING1369: calls $1
Seavus10: folds 
IREQO: folds 
Supermegopro: calls $0.50
Unipoker11: checks 
*** FLOP *** [2d 6d As]
Supermegopro: checks 
Unipoker11: checks 
Poker-KING1369: checks 
*** TURN *** [2d 6d As] [4d]
Supermegopro: bets $1.90
Unipoker11: folds 
Poker-KING1369: folds 
Uncalled bet ($1.90) returned to Supermegopro
Supermegopro collected $2.85 from pot
Supermegopro: doesn't show hand 
*** SUMMARY ***
Total pot $3 | Rake $0.15 
Board [2d 6d As 4d]
Seat 3: tintin641
Seat 1: Unipoker11 (big blind) folded on the Turn
Seat 2: Poker-KING1369 folded on the Turn
Seat 4: Seavus10 folded before Flop (didn't bet)
Seat 5: IREQO (button) folded before Flop (didn't bet)
Seat 6: Supermegopro (small blind) collected ($2.85)



PokerStars Hand #254407225439:  Hold'em No Limit ($0.50/$1.00 USD) - 2025/01/16 23:51:46 WET [2025/01/16 18:51:46 ET]
Table 'Leonisis II' 6-max Seat #6 is the button
Seat 3: tintin641 ($100 in chips) is sitting out
Seat 1: Unipoker11 ($100.50 in chips) 
Seat 2: Poker-KING1369 ($41.28 in chips) 
Seat 4: Seavus10 ($109.38 in chips) 
Seat 5: IREQO ($100 in chips) 
Seat 6: Supermegopro ($101.85 in chips) 
Unipoker11: posts small blind $0.50
Poker-KING1369: posts big blind $1
tintin641: sits out 
*** HOLE CARDS ***
Seavus10: folds 
IREQO: raises $1.50 to $2.50
Supermegopro: folds 
Unipoker11: folds 
Poker-KING1369: raises $1.50 to $4
IREQO: calls $1.50
*** FLOP *** [8d Qh 6c]
Poker-KING1369: bets $8.08
IREQO: folds 
Uncalled bet ($8.08) returned to Poker-KING1369
Poker-KING1369 collected $8.08 from pot
*** SUMMARY ***
Total pot $8.50 | Rake $0.42 
Board [8d Qh 6c]
Seat 3: tintin641
Seat 1: Unipoker11 (small blind) folded before Flop
Seat 2: Poker-KING1369 (big blind) collected ($8.08)
Seat 4: Seavus10 folded before Flop (didn't bet)
Seat 5: IREQO folded on the Flop
Seat 6: Supermegopro (button) folded before Flop (didn't bet)



PokerStars Hand #254407235847:  Hold'em No Limit ($0.50/$1.00 USD) - 2025/01/16 23:52:30 WET [2025/01/16 18:52:30 ET]
Table 'Leonisis II' 6-max Seat #1 is the button
Seat 1: Unipoker11 ($100 in chips) 
Seat 2: Poker-KING1369 ($45.36 in chips) 
Seat 3: tintin641 ($100 in chips) 
Seat 4: Seavus10 ($109.38 in chips) 
Seat 5: IREQO ($100 in chips) 
Seat 6: Supermegopro ($101.85 in chips) 
Poker-KING1369: posts small blind $0.50
tintin641: posts big blind $1
*** HOLE CARDS ***
Seavus10: folds 
IREQO: folds 
Supermegopro: raises $1.50 to $2.50
Unipoker11: folds 
Poker-KING1369: calls $2
tintin641: calls $1.50
*** FLOP *** [3s 9h 8c]
Poker-KING1369: checks 
tintin641: checks 
Supermegopro: bets $2.85
Poker-KING1369: calls $2.85
tintin641: folds 
*** TURN *** [3s 9h 8c] [Qd]
Poker-KING1369: bets $12.54
Supermegopro: folds 
Uncalled bet ($12.54) returned to Poker-KING1369
Poker-KING1369 collected $12.54 from pot
*** SUMMARY ***
Total pot $13.20 | Rake $0.66 
Board [3s 9h 8c Qd]
Seat 1: Unipoker11 (button) folded before Flop (didn't bet)
Seat 2: Poker-KING1369 (small blind) collected ($12.54)
Seat 3: tintin641 (big blind) folded on the Flop
Seat 4: Seavus10 folded before Flop (didn't bet)
Seat 5: IREQO folded before Flop (didn't bet)
Seat 6: Supermegopro folded on the Turn



PokerStars Hand #254407247748:  Hold'em No Limit ($0.50/$1.00 USD) - 2025/01/16 23:53:21 WET [2025/01/16 18:53:21 ET]
Table 'Leonisis II' 6-max Seat #2 is the button
Seat 1: Unipoker11 ($100 in chips) 
Seat 2: Poker-KING1369 ($52.55 in chips) 
Seat 3: tintin641 ($100 in chips) 
Seat 4: Seavus10 ($109.38 in chips) 
Seat 5: IREQO ($100 in chips) 
Seat 6: Supermegopro ($100 in chips) 
tintin641: posts small blind $0.50
Seavus10: posts big blind $1
*** HOLE CARDS ***
IREQO: folds 
Supermegopro: folds 
Unipoker11: raises $1.30 to $2.30
Poker-KING1369: calls $2.30
tintin641: folds 
Seavus10: folds 
*** FLOP *** [8s 3d 6h]
Unipoker11: checks 
Poker-KING1369: bets $2.90
Unipoker11: folds 
Uncalled bet ($2.90) returned to Poker-KING1369
Poker-KING1369 collected $5.80 from pot
*** SUMMARY ***
Total pot $6.10 | Rake $0.30 
Board [8s 3d 6h]
Seat 1: Unipoker11 folded on the Flop
Seat 2: Poker-KING1369 (button) collected ($5.80)
Seat 3: tintin641 (small blind) folded before Flop
Seat 4: Seavus10 (big blind) folded before Flop
Seat 5: IREQO folded before Flop (didn't bet)
Seat 6: Supermegopro folded before Flop (didn't bet)



PokerStars Hand #254407258297:  Hold'em No Limit ($0.50/$1.00 USD) - 2025/01/16 23:54:06 WET [2025/01/16 18:54:06 ET]
Table 'Leonisis II' 6-max Seat #3 is the button
Seat 1: Unipoker11 ($100 in chips) 
Seat 2: Poker-KING1369 ($56.05 in chips) 
Seat 3: tintin641 ($100 in chips) 
Seat 4: Seavus10 ($108.38 in chips) 
Seat 5: IREQO ($100 in chips) 
Seat 6: Supermegopro ($100 in chips) 
Seavus10: posts small blind $0.50
IREQO: posts big blind $1
*** HOLE CARDS ***
Supermegopro: folds 
Unipoker11: folds 
Poker-KING1369: folds 
tintin641: folds 
Seavus10: raises $2 to $3
IREQO: raises $7 to $10
Seavus10: calls $7
*** FLOP *** [Kc Kh Ac]
Seavus10: checks 
IREQO: bets $6.27
Seavus10: folds 
Uncalled bet ($6.27) returned to IREQO
IREQO collected $19 from pot
IREQO: doesn't show hand 
*** SUMMARY ***
Total pot $20 | Rake $1 
Board [Kc Kh Ac]
Seat 1: Unipoker11 folded before Flop (didn't bet)
Seat 2: Poker-KING1369 folded before Flop (didn't bet)
Seat 3: tintin641 (button) folded before Flop (didn't bet)
Seat 4: Seavus10 (small blind) folded on the Flop
Seat 5: IREQO (big blind) collected ($19)
Seat 6: Supermegopro folded before Flop (didn't bet)



PokerStars Hand #254407270717:  Hold'em No Limit ($0.50/$1.00 USD) - 2025/01/16 23:55:00 WET [2025/01/16 18:55:00 ET]
Table 'Leonisis II' 6-max Seat #4 is the button
Seat 1: Unipoker11 ($100 in chips) 
Seat 2: Poker-KING1369 ($56.05 in chips) 
Seat 3: tintin641 ($100 in chips) 
Seat 4: Seavus10 ($100 in chips) 
Seat 5: IREQO ($109 in chips) 
Seat 6: Supermegopro ($100 in chips) 
IREQO: posts small blind $0.50
Supermegopro: posts big blind $1
*** HOLE CARDS ***
Unipoker11: folds 
Poker-KING1369: calls $1
tintin641: folds 
Seavus10: folds 
IREQO: folds 
Supermegopro: checks 
*** FLOP *** [8d Qd 8h]
Supermegopro: bets $1.59
Poker-KING1369: raises $1.59 to $3.18
Supermegopro: calls $1.59
*** TURN *** [8d Qd 8h] [3c]
Supermegopro: checks 
Poker-KING1369: bets $4.21
Supermegopro: calls $4.21
*** RIVER *** [8d Qd 8h 3c] [Th]
Supermegopro: checks 
Poker-KING1369: checks 
*** SHOW DOWN ***
Supermegopro: shows [Qs 2c] (two pair, Queens and Eights)
Poker-KING1369: shows [Qc Td] (two pair, Queens and Tens)
Poker-KING1369 collected $16.42 from pot
*** SUMMARY ***
Total pot $17.28 | Rake $0.86 
Board [8d Qd 8h 3c Th]
Seat 1: Unipoker11 folded before Flop (didn't bet)
Seat 2: Poker-KING1369 showed [Qc Td] and won ($16.42) with two pair, Queens and Tens
Seat 3: tintin641 folded before Flop (didn't bet)
Seat 4: Seavus10 (button) folded before Flop (didn't bet)
Seat 5: IREQO (small blind) folded before Flop
Seat 6: Supermegopro (big blind) showed [Qs 2c] and lost with two pair, Queens and Eights



PokerStars Hand #254407277472:  Hold'em No Limit ($0.50/$1.00 USD) - 2025/01/16 23:55:35 WET [2025/01/16 18:55:35 ET]
Table 'Leonisis II' 6-max Seat #5 is the button
Seat 1: Unipoker11 ($100 in chips) 
Seat 2: Poker-KING1369 ($64.08 in chips) 
Seat 3: tintin641 ($100 in chips) 
Seat 4: Seavus10 ($100 in chips) 
Seat 5: IREQO ($108.50 in chips) 
Seat 6: Supermegopro ($100 in chips) 
Supermegopro: posts small blind $0.50
Unipoker11: posts big blind $1
*** HOLE CARDS ***
Poker-KING1369: calls $1
tintin641: folds 
Seavus10: folds 
IREQO: folds 
Supermegopro: raises $5 to $6
Unipoker11: folds 
Poker-KING1369: folds 
Uncalled bet ($5) returned to Supermegopro
Supermegopro collected $3 from pot
Supermegopro: doesn't show hand 
*** SUMMARY ***
Total pot $3 | Rake $0 
Seat 1: Unipoker11 (big blind) folded before Flop
Seat 2: Poker-KING1369 folded before Flop
Seat 3: tintin641 folded before Flop (didn't bet)
Seat 4: Seavus10 folded before Flop (didn't bet)
Seat 5: IREQO (button) folded before Flop (didn't bet)
Seat 6: Supermegopro (small blind) collected ($3)



PokerStars Hand #254407281738:  Hold'em No Limit ($0.50/$1.00 USD) - 2025/01/16 23:55:59 WET [2025/01/16 18:55:59 ET]
Table 'Leonisis II' 6-max Seat #6 is the button
Seat 1: Unipoker11 ($100 in chips) 
Seat 2: Poker-KING1369 ($63.08 in chips) 
Seat 3: tintin641 ($100 in chips) 
Seat 4: Seavus10 ($100 in chips) 
Seat 5: IREQO ($108.50 in chips) 
Seat 6: Supermegopro ($102 in chips) 
Unipoker11: posts small blind $0.50
Poker-KING1369: posts big blind $1
*** HOLE CARDS ***
tintin641: folds 
Seavus10: folds 
IREQO: folds 
Supermegopro: raises $1.50 to $2.50
Unipoker11: folds 
Poker-KING1369: raises $1.50 to $4
Supermegopro: calls $1.50
*** FLOP *** [2s 5d 5s]
Poker-KING1369: bets $4.04
Supermegopro: folds 
Uncalled bet ($4.04) returned to Poker-KING1369
Poker-KING1369 collected $8.08 from pot
*** SUMMARY ***
Total pot $8.50 | Rake $0.42 
Board [2s 5d 5s]
Seat 1: Unipoker11 (small blind) folded before Flop
Seat 2: Poker-KING1369 (big blind) collected ($8.08)
Seat 3: tintin641 folded before Flop (didn't bet)
Seat 4: Seavus10 folded before Flop (didn't bet)
Seat 5: IREQO folded before Flop (didn't bet)
Seat 6: Supermegopro (button) folded on the Flop



PokerStars Hand #254407287095:  Hold'em No Limit ($0.50/$1.00 USD) - 2025/01/16 23:56:29 WET [2025/01/16 18:56:29 ET]
Table 'Leonisis II' 6-max Seat #1 is the button
Seat 1: Unipoker11 ($100 in chips) 
Seat 2: Poker-KING1369 ($67.16 in chips) 
Seat 3: tintin641 ($100 in chips) 
Seat 4: Seavus10 ($100 in chips) 
Seat 5: IREQO ($108.50 in chips) 
Seat 6: Supermegopro ($100 in chips) 
Poker-KING1369: posts small blind $0.50
tintin641: posts big blind $1
*** HOLE CARDS ***
Seavus10: folds 
IREQO: folds 
Supermegopro: raises $1.50 to $2.50
Unipoker11: folds 
Poker-KING1369: calls $2
tintin641: folds 
*** FLOP *** [8d As Qd]
Poker-KING1369: checks 
Supermegopro: checks 
*** TURN *** [8d As Qd] [Jh]
Poker-KING1369: checks 
Supermegopro: checks 
*** RIVER *** [8d As Qd Jh] [4d]
Poker-KING1369: checks 
Supermegopro: checks 
*** SHOW DOWN ***
Poker-KING1369: shows [Ks 6d] (high card Ace)
Supermegopro: shows [3c 3s] (a pair of Threes)
Supermegopro collected $5.70 from pot
*** SUMMARY ***
Total pot $6 | Rake $0.30 
Board [8d As Qd Jh 4d]
Seat 1: Unipoker11 (button) folded before Flop (didn't bet)
Seat 2: Poker-KING1369 (small blind) showed [Ks 6d] and lost with high card Ace
Seat 3: tintin641 (big blind) folded before Flop
Seat 4: Seavus10 folded before Flop (didn't bet)
Seat 5: IREQO folded before Flop (didn't bet)
Seat 6: Supermegopro showed [3c 3s] and won ($5.70) with a pair of Threes



PokerStars Hand #254407293111:  Hold'em No Limit ($0.50/$1.00 USD) - 2025/01/16 23:57:02 WET [2025/01/16 18:57:02 ET]
Table 'Leonisis II' 6-max Seat #2 is the button
Seat 1: Unipoker11 ($100 in chips) 
Seat 2: Poker-KING1369 ($64.66 in chips) 
Seat 3: tintin641 ($100 in chips) 
Seat 4: Seavus10 ($100 in chips) 
Seat 5: IREQO ($108.50 in chips) 
Seat 6: Supermegopro ($103.20 in chips) 
tintin641: posts small blind $0.50
Seavus10: posts big blind $1
*** HOLE CARDS ***
IREQO: raises $1.50 to $2.50
Supermegopro: folds 
Unipoker11: folds 
Poker-KING1369: calls $2.50
tintin641: folds 
Seavus10: folds 
*** FLOP *** [4s 8s 6d]
IREQO: bets $1.54
Poker-KING1369: calls $1.54
*** TURN *** [4s 8s 6d] [5h]
IREQO: checks 
Poker-KING1369: checks 
*** RIVER *** [4s 8s 6d 5h] [8h]
IREQO: checks 
Poker-KING1369: bets $9.10
IREQO: folds 
Uncalled bet ($9.10) returned to Poker-KING1369
Poker-KING1369 collected $9.10 from pot
*** SUMMARY ***
Total pot $9.58 | Rake $0.48 
Board [4s 8s 6d 5h 8h]
Seat 1: Unipoker11 folded before Flop (didn't bet)
Seat 2: Poker-KING1369 (button) collected ($9.10)
Seat 3: tintin641 (small blind) folded before Flop
Seat 4: Seavus10 (big blind) folded before Flop
Seat 5: IREQO folded on the River
Seat 6: Supermegopro folded before Flop (didn't bet)



PokerStars Hand #254407307059:  Hold'em No Limit ($0.50/$1.00 USD) - 2025/01/16 23:58:22 WET [2025/01/16 18:58:22 ET]
Table 'Leonisis II' 6-max Seat #3 is the button
Seat 5: IREQO ($104.46 in chips) is sitting out
Seat 1: Unipoker11 ($100 in chips) 
Seat 2: Poker-KING1369 ($69.72 in chips) 
Seat 3: tintin641 ($100 in chips) 
Seat 4: Seavus10 ($100 in chips) 
Seat 6: Supermegopro ($103.20 in chips) 
Seavus10: posts small blind $0.50
IREQO: is sitting out 
Supermegopro: posts big blind $1
*** HOLE CARDS ***
Unipoker11: folds 
IREQO leaves the table
kuca86 joins the table at seat #5 
Poker-KING1369: folds 
tintin641: folds 
Seavus10: raises $2 to $3
Supermegopro: raises $7 to $10
Seavus10: folds 
Uncalled bet ($7) returned to Supermegopro
Supermegopro collected $6 from pot
Supermegopro: doesn't show hand 
*** SUMMARY ***
Total pot $6 | Rake $0 
Seat 5: IREQO
Seat 1: Unipoker11 folded before Flop (didn't bet)
Seat 2: Poker-KING1369 folded before Flop (didn't bet)
Seat 3: tintin641 (button) folded before Flop (didn't bet)
Seat 4: Seavus10 (small blind) folded before Flop
Seat 6: Supermegopro (big blind) collected ($6)



PokerStars Hand #254407314030:  Hold'em No Limit ($0.50/$1.00 USD) - 2025/01/16 23:59:02 WET [2025/01/16 18:59:02 ET]
Table 'Leonisis II' 6-max Seat #4 is the button
Seat 5: kuca86 ($100 in chips) is sitting out
Seat 1: Unipoker11 ($100 in chips) 
Seat 2: Poker-KING1369 ($69.72 in chips) 
Seat 3: tintin641 ($100 in chips) 
Seat 4: Seavus10 ($100 in chips) 
Seat 6: Supermegopro ($106.20 in chips) 
Supermegopro: posts small blind $0.50
Unipoker11: posts big blind $1
*** HOLE CARDS ***
Poker-KING1369: calls $1
tintin641: raises $3 to $4
Seavus10: folds 
Supermegopro: calls $3.50
Unipoker11: folds 
Poker-KING1369: calls $3
*** FLOP *** [8h Js 3h]
Supermegopro: checks 
Poker-KING1369: checks 
tintin641: checks 
*** TURN *** [8h Js 3h] [9d]
Supermegopro: checks 
Poker-KING1369: bets $6.18
tintin641: folds 
Supermegopro: folds 
Uncalled bet ($6.18) returned to Poker-KING1369
Poker-KING1369 collected $12.35 from pot
*** SUMMARY ***
Total pot $13 | Rake $0.65 
Board [8h Js 3h 9d]
Seat 5: kuca86
Seat 1: Unipoker11 (big blind) folded before Flop
Seat 2: Poker-KING1369 collected ($12.35)
Seat 3: tintin641 folded on the Turn
Seat 4: Seavus10 (button) folded before Flop (didn't bet)
Seat 6: Supermegopro (small blind) folded on the Turn



PokerStars Hand #254407326056:  Hold'em No Limit ($0.50/$1.00 USD) - 2025/01/16 0:00:11 WET [2025/01/16 19:00:11 ET]
Table 'Leonisis II' 6-max Seat #6 is the button
Seat 5: kuca86 ($100 in chips) is sitting out
Seat 1: Unipoker11 ($100 in chips) 
Seat 2: Poker-KING1369 ($78.07 in chips) 
Seat 3: tintin641 ($100 in chips) 
Seat 4: Seavus10 ($100 in chips) 
Seat 6: Supermegopro ($102.20 in chips) 
Unipoker11: posts small blind $0.50
Poker-KING1369: posts big blind $1
kuca86: sits out 
*** HOLE CARDS ***
tintin641: folds 
Seavus10: raises $1.20 to $2.20
Supermegopro: raises $5.30 to $7.50
Unipoker11: folds 
Poker-KING1369: folds 
Seavus10: folds 
Uncalled bet ($5.30) returned to Supermegopro
Supermegopro collected $5.90 from pot
Supermegopro: doesn't show hand 
*** SUMMARY ***
Total pot $5.90 | Rake $0 
Seat 5: kuca86
Seat 1: Unipoker11 (small blind) folded before Flop
Seat 2: Poker-KING1369 (big blind) folded before Flop
Seat 3: tintin641 folded before Flop (didn't bet)
Seat 4: Seavus10 folded before Flop
Seat 6: Supermegopro (button) collected ($5.90)



PokerStars Hand #254407329629:  Hold'em No Limit ($0.50/$1.00 USD) - 2025/01/16 0:00:30 WET [2025/01/16 19:00:30 ET]
Table 'Leonisis II' 6-max Seat #1 is the button
Seat 5: kuca86 ($100 in chips) is sitting out
Seat 1: Unipoker11 ($100 in chips) 
Seat 2: Poker-KING1369 ($77.07 in chips) 
Seat 3: tintin641 ($100 in chips) 
Seat 4: Seavus10 ($100 in chips) 
Seat 6: Supermegopro ($105.90 in chips) 
Poker-KING1369: posts small blind $0.50
tintin641: posts big blind $1
kuca86: sits out 
*** HOLE CARDS ***
Seavus10: folds 
Supermegopro: folds 
Unipoker11: raises $1.50 to $2.50
Poker-KING1369: folds 
tintin641: calls $1.50
*** FLOP *** [Jh Js Ks]
tintin641: checks 
Unipoker11: bets $1.30
tintin641: raises $3.91 to $5.21
Unipoker11: folds 
Uncalled bet ($3.91) returned to tintin641
tintin641 collected $7.70 from pot
tintin641: doesn't show hand 
*** SUMMARY ***
Total pot $8.10 | Rake $0.40 
Board [Jh Js Ks]
Seat 5: kuca86
Seat 1: Unipoker11 (button) folded on the Flop
Seat 2: Poker-KING1369 (small blind) folded before Flop
Seat 3: tintin641 (big blind) collected ($7.70)
Seat 4: Seavus10 folded before Flop (didn't bet)
Seat 6: Supermegopro folded before Flop (didn't bet)



PokerStars Hand #254407339586:  Hold'em No Limit ($0.50/$1.00 USD) - 2025/01/16 0:01:19 WET [2025/01/16 19:01:19 ET]
Table 'Leonisis II' 6-max Seat #2 is the button
Seat 5: kuca86 ($100 in chips) is sitting out
Seat 1: Unipoker11 ($100 in chips) 
Seat 2: Poker-KING1369 ($76.57 in chips) 
Seat 3: tintin641 ($103.90 in chips) 
Seat 4: Seavus10 ($100 in chips) 
Seat 6: Supermegopro ($105.90 in chips) 
tintin641: posts small blind $0.50
Seavus10: posts big blind $1
kuca86: sits out 
*** HOLE CARDS ***
Supermegopro: raises $1.50 to $2.50
Unipoker11: folds 
Poker-KING1369: calls $2.50
tintin641: folds 
Seavus10: folds 
*** FLOP *** [7d 6d Ah]
Supermegopro: bets $2.04
Poker-KING1369: folds 
Uncalled bet ($2.04) returned to Supermegopro
Supermegopro collected $6.18 from pot
Supermegopro: doesn't show hand 
*** SUMMARY ***
Total pot $6.50 | Rake $0.32 
Board [7d 6d Ah]
Seat 5: kuca86
Seat 1: Unipoker11 folded before Flop (didn't bet)
Seat 2: Poker-KING1369 (button) folded on the Flop
Seat 3: tintin641 (small blind) folded before Flop
Seat 4: Seavus10 (big blind) folded before Flop
Seat 6: Supermegopro collected ($6.18)



PokerStars Hand #254407349132:  Hold'em No Limit ($0.50/$1.00 USD) - 2025/01/16 0:02:01 WET [2025/01/16 19:02:01 ET]
Table 'Leonisis II' 6-max Seat #3 is the button
Seat 1: Unipoker11 ($100 in chips) 
Seat 2: Poker-KING1369 ($74.07 in chips) 
Seat 3: tintin641 ($103.40 in chips) 
Seat 4: Seavus10 ($100 in chips) 
Seat 5: kuca86 ($100 in chips) 
Seat 6: Supermegopro ($109.58 in chips) 
Seavus10: posts small blind $0.50
kuca86: posts big blind $1
*** HOLE CARDS ***
Supermegopro: raises $1.50 to $2.50
Unipoker11: folds 
Poker-KING1369: calls $2.50
tintin641: folds 
Seavus10: folds 
kuca86: calls $1.50
*** FLOP *** [8c 9s 3h]
kuca86: checks 
Supermegopro: bets $5.07
Poker-KING1369: folds 
kuca86: folds 
Uncalled bet ($5.07) returned to Supermegopro
Supermegopro collected $7.60 from pot
Supermegopro: doesn't show hand 
*** SUMMARY ***
Total pot $8 | Rake $0.40 
Board [8c 9s 3h]
Seat 1: Unipoker11 folded before Flop (didn't bet)
Seat 2: Poker-KING1369 folded on the Flop
Seat 3: tintin641 (button) folded before Flop (didn't bet)
Seat 4: Seavus10 (small blind) folded before Flop
Seat 5: kuca86 (big blind) folded on the Flop
Seat 6: Supermegopro collected ($7.60)



PokerStars Hand #254407364457:  Hold'em No Limit ($0.50/$1.00 USD) - 2025/01/16 0:03:11 WET [2025/01/16 19:03:11 ET]
Table 'Leonisis II' 6-max Seat #4 is the button
Seat 1: Unipoker11 ($100 in chips) 
Seat 2: Poker-KING1369 ($71.57 in chips) 
Seat 3: tintin641 ($103.40 in chips) 
Seat 4: Seavus10 ($100 in chips) 
Seat 5: kuca86 ($100 in chips) 
Seat 6: Supermegopro ($114.68 in chips) 
kuca86: posts small blind $0.50
Supermegopro: posts big blind $1
*** HOLE CARDS ***
Unipoker11: folds 
Poker-KING1369: calls $1
tintin641: folds 
Seavus10: folds 
kuca86: calls $0.50
Supermegopro: checks 
*** FLOP *** [8c Td 9h]
kuca86: checks 
Supermegopro: checks 
Poker-KING1369: bets $2.85
kuca86: folds 
Supermegopro: folds 
Uncalled bet ($2.85) returned to Poker-KING1369
Poker-KING1369 collected $2.85 from pot
*** SUMMARY ***
Total pot $3 | Rake $0.15 
Board [8c Td 9h]
Seat 1: Unipoker11 folded before Flop (didn't bet)
Seat 2: Poker-KING1369 collected ($2.85)
Seat 3: tintin641 folded before Flop (didn't bet)
Seat 4: Seavus10 (button) folded before Flop (didn't bet)
Seat 5: kuca86 (small blind) folded on the Flop
Seat 6: Supermegopro (big blind) folded on the Flop



PokerStars Hand #254407372264:  Hold'em No Limit ($0.50/$1.00 USD) - 2025/01/16 0:03:46 WET [2025/01/16 19:03:46 ET]
Table 'Leonisis II' 6-max Seat #5 is the button
Seat 1: Unipoker11 ($100 in chips) 
Seat 2: Poker-KING1369 ($73.42 in chips) 
Seat 3: tintin641 ($103.40 in chips) 
Seat 4: Seavus10 ($100 in chips) 
Seat 5: kuca86 ($100 in chips) 
Seat 6: Supermegopro ($113.68 in chips) 
Supermegopro: posts small blind $0.50
Unipoker11: posts big blind $1
*** HOLE CARDS ***
Poker-KING1369: calls $1
tintin641: folds 
Seavus10: folds 
kuca86: folds 
Supermegopro: raises $4 to $5
Unipoker11: folds 
Poker-KING1369: folds 
Uncalled bet ($4) returned to Supermegopro
Supermegopro collected $3 from pot
Supermegopro: doesn't show hand 
*** SUMMARY ***
Total pot $3 | Rake $0 
Seat 1: Unipoker11 (big blind) folded before Flop
Seat 2: Poker-KING1369 folded before Flop
Seat 3: tintin641 folded before Flop (didn't bet)
Seat 4: Seavus10 folded before Flop (didn't bet)
Seat 5: kuca86 (button) folded before Flop (didn't bet)
Seat 6: Supermegopro (small blind) collected ($3)



PokerStars Hand #254407378857:  Hold'em No Limit ($0.50/$1.00 USD) - 2025/01/16 0:04:16 WET [2025/01/16 19:04:16 ET]
Table 'Leonisis II' 6-max Seat #6 is the button
Seat 1: Unipoker11 ($100 in chips) 
Seat 2: Poker-KING1369 ($72.42 in chips) 
Seat 3: tintin641 ($103.40 in chips) 
Seat 4: Seavus10 ($100 in chips) 
Seat 5: kuca86 ($100 in chips) 
Seat 6: Supermegopro ($115.68 in chips) 
Unipoker11: posts small blind $0.50
Poker-KING1369: posts big blind $1
*** HOLE CARDS ***
tintin641: raises $1.50 to $2.50
Seavus10: folds 
kuca86: folds 
Supermegopro: folds 
Unipoker11: folds 
Poker-KING1369: folds 
Uncalled bet ($1.50) returned to tintin641
tintin641 collected $2.50 from pot
tintin641: doesn't show hand 
*** SUMMARY ***
Total pot $2.50 | Rake $0 
Seat 1: Unipoker11 (small blind) folded before Flop
Seat 2: Poker-KING1369 (big blind) folded before Flop
Seat 3: tintin641 collected ($2.50)
Seat 4: Seavus10 folded before Flop (didn't bet)
Seat 5: kuca86 folded before Flop (didn't bet)
Seat 6: Supermegopro (button) folded before Flop (didn't bet)



PokerStars Hand #254407382954:  Hold'em No Limit ($0.50/$1.00 USD) - 2025/01/16 0:04:34 WET [2025/01/16 19:04:34 ET]
Table 'Leonisis II' 6-max Seat #1 is the button
Seat 1: Unipoker11 ($100 in chips) 
Seat 2: Poker-KING1369 ($71.42 in chips) 
Seat 3: tintin641 ($104.90 in chips) 
Seat 4: Seavus10 ($100 in chips) 
Seat 5: kuca86 ($100 in chips) 
Seat 6: Supermegopro ($115.68 in chips) 
Poker-KING1369: posts small blind $0.50
tintin641: posts big blind $1
*** HOLE CARDS ***
Seavus10: raises $1.50 to $2.50
kuca86: folds 
Supermegopro: folds 
Unipoker11: folds 
Poker-KING1369: calls $2
tintin641: folds 
*** FLOP *** [Th 2d 6h]
Poker-KING1369: checks 
Seavus10: bets $3.40
Poker-KING1369: calls $3.40
*** TURN *** [Th 2d 6h] [4c]
Poker-KING1369: checks 
Seavus10: checks 
*** RIVER *** [Th 2d 6h 4c] [Ts]
Poker-KING1369: bets $6.08
Seavus10: folds 
Uncalled bet ($6.08) returned to Poker-KING1369
Poker-KING1369 collected $12.16 from pot
*** SUMMARY ***
Total pot $12.80 | Rake $0.64 
Board [Th 2d 6h 4c Ts]
Seat 1: Unipoker11 (button) folded before Flop (didn't bet)
Seat 2: Poker-KING1369 (small blind) collected ($12.16)
Seat 3: tintin641 (big blind) folded before Flop
Seat 4: Seavus10 folded on the River
Seat 5: kuca86 folded before Flop (didn't bet)
Seat 6: Supermegopro folded before Flop (didn't bet)



PokerStars Hand #254407397421:  Hold'em No Limit ($0.50/$1.00 USD) - 2025/01/16 0:05:38 WET [2025/01/16 19:05:38 ET]
Table 'Leonisis II' 6-max Seat #2 is the button
Seat 1: Unipoker11 ($100 in chips) 
Seat 2: Poker-KING1369 ($77.68 in chips) 
Seat 3: tintin641 ($103.90 in chips) 
Seat 4: Seavus10 ($100 in chips) 
Seat 5: kuca86 ($100 in chips) 
Seat 6: Supermegopro ($115.68 in chips) 
tintin641: posts small blind $0.50
Seavus10: posts big blind $1
*** HOLE CARDS ***
kuca86: folds 
Supermegopro: folds 
Unipoker11: folds 
Poker-KING1369: calls $1
tintin641: folds 
Seavus10: checks 
*** FLOP *** [Jc 4d 8h]
Seavus10: checks 
Poker-KING1369: checks 
*** TURN *** [Jc 4d 8h] [8d]
Seavus10: bets $2.28
Poker-KING1369: calls $2.28
*** RIVER *** [Jc 4d 8h 8d] [7s]
Seavus10: bets $6.98
Poker-KING1369: folds 
Uncalled bet ($6.98) returned to Seavus10
Seavus10 collected $6.71 from pot
Seavus10: doesn't show hand 
*** SUMMARY ***
Total pot $7.06 | Rake $0.35 
Board [Jc 4d 8h 8d 7s]
Seat 1: Unipoker11 folded before Flop (didn't bet)
Seat 2: Poker-KING1369 (button) folded on the River
Seat 3: tintin641 (small blind) folded before Flop
Seat 4: Seavus10 (big blind) collected ($6.71)
Seat 5: kuca86 folded before Flop (didn't bet)
Seat 6: Supermegopro folded before Flop (didn't bet)



PokerStars Hand #254407409086:  Hold'em No Limit ($0.50/$1.00 USD) - 2025/01/16 0:06:30 WET [2025/01/16 19:06:30 ET]
Table 'Leonisis II' 6-max Seat #3 is the button
Seat 1: Unipoker11 ($100 in chips) 
Seat 2: Poker-KING1369 ($74.40 in chips) 
Seat 3: tintin641 ($103.40 in chips) 
Seat 4: Seavus10 ($103.43 in chips) 
Seat 5: kuca86 ($100 in chips) 
Seat 6: Supermegopro ($115.68 in chips) 
Seavus10: posts small blind $0.50
kuca86: posts big blind $1
*** HOLE CARDS ***
Supermegopro: folds 
Unipoker11: raises $1 to $2
Poker-KING1369: folds 
tintin641: folds 
Seavus10: folds 
kuca86: raises $7 to $9
Unipoker11: raises $12 to $21
kuca86: folds 
Uncalled bet ($12) returned to Unipoker11
Unipoker11 collected $18.50 from pot
Unipoker11: doesn't show hand 
*** SUMMARY ***
Total pot $18.50 | Rake $0 
Seat 1: Unipoker11 collected ($18.50)
Seat 2: Poker-KING1369 folded before Flop (didn't bet)
Seat 3: tintin641 (button) folded before Flop (didn't bet)
Seat 4: Seavus10 (small blind) folded before Flop
Seat 5: kuca86 (big blind) folded before Flop
Seat 6: Supermegopro folded before Flop (didn't bet)



PokerStars Hand #254407420067:  Hold'em No Limit ($0.50/$1.00 USD) - 2025/01/16 0:07:20 WET [2025/01/16 19:07:20 ET]
Table 'Leonisis II' 6-max Seat #4 is the button
Seat 1: Unipoker11 ($109.50 in chips) 
Seat 2: Poker-KING1369 ($74.40 in chips) 
Seat 3: tintin641 ($103.40 in chips) 
Seat 4: Seavus10 ($102.93 in chips) 
Seat 5: kuca86 ($100 in chips) 
Seat 6: Supermegopro ($115.68 in chips) 
kuca86: posts small blind $0.50
Supermegopro: posts big blind $1
*** HOLE CARDS ***
Unipoker11: folds 
Poker-KING1369: folds 
tintin641: folds 
Seavus10: raises $1.50 to $2.50
kuca86: raises $7.50 to $10
Supermegopro: folds 
Seavus10: folds 
Uncalled bet ($7.50) returned to kuca86
kuca86 collected $6 from pot
kuca86: doesn't show hand 
*** SUMMARY ***
Total pot $6 | Rake $0 
Seat 1: Unipoker11 folded before Flop (didn't bet)
Seat 2: Poker-KING1369 folded before Flop (didn't bet)
Seat 3: tintin641 folded before Flop (didn't bet)
Seat 4: Seavus10 (button) folded before Flop
Seat 5: kuca86 (small blind) collected ($6)
Seat 6: Supermegopro (big blind) folded before Flop



PokerStars Hand #254407425910:  Hold'em No Limit ($0.50/$1.00 USD) - 2025/01/16 0:07:46 WET [2025/01/16 19:07:46 ET]
Table 'Leonisis II' 6-max Seat #5 is the button
Seat 1: Unipoker11 ($109.50 in chips) 
Seat 2: Poker-KING1369 ($74.40 in chips) 
Seat 3: tintin641 ($103.40 in chips) 
Seat 4: Seavus10 ($100.43 in chips) 
Seat 5: kuca86 ($103.50 in chips) 
Seat 6: Supermegopro ($114.68 in chips) 
Supermegopro: posts small blind $0.50
Unipoker11: posts big blind $1
*** HOLE CARDS ***
Poker-KING1369: calls $1
tintin641: folds 
Seavus10: raises $3.20 to $4.20
kuca86: folds 
Supermegopro: folds 
Unipoker11: calls $3.20
Poker-KING1369: calls $3.20
*** FLOP *** [Jh 9h 6s]
Unipoker11: checks 
Poker-KING1369: checks 
Seavus10: checks 
*** TURN *** [Jh 9h 6s] [Kc]
Unipoker11: checks 
Poker-KING1369: bets $6.22
Seavus10: folds 
Unipoker11: folds 
Uncalled bet ($6.22) returned to Poker-KING1369
Poker-KING1369 collected $12.44 from pot
*** SUMMARY ***
Total pot $13.10 | Rake $0.66 
Board [Jh 9h 6s Kc]
Seat 1: Unipoker11 (big blind) folded on the Turn
Seat 2: Poker-KING1369 collected ($12.44)
Seat 3: tintin641 folded before Flop (didn't bet)
Seat 4: Seavus10 folded on the Turn
Seat 5: kuca86 (button) folded before Flop (didn't bet)
Seat 6: Supermegopro (small blind) folded before Flop



PokerStars Hand #254407446602:  Hold'em No Limit ($0.50/$1.00 USD) - 2025/01/16 0:09:20 WET [2025/01/16 19:09:20 ET]
Table 'Leonisis II' 6-max Seat #6 is the button
Seat 1: Unipoker11 ($105.30 in chips) 
Seat 2: Poker-KING1369 ($82.64 in chips) 
Seat 3: tintin641 ($103.40 in chips) 
Seat 4: Seavus10 ($100 in chips) 
Seat 5: kuca86 ($103.50 in chips) 
Seat 6: Supermegopro ($114.18 in chips) 
Unipoker11: posts small blind $0.50
Poker-KING1369: posts big blind $1
*** HOLE CARDS ***
tintin641: folds 
Seavus10: raises $1.20 to $2.20
kuca86: folds 
Supermegopro: folds 
Unipoker11: folds 
Poker-KING1369: folds 
Uncalled bet ($1.20) returned to Seavus10
Seavus10 collected $2.50 from pot
Seavus10: doesn't show hand 
*** SUMMARY ***
Total pot $2.50 | Rake $0 
Seat 1: Unipoker11 (small blind) folded before Flop
Seat 2: Poker-KING1369 (big blind) folded before Flop
Seat 3: tintin641 folded before Flop (didn't bet)
Seat 4: Seavus10 collected ($2.50)
Seat 5: kuca86 folded before Flop (didn't bet)
Seat 6: Supermegopro (button) folded before Flop (didn't bet)



PokerStars Hand #254407449811:  Hold'em No Limit ($0.50/$1.00 USD) - 2025/01/16 0:09:35 WET [2025/01/16 19:09:35 ET]
Table 'Leonisis II' 6-max Seat #1 is the button
Seat 1: Unipoker11 ($104.80 in chips) 
Seat 2: Poker-KING1369 ($81.64 in chips) 
Seat 3: tintin641 ($103.40 in chips) 
Seat 4: Seavus10 ($101.50 in chips) 
Seat 5: kuca86 ($103.50 in chips) 
Seat 6: Supermegopro ($114.18 in chips) 
Poker-KING1369: posts small blind $0.50
tintin641: posts big blind $1
*** HOLE CARDS ***
Seavus10: folds 
kuca86: folds 
Supermegopro: folds 
Unipoker11: raises $1.50 to $2.50
Poker-KING1369: raises $1.50 to $4
tintin641: folds 
Unipoker11: folds 
Uncalled bet ($1.50) returned to Poker-KING1369
Poker-KING1369 collected $6 from pot
*** SUMMARY ***
Total pot $6 | Rake $0 
Seat 1: Unipoker11 (button) folded before Flop
Seat 2: Poker-KING1369 (small blind) collected ($6)
Seat 3: tintin641 (big blind) folded before Flop
Seat 4: Seavus10 folded before Flop (didn't bet)
Seat 5: kuca86 folded before Flop (didn't bet)
Seat 6: Supermegopro folded before Flop (didn't bet)



PokerStars Hand #254407455374:  Hold'em No Limit ($0.50/$1.00 USD) - 2025/01/16 0:10:00 WET [2025/01/16 19:10:00 ET]
Table 'Leonisis II' 6-max Seat #2 is the button
Seat 1: Unipoker11 ($102.30 in chips) 
Seat 2: Poker-KING1369 ($85.14 in chips) 
Seat 3: tintin641 ($102.40 in chips) 
Seat 4: Seavus10 ($101.50 in chips) 
Seat 5: kuca86 ($103.50 in chips) 
Seat 6: Supermegopro ($114.18 in chips) 
tintin641: posts small blind $0.50
Seavus10: posts big blind $1
*** HOLE CARDS ***
kuca86: folds 
Supermegopro: raises $1.50 to $2.50
Unipoker11: calls $2.50
Poker-KING1369: calls $2.50
tintin641: folds 
Seavus10: folds 
*** FLOP *** [Qc 7h 8d]
Supermegopro: checks 
Unipoker11: checks 
Poker-KING1369: bets $4.28
Supermegopro: folds 
Unipoker11: folds 
Uncalled bet ($4.28) returned to Poker-KING1369
Poker-KING1369 collected $8.55 from pot
*** SUMMARY ***
Total pot $9 | Rake $0.45 
Board [Qc 7h 8d]
Seat 1: Unipoker11 folded on the Flop
Seat 2: Poker-KING1369 (button) collected ($8.55)
Seat 3: tintin641 (small blind) folded before Flop
Seat 4: Seavus10 (big blind) folded before Flop
Seat 5: kuca86 folded before Flop (didn't bet)
Seat 6: Supermegopro folded on the Flop



PokerStars Hand #254407465394:  Hold'em No Limit ($0.50/$1.00 USD) - 2025/01/16 0:10:45 WET [2025/01/16 19:10:45 ET]
Table 'Leonisis II' 6-max Seat #3 is the button
Seat 1: Unipoker11 ($100 in chips) 
Seat 2: Poker-KING1369 ($91.19 in chips) 
Seat 3: tintin641 ($101.90 in chips) 
Seat 4: Seavus10 ($100.50 in chips) 
Seat 5: kuca86 ($103.50 in chips) 
Seat 6: Supermegopro ($111.68 in chips) 
Seavus10: posts small blind $0.50
kuca86: posts big blind $1
*** HOLE CARDS ***
Supermegopro: folds 
Unipoker11: folds 
Poker-KING1369: raises $1 to $2
tintin641: folds 
Seavus10: folds 
kuca86: folds 
Uncalled bet ($1) returned to Poker-KING1369
Poker-KING1369 collected $2.50 from pot
*** SUMMARY ***
Total pot $2.50 | Rake $0 
Seat 1: Unipoker11 folded before Flop (didn't bet)
Seat 2: Poker-KING1369 collected ($2.50)
Seat 3: tintin641 (button) folded before Flop (didn't bet)
Seat 4: Seavus10 (small blind) folded before Flop
Seat 5: kuca86 (big blind) folded before Flop
Seat 6: Supermegopro folded before Flop (didn't bet)



PokerStars Hand #254407469075:  Hold'em No Limit ($0.50/$1.00 USD) - 2025/01/16 0:11:02 WET [2025/01/16 19:11:02 ET]
Table 'Leonisis II' 6-max Seat #4 is the button
Seat 1: Unipoker11 ($100 in chips) 
Seat 2: Poker-KING1369 ($92.69 in chips) 
Seat 3: tintin641 ($101.90 in chips) 
Seat 4: Seavus10 ($100 in chips) 
Seat 5: kuca86 ($102.50 in chips) 
Seat 6: Supermegopro ($111.68 in chips) 
kuca86: posts small blind $0.50
Supermegopro: posts big blind $1
*** HOLE CARDS ***
Unipoker11: folds 
Poker-KING1369: calls $1
tintin641: raises $3 to $4
Seavus10: folds 
kuca86: raises $10 to $14
Supermegopro: folds 
Poker-KING1369: folds 
tintin641: folds 
Uncalled bet ($10) returned to kuca86
kuca86 collected $10 from pot
kuca86: doesn't show hand 
*** SUMMARY ***
Total pot $10 | Rake $0 
Seat 1: Unipoker11 folded before Flop (didn't bet)
Seat 2: Poker-KING1369 folded before Flop
Seat 3: tintin641 folded before Flop
Seat 4: Seavus10 (button) folded before Flop (didn't bet)
Seat 5: kuca86 (small blind) collected ($10)
Seat 6: Supermegopro (big blind) folded before Flop



PokerStars Hand #254407476002:  Hold'em No Limit ($0.50/$1.00 USD) - 2025/01/16 0:11:34 WET [2025/01/16 19:11:34 ET]
Table 'Leonisis II' 6-max Seat #5 is the button
Seat 1: Unipoker11 ($100 in chips) 
Seat 2: Poker-KING1369 ($91.69 in chips) 
Seat 3: tintin641 ($100 in chips) 
Seat 4: Seavus10 ($100 in chips) 
Seat 5: kuca86 ($108.50 in chips) 
Seat 6: Supermegopro ($110.68 in chips) 
Supermegopro: posts small blind $0.50
Unipoker11: posts big blind $1
*** HOLE CARDS ***
Poker-KING1369: calls $1
tintin641: folds 
Seavus10: raises $3.20 to $4.20
kuca86: folds 
Supermegopro: folds 
Unipoker11: folds 
Poker-KING1369: calls $3.20
*** FLOP *** [9d Ac 7h]
Poker-KING1369: checks 
Seavus10: bets $3.13
Poker-KING1369: calls $3.13
*** TURN *** [9d Ac 7h] [8s]
Poker-KING1369: checks 
Seavus10: bets $9.01
Poker-KING1369: calls $9.01
*** RIVER *** [9d Ac 7h 8s] [6c]
Poker-KING1369: checks 
Seavus10: checks 
*** SHOW DOWN ***
Poker-KING1369: shows [6d 5h] (a straight, Five to Nine)
Seavus10: mucks hand 
Poker-KING1369 collected $32.47 from pot
*** SUMMARY ***
Total pot $34.18 | Rake $1.71 
Board [9d Ac 7h 8s 6c]
Seat 1: Unipoker11 (big blind) folded before Flop
Seat 2: Poker-KING1369 showed [6d 5h] and won ($32.47) with a straight, Five to Nine
Seat 3: tintin641 folded before Flop (didn't bet)
Seat 4: Seavus10 mucked
Seat 5: kuca86 (button) folded before Flop (didn't bet)
Seat 6: Supermegopro (small blind) folded before Flop



PokerStars Hand #254407488119:  Hold'em No Limit ($0.50/$1.00 USD) - 2025/01/16 0:12:30 WET [2025/01/16 19:12:30 ET]
Table 'Leonisis II' 6-max Seat #6 is the button
Seat 1: Unipoker11 ($100 in chips) 
Seat 2: Poker-KING1369 ($107.82 in chips) 
Seat 3: tintin641 ($100 in chips) 
Seat 4: Seavus10 ($100 in chips) 
Seat 5: kuca86 ($108.50 in chips) 
Seat 6: Supermegopro ($110.18 in chips) 
Unipoker11: posts small blind $0.50
Poker-KING1369: posts big blind $1
*** HOLE CARDS ***
tintin641: folds 
Seavus10: folds 
kuca86: raises $1.50 to $2.50
Supermegopro: raises $5 to $7.50
Unipoker11: folds 
Poker-KING1369: folds 
kuca86: folds 
Uncalled bet ($5) returned to Supermegopro
Supermegopro collected $6.50 from pot
Supermegopro: doesn't show hand 
*** SUMMARY ***
Total pot $6.50 | Rake $0 
Seat 1: Unipoker11 (small blind) folded before Flop
Seat 2: Poker-KING1369 (big blind) folded before Flop
Seat 3: tintin641 folded before Flop (didn't bet)
Seat 4: Seavus10 folded before Flop (didn't bet)
Seat 5: kuca86 folded before Flop
Seat 6: Supermegopro (button) collected ($6.50)



PokerStars Hand #254407493274:  Hold'em No Limit ($0.50/$1.00 USD) - 2025/01/16 0:12:53 WET [2025/01/16 19:12:53 ET]
Table 'Leonisis II' 6-max Seat #1 is the button
Seat 1: Unipoker11 ($100 in chips) 
Seat 2: Poker-KING1369 ($106.82 in chips) 
Seat 3: tintin641 ($100 in chips) 
Seat 4: Seavus10 ($100 in chips) 
Seat 5: kuca86 ($106 in chips) 
Seat 6: Supermegopro ($114.18 in chips) 
Poker-KING1369: posts small blind $0.50
tintin641: posts big blind $1
*** HOLE CARDS ***
Seavus10: folds 
kuca86: folds 
Supermegopro: folds 
Unipoker11: folds 
Poker-KING1369: raises $1 to $2
tintin641: folds 
Uncalled bet ($1) returned to Poker-KING1369
Poker-KING1369 collected $2 from pot
*** SUMMARY ***
Total pot $2 | Rake $0 
Seat 1: Unipoker11 (button) folded before Flop (didn't bet)
Seat 2: Poker-KING1369 (small blind) collected ($2)
Seat 3: tintin641 (big blind) folded before Flop
Seat 4: Seavus10 folded before Flop (didn't bet)
Seat 5: kuca86 folded before Flop (didn't bet)
Seat 6: Supermegopro folded before Flop (didn't bet)



PokerStars Hand #254407499761:  Hold'em No Limit ($0.50/$1.00 USD) - 2025/01/16 0:13:23 WET [2025/01/16 19:13:23 ET]
Table 'Leonisis II' 6-max Seat #2 is the button
Seat 1: Unipoker11 ($100 in chips) 
Seat 2: Poker-KING1369 ($107.82 in chips) 
Seat 3: tintin641 ($100 in chips) 
Seat 4: Seavus10 ($100 in chips) 
Seat 5: kuca86 ($106 in chips) 
Seat 6: Supermegopro ($114.18 in chips) 
tintin641: posts small blind $0.50
Seavus10: posts big blind $1
*** HOLE CARDS ***
kuca86: raises $1.50 to $2.50
Supermegopro: folds 
Unipoker11: calls $2.50
Poker-KING1369: calls $2.50
tintin641: folds 
Seavus10: calls $1.50
*** FLOP *** [Jd 8d Th]
Seavus10: checks 
kuca86: checks 
Unipoker11: checks 
Poker-KING1369: bets $9.98
Seavus10: folds 
kuca86: calls $9.98
Unipoker11: folds 
*** TURN *** [Jd 8d Th] [Td]
kuca86: checks 
Poker-KING1369: checks 
*** RIVER *** [Jd 8d Th Td] [Kc]
kuca86: bets $7.23
Poker-KING1369: raises $43.40 to $50.63
kuca86: folds 
Uncalled bet ($43.40) returned to Poker-KING1369
Poker-KING1369 collected $42.67 from pot
*** SUMMARY ***
Total pot $44.92 | Rake $2.25 
Board [Jd 8d Th Td Kc]
Seat 1: Unipoker11 folded on the Flop
Seat 2: Poker-KING1369 (button) collected ($42.67)
Seat 3: tintin641 (small blind) folded before Flop
Seat 4: Seavus10 (big blind) folded on the Flop
Seat 5: kuca86 folded on the River
Seat 6: Supermegopro folded before Flop (didn't bet)



PokerStars Hand #254407520792:  Hold'em No Limit ($0.50/$1.00 USD) - 2025/01/16 0:14:59 WET [2025/01/16 19:14:59 ET]
Table 'Leonisis II' 6-max Seat #3 is the button
Seat 1: Unipoker11 ($100 in chips) 
Seat 2: Poker-KING1369 ($130.78 in chips) 
Seat 3: tintin641 ($100 in chips) 
Seat 4: Seavus10 ($100 in chips) 
Seat 5: kuca86 ($100 in chips) 
Seat 6: Supermegopro ($114.18 in chips) 
Seavus10: posts small blind $0.50
kuca86: posts big blind $1
*** HOLE CARDS ***
Supermegopro: raises $1.50 to $2.50
Unipoker11: folds 
Poker-KING1369: calls $2.50
tintin641: folds 
Seavus10: folds 
kuca86: folds 
*** FLOP *** [Tc 9d 2h]
Supermegopro: bets $5
Poker-KING1369: calls $5
*** TURN *** [Tc 9d 2h] [2s]
Supermegopro: bets $12
Poker-KING1369: folds 
Uncalled bet ($12) returned to Supermegopro
Supermegopro collected $15.68 from pot
Supermegopro: doesn't show hand 
*** SUMMARY ***
Total pot $16.50 | Rake $0.82 
Board [Tc 9d 2h 2s]
Seat 1: Unipoker11 folded before Flop (didn't bet)
Seat 2: Poker-KING1369 folded on the Turn
Seat 3: tintin641 (button) folded before Flop (didn't bet)
Seat 4: Seavus10 (small blind) folded before Flop
Seat 5: kuca86 (big blind) folded before Flop
Seat 6: Supermegopro collected ($15.68)



PokerStars Hand #254407528970:  Hold'em No Limit ($0.50/$1.00 USD) - 2025/01/16 0:15:36 WET [2025/01/16 19:15:36 ET]
Table 'Leonisis II' 6-max Seat #4 is the button
Seat 1: Unipoker11 ($100 in chips) 
Seat 2: Poker-KING1369 ($123.28 in chips) 
Seat 3: tintin641 ($100 in chips) 
Seat 4: Seavus10 ($100 in chips) 
Seat 5: kuca86 ($100 in chips) 
Seat 6: Supermegopro ($122.36 in chips) 
kuca86: posts small blind $0.50
Supermegopro: posts big blind $1
*** HOLE CARDS ***
Unipoker11: folds 
Poker-KING1369: calls $1
tintin641: folds 
Seavus10: folds 
kuca86: folds 
Supermegopro: checks 
*** FLOP *** [Qc Jc 4d]
Supermegopro: checks 
Poker-KING1369: bets $1.19
Supermegopro: calls $1.19
*** TURN *** [Qc Jc 4d] [2d]
Supermegopro: checks 
Poker-KING1369: bets $2.32
Supermegopro: calls $2.32
*** RIVER *** [Qc Jc 4d 2d] [8h]
Supermegopro: checks 
Poker-KING1369: checks 
*** SHOW DOWN ***
Supermegopro: shows [Tc 7c] (high card Queen)
Poker-KING1369: shows [Ks 9h] (high card King)
Poker-KING1369 collected $9.04 from pot
*** SUMMARY ***
Total pot $9.52 | Rake $0.48 
Board [Qc Jc 4d 2d 8h]
Seat 1: Unipoker11 folded before Flop (didn't bet)
Seat 2: Poker-KING1369 showed [Ks 9h] and won ($9.04) with high card King
Seat 3: tintin641 folded before Flop (didn't bet)
Seat 4: Seavus10 (button) folded before Flop (didn't bet)
Seat 5: kuca86 (small blind) folded before Flop
Seat 6: Supermegopro (big blind) showed [Tc 7c] and lost with high card Queen



PokerStars Hand #254407538015:  Hold'em No Limit ($0.50/$1.00 USD) - 2025/01/16 0:16:17 WET [2025/01/16 19:16:17 ET]
Table 'Leonisis II' 6-max Seat #5 is the button
Seat 1: Unipoker11 ($100 in chips) 
Seat 2: Poker-KING1369 ($127.81 in chips) 
Seat 3: tintin641 ($100 in chips) 
Seat 4: Seavus10 ($100 in chips) 
Seat 5: kuca86 ($100 in chips) 
Seat 6: Supermegopro ($117.85 in chips) 
Supermegopro: posts small blind $0.50
Unipoker11: posts big blind $1
*** HOLE CARDS ***
Poker-KING1369: folds 
tintin641: folds 
Seavus10: folds 
kuca86: folds 
Supermegopro: raises $2 to $3
Unipoker11: calls $2
*** FLOP *** [Jc 6d 3c]
Supermegopro: checks 
Unipoker11: bets $1.88
Supermegopro: folds 
Uncalled bet ($1.88) returned to Unipoker11
Unipoker11 collected $5.70 from pot
Unipoker11: doesn't show hand 
*** SUMMARY ***
Total pot $6 | Rake $0.30 
Board [Jc 6d 3c]
Seat 1: Unipoker11 (big blind) collected ($5.70)
Seat 2: Poker-KING1369 folded before Flop (didn't bet)
Seat 3: tintin641 folded before Flop (didn't bet)
Seat 4: Seavus10 folded before Flop (didn't bet)
Seat 5: kuca86 (button) folded before Flop (didn't bet)
Seat 6: Supermegopro (small blind) folded on the Flop



PokerStars Hand #254407548210:  Hold'em No Limit ($0.50/$1.00 USD) - 2025/01/16 0:17:04 WET [2025/01/16 19:17:04 ET]
Table 'Leonisis II' 6-max Seat #6 is the button
Seat 1: Unipoker11 ($102.70 in chips) 
Seat 2: Poker-KING1369 ($127.81 in chips) 
Seat 3: tintin641 ($100 in chips) 
Seat 4: Seavus10 ($100 in chips) 
Seat 5: kuca86 ($100 in chips) 
Seat 6: Supermegopro ($114.85 in chips) 
Unipoker11: posts small blind $0.50
Poker-KING1369: posts big blind $1
*** HOLE CARDS ***
tintin641: folds 
Seavus10: folds 
kuca86: raises $1.50 to $2.50
Supermegopro: folds 
Unipoker11: folds 
Poker-KING1369: calls $1.50
*** FLOP *** [Qs 5c 6c]
Poker-KING1369: checks 
kuca86: checks 
*** TURN *** [Qs 5c 6c] [4s]
Poker-KING1369: bets $1
kuca86: calls $1
*** RIVER *** [Qs 5c 6c 4s] [6h]
Poker-KING1369: checks 
kuca86: checks 
*** SHOW DOWN ***
Poker-KING1369: shows [3h Th] (a pair of Sixes)
kuca86: shows [Ts Ks] (a pair of Sixes - King kicker)
kuca86 collected $7.12 from pot
*** SUMMARY ***
Total pot $7.50 | Rake $0.38 
Board [Qs 5c 6c 4s 6h]
Seat 1: Unipoker11 (small blind) folded before Flop
Seat 2: Poker-KING1369 (big blind) showed [3h Th] and lost with a pair of Sixes
Seat 3: tintin641 folded before Flop (didn't bet)
Seat 4: Seavus10 folded before Flop (didn't bet)
Seat 5: kuca86 showed [Ts Ks] and won ($7.12) with a pair of Sixes
Seat 6: Supermegopro (button) folded before Flop (didn't bet)



PokerStars Hand #254407562516:  Hold'em No Limit ($0.50/$1.00 USD) - 2025/01/16 0:18:10 WET [2025/01/16 19:18:10 ET]
Table 'Leonisis II' 6-max Seat #1 is the button
Seat 1: Unipoker11 ($102.20 in chips) 
Seat 2: Poker-KING1369 ($124.31 in chips) 
Seat 3: tintin641 ($100 in chips) 
Seat 4: Seavus10 ($100 in chips) 
Seat 5: kuca86 ($103.62 in chips) 
Seat 6: Supermegopro ($114.85 in chips) 
Poker-KING1369: posts small blind $0.50
tintin641: posts big blind $1
*** HOLE CARDS ***
Seavus10: folds 
kuca86: folds 
Supermegopro: folds 
Unipoker11: folds 
Poker-KING1369: calls $0.50
tintin641: raises $3 to $4
Poker-KING1369 has timed out
Poker-KING1369: folds 
Uncalled bet ($3) returned to tintin641
tintin641 collected $2 from pot
tintin641: doesn't show hand 
*** SUMMARY ***
Total pot $2 | Rake $0 
Seat 1: Unipoker11 (button) folded before Flop (didn't bet)
Seat 2: Poker-KING1369 (small blind) folded before Flop
Seat 3: tintin641 (big blind) collected ($2)
Seat 4: Seavus10 folded before Flop (didn't bet)
Seat 5: kuca86 folded before Flop (didn't bet)
Seat 6: Supermegopro folded before Flop (didn't bet)



PokerStars Hand #254407576164:  Hold'em No Limit ($0.50/$1.00 USD) - 2025/01/16 0:19:14 WET [2025/01/16 19:19:14 ET]
Table 'Leonisis II' 6-max Seat #3 is the button
Seat 2: Poker-KING1369 ($123.31 in chips) is sitting out
Seat 1: Unipoker11 ($102.20 in chips) 
Seat 3: tintin641 ($101 in chips) 
Seat 4: Seavus10 ($100 in chips) 
Seat 5: kuca86 ($103.62 in chips) 
Seat 6: Supermegopro ($114.85 in chips) 
Seavus10: posts small blind $0.50
kuca86: posts big blind $1
*** HOLE CARDS ***
Supermegopro: folds 
Unipoker11: folds 
tintin641: raises $1.50 to $2.50
Seavus10: raises $8.50 to $11
kuca86: folds 
tintin641: folds 
Uncalled bet ($8.50) returned to Seavus10
Seavus10 collected $6 from pot
Seavus10: doesn't show hand 
*** SUMMARY ***
Total pot $6 | Rake $0 
Seat 2: Poker-KING1369
Seat 1: Unipoker11 folded before Flop (didn't bet)
Seat 3: tintin641 (button) folded before Flop
Seat 4: Seavus10 (small blind) collected ($6)
Seat 5: kuca86 (big blind) folded before Flop
Seat 6: Supermegopro folded before Flop (didn't bet)



PokerStars Hand #254407582016:  Hold'em No Limit ($0.50/$1.00 USD) - 2025/01/16 0:19:41 WET [2025/01/16 19:19:41 ET]
Table 'Leonisis II' 6-max Seat #4 is the button
Seat 2: Poker-KING1369 ($123.31 in chips) is sitting out
Seat 1: Unipoker11 ($102.20 in chips) 
Seat 3: tintin641 ($100 in chips) 
Seat 4: Seavus10 ($103.50 in chips) 
Seat 5: kuca86 ($102.62 in chips) 
Seat 6: Supermegopro ($114.85 in chips) 
kuca86: posts small blind $0.50
Supermegopro: posts big blind $1
*** HOLE CARDS ***
Unipoker11: folds 
tintin641: folds 
Seavus10: folds 
kuca86: raises $2 to $3
Supermegopro: calls $2
*** FLOP *** [3s Ts 6s]
Unipoker11 leaves the table
kuca86: bets $1.43
Supermegopro: calls $1.43
*** TURN *** [3s Ts 6s] [9h]
kuca86: checks 
Supermegopro: checks 
*** RIVER *** [3s Ts 6s 9h] [8h]
kuca86: bets $2.10
Supermegopro: calls $2.10
*** SHOW DOWN ***
kuca86: shows [8d 8s] (three of a kind, Eights)
Supermegopro: mucks hand 
kuca86 collected $12.41 from pot
*** SUMMARY ***
Total pot $13.06 | Rake $0.65 
Board [3s Ts 6s 9h 8h]
Seat 2: Poker-KING1369
Seat 1: Unipoker11 folded before Flop (didn't bet)
Seat 3: tintin641 folded before Flop (didn't bet)
Seat 4: Seavus10 (button) folded before Flop (didn't bet)
Seat 5: kuca86 (small blind) showed [8d 8s] and won ($12.41) with three of a kind, Eights
Seat 6: Supermegopro (big blind) mucked



PokerStars Hand #254407593607:  Hold'em No Limit ($0.50/$1.00 USD) - 2025/01/16 0:20:35 WET [2025/01/16 19:20:35 ET]
Table 'Leonisis II' 6-max Seat #5 is the button
Seat 2: Poker-KING1369 ($123.31 in chips) is sitting out
Seat 3: tintin641 ($100 in chips) 
Seat 4: Seavus10 ($103.50 in chips) 
Seat 5: kuca86 ($108.50 in chips) 
Seat 6: Supermegopro ($108.32 in chips) 
Supermegopro: posts small blind $0.50
tintin641: posts big blind $1
*** HOLE CARDS ***
Seavus10: folds 
kuca86: raises $1.50 to $2.50
Supermegopro: folds 
tintin641: folds 
Uncalled bet ($1.50) returned to kuca86
kuca86 collected $2.50 from pot
kuca86: doesn't show hand 
*** SUMMARY ***
Total pot $2.50 | Rake $0 
Seat 2: Poker-KING1369
Seat 3: tintin641 (big blind) folded before Flop
Seat 4: Seavus10 folded before Flop (didn't bet)
Seat 5: kuca86 (button) collected ($2.50)
Seat 6: Supermegopro (small blind) folded before Flop



PokerStars Hand #254407598235:  Hold'em No Limit ($0.50/$1.00 USD) - 2025/01/16 0:20:56 WET [2025/01/16 19:20:56 ET]
Table 'Leonisis II' 6-max Seat #6 is the button
Seat 2: Poker-KING1369 ($123.31 in chips) is sitting out
Seat 3: tintin641 ($100 in chips) 
Seat 4: Seavus10 ($103.50 in chips) 
Seat 5: kuca86 ($110 in chips) 
Seat 6: Supermegopro ($107.82 in chips) 
tintin641: posts small blind $0.50
Seavus10: posts big blind $1
*** HOLE CARDS ***
pr0tecto joins the table at seat #1 
kuca86: raises $1.50 to $2.50
Supermegopro: calls $2.50
tintin641: folds 
Seavus10: folds 
*** FLOP *** [Kc Td Ts]
kuca86: checks 
Supermegopro: checks 
*** TURN *** [Kc Td Ts] [Kd]
kuca86: bets $1.54
Supermegopro: folds 
Uncalled bet ($1.54) returned to kuca86
kuca86 collected $6.18 from pot
kuca86: doesn't show hand 
*** SUMMARY ***
Total pot $6.50 | Rake $0.32 
Board [Kc Td Ts Kd]
Seat 2: Poker-KING1369
Seat 3: tintin641 (small blind) folded before Flop
Seat 4: Seavus10 (big blind) folded before Flop
Seat 5: kuca86 collected ($6.18)
Seat 6: Supermegopro (button) folded on the Turn



PokerStars Hand #254407609127:  Hold'em No Limit ($0.50/$1.00 USD) - 2025/01/16 0:21:48 WET [2025/01/16 19:21:48 ET]
Table 'Leonisis II' 6-max Seat #3 is the button
Seat 1: pr0tecto ($100 in chips) is sitting out
Seat 2: Poker-KING1369 ($123.31 in chips) is sitting out
Seat 3: tintin641 ($100 in chips) 
Seat 4: Seavus10 ($102.50 in chips) 
Seat 5: kuca86 ($113.68 in chips) 
Seat 6: Supermegopro ($105.32 in chips) 
Seavus10: posts small blind $0.50
kuca86: posts big blind $1
pr0tecto: sits out 
*** HOLE CARDS ***
Supermegopro: raises $1.50 to $2.50
tintin641: folds 
Seavus10: raises $8.50 to $11
kuca86: folds 
Supermegopro: calls $8.50
*** FLOP *** [Ts 2c 6h]
Seavus10: bets $11.83
Supermegopro: folds 
Uncalled bet ($11.83) returned to Seavus10
Seavus10 collected $22 from pot
Seavus10: doesn't show hand 
*** SUMMARY ***
Total pot $23 | Rake $1 
Board [Ts 2c 6h]
Seat 1: pr0tecto
Seat 2: Poker-KING1369
Seat 3: tintin641 (button) folded before Flop (didn't bet)
Seat 4: Seavus10 (small blind) collected ($22)
Seat 5: kuca86 (big blind) folded before Flop
Seat 6: Supermegopro folded on the Flop



PokerStars Hand #254407618631:  Hold'em No Limit ($0.50/$1.00 USD) - 2025/01/16 0:22:33 WET [2025/01/16 19:22:33 ET]
Table 'Leonisis II' 6-max Seat #4 is the button
Seat 1: pr0tecto ($100 in chips) is sitting out
Seat 2: Poker-KING1369 ($123.31 in chips) is sitting out
Seat 3: tintin641 ($100 in chips) 
Seat 4: Seavus10 ($113.50 in chips) 
Seat 5: kuca86 ($112.68 in chips) 
Seat 6: Supermegopro ($100 in chips) 
kuca86: posts small blind $0.50
Supermegopro: posts big blind $1
pr0tecto: sits out 
*** HOLE CARDS ***
tintin641: folds 
Seavus10: raises $1.50 to $2.50
kuca86: folds 
Supermegopro: folds 
Uncalled bet ($1.50) returned to Seavus10
Seavus10 collected $2.50 from pot
Seavus10: doesn't show hand 
*** SUMMARY ***
Total pot $2.50 | Rake $0 
Seat 1: pr0tecto
Seat 2: Poker-KING1369
Seat 3: tintin641 folded before Flop (didn't bet)
Seat 4: Seavus10 (button) collected ($2.50)
Seat 5: kuca86 (small blind) folded before Flop
Seat 6: Supermegopro (big blind) folded before Flop



PokerStars Hand #254407622376:  Hold'em No Limit ($0.50/$1.00 USD) - 2025/01/16 0:22:50 WET [2025/01/16 19:22:50 ET]
Table 'Leonisis II' 6-max Seat #5 is the button
Seat 2: Poker-KING1369 ($123.31 in chips) is sitting out
Seat 1: pr0tecto ($100 in chips) 
Seat 3: tintin641 ($100 in chips) 
Seat 4: Seavus10 ($115 in chips) 
Seat 5: kuca86 ($112.18 in chips) 
Seat 6: Supermegopro ($100 in chips) 
Supermegopro: posts small blind $0.50
pr0tecto: posts big blind $1
*** HOLE CARDS ***
tintin641: folds 
Seavus10: raises $1.20 to $2.20
kuca86: folds 
Supermegopro: folds 
pr0tecto: folds 
Uncalled bet ($1.20) returned to Seavus10
Seavus10 collected $2.50 from pot
Seavus10: doesn't show hand 
*** SUMMARY ***
Total pot $2.50 | Rake $0 
Seat 2: Poker-KING1369
Seat 1: pr0tecto (big blind) folded before Flop
Seat 3: tintin641 folded before Flop (didn't bet)
Seat 4: Seavus10 collected ($2.50)
Seat 5: kuca86 (button) folded before Flop (didn't bet)
Seat 6: Supermegopro (small blind) folded before Flop



PokerStars Hand #254407625701:  Hold'em No Limit ($0.50/$1.00 USD) - 2025/01/16 0:23:06 WET [2025/01/16 19:23:06 ET]
Table 'Leonisis II' 6-max Seat #6 is the button
Seat 2: Poker-KING1369 ($123.31 in chips) is sitting out
Seat 1: pr0tecto ($99 in chips) 
Seat 3: tintin641 ($100 in chips) 
Seat 4: Seavus10 ($116.50 in chips) 
Seat 5: kuca86 ($112.18 in chips) 
Seat 6: Supermegopro ($100 in chips) 
pr0tecto: posts small blind $0.50
tintin641: posts big blind $1
*** HOLE CARDS ***
Seavus10: folds 
kuca86: folds 
Supermegopro: raises $1.50 to $2.50
pr0tecto: folds 
tintin641: folds 
Uncalled bet ($1.50) returned to Supermegopro
Supermegopro collected $2.50 from pot
Supermegopro: doesn't show hand 
*** SUMMARY ***
Total pot $2.50 | Rake $0 
Seat 2: Poker-KING1369
Seat 1: pr0tecto (small blind) folded before Flop
Seat 3: tintin641 (big blind) folded before Flop
Seat 4: Seavus10 folded before Flop (didn't bet)
Seat 5: kuca86 folded before Flop (didn't bet)
Seat 6: Supermegopro (button) collected ($2.50)



PokerStars Hand #254407628717:  Hold'em No Limit ($0.50/$1.00 USD) - 2025/01/16 0:23:20 WET [2025/01/16 19:23:20 ET]
Table 'Leonisis II' 6-max Seat #1 is the button
Seat 2: Poker-KING1369 ($123.31 in chips) is sitting out
Seat 1: pr0tecto ($100 in chips) 
Seat 3: tintin641 ($100 in chips) 
Seat 4: Seavus10 ($116.50 in chips) 
Seat 5: kuca86 ($112.18 in chips) 
Seat 6: Supermegopro ($101.50 in chips) 
tintin641: posts small blind $0.50
Seavus10: posts big blind $1
*** HOLE CARDS ***
kuca86: folds 
Supermegopro: folds 
pr0tecto: raises $2 to $3
tintin641: folds 
Seavus10: folds 
Uncalled bet ($2) returned to pr0tecto
pr0tecto collected $2.50 from pot
pr0tecto: doesn't show hand 
*** SUMMARY ***
Total pot $2.50 | Rake $0 
Seat 2: Poker-KING1369
Seat 1: pr0tecto (button) collected ($2.50)
Seat 3: tintin641 (small blind) folded before Flop
Seat 4: Seavus10 (big blind) folded before Flop
Seat 5: kuca86 folded before Flop (didn't bet)
Seat 6: Supermegopro folded before Flop (didn't bet)



PokerStars Hand #254407631972:  Hold'em No Limit ($0.50/$1.00 USD) - 2025/01/16 0:23:36 WET [2025/01/16 19:23:36 ET]
Table 'Leonisis II' 6-max Seat #3 is the button
Seat 2: Poker-KING1369 ($123.31 in chips) is sitting out
Seat 1: pr0tecto ($101.50 in chips) 
Seat 3: tintin641 ($100 in chips) 
Seat 4: Seavus10 ($115.50 in chips) 
Seat 5: kuca86 ($112.18 in chips) 
Seat 6: Supermegopro ($101.50 in chips) 
Seavus10: posts small blind $0.50
kuca86: posts big blind $1
*** HOLE CARDS ***
Supermegopro: raises $1.50 to $2.50
pr0tecto: folds 
tintin641: folds 
Seavus10: folds 
kuca86: folds 
Uncalled bet ($1.50) returned to Supermegopro
Supermegopro collected $2.50 from pot
Supermegopro: doesn't show hand 
*** SUMMARY ***
Total pot $2.50 | Rake $0 
Seat 2: Poker-KING1369
Seat 1: pr0tecto folded before Flop (didn't bet)
Seat 3: tintin641 (button) folded before Flop (didn't bet)
Seat 4: Seavus10 (small blind) folded before Flop
Seat 5: kuca86 (big blind) folded before Flop
Seat 6: Supermegopro collected ($2.50)



PokerStars Hand #254407635011:  Hold'em No Limit ($0.50/$1.00 USD) - 2025/01/16 0:23:50 WET [2025/01/16 19:23:50 ET]
Table 'Leonisis II' 6-max Seat #4 is the button
Seat 2: Poker-KING1369 ($123.31 in chips) is sitting out
Seat 1: pr0tecto ($101.50 in chips) 
Seat 3: tintin641 ($100 in chips) 
Seat 4: Seavus10 ($115 in chips) 
Seat 5: kuca86 ($111.18 in chips) 
Seat 6: Supermegopro ($103 in chips) 
kuca86: posts small blind $0.50
Supermegopro: posts big blind $1
*** HOLE CARDS ***
pr0tecto: raises $1.10 to $2.10
tintin641: folds 
Seavus10: folds 
kuca86: folds 
Supermegopro: folds 
Uncalled bet ($1.10) returned to pr0tecto
pr0tecto collected $2.50 from pot
pr0tecto: doesn't show hand 
*** SUMMARY ***
Total pot $2.50 | Rake $0 
Seat 2: Poker-KING1369
Seat 1: pr0tecto collected ($2.50)
Seat 3: tintin641 folded before Flop (didn't bet)
Seat 4: Seavus10 (button) folded before Flop (didn't bet)
Seat 5: kuca86 (small blind) folded before Flop
Seat 6: Supermegopro (big blind) folded before Flop



PokerStars Hand #254407641299:  Hold'em No Limit ($0.50/$1.00 USD) - 2025/01/16 0:24:20 WET [2025/01/16 19:24:20 ET]
Table 'Leonisis II' 6-max Seat #5 is the button
Seat 2: Poker-KING1369 ($123.31 in chips) is sitting out
Seat 1: pr0tecto ($103 in chips) 
Seat 3: tintin641 ($100 in chips) 
Seat 4: Seavus10 ($115 in chips) 
Seat 5: kuca86 ($110.68 in chips) 
Seat 6: Supermegopro ($102 in chips) 
Supermegopro: posts small blind $0.50
pr0tecto: posts big blind $1
Poker-KING1369: sits out 
*** HOLE CARDS ***
tintin641: raises $1.50 to $2.50
Seavus10: folds 
kuca86: folds 
Supermegopro: raises $9.50 to $12
pr0tecto: folds 
tintin641: folds 
Uncalled bet ($9.50) returned to Supermegopro
Supermegopro collected $6 from pot
Supermegopro: doesn't show hand 
*** SUMMARY ***
Total pot $6 | Rake $0 
Seat 2: Poker-KING1369
Seat 1: pr0tecto (big blind) folded before Flop
Seat 3: tintin641 folded before Flop
Seat 4: Seavus10 folded before Flop (didn't bet)
Seat 5: kuca86 (button) folded before Flop (didn't bet)
Seat 6: Supermegopro (small blind) collected ($6)



PokerStars Hand #254407646654:  Hold'em No Limit ($0.50/$1.00 USD) - 2025/01/16 0:24:46 WET [2025/01/16 19:24:46 ET]
Table 'Leonisis II' 6-max Seat #6 is the button
Seat 1: pr0tecto ($102 in chips) 
Seat 2: Poker-KING1369 ($123.31 in chips) 
Seat 3: tintin641 ($100 in chips) 
Seat 4: Seavus10 ($115 in chips) 
Seat 5: kuca86 ($110.68 in chips) 
Seat 6: Supermegopro ($105.50 in chips) 
pr0tecto: posts small blind $0.50
Poker-KING1369: posts big blind $1
*** HOLE CARDS ***
tintin641: folds 
Seavus10: folds 
kuca86: folds 
Supermegopro: raises $1.50 to $2.50
pr0tecto: folds 
Poker-KING1369: calls $1.50
*** FLOP *** [5h 7s 5c]
Poker-KING1369: checks 
Supermegopro: checks 
*** TURN *** [5h 7s 5c] [6c]
Poker-KING1369: bets $1
Supermegopro: calls $1
*** RIVER *** [5h 7s 5c 6c] [Kd]
Poker-KING1369: bets $7.12
Supermegopro: folds 
Uncalled bet ($7.12) returned to Poker-KING1369
Poker-KING1369 collected $7.12 from pot
*** SUMMARY ***
Total pot $7.50 | Rake $0.38 
Board [5h 7s 5c 6c Kd]
Seat 1: pr0tecto (small blind) folded before Flop
Seat 2: Poker-KING1369 (big blind) collected ($7.12)
Seat 3: tintin641 folded before Flop (didn't bet)
Seat 4: Seavus10 folded before Flop (didn't bet)
Seat 5: kuca86 folded before Flop (didn't bet)
Seat 6: Supermegopro (button) folded on the River



PokerStars Hand #254407657342:  Hold'em No Limit ($0.50/$1.00 USD) - 2025/01/16 0:25:37 WET [2025/01/16 19:25:37 ET]
Table 'Leonisis II' 6-max Seat #1 is the button
Seat 1: pr0tecto ($101.50 in chips) 
Seat 2: Poker-KING1369 ($126.93 in chips) 
Seat 3: tintin641 ($100 in chips) 
Seat 4: Seavus10 ($115 in chips) 
Seat 5: kuca86 ($110.68 in chips) 
Seat 6: Supermegopro ($102 in chips) 
Poker-KING1369: posts small blind $0.50
tintin641: posts big blind $1
*** HOLE CARDS ***
Seavus10: raises $1.50 to $2.50
kuca86: folds 
Supermegopro: folds 
pr0tecto: folds 
Poker-KING1369: calls $2
tintin641: folds 
*** FLOP *** [3s Ah Ac]
Poker-KING1369: checks 
Seavus10: bets $1.90
Poker-KING1369: folds 
Uncalled bet ($1.90) returned to Seavus10
Seavus10 collected $5.70 from pot
Seavus10: doesn't show hand 
*** SUMMARY ***
Total pot $6 | Rake $0.30 
Board [3s Ah Ac]
Seat 1: pr0tecto (button) folded before Flop (didn't bet)
Seat 2: Poker-KING1369 (small blind) folded on the Flop
Seat 3: tintin641 (big blind) folded before Flop
Seat 4: Seavus10 collected ($5.70)
Seat 5: kuca86 folded before Flop (didn't bet)
Seat 6: Supermegopro folded before Flop (didn't bet)



PokerStars Hand #254407666566:  Hold'em No Limit ($0.50/$1.00 USD) - 2025/01/16 0:26:21 WET [2025/01/16 19:26:21 ET]
Table 'Leonisis II' 6-max Seat #2 is the button
Seat 1: pr0tecto ($101.50 in chips) 
Seat 2: Poker-KING1369 ($124.43 in chips) 
Seat 3: tintin641 ($100 in chips) 
Seat 4: Seavus10 ($118.20 in chips) 
Seat 5: kuca86 ($110.68 in chips) 
Seat 6: Supermegopro ($102 in chips) 
tintin641: posts small blind $0.50
Seavus10: posts big blind $1
*** HOLE CARDS ***
kuca86: folds 
Supermegopro: raises $1.50 to $2.50
pr0tecto: folds 
Poker-KING1369: folds 
tintin641: folds 
Seavus10: calls $1.50
*** FLOP *** [Js 3s 8s]
Seavus10: checks 
Supermegopro: bets $2.61
Seavus10: folds 
Uncalled bet ($2.61) returned to Supermegopro
Supermegopro collected $5.22 from pot
Supermegopro: doesn't show hand 
*** SUMMARY ***
Total pot $5.50 | Rake $0.28 
Board [Js 3s 8s]
Seat 1: pr0tecto folded before Flop (didn't bet)
Seat 2: Poker-KING1369 (button) folded before Flop (didn't bet)
Seat 3: tintin641 (small blind) folded before Flop
Seat 4: Seavus10 (big blind) folded on the Flop
Seat 5: kuca86 folded before Flop (didn't bet)
Seat 6: Supermegopro collected ($5.22)



PokerStars Hand #254407675468:  Hold'em No Limit ($0.50/$1.00 USD) - 2025/01/16 0:27:04 WET [2025/01/16 19:27:04 ET]
Table 'Leonisis II' 6-max Seat #3 is the button
Seat 1: pr0tecto ($101.50 in chips) 
Seat 2: Poker-KING1369 ($124.43 in chips) 
Seat 3: tintin641 ($100 in chips) 
Seat 4: Seavus10 ($115.70 in chips) 
Seat 5: kuca86 ($110.68 in chips) 
Seat 6: Supermegopro ($104.72 in chips) 
Seavus10: posts small blind $0.50
kuca86: posts big blind $1
*** HOLE CARDS ***
Supermegopro: folds 
pr0tecto: folds 
Poker-KING1369: calls $1
tintin641: raises $3 to $4
Seavus10: folds 
kuca86: folds 
Poker-KING1369: calls $3
*** FLOP *** [2d Td Qh]
Poker-KING1369: checks 
tintin641: bets $6.77
Poker-KING1369: folds 
Uncalled bet ($6.77) returned to tintin641
tintin641 collected $9.02 from pot
tintin641: doesn't show hand 
*** SUMMARY ***
Total pot $9.50 | Rake $0.48 
Board [2d Td Qh]
Seat 1: pr0tecto folded before Flop (didn't bet)
Seat 2: Poker-KING1369 folded on the Flop
Seat 3: tintin641 (button) collected ($9.02)
Seat 4: Seavus10 (small blind) folded before Flop
Seat 5: kuca86 (big blind) folded before Flop
Seat 6: Supermegopro folded before Flop (didn't bet)



PokerStars Hand #254407690121:  Hold'em No Limit ($0.50/$1.00 USD) - 2025/01/16 0:28:15 WET [2025/01/16 19:28:15 ET]
Table 'Leonisis II' 6-max Seat #4 is the button
Seat 1: pr0tecto ($101.50 in chips) 
Seat 2: Poker-KING1369 ($120.43 in chips) 
Seat 3: tintin641 ($105.02 in chips) 
Seat 4: Seavus10 ($115.20 in chips) 
Seat 5: kuca86 ($109.68 in chips) 
Seat 6: Supermegopro ($104.72 in chips) 
kuca86: posts small blind $0.50
Supermegopro: posts big blind $1
*** HOLE CARDS ***
pr0tecto: folds 
Poker-KING1369: folds 
tintin641: folds 
Seavus10: raises $1.50 to $2.50
kuca86: folds 
Supermegopro: raises $9.50 to $12
Seavus10: folds 
Uncalled bet ($9.50) returned to Supermegopro
Supermegopro collected $5.50 from pot
Supermegopro: doesn't show hand 
*** SUMMARY ***
Total pot $5.50 | Rake $0 
Seat 1: pr0tecto folded before Flop (didn't bet)
Seat 2: Poker-KING1369 folded before Flop (didn't bet)
Seat 3: tintin641 folded before Flop (didn't bet)
Seat 4: Seavus10 (button) folded before Flop
Seat 5: kuca86 (small blind) folded before Flop
Seat 6: Supermegopro (big blind) collected ($5.50)



PokerStars Hand #254407697264:  Hold'em No Limit ($0.50/$1.00 USD) - 2025/01/16 0:28:49 WET [2025/01/16 19:28:49 ET]
Table 'Leonisis II' 6-max Seat #5 is the button
Seat 1: pr0tecto ($101.50 in chips) 
Seat 2: Poker-KING1369 ($120.43 in chips) 
Seat 3: tintin641 ($105.02 in chips) 
Seat 4: Seavus10 ($112.70 in chips) 
Seat 5: kuca86 ($109.18 in chips) 
Seat 6: Supermegopro ($107.72 in chips) 
Supermegopro: posts small blind $0.50
pr0tecto: posts big blind $1
*** HOLE CARDS ***
Poker-KING1369 has timed out
Poker-KING1369: folds 
tintin641: folds 
Seavus10: folds 
kuca86: folds 
Supermegopro: raises $2 to $3
pr0tecto: folds 
Uncalled bet ($2) returned to Supermegopro
Supermegopro collected $2 from pot
Supermegopro: doesn't show hand 
*** SUMMARY ***
Total pot $2 | Rake $0 
Seat 1: pr0tecto (big blind) folded before Flop
Seat 2: Poker-KING1369 folded before Flop (didn't bet)
Seat 3: tintin641 folded before Flop (didn't bet)
Seat 4: Seavus10 folded before Flop (didn't bet)
Seat 5: kuca86 (button) folded before Flop (didn't bet)
Seat 6: Supermegopro (small blind) collected ($2)



PokerStars Hand #254407703117:  Hold'em No Limit ($0.50/$1.00 USD) - 2025/01/16 0:29:18 WET [2025/01/16 19:29:18 ET]
Table 'Leonisis II' 6-max Seat #6 is the button
Seat 1: pr0tecto ($100.50 in chips) 
Seat 2: Poker-KING1369 ($120.43 in chips) 
Seat 3: tintin641 ($105.02 in chips) 
Seat 4: Seavus10 ($112.70 in chips) 
Seat 5: kuca86 ($109.18 in chips) 
Seat 6: Supermegopro ($108.72 in chips) 
pr0tecto: posts small blind $0.50
Poker-KING1369: posts big blind $1
*** HOLE CARDS ***
tintin641: folds 
Seavus10: raises $1.20 to $2.20
kuca86: folds 
Supermegopro: folds 
pr0tecto: raises $7.80 to $10
Poker-KING1369: folds 
Seavus10: calls $7.80
*** FLOP *** [Jd 4d 7c]
pr0tecto: checks 
Seavus10: bets $6.64
pr0tecto: folds 
Uncalled bet ($6.64) returned to Seavus10
Seavus10 collected $19.95 from pot
Seavus10: doesn't show hand 
*** SUMMARY ***
Total pot $21 | Rake $1.05 
Board [Jd 4d 7c]
Seat 1: pr0tecto (small blind) folded on the Flop
Seat 2: Poker-KING1369 (big blind) folded before Flop
Seat 3: tintin641 folded before Flop (didn't bet)
Seat 4: Seavus10 collected ($19.95)
Seat 5: kuca86 folded before Flop (didn't bet)
Seat 6: Supermegopro (button) folded before Flop (didn't bet)



PokerStars Hand #254407713019:  Hold'em No Limit ($0.50/$1.00 USD) - 2025/01/16 0:30:06 WET [2025/01/16 19:30:06 ET]
Table 'Leonisis II' 6-max Seat #1 is the button
Seat 1: pr0tecto ($100 in chips) 
Seat 2: Poker-KING1369 ($119.43 in chips) 
Seat 3: tintin641 ($105.02 in chips) 
Seat 4: Seavus10 ($122.65 in chips) 
Seat 5: kuca86 ($109.18 in chips) 
Seat 6: Supermegopro ($108.72 in chips) 
Poker-KING1369: posts small blind $0.50
tintin641: posts big blind $1
*** HOLE CARDS ***
Seavus10: folds 
kuca86: raises $1.50 to $2.50
Supermegopro: folds 
pr0tecto: folds 
Poker-KING1369: calls $2
tintin641: folds 
*** FLOP *** [As 3c 2h]
Poker-KING1369: checks 
kuca86: bets $2.85
Poker-KING1369: folds 
Uncalled bet ($2.85) returned to kuca86
kuca86 collected $5.70 from pot
kuca86: doesn't show hand 
*** SUMMARY ***
Total pot $6 | Rake $0.30 
Board [As 3c 2h]
Seat 1: pr0tecto (button) folded before Flop (didn't bet)
Seat 2: Poker-KING1369 (small blind) folded on the Flop
Seat 3: tintin641 (big blind) folded before Flop
Seat 4: Seavus10 folded before Flop (didn't bet)
Seat 5: kuca86 collected ($5.70)
Seat 6: Supermegopro folded before Flop (didn't bet)



PokerStars Hand #254407719889:  Hold'em No Limit ($0.50/$1.00 USD) - 2025/01/16 0:30:41 WET [2025/01/16 19:30:41 ET]
Table 'Leonisis II' 6-max Seat #2 is the button
Seat 1: pr0tecto ($100 in chips) 
Seat 2: Poker-KING1369 ($116.93 in chips) 
Seat 3: tintin641 ($104.02 in chips) 
Seat 4: Seavus10 ($122.65 in chips) 
Seat 5: kuca86 ($112.38 in chips) 
Seat 6: Supermegopro ($108.72 in chips) 
tintin641: posts small blind $0.50
Seavus10: posts big blind $1
*** HOLE CARDS ***
kuca86: folds 
Supermegopro: folds 
pr0tecto: folds 
Poker-KING1369: folds 
tintin641: raises $2 to $3
Seavus10: calls $2
*** FLOP *** [7c Js Tc]
tintin641: checks 
Seavus10: bets $2.90
tintin641: calls $2.90
*** TURN *** [7c Js Tc] [6c]
tintin641: checks 
Seavus10: bets $8.41
tintin641: calls $8.41
*** RIVER *** [7c Js Tc 6c] [As]
tintin641: checks 
Seavus10: checks 
*** SHOW DOWN ***
tintin641: shows [8c Qc] (a flush, Queen high)
Seavus10: mucks hand 
tintin641 collected $27.19 from pot
*** SUMMARY ***
Total pot $28.62 | Rake $1.43 
Board [7c Js Tc 6c As]
Seat 1: pr0tecto folded before Flop (didn't bet)
Seat 2: Poker-KING1369 (button) folded before Flop (didn't bet)
Seat 3: tintin641 (small blind) showed [8c Qc] and won ($27.19) with a flush, Queen high
Seat 4: Seavus10 (big blind) mucked
Seat 5: kuca86 folded before Flop (didn't bet)
Seat 6: Supermegopro folded before Flop (didn't bet)



PokerStars Hand #254407743734:  Hold'em No Limit ($0.50/$1.00 USD) - 2025/01/16 0:32:37 WET [2025/01/16 19:32:37 ET]
Table 'Leonisis II' 6-max Seat #3 is the button
Seat 1: pr0tecto ($100 in chips) 
Seat 2: Poker-KING1369 ($116.93 in chips) 
Seat 3: tintin641 ($116.90 in chips) 
Seat 4: Seavus10 ($108.34 in chips) 
Seat 5: kuca86 ($112.38 in chips) 
Seat 6: Supermegopro ($108.72 in chips) 
Seavus10: posts small blind $0.50
kuca86: posts big blind $1
*** HOLE CARDS ***
Supermegopro: folds 
pr0tecto: folds 
Poker-KING1369: folds 
tintin641: raises $1.50 to $2.50
Seavus10: raises $8.50 to $11
kuca86: folds 
tintin641: folds 
Uncalled bet ($8.50) returned to Seavus10
Seavus10 collected $6 from pot
Seavus10: doesn't show hand 
*** SUMMARY ***
Total pot $6 | Rake $0 
Seat 1: pr0tecto folded before Flop (didn't bet)
Seat 2: Poker-KING1369 folded before Flop (didn't bet)
Seat 3: tintin641 (button) folded before Flop
Seat 4: Seavus10 (small blind) collected ($6)
Seat 5: kuca86 (big blind) folded before Flop
Seat 6: Supermegopro folded before Flop (didn't bet)



PokerStars Hand #254407749027:  Hold'em No Limit ($0.50/$1.00 USD) - 2025/01/16 0:33:03 WET [2025/01/16 19:33:03 ET]
Table 'Leonisis II' 6-max Seat #4 is the button
Seat 1: pr0tecto ($100 in chips) 
Seat 2: Poker-KING1369 ($116.93 in chips) 
Seat 3: tintin641 ($114.40 in chips) 
Seat 4: Seavus10 ($111.84 in chips) 
Seat 5: kuca86 ($111.38 in chips) 
Seat 6: Supermegopro ($108.72 in chips) 
kuca86: posts small blind $0.50
Supermegopro: posts big blind $1
*** HOLE CARDS ***
pr0tecto: folds 
Poker-KING1369: calls $1
tintin641: folds 
Seavus10: folds 
kuca86: raises $4 to $5
Supermegopro: folds 
Poker-KING1369: calls $4
*** FLOP *** [Js 6c 9s]
kuca86: checks 
Poker-KING1369: checks 
*** TURN *** [Js 6c 9s] [3c]
kuca86: bets $3.87
Poker-KING1369: calls $3.87
*** RIVER *** [Js 6c 9s 3c] [5c]
kuca86: checks 
Poker-KING1369: bets $17.80
kuca86: folds 
Uncalled bet ($17.80) returned to Poker-KING1369
Poker-KING1369 collected $17.80 from pot
*** SUMMARY ***
Total pot $18.74 | Rake $0.94 
Board [Js 6c 9s 3c 5c]
Seat 1: pr0tecto folded before Flop (didn't bet)
Seat 2: Poker-KING1369 collected ($17.80)
Seat 3: tintin641 folded before Flop (didn't bet)
Seat 4: Seavus10 (button) folded before Flop (didn't bet)
Seat 5: kuca86 (small blind) folded on the River
Seat 6: Supermegopro (big blind) folded before Flop



PokerStars Hand #254407769424:  Hold'em No Limit ($0.50/$1.00 USD) - 2025/01/16 0:34:42 WET [2025/01/16 19:34:42 ET]
Table 'Leonisis II' 6-max Seat #5 is the button
Seat 1: pr0tecto ($100 in chips) 
Seat 2: Poker-KING1369 ($125.86 in chips) 
Seat 3: tintin641 ($114.40 in chips) 
Seat 4: Seavus10 ($111.84 in chips) 
Seat 5: kuca86 ($102.51 in chips) 
Seat 6: Supermegopro ($107.72 in chips) 
Supermegopro: posts small blind $0.50
pr0tecto: posts big blind $1
*** HOLE CARDS ***
Poker-KING1369: folds 
tintin641: folds 
Seavus10: folds 
kuca86: folds 
Supermegopro: raises $2 to $3
pr0tecto: folds 
Uncalled bet ($2) returned to Supermegopro
Supermegopro collected $2 from pot
Supermegopro: doesn't show hand 
*** SUMMARY ***
Total pot $2 | Rake $0 
Seat 1: pr0tecto (big blind) folded before Flop
Seat 2: Poker-KING1369 folded before Flop (didn't bet)
Seat 3: tintin641 folded before Flop (didn't bet)
Seat 4: Seavus10 folded before Flop (didn't bet)
Seat 5: kuca86 (button) folded before Flop (didn't bet)
Seat 6: Supermegopro (small blind) collected ($2)



PokerStars Hand #254407773099:  Hold'em No Limit ($0.50/$1.00 USD) - 2025/01/16 0:35:00 WET [2025/01/16 19:35:00 ET]
Table 'Leonisis II' 6-max Seat #6 is the button
Seat 1: pr0tecto ($99 in chips) 
Seat 2: Poker-KING1369 ($125.86 in chips) 
Seat 3: tintin641 ($114.40 in chips) 
Seat 4: Seavus10 ($111.84 in chips) 
Seat 5: kuca86 ($102.51 in chips) 
Seat 6: Supermegopro ($108.72 in chips) 
pr0tecto: posts small blind $0.50
Poker-KING1369: posts big blind $1
*** HOLE CARDS ***
tintin641: folds 
Seavus10: folds 
kuca86: folds 
Supermegopro: folds 
pr0tecto: raises $1.24 to $2.24
Poker-KING1369: folds 
Uncalled bet ($1.24) returned to pr0tecto
pr0tecto collected $2 from pot
pr0tecto: doesn't show hand 
*** SUMMARY ***
Total pot $2 | Rake $0 
Seat 1: pr0tecto (small blind) collected ($2)
Seat 2: Poker-KING1369 (big blind) folded before Flop
Seat 3: tintin641 folded before Flop (didn't bet)
Seat 4: Seavus10 folded before Flop (didn't bet)
Seat 5: kuca86 folded before Flop (didn't bet)
Seat 6: Supermegopro (button) folded before Flop (didn't bet)



PokerStars Hand #254407776571:  Hold'em No Limit ($0.50/$1.00 USD) - 2025/01/16 0:35:17 WET [2025/01/16 19:35:17 ET]
Table 'Leonisis II' 6-max Seat #1 is the button
Seat 1: pr0tecto ($100 in chips) 
Seat 2: Poker-KING1369 ($124.86 in chips) 
Seat 3: tintin641 ($114.40 in chips) 
Seat 4: Seavus10 ($111.84 in chips) 
Seat 5: kuca86 ($102.51 in chips) 
Seat 6: Supermegopro ($108.72 in chips) 
Poker-KING1369: posts small blind $0.50
tintin641: posts big blind $1
*** HOLE CARDS ***
Seavus10: raises $1.50 to $2.50
kuca86: raises $5.50 to $8
Supermegopro: raises $100.72 to $108.72 and is all-in
pr0tecto: folds 
Poker-KING1369: folds 
tintin641: folds 
Seavus10: folds 
kuca86: folds 
Uncalled bet ($100.72) returned to Supermegopro
Supermegopro collected $20 from pot
Supermegopro: doesn't show hand 
*** SUMMARY ***
Total pot $20 | Rake $0 
Seat 1: pr0tecto (button) folded before Flop (didn't bet)
Seat 2: Poker-KING1369 (small blind) folded before Flop
Seat 3: tintin641 (big blind) folded before Flop
Seat 4: Seavus10 folded before Flop
Seat 5: kuca86 folded before Flop
Seat 6: Supermegopro collected ($20)



PokerStars Hand #254407781966:  Hold'em No Limit ($0.50/$1.00 USD) - 2025/01/16 0:35:43 WET [2025/01/16 19:35:43 ET]
Table 'Leonisis II' 6-max Seat #2 is the button
Seat 1: pr0tecto ($100 in chips) 
Seat 2: Poker-KING1369 ($124.36 in chips) 
Seat 3: tintin641 ($113.40 in chips) 
Seat 4: Seavus10 ($109.34 in chips) 
Seat 5: kuca86 ($100 in chips) 
Seat 6: Supermegopro ($120.72 in chips) 
tintin641: posts small blind $0.50
Seavus10: posts big blind $1
*** HOLE CARDS ***
kuca86: folds 
Supermegopro: folds 
pr0tecto: folds 
Poker-KING1369: calls $1
tintin641: calls $0.50
Seavus10: raises $5.50 to $6.50
Poker-KING1369: calls $5.50
tintin641: folds 
*** FLOP *** [4d 9s 9h]
Seavus10: bets $4.43
Poker-KING1369: folds 
Uncalled bet ($4.43) returned to Seavus10
Seavus10 collected $13.30 from pot
Seavus10: doesn't show hand 
*** SUMMARY ***
Total pot $14 | Rake $0.70 
Board [4d 9s 9h]
Seat 1: pr0tecto folded before Flop (didn't bet)
Seat 2: Poker-KING1369 (button) folded on the Flop
Seat 3: tintin641 (small blind) folded before Flop
Seat 4: Seavus10 (big blind) collected ($13.30)
Seat 5: kuca86 folded before Flop (didn't bet)
Seat 6: Supermegopro folded before Flop (didn't bet)



PokerStars Hand #254407789104:  Hold'em No Limit ($0.50/$1.00 USD) - 2025/01/16 0:36:18 WET [2025/01/16 19:36:18 ET]
Table 'Leonisis II' 6-max Seat #3 is the button
Seat 1: pr0tecto ($100 in chips) 
Seat 2: Poker-KING1369 ($117.86 in chips) 
Seat 3: tintin641 ($112.40 in chips) 
Seat 4: Seavus10 ($116.14 in chips) 
Seat 5: kuca86 ($100 in chips) 
Seat 6: Supermegopro ($120.72 in chips) 
Seavus10: posts small blind $0.50
kuca86: posts big blind $1
*** HOLE CARDS ***
Supermegopro: raises $1.50 to $2.50
pr0tecto: folds 
Poker-KING1369: folds 
tintin641: raises $5 to $7.50
Seavus10: folds 
kuca86: folds 
Supermegopro: folds 
Uncalled bet ($5) returned to tintin641
tintin641 collected $6.50 from pot
tintin641: doesn't show hand 
*** SUMMARY ***
Total pot $6.50 | Rake $0 
Seat 1: pr0tecto folded before Flop (didn't bet)
Seat 2: Poker-KING1369 folded before Flop (didn't bet)
Seat 3: tintin641 (button) collected ($6.50)
Seat 4: Seavus10 (small blind) folded before Flop
Seat 5: kuca86 (big blind) folded before Flop
Seat 6: Supermegopro folded before Flop



PokerStars Hand #254407796382:  Hold'em No Limit ($0.50/$1.00 USD) - 2025/01/16 0:36:54 WET [2025/01/16 19:36:54 ET]
Table 'Leonisis II' 6-max Seat #4 is the button
Seat 1: pr0tecto ($100 in chips) 
Seat 2: Poker-KING1369 ($117.86 in chips) 
Seat 3: tintin641 ($116.40 in chips) 
Seat 4: Seavus10 ($115.64 in chips) 
Seat 5: kuca86 ($100 in chips) 
Seat 6: Supermegopro ($118.22 in chips) 
kuca86: posts small blind $0.50
Supermegopro: posts big blind $1
*** HOLE CARDS ***
pr0tecto: folds 
Poker-KING1369: folds 
tintin641: raises $1.50 to $2.50
Seavus10: folds 
kuca86: folds 
Supermegopro: calls $1.50
*** FLOP *** [Ts 9s 4c]
Supermegopro: checks 
tintin641: checks 
*** TURN *** [Ts 9s 4c] [Jd]
Supermegopro: checks 
tintin641: checks 
*** RIVER *** [Ts 9s 4c Jd] [Ks]
Supermegopro: bets $10.44
tintin641: folds 
Uncalled bet ($10.44) returned to Supermegopro
Supermegopro collected $5.22 from pot
Supermegopro: doesn't show hand 
*** SUMMARY ***
Total pot $5.50 | Rake $0.28 
Board [Ts 9s 4c Jd Ks]
Seat 1: pr0tecto folded before Flop (didn't bet)
Seat 2: Poker-KING1369 folded before Flop (didn't bet)
Seat 3: tintin641 folded on the River
Seat 4: Seavus10 (button) folded before Flop (didn't bet)
Seat 5: kuca86 (small blind) folded before Flop
Seat 6: Supermegopro (big blind) collected ($5.22)



PokerStars Hand #254407808569:  Hold'em No Limit ($0.50/$1.00 USD) - 2025/01/16 0:37:55 WET [2025/01/16 19:37:55 ET]
Table 'Leonisis II' 6-max Seat #5 is the button
Seat 1: pr0tecto ($100 in chips) 
Seat 2: Poker-KING1369 ($117.86 in chips) 
Seat 3: tintin641 ($113.90 in chips) 
Seat 4: Seavus10 ($115.64 in chips) 
Seat 5: kuca86 ($100 in chips) 
Seat 6: Supermegopro ($120.94 in chips) 
Supermegopro: posts small blind $0.50
pr0tecto: posts big blind $1
*** HOLE CARDS ***
Poker-KING1369 has timed out
Poker-KING1369: folds 
tintin641: folds 
Seavus10: raises $1.20 to $2.20
kuca86: folds 
Supermegopro: folds 
pr0tecto: folds 
Uncalled bet ($1.20) returned to Seavus10
Seavus10 collected $2.50 from pot
Seavus10: doesn't show hand 
*** SUMMARY ***
Total pot $2.50 | Rake $0 
Seat 1: pr0tecto (big blind) folded before Flop
Seat 2: Poker-KING1369 folded before Flop (didn't bet)
Seat 3: tintin641 folded before Flop (didn't bet)
Seat 4: Seavus10 collected ($2.50)
Seat 5: kuca86 (button) folded before Flop (didn't bet)
Seat 6: Supermegopro (small blind) folded before Flop



PokerStars Hand #254407814657:  Hold'em No Limit ($0.50/$1.00 USD) - 2025/01/16 0:38:25 WET [2025/01/16 19:38:25 ET]
Table 'Leonisis II' 6-max Seat #6 is the button
Seat 2: Poker-KING1369 ($117.86 in chips) is sitting out
Seat 1: pr0tecto ($99 in chips) 
Seat 3: tintin641 ($113.90 in chips) 
Seat 4: Seavus10 ($117.14 in chips) 
Seat 5: kuca86 ($100 in chips) 
Seat 6: Supermegopro ($120.44 in chips) 
pr0tecto: posts small blind $0.50
tintin641: posts big blind $1
*** HOLE CARDS ***
Seavus10: folds 
kuca86: folds 
Supermegopro: raises $2 to $3
pr0tecto: folds 
tintin641: folds 
Uncalled bet ($2) returned to Supermegopro
Supermegopro collected $2.50 from pot
Supermegopro: doesn't show hand 
*** SUMMARY ***
Total pot $2.50 | Rake $0 
Seat 2: Poker-KING1369
Seat 1: pr0tecto (small blind) folded before Flop
Seat 3: tintin641 (big blind) folded before Flop
Seat 4: Seavus10 folded before Flop (didn't bet)
Seat 5: kuca86 folded before Flop (didn't bet)
Seat 6: Supermegopro (button) collected ($2.50)



PokerStars Hand #254407817862:  Hold'em No Limit ($0.50/$1.00 USD) - 2025/01/16 0:38:41 WET [2025/01/16 19:38:41 ET]
Table 'Leonisis II' 6-max Seat #1 is the button
Seat 2: Poker-KING1369 ($117.86 in chips) is sitting out
Seat 1: pr0tecto ($100 in chips) 
Seat 3: tintin641 ($112.90 in chips) 
Seat 4: Seavus10 ($117.14 in chips) 
Seat 5: kuca86 ($100 in chips) 
Seat 6: Supermegopro ($121.94 in chips) 
tintin641: posts small blind $0.50
Seavus10: posts big blind $1
*** HOLE CARDS ***
kuca86: folds 
Supermegopro: raises $1.50 to $2.50
pr0tecto: folds 
tintin641: folds 
Seavus10: raises $9.50 to $12
Supermegopro: folds 
Uncalled bet ($9.50) returned to Seavus10
Seavus10 collected $5.50 from pot
Seavus10: doesn't show hand 
*** SUMMARY ***
Total pot $5.50 | Rake $0 
Seat 2: Poker-KING1369
Seat 1: pr0tecto (button) folded before Flop (didn't bet)
Seat 3: tintin641 (small blind) folded before Flop
Seat 4: Seavus10 (big blind) collected ($5.50)
Seat 5: kuca86 folded before Flop (didn't bet)
Seat 6: Supermegopro folded before Flop



PokerStars Hand #254407822418:  Hold'em No Limit ($0.50/$1.00 USD) - 2025/01/16 0:39:04 WET [2025/01/16 19:39:04 ET]
Table 'Leonisis II' 6-max Seat #3 is the button
Seat 2: Poker-KING1369 ($117.86 in chips) is sitting out
Seat 1: pr0tecto ($100 in chips) 
Seat 3: tintin641 ($112.40 in chips) 
Seat 4: Seavus10 ($120.14 in chips) 
Seat 5: kuca86 ($100 in chips) 
Seat 6: Supermegopro ($119.44 in chips) 
Seavus10: posts small blind $0.50
kuca86: posts big blind $1
Poker-KING1369: sits out 
*** HOLE CARDS ***
Supermegopro: folds 
pr0tecto: folds 
tintin641: raises $1.50 to $2.50
Seavus10: raises $8.50 to $11
kuca86: folds 
tintin641: folds 
Uncalled bet ($8.50) returned to Seavus10
Seavus10 collected $6 from pot
Seavus10: doesn't show hand 
*** SUMMARY ***
Total pot $6 | Rake $0 
Seat 2: Poker-KING1369
Seat 1: pr0tecto folded before Flop (didn't bet)
Seat 3: tintin641 (button) folded before Flop
Seat 4: Seavus10 (small blind) collected ($6)
Seat 5: kuca86 (big blind) folded before Flop
Seat 6: Supermegopro folded before Flop (didn't bet)



PokerStars Hand #254407829283:  Hold'em No Limit ($0.50/$1.00 USD) - 2025/01/16 0:39:38 WET [2025/01/16 19:39:38 ET]
Table 'Leonisis II' 6-max Seat #4 is the button
Seat 2: Poker-KING1369 ($117.86 in chips) is sitting out
Seat 1: pr0tecto ($100 in chips) 
Seat 3: tintin641 ($109.90 in chips) 
Seat 4: Seavus10 ($123.64 in chips) 
Seat 5: kuca86 ($100 in chips) 
Seat 6: Supermegopro ($119.44 in chips) 
kuca86: posts small blind $0.50
Supermegopro: posts big blind $1
Poker-KING1369: sits out 
*** HOLE CARDS ***
pr0tecto: folds 
tintin641: raises $1.50 to $2.50
Seavus10: folds 
kuca86: folds 
Supermegopro: folds 
Uncalled bet ($1.50) returned to tintin641
tintin641 collected $2.50 from pot
tintin641: doesn't show hand 
*** SUMMARY ***
Total pot $2.50 | Rake $0 
Seat 2: Poker-KING1369
Seat 1: pr0tecto folded before Flop (didn't bet)
Seat 3: tintin641 collected ($2.50)
Seat 4: Seavus10 (button) folded before Flop (didn't bet)
Seat 5: kuca86 (small blind) folded before Flop
Seat 6: Supermegopro (big blind) folded before Flop



PokerStars Hand #254407832296:  Hold'em No Limit ($0.50/$1.00 USD) - 2025/01/16 0:39:53 WET [2025/01/16 19:39:53 ET]
Table 'Leonisis II' 6-max Seat #5 is the button
Seat 2: Poker-KING1369 ($117.86 in chips) is sitting out
Seat 1: pr0tecto ($100 in chips) 
Seat 3: tintin641 ($111.40 in chips) 
Seat 4: Seavus10 ($123.64 in chips) 
Seat 5: kuca86 ($100 in chips) 
Seat 6: Supermegopro ($118.44 in chips) 
Supermegopro: posts small blind $0.50
pr0tecto: posts big blind $1
Poker-KING1369: sits out 
*** HOLE CARDS ***
tintin641: folds 
Seavus10: folds 
kuca86: folds 
Supermegopro: folds 
Uncalled bet ($0.50) returned to pr0tecto
pr0tecto collected $1 from pot
pr0tecto: doesn't show hand 
*** SUMMARY ***
Total pot $1 | Rake $0 
Seat 2: Poker-KING1369
Seat 1: pr0tecto (big blind) collected ($1)
Seat 3: tintin641 folded before Flop (didn't bet)
Seat 4: Seavus10 folded before Flop (didn't bet)
Seat 5: kuca86 (button) folded before Flop (didn't bet)
Seat 6: Supermegopro (small blind) folded before Flop



PokerStars Hand #254407835120:  Hold'em No Limit ($0.50/$1.00 USD) - 2025/01/16 0:40:07 WET [2025/01/16 19:40:07 ET]
Table 'Leonisis II' 6-max Seat #6 is the button
Seat 1: pr0tecto ($100.50 in chips) 
Seat 2: Poker-KING1369 ($117.86 in chips) 
Seat 3: tintin641 ($111.40 in chips) 
Seat 4: Seavus10 ($123.64 in chips) 
Seat 5: kuca86 ($100 in chips) 
Seat 6: Supermegopro ($117.94 in chips) 
pr0tecto: posts small blind $0.50
Poker-KING1369: posts big blind $1
*** HOLE CARDS ***
tintin641: folds 
Seavus10: raises $1.20 to $2.20
kuca86: raises $4.84 to $7.04
Supermegopro: folds 
pr0tecto: folds 
Poker-KING1369 has timed out
Poker-KING1369: folds 
Seavus10: folds 
Uncalled bet ($4.84) returned to kuca86
kuca86 collected $5.90 from pot
kuca86: doesn't show hand 
*** SUMMARY ***
Total pot $5.90 | Rake $0 
Seat 1: pr0tecto (small blind) folded before Flop
Seat 2: Poker-KING1369 (big blind) folded before Flop
Seat 3: tintin641 folded before Flop (didn't bet)
Seat 4: Seavus10 folded before Flop
Seat 5: kuca86 collected ($5.90)
Seat 6: Supermegopro (button) folded before Flop (didn't bet)



PokerStars Hand #254407843836:  Hold'em No Limit ($0.50/$1.00 USD) - 2025/01/16 0:40:51 WET [2025/01/16 19:40:51 ET]
Table 'Leonisis II' 6-max Seat #1 is the button
Seat 2: Poker-KING1369 ($116.86 in chips) is sitting out
Seat 1: pr0tecto ($100 in chips) 
Seat 3: tintin641 ($111.40 in chips) 
Seat 4: Seavus10 ($121.44 in chips) 
Seat 5: kuca86 ($103.70 in chips) 
Seat 6: Supermegopro ($117.94 in chips) 
tintin641: posts small blind $0.50
Seavus10: posts big blind $1
*** HOLE CARDS ***
kuca86: folds 
Supermegopro: raises $1.50 to $2.50
pr0tecto: folds 
tintin641: folds 
Seavus10: folds 
Uncalled bet ($1.50) returned to Supermegopro
Supermegopro collected $2.50 from pot
Supermegopro: doesn't show hand 
*** SUMMARY ***
Total pot $2.50 | Rake $0 
Seat 2: Poker-KING1369
Seat 1: pr0tecto (button) folded before Flop (didn't bet)
Seat 3: tintin641 (small blind) folded before Flop
Seat 4: Seavus10 (big blind) folded before Flop
Seat 5: kuca86 folded before Flop (didn't bet)
Seat 6: Supermegopro collected ($2.50)



PokerStars Hand #254407846223:  Hold'em No Limit ($0.50/$1.00 USD) - 2025/01/16 0:41:03 WET [2025/01/16 19:41:03 ET]
Table 'Leonisis II' 6-max Seat #3 is the button
Seat 2: Poker-KING1369 ($116.86 in chips) is sitting out
Seat 1: pr0tecto ($100 in chips) 
Seat 3: tintin641 ($110.90 in chips) 
Seat 4: Seavus10 ($120.44 in chips) 
Seat 5: kuca86 ($103.70 in chips) 
Seat 6: Supermegopro ($119.44 in chips) 
Seavus10: posts small blind $0.50
kuca86: posts big blind $1
Poker-KING1369: sits out 
*** HOLE CARDS ***
Supermegopro: raises $1.50 to $2.50
pr0tecto: raises $5.50 to $8
tintin641: folds 
Seavus10: folds 
kuca86: folds 
Supermegopro: folds 
Uncalled bet ($5.50) returned to pr0tecto
pr0tecto collected $6.50 from pot
pr0tecto: doesn't show hand 
*** SUMMARY ***
Total pot $6.50 | Rake $0 
Seat 2: Poker-KING1369
Seat 1: pr0tecto collected ($6.50)
Seat 3: tintin641 (button) folded before Flop (didn't bet)
Seat 4: Seavus10 (small blind) folded before Flop
Seat 5: kuca86 (big blind) folded before Flop
Seat 6: Supermegopro folded before Flop



PokerStars Hand #254407851346:  Hold'em No Limit ($0.50/$1.00 USD) - 2025/01/16 0:41:28 WET [2025/01/16 19:41:28 ET]
Table 'Leonisis II' 6-max Seat #4 is the button
Seat 1: pr0tecto ($104 in chips) 
Seat 2: Poker-KING1369 ($116.86 in chips) 
Seat 3: tintin641 ($110.90 in chips) 
Seat 4: Seavus10 ($119.94 in chips) 
Seat 5: kuca86 ($102.70 in chips) 
Seat 6: Supermegopro ($116.94 in chips) 
kuca86: posts small blind $0.50
Supermegopro: posts big blind $1
Poker-KING1369: posts small blind $0.50
*** HOLE CARDS ***
pr0tecto: raises $1.50 to $2.50
Poker-KING1369: raises $1.50 to $4
tintin641: raises $8 to $12
Seavus10: folds 
kuca86: folds 
Supermegopro: folds 
pr0tecto: calls $9.50
Poker-KING1369: calls $8
*** FLOP *** [2s 6c Th]
pr0tecto: checks 
Poker-KING1369: checks 
tintin641: checks 
*** TURN *** [2s 6c Th] [6h]
pr0tecto: checks 
Poker-KING1369: bets $18.05
tintin641: folds 
pr0tecto: folds 
Uncalled bet ($18.05) returned to Poker-KING1369
Poker-KING1369 collected $36.10 from pot
*** SUMMARY ***
Total pot $38 | Rake $1.90 
Board [2s 6c Th 6h]
Seat 1: pr0tecto folded on the Turn
Seat 2: Poker-KING1369 collected ($36.10)
Seat 3: tintin641 folded on the Turn
Seat 4: Seavus10 (button) folded before Flop (didn't bet)
Seat 5: kuca86 (small blind) folded before Flop
Seat 6: Supermegopro (big blind) folded before Flop



PokerStars Hand #254407867495:  Hold'em No Limit ($0.50/$1.00 USD) - 2025/01/16 0:42:49 WET [2025/01/16 19:42:49 ET]
Table 'Leonisis II' 6-max Seat #5 is the button
Seat 1: pr0tecto ($100 in chips) 
Seat 2: Poker-KING1369 ($140.46 in chips) 
Seat 3: tintin641 ($100 in chips) 
Seat 4: Seavus10 ($119.94 in chips) 
Seat 5: kuca86 ($102.20 in chips) 
Seat 6: Supermegopro ($115.94 in chips) 
Supermegopro: posts small blind $0.50
pr0tecto: posts big blind $1
*** HOLE CARDS ***
Poker-KING1369: calls $1
tintin641: folds 
Seavus10: folds 
kuca86: raises $3.50 to $4.50
Supermegopro: folds 
pr0tecto: folds 
Poker-KING1369: calls $3.50
*** FLOP *** [7h 5s Td]
Poker-KING1369: bets $4.99
kuca86: raises $9.98 to $14.97
Poker-KING1369: calls $9.98
*** TURN *** [7h 5s Td] [7s]
Poker-KING1369: checks 
kuca86: checks 
*** RIVER *** [7h 5s Td 7s] [6c]
Poker-KING1369: bets $1
kuca86: calls $1
*** SHOW DOWN ***
Poker-KING1369: shows [6h 9d] (two pair, Sevens and Sixes)
kuca86: shows [8d 6d] (two pair, Sevens and Sixes)
Poker-KING1369 collected $20.16 from pot
kuca86 collected $20.16 from pot
*** SUMMARY ***
Total pot $42.44 | Rake $2.12 
Board [7h 5s Td 7s 6c]
Seat 1: pr0tecto (big blind) folded before Flop
Seat 2: Poker-KING1369 showed [6h 9d] and won ($20.16) with two pair, Sevens and Sixes
Seat 3: tintin641 folded before Flop (didn't bet)
Seat 4: Seavus10 folded before Flop (didn't bet)
Seat 5: kuca86 (button) showed [8d 6d] and won ($20.16) with two pair, Sevens and Sixes
Seat 6: Supermegopro (small blind) folded before Flop



PokerStars Hand #254407884854:  Hold'em No Limit ($0.50/$1.00 USD) - 2025/01/16 0:44:18 WET [2025/01/16 19:44:18 ET]
Table 'Leonisis II' 6-max Seat #6 is the button
Seat 1: pr0tecto ($99 in chips) 
Seat 2: Poker-KING1369 ($140.15 in chips) 
Seat 3: tintin641 ($100 in chips) 
Seat 4: Seavus10 ($119.94 in chips) 
Seat 5: kuca86 ($101.89 in chips) 
Seat 6: Supermegopro ($115.44 in chips) 
pr0tecto: posts small blind $0.50
Poker-KING1369: posts big blind $1
*** HOLE CARDS ***
tintin641: folds 
Seavus10: raises $1.20 to $2.20
kuca86: folds 
Supermegopro: raises $5.30 to $7.50
pr0tecto: folds 
Poker-KING1369: folds 
Seavus10: folds 
Uncalled bet ($5.30) returned to Supermegopro
Supermegopro collected $5.90 from pot
Supermegopro: doesn't show hand 
*** SUMMARY ***
Total pot $5.90 | Rake $0 
Seat 1: pr0tecto (small blind) folded before Flop
Seat 2: Poker-KING1369 (big blind) folded before Flop
Seat 3: tintin641 folded before Flop (didn't bet)
Seat 4: Seavus10 folded before Flop
Seat 5: kuca86 folded before Flop (didn't bet)
Seat 6: Supermegopro (button) collected ($5.90)



PokerStars Hand #254407890709:  Hold'em No Limit ($0.50/$1.00 USD) - 2025/01/16 0:44:48 WET [2025/01/16 19:44:48 ET]
Table 'Leonisis II' 6-max Seat #1 is the button
Seat 1: pr0tecto ($100 in chips) 
Seat 2: Poker-KING1369 ($139.15 in chips) 
Seat 3: tintin641 ($100 in chips) 
Seat 4: Seavus10 ($117.74 in chips) 
Seat 5: kuca86 ($101.89 in chips) 
Seat 6: Supermegopro ($119.14 in chips) 
Poker-KING1369: posts small blind $0.50
tintin641: posts big blind $1
*** HOLE CARDS ***
Seavus10: folds 
kuca86: folds 
Supermegopro: raises $1.50 to $2.50
pr0tecto: folds 
Poker-KING1369: calls $2
tintin641: folds 
*** FLOP *** [2s 8c Qd]
Poker-KING1369: checks 
Supermegopro: checks 
*** TURN *** [2s 8c Qd] [Ts]
Poker-KING1369: checks 
Supermegopro: bets $8.55
Poker-KING1369: folds 
Uncalled bet ($8.55) returned to Supermegopro
Supermegopro collected $5.70 from pot
Supermegopro: doesn't show hand 
*** SUMMARY ***
Total pot $6 | Rake $0.30 
Board [2s 8c Qd Ts]
Seat 1: pr0tecto (button) folded before Flop (didn't bet)
Seat 2: Poker-KING1369 (small blind) folded on the Turn
Seat 3: tintin641 (big blind) folded before Flop
Seat 4: Seavus10 folded before Flop (didn't bet)
Seat 5: kuca86 folded before Flop (didn't bet)
Seat 6: Supermegopro collected ($5.70)



PokerStars Hand #254407902672:  Hold'em No Limit ($0.50/$1.00 USD) - 2025/01/16 0:45:50 WET [2025/01/16 19:45:50 ET]
Table 'Leonisis II' 6-max Seat #2 is the button
Seat 1: pr0tecto ($100 in chips) 
Seat 2: Poker-KING1369 ($136.65 in chips) 
Seat 3: tintin641 ($100 in chips) 
Seat 4: Seavus10 ($117.74 in chips) 
Seat 5: kuca86 ($101.89 in chips) 
Seat 6: Supermegopro ($122.34 in chips) 
tintin641: posts small blind $0.50
Seavus10: posts big blind $1
*** HOLE CARDS ***
kuca86: folds 
Supermegopro: folds 
pr0tecto: folds 
Poker-KING1369 has timed out
Poker-KING1369: folds 
tintin641: raises $2 to $3
Seavus10: calls $2
*** FLOP *** [6d 4d Th]
tintin641: bets $1.88
Seavus10: folds 
Uncalled bet ($1.88) returned to tintin641
tintin641 collected $5.70 from pot
tintin641: doesn't show hand 
*** SUMMARY ***
Total pot $6 | Rake $0.30 
Board [6d 4d Th]
Seat 1: pr0tecto folded before Flop (didn't bet)
Seat 2: Poker-KING1369 (button) folded before Flop (didn't bet)
Seat 3: tintin641 (small blind) collected ($5.70)
Seat 4: Seavus10 (big blind) folded on the Flop
Seat 5: kuca86 folded before Flop (didn't bet)
Seat 6: Supermegopro folded before Flop (didn't bet)



PokerStars Hand #254407914148:  Hold'em No Limit ($0.50/$1.00 USD) - 2025/01/16 0:46:49 WET [2025/01/16 19:46:49 ET]
Table 'Leonisis II' 6-max Seat #3 is the button
Seat 2: Poker-KING1369 ($136.65 in chips) is sitting out
Seat 1: pr0tecto ($100 in chips) 
Seat 3: tintin641 ($102.70 in chips) 
Seat 4: Seavus10 ($114.74 in chips) 
Seat 5: kuca86 ($101.89 in chips) 
Seat 6: Supermegopro ($122.34 in chips) 
Seavus10: posts small blind $0.50
kuca86: posts big blind $1
*** HOLE CARDS ***
Supermegopro: folds 
pr0tecto: raises $1.20 to $2.20
tintin641: raises $5.30 to $7.50
Seavus10: folds 
kuca86: folds 
pr0tecto: folds 
Uncalled bet ($5.30) returned to tintin641
tintin641 collected $5.90 from pot
tintin641: doesn't show hand 
*** SUMMARY ***
Total pot $5.90 | Rake $0 
Seat 2: Poker-KING1369
Seat 1: pr0tecto folded before Flop
Seat 3: tintin641 (button) collected ($5.90)
Seat 4: Seavus10 (small blind) folded before Flop
Seat 5: kuca86 (big blind) folded before Flop
Seat 6: Supermegopro folded before Flop (didn't bet)



PokerStars Hand #254407917620:  Hold'em No Limit ($0.50/$1.00 USD) - 2025/01/16 0:47:07 WET [2025/01/16 19:47:07 ET]
Table 'Leonisis II' 6-max Seat #4 is the button
Seat 1: pr0tecto ($100 in chips) 
Seat 2: Poker-KING1369 ($136.65 in chips) 
Seat 3: tintin641 ($106.40 in chips) 
Seat 4: Seavus10 ($114.24 in chips) 
Seat 5: kuca86 ($100.89 in chips) 
Seat 6: Supermegopro ($122.34 in chips) 
kuca86: posts small blind $0.50
Supermegopro: posts big blind $1
*** HOLE CARDS ***
pr0tecto: folds 
Poker-KING1369 has timed out
Poker-KING1369: folds 
tintin641: folds 
Seavus10: folds 
kuca86: folds 
Uncalled bet ($0.50) returned to Supermegopro
Supermegopro collected $1 from pot
Supermegopro: doesn't show hand 
*** SUMMARY ***
Total pot $1 | Rake $0 
Seat 1: pr0tecto folded before Flop (didn't bet)
Seat 2: Poker-KING1369 folded before Flop (didn't bet)
Seat 3: tintin641 folded before Flop (didn't bet)
Seat 4: Seavus10 (button) folded before Flop (didn't bet)
Seat 5: kuca86 (small blind) folded before Flop
Seat 6: Supermegopro (big blind) collected ($1)



PokerStars Hand #254407922912:  Hold'em No Limit ($0.50/$1.00 USD) - 2025/01/16 0:47:34 WET [2025/01/16 19:47:34 ET]
Table 'Leonisis II' 6-max Seat #5 is the button
Seat 1: pr0tecto ($100 in chips) 
Seat 2: Poker-KING1369 ($136.65 in chips) 
Seat 3: tintin641 ($106.40 in chips) 
Seat 4: Seavus10 ($114.24 in chips) 
Seat 5: kuca86 ($100.39 in chips) 
Seat 6: Supermegopro ($122.84 in chips) 
Supermegopro: posts small blind $0.50
pr0tecto: posts big blind $1
*** HOLE CARDS ***
Poker-KING1369 has timed out
Poker-KING1369: folds 
tintin641: folds 
Seavus10: raises $1.20 to $2.20
kuca86: folds 
Supermegopro: folds 
pr0tecto: folds 
Uncalled bet ($1.20) returned to Seavus10
Seavus10 collected $2.50 from pot
Seavus10: doesn't show hand 
*** SUMMARY ***
Total pot $2.50 | Rake $0 
Seat 1: pr0tecto (big blind) folded before Flop
Seat 2: Poker-KING1369 folded before Flop (didn't bet)
Seat 3: tintin641 folded before Flop (didn't bet)
Seat 4: Seavus10 collected ($2.50)
Seat 5: kuca86 (button) folded before Flop (didn't bet)
Seat 6: Supermegopro (small blind) folded before Flop



PokerStars Hand #254407928409:  Hold'em No Limit ($0.50/$1.00 USD) - 2025/01/16 0:48:02 WET [2025/01/16 19:48:02 ET]
Table 'Leonisis II' 6-max Seat #6 is the button
Seat 1: pr0tecto ($99 in chips) 
Seat 2: Poker-KING1369 ($136.65 in chips) 
Seat 3: tintin641 ($106.40 in chips) 
Seat 4: Seavus10 ($115.74 in chips) 
Seat 5: kuca86 ($100.39 in chips) 
Seat 6: Supermegopro ($122.34 in chips) 
pr0tecto: posts small blind $0.50
Poker-KING1369: posts big blind $1
*** HOLE CARDS ***
tintin641: folds 
Seavus10: raises $1.20 to $2.20
kuca86: folds 
Supermegopro: folds 
pr0tecto: raises $7.80 to $10
Poker-KING1369: folds 
Seavus10: calls $7.80
*** FLOP *** [7d 8d 8s]
pr0tecto: checks 
Seavus10: bets $6.64
pr0tecto: calls $6.64
*** TURN *** [7d 8d 8s] [5c]
pr0tecto: checks 
Seavus10: bets $24.43
pr0tecto: calls $24.43
*** RIVER *** [7d 8d 8s 5c] [Tc]
pr0tecto: checks 
Seavus10: checks 
*** SHOW DOWN ***
pr0tecto: shows [Ad 9d] (a pair of Eights)
Seavus10: shows [Jd Jc] (two pair, Jacks and Eights)
Seavus10 collected $80.64 from pot
*** SUMMARY ***
Total pot $83.14 | Rake $2.50 
Board [7d 8d 8s 5c Tc]
Seat 1: pr0tecto (small blind) showed [Ad 9d] and lost with a pair of Eights
Seat 2: Poker-KING1369 (big blind) folded before Flop
Seat 3: tintin641 folded before Flop (didn't bet)
Seat 4: Seavus10 showed [Jd Jc] and won ($80.64) with two pair, Jacks and Eights
Seat 5: kuca86 folded before Flop (didn't bet)
Seat 6: Supermegopro (button) folded before Flop (didn't bet)



PokerStars Hand #254407947322:  Hold'em No Limit ($0.50/$1.00 USD) - 2025/01/16 0:49:41 WET [2025/01/16 19:49:41 ET]
Table 'Leonisis II' 6-max Seat #1 is the button
Seat 1: pr0tecto ($100 in chips) 
Seat 2: Poker-KING1369 ($135.65 in chips) 
Seat 3: tintin641 ($106.40 in chips) 
Seat 4: Seavus10 ($155.31 in chips) 
Seat 5: kuca86 ($100.39 in chips) 
Seat 6: Supermegopro ($122.34 in chips) 
Poker-KING1369: posts small blind $0.50
tintin641: posts big blind $1
*** HOLE CARDS ***
Seavus10: raises $1.50 to $2.50
kuca86: folds 
Supermegopro: folds 
pr0tecto: folds 
Poker-KING1369: folds 
tintin641: calls $1.50
*** FLOP *** [4h Qs 2d]
tintin641: checks 
Seavus10: bets $1.74
tintin641: calls $1.74
*** TURN *** [4h Qs 2d] [9h]
tintin641: checks 
Seavus10: bets $13.22
tintin641: folds 
Uncalled bet ($13.22) returned to Seavus10
Seavus10 collected $8.53 from pot
Seavus10: doesn't show hand 
*** SUMMARY ***
Total pot $8.98 | Rake $0.45 
Board [4h Qs 2d 9h]
Seat 1: pr0tecto (button) folded before Flop (didn't bet)
Seat 2: Poker-KING1369 (small blind) folded before Flop
Seat 3: tintin641 (big blind) folded on the Turn
Seat 4: Seavus10 collected ($8.53)
Seat 5: kuca86 folded before Flop (didn't bet)
Seat 6: Supermegopro folded before Flop (didn't bet)



PokerStars Hand #254407961141:  Hold'em No Limit ($0.50/$1.00 USD) - 2025/01/16 0:50:53 WET [2025/01/16 19:50:53 ET]
Table 'Leonisis II' 6-max Seat #2 is the button
Seat 1: pr0tecto ($100 in chips) 
Seat 2: Poker-KING1369 ($135.15 in chips) 
Seat 3: tintin641 ($102.16 in chips) 
Seat 4: Seavus10 ($159.60 in chips) 
Seat 5: kuca86 ($100.39 in chips) 
Seat 6: Supermegopro ($122.34 in chips) 
tintin641: posts small blind $0.50
Seavus10: posts big blind $1
*** HOLE CARDS ***
kuca86: folds 
Supermegopro: raises $1.50 to $2.50
pr0tecto: calls $2.50
Poker-KING1369: calls $2.50
tintin641: folds 
Seavus10: folds 
*** FLOP *** [Jh As 6s]
Supermegopro: checks 
pr0tecto: checks 
Poker-KING1369: checks 
*** TURN *** [Jh As 6s] [Th]
Supermegopro: checks 
pr0tecto: bets $2.82
Poker-KING1369: calls $2.82
Supermegopro: folds 
*** RIVER *** [Jh As 6s Th] [Qc]
pr0tecto: checks 
Poker-KING1369: bets $6.96
pr0tecto: calls $6.96
*** SHOW DOWN ***
Poker-KING1369: shows [Qd 9s] (a pair of Queens)
pr0tecto: shows [Ac 2c] (a pair of Aces)
pr0tecto collected $27.13 from pot
*** SUMMARY ***
Total pot $28.56 | Rake $1.43 
Board [Jh As 6s Th Qc]
Seat 1: pr0tecto showed [Ac 2c] and won ($27.13) with a pair of Aces
Seat 2: Poker-KING1369 (button) showed [Qd 9s] and lost with a pair of Queens
Seat 3: tintin641 (small blind) folded before Flop
Seat 4: Seavus10 (big blind) folded before Flop
Seat 5: kuca86 folded before Flop (didn't bet)
Seat 6: Supermegopro folded on the Turn



PokerStars Hand #254407974590:  Hold'em No Limit ($0.50/$1.00 USD) - 2025/01/16 0:52:04 WET [2025/01/16 19:52:04 ET]
Table 'Leonisis II' 6-max Seat #3 is the button
Seat 1: pr0tecto ($114.85 in chips) 
Seat 2: Poker-KING1369 ($122.87 in chips) 
Seat 3: tintin641 ($101.66 in chips) 
Seat 4: Seavus10 ($158.60 in chips) 
Seat 5: kuca86 ($100.39 in chips) 
Seat 6: Supermegopro ($119.84 in chips) 
Seavus10: posts small blind $0.50
kuca86: posts big blind $1
*** HOLE CARDS ***
Supermegopro: folds 
pr0tecto: folds 
Poker-KING1369: folds 
tintin641: folds 
Seavus10: folds 
Uncalled bet ($0.50) returned to kuca86
kuca86 collected $1 from pot
kuca86: doesn't show hand 
*** SUMMARY ***
Total pot $1 | Rake $0 
Seat 1: pr0tecto folded before Flop (didn't bet)
Seat 2: Poker-KING1369 folded before Flop (didn't bet)
Seat 3: tintin641 (button) folded before Flop (didn't bet)
Seat 4: Seavus10 (small blind) folded before Flop
Seat 5: kuca86 (big blind) collected ($1)
Seat 6: Supermegopro folded before Flop (didn't bet)



PokerStars Hand #254407977349:  Hold'em No Limit ($0.50/$1.00 USD) - 2025/01/16 0:52:19 WET [2025/01/16 19:52:19 ET]
Table 'Leonisis II' 6-max Seat #4 is the button
Seat 1: pr0tecto ($114.85 in chips) 
Seat 2: Poker-KING1369 ($122.87 in chips) 
Seat 3: tintin641 ($101.66 in chips) 
Seat 4: Seavus10 ($158.10 in chips) 
Seat 5: kuca86 ($100.89 in chips) 
Seat 6: Supermegopro ($119.84 in chips) 
kuca86: posts small blind $0.50
Supermegopro: posts big blind $1
*** HOLE CARDS ***
pr0tecto: raises $1.10 to $2.10
Poker-KING1369: folds 
tintin641: folds 
Seavus10: folds 
kuca86: folds 
Supermegopro: folds 
Uncalled bet ($1.10) returned to pr0tecto
pr0tecto collected $2.50 from pot
pr0tecto: doesn't show hand 
*** SUMMARY ***
Total pot $2.50 | Rake $0 
Seat 1: pr0tecto collected ($2.50)
Seat 2: Poker-KING1369 folded before Flop (didn't bet)
Seat 3: tintin641 folded before Flop (didn't bet)
Seat 4: Seavus10 (button) folded before Flop (didn't bet)
Seat 5: kuca86 (small blind) folded before Flop
Seat 6: Supermegopro (big blind) folded before Flop



PokerStars Hand #254407983894:  Hold'em No Limit ($0.50/$1.00 USD) - 2025/01/16 0:52:54 WET [2025/01/16 19:52:54 ET]
Table 'Leonisis II' 6-max Seat #5 is the button
Seat 1: pr0tecto ($116.35 in chips) 
Seat 2: Poker-KING1369 ($122.87 in chips) 
Seat 3: tintin641 ($101.66 in chips) 
Seat 4: Seavus10 ($158.10 in chips) 
Seat 5: kuca86 ($100.39 in chips) 
Seat 6: Supermegopro ($118.84 in chips) 
Supermegopro: posts small blind $0.50
pr0tecto: posts big blind $1
*** HOLE CARDS ***
Poker-KING1369 has timed out
Poker-KING1369: folds 
tintin641: raises $1.50 to $2.50
Seavus10: folds 
kuca86: folds 
Supermegopro: folds 
pr0tecto: folds 
Uncalled bet ($1.50) returned to tintin641
tintin641 collected $2.50 from pot
tintin641: doesn't show hand 
*** SUMMARY ***
Total pot $2.50 | Rake $0 
Seat 1: pr0tecto (big blind) folded before Flop
Seat 2: Poker-KING1369 folded before Flop (didn't bet)
Seat 3: tintin641 collected ($2.50)
Seat 4: Seavus10 folded before Flop (didn't bet)
Seat 5: kuca86 (button) folded before Flop (didn't bet)
Seat 6: Supermegopro (small blind) folded before Flop



PokerStars Hand #254407990237:  Hold'em No Limit ($0.50/$1.00 USD) - 2025/01/16 0:53:28 WET [2025/01/16 19:53:28 ET]
Table 'Leonisis II' 6-max Seat #6 is the button
Seat 1: pr0tecto ($115.35 in chips) 
Seat 2: Poker-KING1369 ($122.87 in chips) 
Seat 3: tintin641 ($103.16 in chips) 
Seat 4: Seavus10 ($158.10 in chips) 
Seat 5: kuca86 ($100.39 in chips) 
Seat 6: Supermegopro ($118.34 in chips) 
pr0tecto: posts small blind $0.50
Poker-KING1369: posts big blind $1
*** HOLE CARDS ***
tintin641: folds 
Seavus10: folds 
kuca86: folds 
Supermegopro: folds 
pr0tecto: folds 
Uncalled bet ($0.50) returned to Poker-KING1369
Poker-KING1369 collected $1 from pot
*** SUMMARY ***
Total pot $1 | Rake $0 
Seat 1: pr0tecto (small blind) folded before Flop
Seat 2: Poker-KING1369 (big blind) collected ($1)
Seat 3: tintin641 folded before Flop (didn't bet)
Seat 4: Seavus10 folded before Flop (didn't bet)
Seat 5: kuca86 folded before Flop (didn't bet)
Seat 6: Supermegopro (button) folded before Flop (didn't bet)



PokerStars Hand #254407992986:  Hold'em No Limit ($0.50/$1.00 USD) - 2025/01/16 0:53:43 WET [2025/01/16 19:53:43 ET]
Table 'Leonisis II' 6-max Seat #1 is the button
Seat 1: pr0tecto ($114.85 in chips) 
Seat 2: Poker-KING1369 ($123.37 in chips) 
Seat 3: tintin641 ($103.16 in chips) 
Seat 4: Seavus10 ($158.10 in chips) 
Seat 5: kuca86 ($100.39 in chips) 
Seat 6: Supermegopro ($118.34 in chips) 
Poker-KING1369: posts small blind $0.50
tintin641: posts big blind $1
*** HOLE CARDS ***
Seavus10: folds 
kuca86: folds 
Supermegopro: folds 
pr0tecto: raises $2 to $3
Poker-KING1369: calls $2.50
tintin641: folds 
*** FLOP *** [Kd Qh 9h]
Poker-KING1369: bets $6.65
pr0tecto: folds 
Uncalled bet ($6.65) returned to Poker-KING1369
Poker-KING1369 collected $6.65 from pot
*** SUMMARY ***
Total pot $7 | Rake $0.35 
Board [Kd Qh 9h]
Seat 1: pr0tecto (button) folded on the Flop
Seat 2: Poker-KING1369 (small blind) collected ($6.65)
Seat 3: tintin641 (big blind) folded before Flop
Seat 4: Seavus10 folded before Flop (didn't bet)
Seat 5: kuca86 folded before Flop (didn't bet)
Seat 6: Supermegopro folded before Flop (didn't bet)



PokerStars Hand #254407999766:  Hold'em No Limit ($0.50/$1.00 USD) - 2025/01/16 0:54:19 WET [2025/01/16 19:54:19 ET]
Table 'Leonisis II' 6-max Seat #2 is the button
Seat 1: pr0tecto ($111.85 in chips) 
Seat 2: Poker-KING1369 ($127.02 in chips) 
Seat 3: tintin641 ($102.16 in chips) 
Seat 4: Seavus10 ($158.10 in chips) 
Seat 5: kuca86 ($100.39 in chips) 
Seat 6: Supermegopro ($118.34 in chips) 
tintin641: posts small blind $0.50
Seavus10: posts big blind $1
*** HOLE CARDS ***
kuca86: folds 
Supermegopro: folds 
pr0tecto: folds 
Poker-KING1369: calls $1
tintin641: calls $0.50
Seavus10: checks 
*** FLOP *** [Ts Qh Qc]
tintin641: checks 
Seavus10: checks 
Poker-KING1369: checks 
*** TURN *** [Ts Qh Qc] [3d]
tintin641: checks 
Seavus10: bets $1.14
Poker-KING1369: calls $1.14
tintin641: folds 
*** RIVER *** [Ts Qh Qc 3d] [5c]
Seavus10: checks 
Poker-KING1369: bets $9.02
Seavus10: folds 
Uncalled bet ($9.02) returned to Poker-KING1369
Poker-KING1369 collected $5.02 from pot
*** SUMMARY ***
Total pot $5.28 | Rake $0.26 
Board [Ts Qh Qc 3d 5c]
Seat 1: pr0tecto folded before Flop (didn't bet)
Seat 2: Poker-KING1369 (button) collected ($5.02)
Seat 3: tintin641 (small blind) folded on the Turn
Seat 4: Seavus10 (big blind) folded on the River
Seat 5: kuca86 folded before Flop (didn't bet)
Seat 6: Supermegopro folded before Flop (didn't bet)



PokerStars Hand #254408018206:  Hold'em No Limit ($0.50/$1.00 USD) - 2025/01/16 0:56:10 WET [2025/01/16 19:56:10 ET]
Table 'Leonisis II' 6-max Seat #3 is the button
Seat 1: pr0tecto ($111.85 in chips) 
Seat 2: Poker-KING1369 ($129.90 in chips) 
Seat 3: tintin641 ($101.16 in chips) 
Seat 4: Seavus10 ($155.96 in chips) 
Seat 5: kuca86 ($100.39 in chips) 
Seat 6: Supermegopro ($118.34 in chips) 
Seavus10: posts small blind $0.50
kuca86: posts big blind $1
*** HOLE CARDS ***
Supermegopro: raises $1.50 to $2.50
pr0tecto: folds 
Poker-KING1369: calls $2.50
tintin641: raises $8.50 to $11
Seavus10: folds 
kuca86: folds 
Supermegopro: calls $8.50
Poker-KING1369: folds 
*** FLOP *** [9c 8c Qh]
Supermegopro: checks 
tintin641: checks 
*** TURN *** [9c 8c Qh] [4d]
Supermegopro: checks 
tintin641: bets $18.53
Supermegopro: folds 
Uncalled bet ($18.53) returned to tintin641
tintin641 collected $24.70 from pot
tintin641: doesn't show hand 
*** SUMMARY ***
Total pot $26 | Rake $1.30 
Board [9c 8c Qh 4d]
Seat 1: pr0tecto folded before Flop (didn't bet)
Seat 2: Poker-KING1369 folded before Flop
Seat 3: tintin641 (button) collected ($24.70)
Seat 4: Seavus10 (small blind) folded before Flop
Seat 5: kuca86 (big blind) folded before Flop
Seat 6: Supermegopro folded on the Turn



PokerStars Hand #254408028301:  Hold'em No Limit ($0.50/$1.00 USD) - 2025/01/16 0:57:18 WET [2025/01/16 19:57:18 ET]
Table 'Leonisis II' 6-max Seat #4 is the button
Seat 1: pr0tecto ($111.85 in chips) 
Seat 2: Poker-KING1369 ($127.40 in chips) 
Seat 3: tintin641 ($114.86 in chips) 
Seat 4: Seavus10 ($155.46 in chips) 
Seat 5: kuca86 ($100 in chips) 
Seat 6: Supermegopro ($107.34 in chips) 
kuca86: posts small blind $0.50
Supermegopro: posts big blind $1
*** HOLE CARDS ***
pr0tecto: folds 
Poker-KING1369: calls $1
tintin641: folds 
Seavus10: folds 
kuca86: folds 
Supermegopro: checks 
*** FLOP *** [8d Jc 6c]
Supermegopro: checks 
Poker-KING1369: checks 
*** TURN *** [8d Jc 6c] [4c]
Supermegopro: bets $2
Poker-KING1369: raises $2 to $4
Supermegopro: calls $2
*** RIVER *** [8d Jc 6c 4c] [9d]
Supermegopro: checks 
Poker-KING1369: checks 
*** SHOW DOWN ***
Supermegopro: shows [7h 5c] (a straight, Five to Nine)
Poker-KING1369: mucks hand 
Supermegopro collected $9.98 from pot
*** SUMMARY ***
Total pot $10.50 | Rake $0.52 
Board [8d Jc 6c 4c 9d]
Seat 1: pr0tecto folded before Flop (didn't bet)
Seat 2: Poker-KING1369 mucked
Seat 3: tintin641 folded before Flop (didn't bet)
Seat 4: Seavus10 (button) folded before Flop (didn't bet)
Seat 5: kuca86 (small blind) folded before Flop
Seat 6: Supermegopro (big blind) showed [7h 5c] and won ($9.98) with a straight, Five to Nine



PokerStars Hand #254408036359:  Hold'em No Limit ($0.50/$1.00 USD) - 2025/01/16 0:58:12 WET [2025/01/16 19:58:12 ET]
Table 'Leonisis II' 6-max Seat #5 is the button
Seat 1: pr0tecto ($111.85 in chips) 
Seat 2: Poker-KING1369 ($122.40 in chips) 
Seat 3: tintin641 ($114.86 in chips) 
Seat 4: Seavus10 ($155.46 in chips) 
Seat 5: kuca86 ($100 in chips) 
Seat 6: Supermegopro ($112.32 in chips) 
Supermegopro: posts small blind $0.50
pr0tecto: posts big blind $1
*** HOLE CARDS ***
Poker-KING1369: folds 
tintin641: folds 
Seavus10: folds 
kuca86: folds 
Supermegopro: folds 
Uncalled bet ($0.50) returned to pr0tecto
pr0tecto collected $1 from pot
pr0tecto: doesn't show hand 
*** SUMMARY ***
Total pot $1 | Rake $0 
Seat 1: pr0tecto (big blind) collected ($1)
Seat 2: Poker-KING1369 folded before Flop (didn't bet)
Seat 3: tintin641 folded before Flop (didn't bet)
Seat 4: Seavus10 folded before Flop (didn't bet)
Seat 5: kuca86 (button) folded before Flop (didn't bet)
Seat 6: Supermegopro (small blind) folded before Flop



PokerStars Hand #254408038310:  Hold'em No Limit ($0.50/$1.00 USD) - 2025/01/16 0:58:25 WET [2025/01/16 19:58:25 ET]
Table 'Leonisis II' 6-max Seat #6 is the button
Seat 1: pr0tecto ($112.35 in chips) 
Seat 2: Poker-KING1369 ($122.40 in chips) 
Seat 3: tintin641 ($114.86 in chips) 
Seat 4: Seavus10 ($155.46 in chips) 
Seat 5: kuca86 ($100 in chips) 
Seat 6: Supermegopro ($111.82 in chips) 
pr0tecto: posts small blind $0.50
Poker-KING1369: posts big blind $1
*** HOLE CARDS ***
tintin641: folds 
Seavus10: raises $1.20 to $2.20
kuca86: folds 
Supermegopro: folds 
pr0tecto: folds 
Poker-KING1369: calls $1.20
*** FLOP *** [Kh Ac Tc]
Poker-KING1369: bets $1
Seavus10: calls $1
*** TURN *** [Kh Ac Tc] [Ad]
Poker-KING1369: bets $6.56
Seavus10: calls $6.56
*** RIVER *** [Kh Ac Tc Ad] [9c]
Poker-KING1369: bets $19.02
Seavus10: calls $19.02
*** SHOW DOWN ***
Poker-KING1369: shows [Jh Qs] (a straight, Ten to Ace)
Seavus10: shows [Qc Kc] (a flush, Ace high)
Seavus10 collected $55.56 from pot
*** SUMMARY ***
Total pot $58.06 | Rake $2.50 
Board [Kh Ac Tc Ad 9c]
Seat 1: pr0tecto (small blind) folded before Flop
Seat 2: Poker-KING1369 (big blind) showed [Jh Qs] and lost with a straight, Ten to Ace
Seat 3: tintin641 folded before Flop (didn't bet)
Seat 4: Seavus10 showed [Qc Kc] and won ($55.56) with a flush, Ace high
Seat 5: kuca86 folded before Flop (didn't bet)
Seat 6: Supermegopro (button) folded before Flop (didn't bet)



PokerStars Hand #254408052075:  Hold'em No Limit ($0.50/$1.00 USD) - 2025/01/16 0:59:59 WET [2025/01/16 19:59:59 ET]
Table 'Leonisis II' 6-max Seat #1 is the button
Seat 1: pr0tecto ($111.85 in chips) 
Seat 2: Poker-KING1369 ($93.62 in chips) 
Seat 3: tintin641 ($114.86 in chips) 
Seat 4: Seavus10 ($182.24 in chips) 
Seat 5: kuca86 ($100 in chips) 
Seat 6: Supermegopro ($111.82 in chips) 
Poker-KING1369: posts small blind $0.50
tintin641: posts big blind $1
*** HOLE CARDS ***
Seavus10: folds 
kuca86: folds 
Supermegopro: raises $1.50 to $2.50
pr0tecto: folds 
Poker-KING1369: calls $2
tintin641: folds 
*** FLOP *** [8d 9d 3h]
Poker-KING1369: checks 
Supermegopro: bets $2.28
Poker-KING1369: calls $2.28
*** TURN *** [8d 9d 3h] [Kc]
Poker-KING1369: checks 
Supermegopro: bets $15.05
Poker-KING1369: folds 
Uncalled bet ($15.05) returned to Supermegopro
Supermegopro collected $10.03 from pot
Supermegopro: doesn't show hand 
*** SUMMARY ***
Total pot $10.56 | Rake $0.53 
Board [8d 9d 3h Kc]
Seat 1: pr0tecto (button) folded before Flop (didn't bet)
Seat 2: Poker-KING1369 (small blind) folded on the Turn
Seat 3: tintin641 (big blind) folded before Flop
Seat 4: Seavus10 folded before Flop (didn't bet)
Seat 5: kuca86 folded before Flop (didn't bet)
Seat 6: Supermegopro collected ($10.03)



PokerStars Hand #254408563439:  Hold'em No Limit ($0.50/$1.00 USD) - 2025/01/16 1:01:09 WET [2025/01/16 20:01:09 ET]
Table 'Leonisis II' 6-max Seat #2 is the button
Seat 1: pr0tecto ($111.85 in chips) 
Seat 2: Poker-KING1369 ($88.84 in chips) 
Seat 3: tintin641 ($113.86 in chips) 
Seat 4: Seavus10 ($182.24 in chips) 
Seat 5: kuca86 ($100 in chips) 
Seat 6: Supermegopro ($117.07 in chips) 
tintin641: posts small blind $0.50
Seavus10: posts big blind $1
*** HOLE CARDS ***
kuca86: folds 
Supermegopro: folds 
pr0tecto: folds 
Poker-KING1369: raises $5.50 to $6.50
tintin641: folds 
Seavus10: folds 
Uncalled bet ($5.50) returned to Poker-KING1369
Poker-KING1369 collected $2.50 from pot
*** SUMMARY ***
Total pot $2.50 | Rake $0 
Seat 1: pr0tecto folded before Flop (didn't bet)
Seat 2: Poker-KING1369 (button) collected ($2.50)
Seat 3: tintin641 (small blind) folded before Flop
Seat 4: Seavus10 (big blind) folded before Flop
Seat 5: kuca86 folded before Flop (didn't bet)
Seat 6: Supermegopro folded before Flop (didn't bet)



PokerStars Hand #254408567876:  Hold'em No Limit ($0.50/$1.00 USD) - 2025/01/16 1:01:35 WET [2025/01/16 20:01:35 ET]
Table 'Leonisis II' 6-max Seat #3 is the button
Seat 1: pr0tecto ($111.85 in chips) 
Seat 2: Poker-KING1369 ($90.34 in chips) 
Seat 3: tintin641 ($113.36 in chips) 
Seat 4: Seavus10 ($181.24 in chips) 
Seat 5: kuca86 ($100 in chips) 
Seat 6: Supermegopro ($117.07 in chips) 
Seavus10: posts small blind $0.50
kuca86: posts big blind $1
*** HOLE CARDS ***
Supermegopro: folds 
pr0tecto: raises $1.10 to $2.10
Poker-KING1369: calls $2.10
tintin641: folds 
Seavus10: folds 
kuca86: folds 
*** FLOP *** [Qh 2d 3d]
pr0tecto: bets $1.79
Poker-KING1369: folds 
Uncalled bet ($1.79) returned to pr0tecto
pr0tecto collected $5.42 from pot
pr0tecto: doesn't show hand 
*** SUMMARY ***
Total pot $5.70 | Rake $0.28 
Board [Qh 2d 3d]
Seat 1: pr0tecto collected ($5.42)
Seat 2: Poker-KING1369 folded on the Flop
Seat 3: tintin641 (button) folded before Flop (didn't bet)
Seat 4: Seavus10 (small blind) folded before Flop
Seat 5: kuca86 (big blind) folded before Flop
Seat 6: Supermegopro folded before Flop (didn't bet)



PokerStars Hand #254408574379:  Hold'em No Limit ($0.50/$1.00 USD) - 2025/01/16 1:02:11 WET [2025/01/16 20:02:11 ET]
Table 'Leonisis II' 6-max Seat #4 is the button
Seat 1: pr0tecto ($115.17 in chips) 
Seat 2: Poker-KING1369 ($88.24 in chips) 
Seat 3: tintin641 ($113.36 in chips) 
Seat 4: Seavus10 ($180.74 in chips) 
Seat 5: kuca86 ($100 in chips) 
Seat 6: Supermegopro ($117.07 in chips) 
kuca86: posts small blind $0.50
Supermegopro: posts big blind $1
*** HOLE CARDS ***
pr0tecto: folds 
Poker-KING1369: calls $1
tintin641: raises $3 to $4
Seavus10: folds 
kuca86: folds 
Supermegopro: folds 
Poker-KING1369: calls $3
*** FLOP *** [3c 2s Jh]
Poker-KING1369: checks 
tintin641: bets $2.98
Poker-KING1369: folds 
Uncalled bet ($2.98) returned to tintin641
tintin641 collected $9.02 from pot
tintin641: doesn't show hand 
*** SUMMARY ***
Total pot $9.50 | Rake $0.48 
Board [3c 2s Jh]
Seat 1: pr0tecto folded before Flop (didn't bet)
Seat 2: Poker-KING1369 folded on the Flop
Seat 3: tintin641 collected ($9.02)
Seat 4: Seavus10 (button) folded before Flop (didn't bet)
Seat 5: kuca86 (small blind) folded before Flop
Seat 6: Supermegopro (big blind) folded before Flop



PokerStars Hand #254408585703:  Hold'em No Limit ($0.50/$1.00 USD) - 2025/01/16 1:03:14 WET [2025/01/16 20:03:14 ET]
Table 'Leonisis II' 6-max Seat #5 is the button
Seat 1: pr0tecto ($115.17 in chips) 
Seat 2: Poker-KING1369 ($84.24 in chips) 
Seat 3: tintin641 ($118.38 in chips) 
Seat 4: Seavus10 ($180.74 in chips) 
Seat 5: kuca86 ($100 in chips) 
Seat 6: Supermegopro ($116.07 in chips) 
Supermegopro: posts small blind $0.50
pr0tecto: posts big blind $1
*** HOLE CARDS ***
Poker-KING1369 has timed out
Poker-KING1369: folds 
tintin641: raises $1.50 to $2.50
Seavus10: folds 
kuca86: folds 
Supermegopro: folds 
pr0tecto: raises $8.50 to $11
tintin641: folds 
Uncalled bet ($8.50) returned to pr0tecto
pr0tecto collected $5.50 from pot
pr0tecto: doesn't show hand 
*** SUMMARY ***
Total pot $5.50 | Rake $0 
Seat 1: pr0tecto (big blind) collected ($5.50)
Seat 2: Poker-KING1369 folded before Flop (didn't bet)
Seat 3: tintin641 folded before Flop
Seat 4: Seavus10 folded before Flop (didn't bet)
Seat 5: kuca86 (button) folded before Flop (didn't bet)
Seat 6: Supermegopro (small blind) folded before Flop



PokerStars Hand #254408595282:  Hold'em No Limit ($0.50/$1.00 USD) - 2025/01/16 1:04:06 WET [2025/01/16 20:04:06 ET]
Table 'Leonisis II' 6-max Seat #6 is the button
Seat 1: pr0tecto ($118.17 in chips) 
Seat 2: Poker-KING1369 ($84.24 in chips) 
Seat 3: tintin641 ($115.88 in chips) 
Seat 4: Seavus10 ($180.74 in chips) 
Seat 5: kuca86 ($100 in chips) 
Seat 6: Supermegopro ($115.57 in chips) 
pr0tecto: posts small blind $0.50
Poker-KING1369: posts big blind $1
*** HOLE CARDS ***
tintin641: folds 
Seavus10: folds 
kuca86: folds 
Supermegopro: folds 
pr0tecto: raises $1.50 to $2.50
Poker-KING1369: calls $1.50
*** FLOP *** [Th 2h 9d]
pr0tecto: checks 
Poker-KING1369: checks 
*** TURN *** [Th 2h 9d] [5d]
pr0tecto: checks 
Poker-KING1369: checks 
*** RIVER *** [Th 2h 9d 5d] [7s]
pr0tecto: checks 
Poker-KING1369: checks 
*** SHOW DOWN ***
pr0tecto: shows [3s As] (high card Ace)
Poker-KING1369: mucks hand 
pr0tecto collected $4.75 from pot
*** SUMMARY ***
Total pot $5 | Rake $0.25 
Board [Th 2h 9d 5d 7s]
Seat 1: pr0tecto (small blind) showed [3s As] and won ($4.75) with high card Ace
Seat 2: Poker-KING1369 (big blind) mucked
Seat 3: tintin641 folded before Flop (didn't bet)
Seat 4: Seavus10 folded before Flop (didn't bet)
Seat 5: kuca86 folded before Flop (didn't bet)
Seat 6: Supermegopro (button) folded before Flop (didn't bet)



PokerStars Hand #254408600881:  Hold'em No Limit ($0.50/$1.00 USD) - 2025/01/16 1:04:37 WET [2025/01/16 20:04:37 ET]
Table 'Leonisis II' 6-max Seat #1 is the button
Seat 1: pr0tecto ($120.42 in chips) 
Seat 2: Poker-KING1369 ($81.74 in chips) 
Seat 3: tintin641 ($115.88 in chips) 
Seat 4: Seavus10 ($180.74 in chips) 
Seat 5: kuca86 ($100 in chips) 
Seat 6: Supermegopro ($115.57 in chips) 
Poker-KING1369: posts small blind $0.50
tintin641: posts big blind $1
*** HOLE CARDS ***
Seavus10: folds 
kuca86: folds 
Supermegopro: folds 
pr0tecto: folds 
Poker-KING1369: folds 
Uncalled bet ($0.50) returned to tintin641
tintin641 collected $1 from pot
tintin641: doesn't show hand 
*** SUMMARY ***
Total pot $1 | Rake $0 
Seat 1: pr0tecto (button) folded before Flop (didn't bet)
Seat 2: Poker-KING1369 (small blind) folded before Flop
Seat 3: tintin641 (big blind) collected ($1)
Seat 4: Seavus10 folded before Flop (didn't bet)
Seat 5: kuca86 folded before Flop (didn't bet)
Seat 6: Supermegopro folded before Flop (didn't bet)



PokerStars Hand #254408602594:  Hold'em No Limit ($0.50/$1.00 USD) - 2025/01/16 1:04:47 WET [2025/01/16 20:04:47 ET]
Table 'Leonisis II' 6-max Seat #2 is the button
Seat 1: pr0tecto ($120.42 in chips) 
Seat 2: Poker-KING1369 ($81.24 in chips) 
Seat 3: tintin641 ($116.38 in chips) 
Seat 4: Seavus10 ($180.74 in chips) 
Seat 5: kuca86 ($100 in chips) 
Seat 6: Supermegopro ($115.57 in chips) 
tintin641: posts small blind $0.50
Seavus10: posts big blind $1
*** HOLE CARDS ***
kuca86: folds 
Supermegopro: folds 
pr0tecto: folds 
Poker-KING1369 has timed out
Poker-KING1369: folds 
tintin641: raises $2 to $3
Seavus10: raises $6 to $9
tintin641: calls $6
*** FLOP *** [Ts 5c 5s]
tintin641: checks 
Seavus10: bets $5.69
tintin641: raises $9.40 to $15.09
Seavus10: calls $9.40
*** TURN *** [Ts 5c 5s] [4s]
tintin641: bets $15.10
Seavus10: folds 
Uncalled bet ($15.10) returned to tintin641
tintin641 collected $45.77 from pot
tintin641: doesn't show hand 
*** SUMMARY ***
Total pot $48.18 | Rake $2.41 
Board [Ts 5c 5s 4s]
Seat 1: pr0tecto folded before Flop (didn't bet)
Seat 2: Poker-KING1369 (button) folded before Flop (didn't bet)
Seat 3: tintin641 (small blind) collected ($45.77)
Seat 4: Seavus10 (big blind) folded on the Turn
Seat 5: kuca86 folded before Flop (didn't bet)
Seat 6: Supermegopro folded before Flop (didn't bet)



PokerStars Hand #254408623821:  Hold'em No Limit ($0.50/$1.00 USD) - 2025/01/16 1:06:44 WET [2025/01/16 20:06:44 ET]
Table 'Leonisis II' 6-max Seat #3 is the button
Seat 1: pr0tecto ($120.42 in chips) 
Seat 2: Poker-KING1369 ($81.24 in chips) 
Seat 3: tintin641 ($138.06 in chips) 
Seat 4: Seavus10 ($156.65 in chips) 
Seat 5: kuca86 ($100 in chips) 
Seat 6: Supermegopro ($115.57 in chips) 
Seavus10: posts small blind $0.50
kuca86: posts big blind $1
*** HOLE CARDS ***
Supermegopro: folds 
pr0tecto: raises $1.10 to $2.10
Poker-KING1369: calls $2.10
tintin641: folds 
Seavus10: raises $10.10 to $12.20
kuca86: folds 
pr0tecto: folds 
Poker-KING1369: folds 
Uncalled bet ($10.10) returned to Seavus10
Seavus10 collected $7.30 from pot
Seavus10: doesn't show hand 
*** SUMMARY ***
Total pot $7.30 | Rake $0 
Seat 1: pr0tecto folded before Flop
Seat 2: Poker-KING1369 folded before Flop
Seat 3: tintin641 (button) folded before Flop (didn't bet)
Seat 4: Seavus10 (small blind) collected ($7.30)
Seat 5: kuca86 (big blind) folded before Flop
Seat 6: Supermegopro folded before Flop (didn't bet)



PokerStars Hand #254408630662:  Hold'em No Limit ($0.50/$1.00 USD) - 2025/01/16 1:07:21 WET [2025/01/16 20:07:21 ET]
Table 'Leonisis II' 6-max Seat #4 is the button
Seat 1: pr0tecto ($118.32 in chips) 
Seat 2: Poker-KING1369 ($79.14 in chips) 
Seat 3: tintin641 ($138.06 in chips) 
Seat 4: Seavus10 ($161.85 in chips) 
Seat 5: kuca86 ($100 in chips) 
Seat 6: Supermegopro ($115.57 in chips) 
kuca86: posts small blind $0.50
Supermegopro: posts big blind $1
*** HOLE CARDS ***
pr0tecto: folds 
Poker-KING1369 has timed out
Poker-KING1369: folds 
tintin641: folds 
Seavus10: raises $1.50 to $2.50
kuca86: folds 
Supermegopro: folds 
Uncalled bet ($1.50) returned to Seavus10
Seavus10 collected $2.50 from pot
Seavus10: doesn't show hand 
*** SUMMARY ***
Total pot $2.50 | Rake $0 
Seat 1: pr0tecto folded before Flop (didn't bet)
Seat 2: Poker-KING1369 folded before Flop (didn't bet)
Seat 3: tintin641 folded before Flop (didn't bet)
Seat 4: Seavus10 (button) collected ($2.50)
Seat 5: kuca86 (small blind) folded before Flop
Seat 6: Supermegopro (big blind) folded before Flop



PokerStars Hand #254408636375:  Hold'em No Limit ($0.50/$1.00 USD) - 2025/01/16 1:07:52 WET [2025/01/16 20:07:52 ET]
Table 'Leonisis II' 6-max Seat #5 is the button
Seat 1: pr0tecto ($118.32 in chips) 
Seat 2: Poker-KING1369 ($79.14 in chips) 
Seat 3: tintin641 ($138.06 in chips) 
Seat 4: Seavus10 ($163.35 in chips) 
Seat 5: kuca86 ($100 in chips) 
Seat 6: Supermegopro ($114.57 in chips) 
Supermegopro: posts small blind $0.50
pr0tecto: posts big blind $1
*** HOLE CARDS ***
Poker-KING1369: raises $1 to $2
tintin641: folds 
Seavus10: folds 
kuca86: folds 
Supermegopro: calls $1.50
pr0tecto: folds 
*** FLOP *** [Qc 4c Qs]
Supermegopro: checks 
Poker-KING1369: checks 
*** TURN *** [Qc 4c Qs] [5d]
Supermegopro: bets $3.17
Poker-KING1369: folds 
Uncalled bet ($3.17) returned to Supermegopro
Supermegopro collected $4.75 from pot
Supermegopro: doesn't show hand 
*** SUMMARY ***
Total pot $5 | Rake $0.25 
Board [Qc 4c Qs 5d]
Seat 1: pr0tecto (big blind) folded before Flop
Seat 2: Poker-KING1369 folded on the Turn
Seat 3: tintin641 folded before Flop (didn't bet)
Seat 4: Seavus10 folded before Flop (didn't bet)
Seat 5: kuca86 (button) folded before Flop (didn't bet)
Seat 6: Supermegopro (small blind) collected ($4.75)



PokerStars Hand #254408643130:  Hold'em No Limit ($0.50/$1.00 USD) - 2025/01/16 1:08:30 WET [2025/01/16 20:08:30 ET]
Table 'Leonisis II' 6-max Seat #6 is the button
Seat 1: pr0tecto ($117.32 in chips) 
Seat 2: Poker-KING1369 ($77.14 in chips) 
Seat 3: tintin641 ($138.06 in chips) 
Seat 4: Seavus10 ($163.35 in chips) 
Seat 5: kuca86 ($100 in chips) 
Seat 6: Supermegopro ($117.32 in chips) 
pr0tecto: posts small blind $0.50
Poker-KING1369: posts big blind $1
*** HOLE CARDS ***
tintin641: folds 
Seavus10: folds 
kuca86: folds 
Supermegopro: folds 
pr0tecto: folds 
Uncalled bet ($0.50) returned to Poker-KING1369
Poker-KING1369 collected $1 from pot
*** SUMMARY ***
Total pot $1 | Rake $0 
Seat 1: pr0tecto (small blind) folded before Flop
Seat 2: Poker-KING1369 (big blind) collected ($1)
Seat 3: tintin641 folded before Flop (didn't bet)
Seat 4: Seavus10 folded before Flop (didn't bet)
Seat 5: kuca86 folded before Flop (didn't bet)
Seat 6: Supermegopro (button) folded before Flop (didn't bet)



PokerStars Hand #254408644480:  Hold'em No Limit ($0.50/$1.00 USD) - 2025/01/16 1:08:37 WET [2025/01/16 20:08:37 ET]
Table 'Leonisis II' 6-max Seat #1 is the button
Seat 1: pr0tecto ($116.82 in chips) 
Seat 2: Poker-KING1369 ($77.64 in chips) 
Seat 3: tintin641 ($138.06 in chips) 
Seat 4: Seavus10 ($163.35 in chips) 
Seat 5: kuca86 ($100 in chips) 
Seat 6: Supermegopro ($117.32 in chips) 
Poker-KING1369: posts small blind $0.50
tintin641: posts big blind $1
*** HOLE CARDS ***
Seavus10: raises $1.50 to $2.50
kuca86: folds 
Supermegopro: raises $5 to $7.50
pr0tecto: raises $15.50 to $23
Poker-KING1369: folds 
tintin641: folds 
Seavus10: folds 
Supermegopro: folds 
Uncalled bet ($15.50) returned to pr0tecto
pr0tecto collected $19 from pot
pr0tecto: doesn't show hand 
*** SUMMARY ***
Total pot $19 | Rake $0 
Seat 1: pr0tecto (button) collected ($19)
Seat 2: Poker-KING1369 (small blind) folded before Flop
Seat 3: tintin641 (big blind) folded before Flop
Seat 4: Seavus10 folded before Flop
Seat 5: kuca86 folded before Flop (didn't bet)
Seat 6: Supermegopro folded before Flop



PokerStars Hand #254408649729:  Hold'em No Limit ($0.50/$1.00 USD) - 2025/01/16 1:09:06 WET [2025/01/16 20:09:06 ET]
Table 'Leonisis II' 6-max Seat #2 is the button
Seat 1: pr0tecto ($128.32 in chips) 
Seat 2: Poker-KING1369 ($77.14 in chips) 
Seat 3: tintin641 ($137.06 in chips) 
Seat 4: Seavus10 ($160.85 in chips) 
Seat 5: kuca86 ($100 in chips) 
Seat 6: Supermegopro ($109.82 in chips) 
tintin641: posts small blind $0.50
Seavus10: posts big blind $1
*** HOLE CARDS ***
kuca86: folds 
Supermegopro: raises $1.50 to $2.50
pr0tecto: folds 
Poker-KING1369: calls $2.50
tintin641: folds 
Seavus10: folds 
*** FLOP *** [8c Ac 6d]
Supermegopro: checks 
Poker-KING1369: bets $3.09
Supermegopro: calls $3.09
*** TURN *** [8c Ac 6d] [3s]
Supermegopro: checks 
Poker-KING1369: bets $6.03
Supermegopro: calls $6.03
*** RIVER *** [8c Ac 6d 3s] [Qc]
Supermegopro: checks 
Poker-KING1369: checks 
*** SHOW DOWN ***
Supermegopro: shows [Ad Qs] (two pair, Aces and Queens)
Poker-KING1369: mucks hand 
Supermegopro collected $23.50 from pot
*** SUMMARY ***
Total pot $24.74 | Rake $1.24 
Board [8c Ac 6d 3s Qc]
Seat 1: pr0tecto folded before Flop (didn't bet)
Seat 2: Poker-KING1369 (button) mucked
Seat 3: tintin641 (small blind) folded before Flop
Seat 4: Seavus10 (big blind) folded before Flop
Seat 5: kuca86 folded before Flop (didn't bet)
Seat 6: Supermegopro showed [Ad Qs] and won ($23.50) with two pair, Aces and Queens



PokerStars Hand #254408661140:  Hold'em No Limit ($0.50/$1.00 USD) - 2025/01/16 1:10:08 WET [2025/01/16 20:10:08 ET]
Table 'Leonisis II' 6-max Seat #3 is the button
Seat 1: pr0tecto ($128.32 in chips) 
Seat 2: Poker-KING1369 ($65.52 in chips) 
Seat 3: tintin641 ($136.56 in chips) 
Seat 4: Seavus10 ($159.85 in chips) 
Seat 5: kuca86 ($100 in chips) 
Seat 6: Supermegopro ($121.70 in chips) 
Seavus10: posts small blind $0.50
kuca86: posts big blind $1
*** HOLE CARDS ***
Supermegopro: folds 
pr0tecto: folds 
Poker-KING1369: calls $1
tintin641: folds 
Seavus10: calls $0.50
kuca86: checks 
*** FLOP *** [Kh 5c 5s]
Seavus10: checks 
kuca86: checks 
Poker-KING1369: checks 
*** TURN *** [Kh 5c 5s] [9d]
Seavus10: checks 
kuca86: bets $1
Poker-KING1369: raises $2.43 to $3.43
Seavus10: folds 
kuca86: calls $2.43
*** RIVER *** [Kh 5c 5s 9d] [6c]
kuca86: checks 
Poker-KING1369: checks 
*** SHOW DOWN ***
kuca86: shows [Ks 6d] (two pair, Kings and Sixes)
Poker-KING1369: mucks hand 
kuca86 collected $9.37 from pot
*** SUMMARY ***
Total pot $9.86 | Rake $0.49 
Board [Kh 5c 5s 9d 6c]
Seat 1: pr0tecto folded before Flop (didn't bet)
Seat 2: Poker-KING1369 mucked
Seat 3: tintin641 (button) folded before Flop (didn't bet)
Seat 4: Seavus10 (small blind) folded on the Turn
Seat 5: kuca86 (big blind) showed [Ks 6d] and won ($9.37) with two pair, Kings and Sixes
Seat 6: Supermegopro folded before Flop (didn't bet)



PokerStars Hand #254408679173:  Hold'em No Limit ($0.50/$1.00 USD) - 2025/01/16 1:11:48 WET [2025/01/16 20:11:48 ET]
Table 'Leonisis II' 6-max Seat #4 is the button
Seat 1: pr0tecto ($128.32 in chips) 
Seat 2: Poker-KING1369 ($61.09 in chips) 
Seat 3: tintin641 ($136.56 in chips) 
Seat 4: Seavus10 ($158.85 in chips) 
Seat 5: kuca86 ($104.94 in chips) 
Seat 6: Supermegopro ($121.70 in chips) 
kuca86: posts small blind $0.50
Supermegopro: posts big blind $1
*** HOLE CARDS ***
pr0tecto: folds 
Poker-KING1369: calls $1
tintin641: folds 
Seavus10: raises $2.50 to $3.50
kuca86: folds 
Supermegopro: folds 
Poker-KING1369: calls $2.50
*** FLOP *** [3s 6c Kh]
Poker-KING1369: checks 
Seavus10: bets $3.19
Poker-KING1369: calls $3.19
*** TURN *** [3s 6c Kh] [9d]
Poker-KING1369: bets $7.07
Seavus10: folds 
Uncalled bet ($7.07) returned to Poker-KING1369
Poker-KING1369 collected $14.14 from pot
*** SUMMARY ***
Total pot $14.88 | Rake $0.74 
Board [3s 6c Kh 9d]
Seat 1: pr0tecto folded before Flop (didn't bet)
Seat 2: Poker-KING1369 collected ($14.14)
Seat 3: tintin641 folded before Flop (didn't bet)
Seat 4: Seavus10 (button) folded on the Turn
Seat 5: kuca86 (small blind) folded before Flop
Seat 6: Supermegopro (big blind) folded before Flop



PokerStars Hand #254408693350:  Hold'em No Limit ($0.50/$1.00 USD) - 2025/01/16 1:13:08 WET [2025/01/16 20:13:08 ET]
Table 'Leonisis II' 6-max Seat #5 is the button
Seat 1: pr0tecto ($128.32 in chips) 
Seat 2: Poker-KING1369 ($68.54 in chips) 
Seat 3: tintin641 ($136.56 in chips) 
Seat 4: Seavus10 ($152.16 in chips) 
Seat 5: kuca86 ($104.44 in chips) 
Seat 6: Supermegopro ($120.70 in chips) 
Supermegopro: posts small blind $0.50
pr0tecto: posts big blind $1
*** HOLE CARDS ***
Poker-KING1369: calls $1
tintin641: folds 
Seavus10: folds 
kuca86: raises $3.50 to $4.50
Supermegopro: folds 
pr0tecto: raises $10 to $14.50
Poker-KING1369: folds 
kuca86: raises $14.50 to $29
pr0tecto: folds 
Uncalled bet ($14.50) returned to kuca86
kuca86 collected $30.50 from pot
kuca86: doesn't show hand 
*** SUMMARY ***
Total pot $30.50 | Rake $0 
Seat 1: pr0tecto (big blind) folded before Flop
Seat 2: Poker-KING1369 folded before Flop
Seat 3: tintin641 folded before Flop (didn't bet)
Seat 4: Seavus10 folded before Flop (didn't bet)
Seat 5: kuca86 (button) collected ($30.50)
Seat 6: Supermegopro (small blind) folded before Flop



PokerStars Hand #254408701991:  Hold'em No Limit ($0.50/$1.00 USD) - 2025/01/16 1:13:57 WET [2025/01/16 20:13:57 ET]
Table 'Leonisis II' 6-max Seat #6 is the button
Seat 1: pr0tecto ($113.82 in chips) 
Seat 2: Poker-KING1369 ($67.54 in chips) 
Seat 3: tintin641 ($136.56 in chips) 
Seat 4: Seavus10 ($152.16 in chips) 
Seat 5: kuca86 ($120.44 in chips) 
Seat 6: Supermegopro ($120.20 in chips) 
pr0tecto: posts small blind $0.50
Poker-KING1369: posts big blind $1
*** HOLE CARDS ***
tintin641: raises $1.50 to $2.50
Seavus10: folds 
kuca86: folds 
Supermegopro: folds 
pr0tecto: folds 
Poker-KING1369: calls $1.50
*** FLOP *** [6c 6h Js]
Poker-KING1369: checks 
tintin641: bets $1.72
Poker-KING1369: folds 
Uncalled bet ($1.72) returned to tintin641
tintin641 collected $5.22 from pot
tintin641: doesn't show hand 
*** SUMMARY ***
Total pot $5.50 | Rake $0.28 
Board [6c 6h Js]
Seat 1: pr0tecto (small blind) folded before Flop
Seat 2: Poker-KING1369 (big blind) folded on the Flop
Seat 3: tintin641 collected ($5.22)
Seat 4: Seavus10 folded before Flop (didn't bet)
Seat 5: kuca86 folded before Flop (didn't bet)
Seat 6: Supermegopro (button) folded before Flop (didn't bet)



PokerStars Hand #254408710213:  Hold'em No Limit ($0.50/$1.00 USD) - 2025/01/16 1:14:43 WET [2025/01/16 20:14:43 ET]
Table 'Leonisis II' 6-max Seat #1 is the button
Seat 3: tintin641 ($139.28 in chips) is sitting out
Seat 1: pr0tecto ($113.32 in chips) 
Seat 2: Poker-KING1369 ($65.04 in chips) 
Seat 4: Seavus10 ($152.16 in chips) 
Seat 5: kuca86 ($120.44 in chips) 
Seat 6: Supermegopro ($120.20 in chips) 
Poker-KING1369: posts small blind $0.50
tintin641: is sitting out 
Seavus10: posts big blind $1
*** HOLE CARDS ***
tintin641 leaves the table
kuca86: raises $1.50 to $2.50
Supermegopro: folds 
pr0tecto: raises $5.50 to $8
Poker-KING1369: folds 
Seavus10: folds 
kuca86: raises $16 to $24
pr0tecto: calls $16
*** FLOP *** [2c 7s 2d]
kuca86: bets $11.76
pr0tecto: folds 
Uncalled bet ($11.76) returned to kuca86
kuca86 collected $47.02 from pot
kuca86: doesn't show hand 
*** SUMMARY ***
Total pot $49.50 | Rake $2.48 
Board [2c 7s 2d]
Seat 3: tintin641
Seat 1: pr0tecto (button) folded on the Flop
Seat 2: Poker-KING1369 (small blind) folded before Flop
Seat 4: Seavus10 (big blind) folded before Flop
Seat 5: kuca86 collected ($47.02)
Seat 6: Supermegopro folded before Flop (didn't bet)



PokerStars Hand #254408718823:  Hold'em No Limit ($0.50/$1.00 USD) - 2025/01/16 1:15:32 WET [2025/01/16 20:15:32 ET]
Table 'Leonisis II' 6-max Seat #2 is the button
Seat 1: pr0tecto ($100 in chips) 
Seat 2: Poker-KING1369 ($64.54 in chips) 
Seat 4: Seavus10 ($151.16 in chips) 
Seat 5: kuca86 ($143.46 in chips) 
Seat 6: Supermegopro ($120.20 in chips) 
Seavus10: posts small blind $0.50
kuca86: posts big blind $1
*** HOLE CARDS ***
Supermegopro: folds 
pr0tecto: folds 
Poker-KING1369: raises $1 to $2
Seavus10: folds 
kuca86: calls $1
*** FLOP *** [3c 2d 4d]
kuca86: checks 
Poker-KING1369: bets $2.14
nikalas22 joins the table at seat #3 
kuca86: calls $2.14
*** TURN *** [3c 2d 4d] [Kc]
kuca86: checks 
Poker-KING1369: checks 
*** RIVER *** [3c 2d 4d Kc] [8c]
kuca86: checks 
Poker-KING1369: bets $8.34
kuca86: raises $130.98 to $139.32 and is all-in
Poker-KING1369: folds 
Uncalled bet ($130.98) returned to kuca86
kuca86 collected $24.19 from pot
kuca86: doesn't show hand 
*** SUMMARY ***
Total pot $25.46 | Rake $1.27 
Board [3c 2d 4d Kc 8c]
Seat 1: pr0tecto folded before Flop (didn't bet)
Seat 2: Poker-KING1369 (button) folded on the River
Seat 4: Seavus10 (small blind) folded before Flop
Seat 5: kuca86 (big blind) collected ($24.19)
Seat 6: Supermegopro folded before Flop (didn't bet)



PokerStars Hand #254408736169:  Hold'em No Limit ($0.50/$1.00 USD) - 2025/01/16 1:17:10 WET [2025/01/16 20:17:10 ET]
Table 'Leonisis II' 6-max Seat #4 is the button
Seat 3: nikalas22 ($100 in chips) is sitting out
Seat 1: pr0tecto ($100 in chips) 
Seat 2: Poker-KING1369 ($52.06 in chips) 
Seat 4: Seavus10 ($150.66 in chips) 
Seat 5: kuca86 ($155.17 in chips) 
Seat 6: Supermegopro ($120.20 in chips) 
kuca86: posts small blind $0.50
Supermegopro: posts big blind $1
nikalas22: sits out 
*** HOLE CARDS ***
pr0tecto: raises $1.10 to $2.10
Poker-KING1369: raises $1.10 to $3.20
Seavus10: folds 
kuca86: folds 
Supermegopro: folds 
pr0tecto: calls $1.10
*** FLOP *** [2s 2c 5c]
pr0tecto: checks 
Poker-KING1369: bets $3.75
pr0tecto: folds 
Uncalled bet ($3.75) returned to Poker-KING1369
Poker-KING1369 collected $7.50 from pot
*** SUMMARY ***
Total pot $7.90 | Rake $0.40 
Board [2s 2c 5c]
Seat 3: nikalas22
Seat 1: pr0tecto folded on the Flop
Seat 2: Poker-KING1369 collected ($7.50)
Seat 4: Seavus10 (button) folded before Flop (didn't bet)
Seat 5: kuca86 (small blind) folded before Flop
Seat 6: Supermegopro (big blind) folded before Flop



PokerStars Hand #254408741410:  Hold'em No Limit ($0.50/$1.00 USD) - 2025/01/16 1:17:40 WET [2025/01/16 20:17:40 ET]
Table 'Leonisis II' 6-max Seat #5 is the button
Seat 3: nikalas22 ($100 in chips) is sitting out
Seat 1: pr0tecto ($100 in chips) 
Seat 2: Poker-KING1369 ($56.36 in chips) 
Seat 4: Seavus10 ($150.66 in chips) 
Seat 5: kuca86 ($154.67 in chips) 
Seat 6: Supermegopro ($119.20 in chips) 
Supermegopro: posts small blind $0.50
pr0tecto: posts big blind $1
nikalas22: sits out 
*** HOLE CARDS ***
Poker-KING1369: folds 
Seavus10: raises $1.20 to $2.20
kuca86: folds 
Supermegopro: raises $9.80 to $12
pr0tecto: folds 
Seavus10: folds 
Uncalled bet ($9.80) returned to Supermegopro
Supermegopro collected $5.40 from pot
Supermegopro: doesn't show hand 
*** SUMMARY ***
Total pot $5.40 | Rake $0 
Seat 3: nikalas22
Seat 1: pr0tecto (big blind) folded before Flop
Seat 2: Poker-KING1369 folded before Flop (didn't bet)
Seat 4: Seavus10 folded before Flop
Seat 5: kuca86 (button) folded before Flop (didn't bet)
Seat 6: Supermegopro (small blind) collected ($5.40)



PokerStars Hand #254408746389:  Hold'em No Limit ($0.50/$1.00 USD) - 2025/01/16 1:18:08 WET [2025/01/16 20:18:08 ET]
Table 'Leonisis II' 6-max Seat #6 is the button
Seat 3: nikalas22 ($100 in chips) is sitting out
Seat 1: pr0tecto ($99 in chips) 
Seat 2: Poker-KING1369 ($56.36 in chips) 
Seat 4: Seavus10 ($148.46 in chips) 
Seat 5: kuca86 ($154.67 in chips) 
Seat 6: Supermegopro ($122.40 in chips) 
pr0tecto: posts small blind $0.50
Poker-KING1369: posts big blind $1
nikalas22: sits out 
*** HOLE CARDS ***
Seavus10: raises $1.20 to $2.20
kuca86: folds 
Supermegopro: folds 
pr0tecto: folds 
Poker-KING1369: raises $1.20 to $3.40
Seavus10: calls $1.20
*** FLOP *** [5h 8h Qd]
Poker-KING1369: bets $6.94
Seavus10: folds 
Uncalled bet ($6.94) returned to Poker-KING1369
Poker-KING1369 collected $6.94 from pot
*** SUMMARY ***
Total pot $7.30 | Rake $0.36 
Board [5h 8h Qd]
Seat 3: nikalas22
Seat 1: pr0tecto (small blind) folded before Flop
Seat 2: Poker-KING1369 (big blind) collected ($6.94)
Seat 4: Seavus10 folded on the Flop
Seat 5: kuca86 folded before Flop (didn't bet)
Seat 6: Supermegopro (button) folded before Flop (didn't bet)



PokerStars Hand #254408757551:  Hold'em No Limit ($0.50/$1.00 USD) - 2025/01/16 1:19:12 WET [2025/01/16 20:19:12 ET]
Table 'Leonisis II' 6-max Seat #1 is the button
Seat 1: pr0tecto ($100 in chips) 
Seat 2: Poker-KING1369 ($59.90 in chips) 
Seat 3: nikalas22 ($100 in chips) 
Seat 4: Seavus10 ($145.06 in chips) 
Seat 5: kuca86 ($154.67 in chips) 
Seat 6: Supermegopro ($122.40 in chips) 
Poker-KING1369: posts small blind $0.50
nikalas22: posts big blind $1
*** HOLE CARDS ***
Seavus10: raises $1.50 to $2.50
kuca86: folds 
Supermegopro: folds 
pr0tecto: folds 
Poker-KING1369: folds 
nikalas22: folds 
Uncalled bet ($1.50) returned to Seavus10
Seavus10 collected $2.50 from pot
Seavus10: doesn't show hand 
*** SUMMARY ***
Total pot $2.50 | Rake $0 
Seat 1: pr0tecto (button) folded before Flop (didn't bet)
Seat 2: Poker-KING1369 (small blind) folded before Flop
Seat 3: nikalas22 (big blind) folded before Flop
Seat 4: Seavus10 collected ($2.50)
Seat 5: kuca86 folded before Flop (didn't bet)
Seat 6: Supermegopro folded before Flop (didn't bet)



PokerStars Hand #254408760203:  Hold'em No Limit ($0.50/$1.00 USD) - 2025/01/16 1:19:27 WET [2025/01/16 20:19:27 ET]
Table 'Leonisis II' 6-max Seat #2 is the button
Seat 1: pr0tecto ($100 in chips) 
Seat 2: Poker-KING1369 ($59.40 in chips) 
Seat 3: nikalas22 ($100 in chips) 
Seat 4: Seavus10 ($146.56 in chips) 
Seat 5: kuca86 ($154.67 in chips) 
Seat 6: Supermegopro ($122.40 in chips) 
nikalas22: posts small blind $0.50
Seavus10: posts big blind $1
*** HOLE CARDS ***
kuca86: folds 
Supermegopro: folds 
pr0tecto: raises $1.20 to $2.20
Poker-KING1369: calls $2.20
nikalas22: folds 
Seavus10: folds 
*** FLOP *** [3h Jd Js]
pr0tecto: bets $1.85
Poker-KING1369: raises $1.85 to $3.70
pr0tecto: calls $1.85
*** TURN *** [3h Jd Js] [Kc]
pr0tecto: checks 
Poker-KING1369: checks 
*** RIVER *** [3h Jd Js Kc] [4d]
pr0tecto: checks 
Poker-KING1369: bets $12.64
pr0tecto: calls $12.64
*** SHOW DOWN ***
Poker-KING1369: shows [3d 4s] (two pair, Jacks and Fours)
pr0tecto: shows [Kd 8d] (two pair, Kings and Jacks)
pr0tecto collected $36.65 from pot
*** SUMMARY ***
Total pot $38.58 | Rake $1.93 
Board [3h Jd Js Kc 4d]
Seat 1: pr0tecto showed [Kd 8d] and won ($36.65) with two pair, Kings and Jacks
Seat 2: Poker-KING1369 (button) showed [3d 4s] and lost with two pair, Jacks and Fours
Seat 3: nikalas22 (small blind) folded before Flop
Seat 4: Seavus10 (big blind) folded before Flop
Seat 5: kuca86 folded before Flop (didn't bet)
Seat 6: Supermegopro folded before Flop (didn't bet)



PokerStars Hand #254408770405:  Hold'em No Limit ($0.50/$1.00 USD) - 2025/01/16 1:20:26 WET [2025/01/16 20:20:26 ET]
Table 'Leonisis II' 6-max Seat #3 is the button
Seat 1: pr0tecto ($118.11 in chips) 
Seat 2: Poker-KING1369 ($40.86 in chips) 
Seat 3: nikalas22 ($100 in chips) 
Seat 4: Seavus10 ($145.56 in chips) 
Seat 5: kuca86 ($154.67 in chips) 
Seat 6: Supermegopro ($122.40 in chips) 
Seavus10: posts small blind $0.50
kuca86: posts big blind $1
*** HOLE CARDS ***
Supermegopro: folds 
pr0tecto: folds 
Poker-KING1369: raises $1 to $2
nikalas22: folds 
Seavus10: folds 
kuca86: calls $1
*** FLOP *** [Qs 2s Kc]
kuca86: checks 
Poker-KING1369: bets $2.14
kuca86: folds 
Uncalled bet ($2.14) returned to Poker-KING1369
Poker-KING1369 collected $4.28 from pot
*** SUMMARY ***
Total pot $4.50 | Rake $0.22 
Board [Qs 2s Kc]
Seat 1: pr0tecto folded before Flop (didn't bet)
Seat 2: Poker-KING1369 collected ($4.28)
Seat 3: nikalas22 (button) folded before Flop (didn't bet)
Seat 4: Seavus10 (small blind) folded before Flop
Seat 5: kuca86 (big blind) folded on the Flop
Seat 6: Supermegopro folded before Flop (didn't bet)



PokerStars Hand #254408777783:  Hold'em No Limit ($0.50/$1.00 USD) - 2025/01/16 1:21:09 WET [2025/01/16 20:21:09 ET]
Table 'Leonisis II' 6-max Seat #4 is the button
Seat 1: pr0tecto ($118.11 in chips) 
Seat 2: Poker-KING1369 ($43.14 in chips) 
Seat 3: nikalas22 ($100 in chips) 
Seat 4: Seavus10 ($145.06 in chips) 
Seat 5: kuca86 ($152.67 in chips) 
Seat 6: Supermegopro ($122.40 in chips) 
kuca86: posts small blind $0.50
Supermegopro: posts big blind $1
*** HOLE CARDS ***
pr0tecto: folds 
Poker-KING1369: raises $2.50 to $3.50
nikalas22: folds 
Seavus10: raises $7 to $10.50
kuca86: folds 
Supermegopro: folds 
Poker-KING1369: calls $7
*** FLOP *** [6s 8h 5d]
Poker-KING1369: checks 
Seavus10: checks 
*** TURN *** [6s 8h 5d] [6c]
Poker-KING1369: bets $10.69
Seavus10: folds 
Uncalled bet ($10.69) returned to Poker-KING1369
Poker-KING1369 collected $21.38 from pot
*** SUMMARY ***
Total pot $22.50 | Rake $1.12 
Board [6s 8h 5d 6c]
Seat 1: pr0tecto folded before Flop (didn't bet)
Seat 2: Poker-KING1369 collected ($21.38)
Seat 3: nikalas22 folded before Flop (didn't bet)
Seat 4: Seavus10 (button) folded on the Turn
Seat 5: kuca86 (small blind) folded before Flop
Seat 6: Supermegopro (big blind) folded before Flop



PokerStars Hand #254408790584:  Hold'em No Limit ($0.50/$1.00 USD) - 2025/01/16 1:22:23 WET [2025/01/16 20:22:23 ET]
Table 'Leonisis II' 6-max Seat #5 is the button
Seat 1: pr0tecto ($118.11 in chips) 
Seat 2: Poker-KING1369 ($54.02 in chips) 
Seat 3: nikalas22 ($100 in chips) 
Seat 4: Seavus10 ($134.56 in chips) 
Seat 5: kuca86 ($152.17 in chips) 
Seat 6: Supermegopro ($121.40 in chips) 
Supermegopro: posts small blind $0.50
pr0tecto: posts big blind $1
*** HOLE CARDS ***
Poker-KING1369: folds 
nikalas22: folds 
Seavus10: folds 
kuca86: raises $1.50 to $2.50
Supermegopro: folds 
pr0tecto: folds 
Uncalled bet ($1.50) returned to kuca86
kuca86 collected $2.50 from pot
kuca86: doesn't show hand 
*** SUMMARY ***
Total pot $2.50 | Rake $0 
Seat 1: pr0tecto (big blind) folded before Flop
Seat 2: Poker-KING1369 folded before Flop (didn't bet)
Seat 3: nikalas22 folded before Flop (didn't bet)
Seat 4: Seavus10 folded before Flop (didn't bet)
Seat 5: kuca86 (button) collected ($2.50)
Seat 6: Supermegopro (small blind) folded before Flop



PokerStars Hand #254408794470:  Hold'em No Limit ($0.50/$1.00 USD) - 2025/01/16 1:22:46 WET [2025/01/16 20:22:46 ET]
Table 'Leonisis II' 6-max Seat #6 is the button
Seat 1: pr0tecto ($117.11 in chips) 
Seat 2: Poker-KING1369 ($54.02 in chips) 
Seat 3: nikalas22 ($100 in chips) 
Seat 4: Seavus10 ($134.56 in chips) 
Seat 5: kuca86 ($153.67 in chips) 
Seat 6: Supermegopro ($120.90 in chips) 
pr0tecto: posts small blind $0.50
Poker-KING1369: posts big blind $1
*** HOLE CARDS ***
nikalas22: folds 
Seavus10: raises $1.20 to $2.20
kuca86: calls $2.20
Supermegopro: calls $2.20
pr0tecto: folds 
Poker-KING1369: calls $1.20
*** FLOP *** [Qd Kd Jc]
Poker-KING1369: checks 
Seavus10: checks 
kuca86: checks 
Supermegopro: checks 
*** TURN *** [Qd Kd Jc] [4s]
Poker-KING1369: checks 
Seavus10: bets $2.21
kuca86: folds 
Supermegopro: raises $11.27 to $13.48
Poker-KING1369: folds 
Seavus10: folds 
Uncalled bet ($11.27) returned to Supermegopro
Supermegopro collected $13.03 from pot
Supermegopro: doesn't show hand 
*** SUMMARY ***
Total pot $13.72 | Rake $0.69 
Board [Qd Kd Jc 4s]
Seat 1: pr0tecto (small blind) folded before Flop
Seat 2: Poker-KING1369 (big blind) folded on the Turn
Seat 3: nikalas22 folded before Flop (didn't bet)
Seat 4: Seavus10 folded on the Turn
Seat 5: kuca86 folded on the Turn
Seat 6: Supermegopro (button) collected ($13.03)



PokerStars Hand #254408813698:  Hold'em No Limit ($0.50/$1.00 USD) - 2025/01/16 1:24:36 WET [2025/01/16 20:24:36 ET]
Table 'Leonisis II' 6-max Seat #1 is the button
Seat 1: pr0tecto ($116.61 in chips) 
Seat 2: Poker-KING1369 ($51.82 in chips) 
Seat 3: nikalas22 ($100 in chips) 
Seat 4: Seavus10 ($130.15 in chips) 
Seat 5: kuca86 ($151.47 in chips) 
Seat 6: Supermegopro ($129.52 in chips) 
Poker-KING1369: posts small blind $0.50
nikalas22: posts big blind $1
*** HOLE CARDS ***
Seavus10: folds 
kuca86: folds 
Supermegopro: folds 
pr0tecto: folds 
Poker-KING1369: folds 
Uncalled bet ($0.50) returned to nikalas22
nikalas22 collected $1 from pot
nikalas22: doesn't show hand 
*** SUMMARY ***
Total pot $1 | Rake $0 
Seat 1: pr0tecto (button) folded before Flop (didn't bet)
Seat 2: Poker-KING1369 (small blind) folded before Flop
Seat 3: nikalas22 (big blind) collected ($1)
Seat 4: Seavus10 folded before Flop (didn't bet)
Seat 5: kuca86 folded before Flop (didn't bet)
Seat 6: Supermegopro folded before Flop (didn't bet)



PokerStars Hand #254408816077:  Hold'em No Limit ($0.50/$1.00 USD) - 2025/01/16 1:24:50 WET [2025/01/16 20:24:50 ET]
Table 'Leonisis II' 6-max Seat #2 is the button
Seat 1: pr0tecto ($116.61 in chips) 
Seat 2: Poker-KING1369 ($51.32 in chips) 
Seat 3: nikalas22 ($100.50 in chips) 
Seat 4: Seavus10 ($130.15 in chips) 
Seat 5: kuca86 ($151.47 in chips) 
Seat 6: Supermegopro ($129.52 in chips) 
nikalas22: posts small blind $0.50
Seavus10: posts big blind $1
*** HOLE CARDS ***
kuca86: folds 
Supermegopro: folds 
pr0tecto: folds 
Poker-KING1369: raises $1 to $2
nikalas22: folds 
Seavus10: folds 
Uncalled bet ($1) returned to Poker-KING1369
Poker-KING1369 collected $2.50 from pot
*** SUMMARY ***
Total pot $2.50 | Rake $0 
Seat 1: pr0tecto folded before Flop (didn't bet)
Seat 2: Poker-KING1369 (button) collected ($2.50)
Seat 3: nikalas22 (small blind) folded before Flop
Seat 4: Seavus10 (big blind) folded before Flop
Seat 5: kuca86 folded before Flop (didn't bet)
Seat 6: Supermegopro folded before Flop (didn't bet)



PokerStars Hand #254408818590:  Hold'em No Limit ($0.50/$1.00 USD) - 2025/01/16 1:25:04 WET [2025/01/16 20:25:04 ET]
Table 'Leonisis II' 6-max Seat #3 is the button
Seat 1: pr0tecto ($116.61 in chips) 
Seat 2: Poker-KING1369 ($52.82 in chips) 
Seat 3: nikalas22 ($100 in chips) 
Seat 4: Seavus10 ($129.15 in chips) 
Seat 5: kuca86 ($151.47 in chips) 
Seat 6: Supermegopro ($129.52 in chips) 
Seavus10: posts small blind $0.50
kuca86: posts big blind $1
*** HOLE CARDS ***
Supermegopro: folds 
pr0tecto: folds 
Poker-KING1369: calls $1
nikalas22: raises $3.50 to $4.50
Seavus10: folds 
kuca86: folds 
Poker-KING1369: folds 
Uncalled bet ($3.50) returned to nikalas22
nikalas22 collected $3.50 from pot
nikalas22: doesn't show hand 
*** SUMMARY ***
Total pot $3.50 | Rake $0 
Seat 1: pr0tecto folded before Flop (didn't bet)
Seat 2: Poker-KING1369 folded before Flop
Seat 3: nikalas22 (button) collected ($3.50)
Seat 4: Seavus10 (small blind) folded before Flop
Seat 5: kuca86 (big blind) folded before Flop
Seat 6: Supermegopro folded before Flop (didn't bet)



PokerStars Hand #254408822909:  Hold'em No Limit ($0.50/$1.00 USD) - 2025/01/16 1:25:29 WET [2025/01/16 20:25:29 ET]
Table 'Leonisis II' 6-max Seat #4 is the button
Seat 1: pr0tecto ($116.61 in chips) 
Seat 2: Poker-KING1369 ($51.82 in chips) 
Seat 3: nikalas22 ($102.50 in chips) 
Seat 4: Seavus10 ($128.65 in chips) 
Seat 5: kuca86 ($150.47 in chips) 
Seat 6: Supermegopro ($129.52 in chips) 
kuca86: posts small blind $0.50
Supermegopro: posts big blind $1
*** HOLE CARDS ***
pr0tecto: folds 
Poker-KING1369: calls $1
nikalas22: folds 
Seavus10: folds 
kuca86: calls $0.50
Supermegopro: checks 
*** FLOP *** [Ah Kh Jc]
kuca86: checks 
Supermegopro: checks 
Poker-KING1369: bets $1
kuca86: calls $1
Supermegopro: folds 
*** TURN *** [Ah Kh Jc] [Jd]
kuca86: checks 
Poker-KING1369: bets $2.38
kuca86: calls $2.38
*** RIVER *** [Ah Kh Jc Jd] [Jh]
kuca86: checks 
Poker-KING1369: checks 
*** SHOW DOWN ***
kuca86: shows [6d Ac] (a full house, Jacks full of Aces)
Poker-KING1369: mucks hand 
kuca86 collected $9.27 from pot
*** SUMMARY ***
Total pot $9.76 | Rake $0.49 
Board [Ah Kh Jc Jd Jh]
Seat 1: pr0tecto folded before Flop (didn't bet)
Seat 2: Poker-KING1369 mucked
Seat 3: nikalas22 folded before Flop (didn't bet)
Seat 4: Seavus10 (button) folded before Flop (didn't bet)
Seat 5: kuca86 (small blind) showed [6d Ac] and won ($9.27) with a full house, Jacks full of Aces
Seat 6: Supermegopro (big blind) folded on the Flop



PokerStars Hand #254408833876:  Hold'em No Limit ($0.50/$1.00 USD) - 2025/01/16 1:26:30 WET [2025/01/16 20:26:30 ET]
Table 'Leonisis II' 6-max Seat #5 is the button
Seat 1: pr0tecto ($116.61 in chips) 
Seat 2: Poker-KING1369 ($47.44 in chips) 
Seat 3: nikalas22 ($102.50 in chips) 
Seat 4: Seavus10 ($128.65 in chips) 
Seat 5: kuca86 ($155.36 in chips) 
Seat 6: Supermegopro ($128.52 in chips) 
Supermegopro: posts small blind $0.50
pr0tecto: posts big blind $1
*** HOLE CARDS ***
Poker-KING1369: calls $1
nikalas22: folds 
Seavus10: folds 
kuca86: raises $3 to $4
Supermegopro: folds 
pr0tecto: folds 
Poker-KING1369: calls $3
*** FLOP *** [3d Td 9h]
Poker-KING1369: bets $4.51
kuca86: raises $10.49 to $15
Poker-KING1369: calls $10.49
*** TURN *** [3d Td 9h] [8s]
Poker-KING1369: checks 
kuca86: bets $39.40
Poker-KING1369: calls $28.44 and is all-in
Uncalled bet ($10.96) returned to kuca86
Poker-KING1369 has timed out
*** RIVER *** [3d Td 9h 8s] [5c]
*** SHOW DOWN ***
Poker-KING1369: shows [3s 2c] (a pair of Threes)
kuca86: shows [Qh Ac] (high card Ace)
Poker-KING1369 collected $93.88 from pot
*** SUMMARY ***
Total pot $96.38 | Rake $2.50 
Board [3d Td 9h 8s 5c]
Seat 1: pr0tecto (big blind) folded before Flop
Seat 2: Poker-KING1369 showed [3s 2c] and won ($93.88) with a pair of Threes
Seat 3: nikalas22 folded before Flop (didn't bet)
Seat 4: Seavus10 folded before Flop (didn't bet)
Seat 5: kuca86 (button) showed [Qh Ac] and lost with high card Ace
Seat 6: Supermegopro (small blind) folded before Flop



