PokerStars Hand #254403307079:  Hold'em No Limit ($0.50/$1.00 USD) - 2025/01/16 20:05:31 WET [2025/01/16 15:05:31 ET]
Table 'Panthoos IV' 6-max Seat #2 is the button
Seat 1: EvilReality ($100 in chips) 
Seat 2: MakoEv ($100 in chips) 
Seat 4: CallMeeeCraig ($100 in chips) 
Seat 5: YeeesMan ($100 in chips) 
Seat 6: blistein ($100 in chips) 
CallMeeeCraig: posts small blind $0.50
YeeesMan: posts big blind $1
*** HOLE CARDS ***
blistein: raises $1.20 to $2.20
salcri91 joins the table at seat #3 
EvilReality: folds 
MakoEv: folds 
CallMeeeCraig: folds 
YeeesMan: folds 
Uncalled bet ($1.20) returned to blistein
blistein collected $2.50 from pot
blistein: doesn't show hand 
*** SUMMARY ***
Total pot $2.50 | Rake $0 
Seat 1: EvilReality folded before Flop (didn't bet)
Seat 2: MakoEv (button) folded before Flop (didn't bet)
Seat 4: CallMeeeCraig (small blind) folded before Flop
Seat 5: YeeesMan (big blind) folded before Flop
Seat 6: blistein collected ($2.50)



PokerStars Hand #254403321267:  Hold'em No Limit ($0.50/$1.00 USD) - 2025/01/16 20:06:17 WET [2025/01/16 15:06:17 ET]
Table 'Panthoos IV' 6-max Seat #4 is the button
Seat 3: salcri91 ($100 in chips) is sitting out
Seat 1: EvilReality ($100 in chips) 
Seat 2: MakoEv ($100 in chips) 
Seat 4: CallMeeeCraig ($100 in chips) 
Seat 5: YeeesMan ($100 in chips) 
Seat 6: blistein ($101.50 in chips) 
YeeesMan: posts small blind $0.50
blistein: posts big blind $1
salcri91: sits out 
*** HOLE CARDS ***
EvilReality: folds 
MakoEv: folds 
CallMeeeCraig: raises $1.20 to $2.20
YeeesMan: folds 
blistein: calls $1.20
*** FLOP *** [Kh 7d Kc]
blistein: checks 
CallMeeeCraig: bets $1.54
blistein: raises $3.96 to $5.50
CallMeeeCraig: calls $3.96
*** TURN *** [Kh 7d Kc] [3h]
blistein: checks 
CallMeeeCraig: bets $4.98
blistein: calls $4.98
*** RIVER *** [Kh 7d Kc 3h] [4h]
blistein: checks 
CallMeeeCraig: bets $8.11
blistein: folds 
Uncalled bet ($8.11) returned to CallMeeeCraig
CallMeeeCraig collected $24.57 from pot
CallMeeeCraig: doesn't show hand 
*** SUMMARY ***
Total pot $25.86 | Rake $1.29 
Board [Kh 7d Kc 3h 4h]
Seat 3: salcri91
Seat 1: EvilReality folded before Flop (didn't bet)
Seat 2: MakoEv folded before Flop (didn't bet)
Seat 4: CallMeeeCraig (button) collected ($24.57)
Seat 5: YeeesMan (small blind) folded before Flop
Seat 6: blistein (big blind) folded on the River



PokerStars Hand #254403362637:  Hold'em No Limit ($0.50/$1.00 USD) - 2025/01/16 20:08:30 WET [2025/01/16 15:08:30 ET]
Table 'Panthoos IV' 6-max Seat #5 is the button
Seat 3: salcri91 ($100 in chips) is sitting out
Seat 1: EvilReality ($100 in chips) 
Seat 2: MakoEv ($100 in chips) 
Seat 4: CallMeeeCraig ($111.89 in chips) 
Seat 5: YeeesMan ($100 in chips) 
Seat 6: blistein ($100 in chips) 
blistein: posts small blind $0.50
EvilReality: posts big blind $1
salcri91: sits out 
*** HOLE CARDS ***
MakoEv: folds 
CallMeeeCraig: folds 
YeeesMan: raises $1.50 to $2.50
blistein: folds 
EvilReality: calls $1.50
*** FLOP *** [Ac 6h 5d]
EvilReality: checks 
YeeesMan: checks 
*** TURN *** [Ac 6h 5d] [6c]
EvilReality: checks 
YeeesMan: bets $3.48
EvilReality has timed out
EvilReality: folds 
Uncalled bet ($3.48) returned to YeeesMan
YeeesMan collected $5.22 from pot
YeeesMan: doesn't show hand 
*** SUMMARY ***
Total pot $5.50 | Rake $0.28 
Board [Ac 6h 5d 6c]
Seat 3: salcri91
Seat 1: EvilReality (big blind) folded on the Turn
Seat 2: MakoEv folded before Flop (didn't bet)
Seat 4: CallMeeeCraig folded before Flop (didn't bet)
Seat 5: YeeesMan (button) collected ($5.22)
Seat 6: blistein (small blind) folded before Flop



PokerStars Hand #254403384985:  Hold'em No Limit ($0.50/$1.00 USD) - 2025/01/16 20:09:42 WET [2025/01/16 15:09:42 ET]
Table 'Panthoos IV' 6-max Seat #6 is the button
Seat 3: salcri91 ($100 in chips) is sitting out
Seat 1: EvilReality ($100 in chips) 
Seat 2: MakoEv ($100 in chips) 
Seat 4: CallMeeeCraig ($111.89 in chips) 
Seat 5: YeeesMan ($102.72 in chips) 
Seat 6: blistein ($100 in chips) 
EvilReality: posts small blind $0.50
MakoEv: posts big blind $1
salcri91: sits out 
*** HOLE CARDS ***
CallMeeeCraig: folds 
YeeesMan: folds 
blistein: folds 
EvilReality: raises $2 to $3
MakoEv: calls $2
*** FLOP *** [Qs 2c Kc]
EvilReality: bets $1.88
MakoEv: folds 
Uncalled bet ($1.88) returned to EvilReality
EvilReality collected $5.70 from pot
EvilReality: doesn't show hand 
*** SUMMARY ***
Total pot $6 | Rake $0.30 
Board [Qs 2c Kc]
Seat 3: salcri91
Seat 1: EvilReality (small blind) collected ($5.70)
Seat 2: MakoEv (big blind) folded on the Flop
Seat 4: CallMeeeCraig folded before Flop (didn't bet)
Seat 5: YeeesMan folded before Flop (didn't bet)
Seat 6: blistein (button) folded before Flop (didn't bet)



PokerStars Hand #254403398494:  Hold'em No Limit ($0.50/$1.00 USD) - 2025/01/16 20:10:25 WET [2025/01/16 15:10:25 ET]
Table 'Panthoos IV' 6-max Seat #1 is the button
Seat 1: EvilReality ($102.70 in chips) 
Seat 2: MakoEv ($100 in chips) 
Seat 3: salcri91 ($100 in chips) 
Seat 4: CallMeeeCraig ($111.89 in chips) 
Seat 5: YeeesMan ($102.72 in chips) 
Seat 6: blistein ($100 in chips) 
MakoEv: posts small blind $0.50
salcri91: posts big blind $1
*** HOLE CARDS ***
CallMeeeCraig: folds 
YeeesMan: folds 
blistein: folds 
EvilReality: raises $1.50 to $2.50
MakoEv: raises $8.50 to $11
salcri91: folds 
EvilReality: folds 
Uncalled bet ($8.50) returned to MakoEv
MakoEv collected $6 from pot
MakoEv: doesn't show hand 
*** SUMMARY ***
Total pot $6 | Rake $0 
Seat 1: EvilReality (button) folded before Flop
Seat 2: MakoEv (small blind) collected ($6)
Seat 3: salcri91 (big blind) folded before Flop
Seat 4: CallMeeeCraig folded before Flop (didn't bet)
Seat 5: YeeesMan folded before Flop (didn't bet)
Seat 6: blistein folded before Flop (didn't bet)



PokerStars Hand #254403411805:  Hold'em No Limit ($0.50/$1.00 USD) - 2025/01/16 20:11:07 WET [2025/01/16 15:11:07 ET]
Table 'Panthoos IV' 6-max Seat #2 is the button
Seat 1: EvilReality ($100.20 in chips) 
Seat 2: MakoEv ($103.50 in chips) 
Seat 3: salcri91 ($99 in chips) 
Seat 4: CallMeeeCraig ($111.89 in chips) 
Seat 5: YeeesMan ($102.72 in chips) 
Seat 6: blistein ($100 in chips) 
salcri91: posts small blind $0.50
CallMeeeCraig: posts big blind $1
*** HOLE CARDS ***
YeeesMan: raises $1.50 to $2.50
blistein: folds 
EvilReality: folds 
MakoEv: folds 
salcri91: folds 
CallMeeeCraig: folds 
Uncalled bet ($1.50) returned to YeeesMan
YeeesMan collected $2.50 from pot
YeeesMan: doesn't show hand 
*** SUMMARY ***
Total pot $2.50 | Rake $0 
Seat 1: EvilReality folded before Flop (didn't bet)
Seat 2: MakoEv (button) folded before Flop (didn't bet)
Seat 3: salcri91 (small blind) folded before Flop
Seat 4: CallMeeeCraig (big blind) folded before Flop
Seat 5: YeeesMan collected ($2.50)
Seat 6: blistein folded before Flop (didn't bet)



PokerStars Hand #254403420845:  Hold'em No Limit ($0.50/$1.00 USD) - 2025/01/16 20:11:37 WET [2025/01/16 15:11:37 ET]
Table 'Panthoos IV' 6-max Seat #3 is the button
Seat 5: YeeesMan ($104.22 in chips) is sitting out
Seat 6: blistein ($100 in chips) is sitting out
Seat 1: EvilReality ($100.20 in chips) 
Seat 2: MakoEv ($103.50 in chips) 
Seat 3: salcri91 ($98.50 in chips) 
Seat 4: CallMeeeCraig ($110.89 in chips) 
CallMeeeCraig: posts small blind $0.50
YeeesMan: is sitting out 
blistein: is sitting out 
EvilReality: posts big blind $1
*** HOLE CARDS ***
MakoEv: folds 
YeeesMan leaves the table
blistein leaves the table
salcri91: folds 
CallMeeeCraig: folds 
Uncalled bet ($0.50) returned to EvilReality
MakoEv leaves the table
EvilReality collected $1 from pot
EvilReality: doesn't show hand 
*** SUMMARY ***
Total pot $1 | Rake $0 
Seat 5: YeeesMan
Seat 6: blistein
Seat 1: EvilReality (big blind) collected ($1)
Seat 2: MakoEv folded before Flop (didn't bet)
Seat 3: salcri91 (button) folded before Flop (didn't bet)
Seat 4: CallMeeeCraig (small blind) folded before Flop



PokerStars Hand #254403424203:  Hold'em No Limit ($0.50/$1.00 USD) - 2025/01/16 20:11:47 WET [2025/01/16 15:11:47 ET]
Table 'Panthoos IV' 6-max Seat #4 is the button
Seat 1: EvilReality ($100.70 in chips) 
Seat 3: salcri91 ($98.50 in chips) 
Seat 4: CallMeeeCraig ($110.39 in chips) 
EvilReality: posts small blind $0.50
salcri91: posts big blind $1
*** HOLE CARDS ***
CallMeeeCraig: folds 
EvilReality: folds 
Uncalled bet ($0.50) returned to salcri91
salcri91 collected $1 from pot
salcri91: doesn't show hand 
*** SUMMARY ***
Total pot $1 | Rake $0 
Seat 1: EvilReality (small blind) folded before Flop
Seat 3: salcri91 (big blind) collected ($1)
Seat 4: CallMeeeCraig (button) folded before Flop (didn't bet)



PokerStars Hand #254403427781:  Hold'em No Limit ($0.50/$1.00 USD) - 2025/01/16 20:11:58 WET [2025/01/16 15:11:58 ET]
Table 'Panthoos IV' 6-max Seat #1 is the button
Seat 1: EvilReality ($100.20 in chips) 
Seat 3: salcri91 ($99 in chips) 
Seat 4: CallMeeeCraig ($110.39 in chips) 
salcri91: posts small blind $0.50
CallMeeeCraig: posts big blind $1
*** HOLE CARDS ***
EvilReality: raises $1.50 to $2.50
salcri91: folds 
CallMeeeCraig: folds 
Uncalled bet ($1.50) returned to EvilReality
z00mba joins the table at seat #5 
EvilReality collected $2.50 from pot
EvilReality: doesn't show hand 
*** SUMMARY ***
Total pot $2.50 | Rake $0 
Seat 1: EvilReality (button) collected ($2.50)
Seat 3: salcri91 (small blind) folded before Flop
Seat 4: CallMeeeCraig (big blind) folded before Flop



PokerStars Hand #254403432797:  Hold'em No Limit ($0.50/$1.00 USD) - 2025/01/16 20:12:14 WET [2025/01/16 15:12:14 ET]
Table 'Panthoos IV' 6-max Seat #3 is the button
Seat 5: z00mba ($100 in chips) is sitting out
Seat 1: EvilReality ($101.70 in chips) 
Seat 3: salcri91 ($98.50 in chips) 
Seat 4: CallMeeeCraig ($109.39 in chips) 
CallMeeeCraig: posts small blind $0.50
EvilReality: posts big blind $1
*** HOLE CARDS ***
salcri91: folds 
salcri91 leaves the table
CallMeeeCraig: folds 
Uncalled bet ($0.50) returned to EvilReality
EvilReality collected $1 from pot
EvilReality: doesn't show hand 
*** SUMMARY ***
Total pot $1 | Rake $0 
Seat 5: z00mba
Seat 1: EvilReality (big blind) collected ($1)
Seat 3: salcri91 (button) folded before Flop (didn't bet)
Seat 4: CallMeeeCraig (small blind) folded before Flop



PokerStars Hand #254403438433:  Hold'em No Limit ($0.50/$1.00 USD) - 2025/01/16 20:12:32 WET [2025/01/16 15:12:32 ET]
Table 'Panthoos IV' 6-max Seat #1 is the button
Seat 5: z00mba ($100 in chips) is sitting out
Seat 1: EvilReality ($102.20 in chips) 
Seat 4: CallMeeeCraig ($108.89 in chips) 
EvilReality: posts small blind $0.50
CallMeeeCraig: posts big blind $1
*** HOLE CARDS ***
EvilReality: raises $1.50 to $2.50
Kristo 914 joins the table at seat #3 
CallMeeeCraig: folds 
Uncalled bet ($1.50) returned to EvilReality
EvilReality collected $2 from pot
EvilReality: doesn't show hand 
*** SUMMARY ***
Total pot $2 | Rake $0 
Seat 5: z00mba
Seat 1: EvilReality (button) (small blind) collected ($2)
Seat 4: CallMeeeCraig (big blind) folded before Flop



PokerStars Hand #254403442634:  Hold'em No Limit ($0.50/$1.00 USD) - 2025/01/16 20:12:46 WET [2025/01/16 15:12:46 ET]
Table 'Panthoos IV' 6-max Seat #4 is the button
Seat 5: z00mba ($100 in chips) is sitting out
Seat 1: EvilReality ($103.20 in chips) 
Seat 3: Kristo 914 ($100 in chips) 
Seat 4: CallMeeeCraig ($107.89 in chips) 
EvilReality: posts small blind $0.50
Kristo 914: posts big blind $1
*** HOLE CARDS ***
CallMeeeCraig: raises $1.20 to $2.20
EvilReality: folds 
Kristo 914: folds 
Uncalled bet ($1.20) returned to CallMeeeCraig
Diamondplaces joins the table at seat #6 
Diamondplaces is disconnected 
CallMeeeCraig collected $2.50 from pot
CallMeeeCraig: doesn't show hand 
nastja336 joins the table at seat #2 
*** SUMMARY ***
Total pot $2.50 | Rake $0 
Seat 5: z00mba
Seat 1: EvilReality (small blind) folded before Flop
Seat 3: Kristo 914 (big blind) folded before Flop
Seat 4: CallMeeeCraig (button) collected ($2.50)



PokerStars Hand #254403445251:  Hold'em No Limit ($0.50/$1.00 USD) - 2025/01/16 20:12:55 WET [2025/01/16 15:12:55 ET]
Table 'Panthoos IV' 6-max Seat #1 is the button
Seat 2: nastja336 ($100 in chips) is sitting out
Seat 5: z00mba ($100 in chips) is sitting out
Seat 6: Diamondplaces ($53.86 in chips) is sitting out
Seat 1: EvilReality ($102.70 in chips) 
Seat 3: Kristo 914 ($100 in chips) 
Seat 4: CallMeeeCraig ($109.39 in chips) 
Kristo 914: posts small blind $0.50
CallMeeeCraig: posts big blind $1
Diamondplaces: sits out 
*** HOLE CARDS ***
EvilReality has timed out
EvilReality: folds 
Kristo 914: folds 
Uncalled bet ($0.50) returned to CallMeeeCraig
CallMeeeCraig collected $1 from pot
CallMeeeCraig: doesn't show hand 
*** SUMMARY ***
Total pot $1 | Rake $0 
Seat 2: nastja336
Seat 5: z00mba
Seat 6: Diamondplaces
Seat 1: EvilReality (button) folded before Flop (didn't bet)
Seat 3: Kristo 914 (small blind) folded before Flop
Seat 4: CallMeeeCraig (big blind) collected ($1)



PokerStars Hand #254403591845:  Hold'em No Limit ($0.50/$1.00 USD) - 2025/01/16 20:20:41 WET [2025/01/16 15:20:41 ET]
Table 'Panthoos IV' 6-max Seat #6 is the button
Seat 1: ImaPeppaPig ($102.22 in chips) 
Seat 6: Diamondplaces ($104.10 in chips) 
Diamondplaces: posts small blind $0.50
ImaPeppaPig: posts big blind $1
*** HOLE CARDS ***
Diamondplaces: folds 
Uncalled bet ($0.50) returned to ImaPeppaPig
ImaPeppaPig collected $1 from pot
ImaPeppaPig: doesn't show hand 
*** SUMMARY ***
Total pot $1 | Rake $0 
Seat 1: ImaPeppaPig (big blind) collected ($1)
Seat 6: Diamondplaces (button) (small blind) folded before Flop



PokerStars Hand #254403594040:  Hold'em No Limit ($0.50/$1.00 USD) - 2025/01/16 20:20:48 WET [2025/01/16 15:20:48 ET]
Table 'Panthoos IV' 6-max Seat #1 is the button
Seat 1: ImaPeppaPig ($102.72 in chips) 
Seat 6: Diamondplaces ($103.60 in chips) 
ImaPeppaPig: posts small blind $0.50
Diamondplaces: posts big blind $1
*** HOLE CARDS ***
ImaPeppaPig: raises $1.50 to $2.50
Diamondplaces: folds 
Uncalled bet ($1.50) returned to ImaPeppaPig
ImaPeppaPig collected $2 from pot
ImaPeppaPig: doesn't show hand 
*** SUMMARY ***
Total pot $2 | Rake $0 
Seat 1: ImaPeppaPig (button) (small blind) collected ($2)
Seat 6: Diamondplaces (big blind) folded before Flop



PokerStars Hand #254403597829:  Hold'em No Limit ($0.50/$1.00 USD) - 2025/01/16 20:21:00 WET [2025/01/16 15:21:00 ET]
Table 'Panthoos IV' 6-max Seat #6 is the button
Seat 1: ImaPeppaPig ($103.72 in chips) 
Seat 6: Diamondplaces ($102.60 in chips) 
Diamondplaces: posts small blind $0.50
ImaPeppaPig: posts big blind $1
*** HOLE CARDS ***
Diamondplaces: raises $1 to $2
ImaPeppaPig: calls $1
*** FLOP *** [Qd Tc 5h]
ImaPeppaPig: checks 
Diamondplaces: checks 
*** TURN *** [Qd Tc 5h] [7s]
ImaPeppaPig: checks 
Diamondplaces: checks 
*** RIVER *** [Qd Tc 5h 7s] [8c]
ImaPeppaPig: checks 
Diamondplaces: checks 
*** SHOW DOWN ***
ImaPeppaPig: shows [6d Ac] (high card Ace)
Diamondplaces: mucks hand 
ImaPeppaPig collected $3.80 from pot
*** SUMMARY ***
Total pot $4 | Rake $0.20 
Board [Qd Tc 5h 7s 8c]
Seat 1: ImaPeppaPig (big blind) showed [6d Ac] and won ($3.80) with high card Ace
Seat 6: Diamondplaces (button) (small blind) mucked



PokerStars Hand #254403606403:  Hold'em No Limit ($0.50/$1.00 USD) - 2025/01/16 20:21:28 WET [2025/01/16 15:21:28 ET]
Table 'Panthoos IV' 6-max Seat #1 is the button
Seat 1: ImaPeppaPig ($105.52 in chips) 
Seat 6: Diamondplaces ($100.60 in chips) 
ImaPeppaPig: posts small blind $0.50
Diamondplaces: posts big blind $1
*** HOLE CARDS ***
ImaPeppaPig: folds 
Uncalled bet ($0.50) returned to Diamondplaces
Diamondplaces collected $1 from pot
*** SUMMARY ***
Total pot $1 | Rake $0 
Seat 1: ImaPeppaPig (button) (small blind) folded before Flop
Seat 6: Diamondplaces (big blind) collected ($1)



PokerStars Hand #254403608179:  Hold'em No Limit ($0.50/$1.00 USD) - 2025/01/16 20:21:34 WET [2025/01/16 15:21:34 ET]
Table 'Panthoos IV' 6-max Seat #6 is the button
Seat 1: ImaPeppaPig ($105.02 in chips) 
Seat 6: Diamondplaces ($101.10 in chips) 
Diamondplaces: posts small blind $0.50
ImaPeppaPig: posts big blind $1
*** HOLE CARDS ***
Diamondplaces: folds 
Uncalled bet ($0.50) returned to ImaPeppaPig
ImaPeppaPig collected $1 from pot
ImaPeppaPig: doesn't show hand 
*** SUMMARY ***
Total pot $1 | Rake $0 
Seat 1: ImaPeppaPig (big blind) collected ($1)
Seat 6: Diamondplaces (button) (small blind) folded before Flop



PokerStars Hand #254403610288:  Hold'em No Limit ($0.50/$1.00 USD) - 2025/01/16 20:21:41 WET [2025/01/16 15:21:41 ET]
Table 'Panthoos IV' 6-max Seat #1 is the button
Seat 1: ImaPeppaPig ($105.52 in chips) 
Seat 6: Diamondplaces ($100.60 in chips) 
ImaPeppaPig: posts small blind $0.50
Diamondplaces: posts big blind $1
*** HOLE CARDS ***
ImaPeppaPig: folds 
Uncalled bet ($0.50) returned to Diamondplaces
Diamondplaces collected $1 from pot
*** SUMMARY ***
Total pot $1 | Rake $0 
Seat 1: ImaPeppaPig (button) (small blind) folded before Flop
Seat 6: Diamondplaces (big blind) collected ($1)



PokerStars Hand #254403612237:  Hold'em No Limit ($0.50/$1.00 USD) - 2025/01/16 20:21:47 WET [2025/01/16 15:21:47 ET]
Table 'Panthoos IV' 6-max Seat #6 is the button
Seat 1: ImaPeppaPig ($105.02 in chips) 
Seat 6: Diamondplaces ($101.10 in chips) 
Diamondplaces: posts small blind $0.50
ImaPeppaPig: posts big blind $1
*** HOLE CARDS ***
Diamondplaces: folds 
Uncalled bet ($0.50) returned to ImaPeppaPig
ImaPeppaPig collected $1 from pot
ImaPeppaPig: doesn't show hand 
*** SUMMARY ***
Total pot $1 | Rake $0 
Seat 1: ImaPeppaPig (big blind) collected ($1)
Seat 6: Diamondplaces (button) (small blind) folded before Flop



PokerStars Hand #254403614327:  Hold'em No Limit ($0.50/$1.00 USD) - 2025/01/16 20:21:54 WET [2025/01/16 15:21:54 ET]
Table 'Panthoos IV' 6-max Seat #1 is the button
Seat 1: ImaPeppaPig ($105.52 in chips) 
Seat 6: Diamondplaces ($100.60 in chips) 
ImaPeppaPig: posts small blind $0.50
Diamondplaces: posts big blind $1
*** HOLE CARDS ***
ImaPeppaPig: raises $1.50 to $2.50
Diamondplaces: calls $1.50
*** FLOP *** [7h 7c 8h]
Diamondplaces: bets $1
ImaPeppaPig: raises $3.51 to $4.51
Diamondplaces: folds 
Uncalled bet ($3.51) returned to ImaPeppaPig
ImaPeppaPig collected $6.65 from pot
ImaPeppaPig: doesn't show hand 
*** SUMMARY ***
Total pot $7 | Rake $0.35 
Board [7h 7c 8h]
Seat 1: ImaPeppaPig (button) (small blind) collected ($6.65)
Seat 6: Diamondplaces (big blind) folded on the Flop



PokerStars Hand #254403619449:  Hold'em No Limit ($0.50/$1.00 USD) - 2025/01/16 20:22:10 WET [2025/01/16 15:22:10 ET]
Table 'Panthoos IV' 6-max Seat #6 is the button
Seat 1: ImaPeppaPig ($108.67 in chips) 
Seat 6: Diamondplaces ($97.10 in chips) 
Diamondplaces: posts small blind $0.50
ImaPeppaPig: posts big blind $1
*** HOLE CARDS ***
Diamondplaces: calls $0.50
ImaPeppaPig: checks 
*** FLOP *** [6s 4d Qd]
ImaPeppaPig: checks 
Diamondplaces: checks 
*** TURN *** [6s 4d Qd] [Ts]
ImaPeppaPig: checks 
Diamondplaces: checks 
*** RIVER *** [6s 4d Qd Ts] [Qc]
ImaPeppaPig: checks 
Diamondplaces: bets $1.90
ImaPeppaPig: folds 
Uncalled bet ($1.90) returned to Diamondplaces
Diamondplaces collected $1.90 from pot
*** SUMMARY ***
Total pot $2 | Rake $0.10 
Board [6s 4d Qd Ts Qc]
Seat 1: ImaPeppaPig (big blind) folded on the River
Seat 6: Diamondplaces (button) (small blind) collected ($1.90)



PokerStars Hand #254403629577:  Hold'em No Limit ($0.50/$1.00 USD) - 2025/01/16 20:22:43 WET [2025/01/16 15:22:43 ET]
Table 'Panthoos IV' 6-max Seat #1 is the button
Seat 1: ImaPeppaPig ($107.67 in chips) 
Seat 6: Diamondplaces ($98 in chips) 
ImaPeppaPig: posts small blind $0.50
Diamondplaces: posts big blind $1
*** HOLE CARDS ***
ImaPeppaPig: folds 
Uncalled bet ($0.50) returned to Diamondplaces
Diamondplaces collected $1 from pot
*** SUMMARY ***
Total pot $1 | Rake $0 
Seat 1: ImaPeppaPig (button) (small blind) folded before Flop
Seat 6: Diamondplaces (big blind) collected ($1)



PokerStars Hand #254403632015:  Hold'em No Limit ($0.50/$1.00 USD) - 2025/01/16 20:22:51 WET [2025/01/16 15:22:51 ET]
Table 'Panthoos IV' 6-max Seat #6 is the button
Seat 1: ImaPeppaPig ($107.17 in chips) 
Seat 6: Diamondplaces ($98.50 in chips) 
Diamondplaces: posts small blind $0.50
ImaPeppaPig: posts big blind $1
*** HOLE CARDS ***
Diamondplaces: folds 
Uncalled bet ($0.50) returned to ImaPeppaPig
ImaPeppaPig collected $1 from pot
ImaPeppaPig: doesn't show hand 
*** SUMMARY ***
Total pot $1 | Rake $0 
Seat 1: ImaPeppaPig (big blind) collected ($1)
Seat 6: Diamondplaces (button) (small blind) folded before Flop



PokerStars Hand #254403634041:  Hold'em No Limit ($0.50/$1.00 USD) - 2025/01/16 20:22:57 WET [2025/01/16 15:22:57 ET]
Table 'Panthoos IV' 6-max Seat #1 is the button
Seat 1: ImaPeppaPig ($107.67 in chips) 
Seat 6: Diamondplaces ($98 in chips) 
ImaPeppaPig: posts small blind $0.50
Diamondplaces: posts big blind $1
*** HOLE CARDS ***
ImaPeppaPig: raises $1 to $2
Diamondplaces: calls $1
*** FLOP *** [Th 9s 9d]
blackclan7 joins the table at seat #5 
Diamondplaces: checks 
ImaPeppaPig: checks 
*** TURN *** [Th 9s 9d] [6c]
Diamondplaces: checks 
JUANS2 joins the table at seat #3 
ImaPeppaPig: checks 
*** RIVER *** [Th 9s 9d 6c] [Qs]
Diamondplaces: checks 
ImaPeppaPig: checks 
*** SHOW DOWN ***
Diamondplaces: shows [Ac 3d] (a pair of Nines)
ImaPeppaPig: shows [Jd As] (a pair of Nines - Ace+Queen+Jack kicker)
ImaPeppaPig collected $3.80 from pot
*** SUMMARY ***
Total pot $4 | Rake $0.20 
Board [Th 9s 9d 6c Qs]
Seat 1: ImaPeppaPig (button) (small blind) showed [Jd As] and won ($3.80) with a pair of Nines
Seat 6: Diamondplaces (big blind) showed [Ac 3d] and lost with a pair of Nines



PokerStars Hand #254403641425:  Hold'em No Limit ($0.50/$1.00 USD) - 2025/01/16 20:23:21 WET [2025/01/16 15:23:21 ET]
Table 'Panthoos IV' 6-max Seat #6 is the button
Seat 5: blackclan7 ($100 in chips) is sitting out
Seat 1: ImaPeppaPig ($109.47 in chips) 
Seat 3: JUANS2 ($100 in chips) 
Seat 6: Diamondplaces ($96 in chips) 
ImaPeppaPig: posts small blind $0.50
JUANS2: posts big blind $1
blackclan7: sits out 
*** HOLE CARDS ***
Diamondplaces: raises $2.50 to $3.50
ImaPeppaPig: folds 
JUANS2: folds 
Uncalled bet ($2.50) returned to Diamondplaces
Diamondplaces collected $2.50 from pot
blistein joins the table at seat #4 
*** SUMMARY ***
Total pot $2.50 | Rake $0 
Seat 5: blackclan7
Seat 1: ImaPeppaPig (small blind) folded before Flop
Seat 3: JUANS2 (big blind) folded before Flop
Seat 6: Diamondplaces (button) collected ($2.50)



PokerStars Hand #254403646458:  Hold'em No Limit ($0.50/$1.00 USD) - 2025/01/16 20:23:37 WET [2025/01/16 15:23:37 ET]
Table 'Panthoos IV' 6-max Seat #1 is the button
Seat 5: blackclan7 ($100 in chips) is sitting out
Seat 1: ImaPeppaPig ($108.97 in chips) 
Seat 3: JUANS2 ($100 in chips) 
Seat 4: blistein ($100 in chips) 
Seat 6: Diamondplaces ($97.50 in chips) 
JUANS2: posts small blind $0.50
blistein: posts big blind $1
blackclan7: sits out 
*** HOLE CARDS ***
Diamondplaces: folds 
ImaPeppaPig: folds 
henri789 joins the table at seat #2 
JUANS2: raises $2 to $3
blistein: calls $2
*** FLOP *** [Td 3d 6d]
JUANS2: checks 
blistein: checks 
*** TURN *** [Td 3d 6d] [2d]
JUANS2: bets $2.85
blistein: folds 
Uncalled bet ($2.85) returned to JUANS2
JUANS2 collected $5.70 from pot
JUANS2: doesn't show hand 
*** SUMMARY ***
Total pot $6 | Rake $0.30 
Board [Td 3d 6d 2d]
Seat 5: blackclan7
Seat 1: ImaPeppaPig (button) folded before Flop (didn't bet)
Seat 3: JUANS2 (small blind) collected ($5.70)
Seat 4: blistein (big blind) folded on the Turn
Seat 6: Diamondplaces folded before Flop (didn't bet)



PokerStars Hand #254403659303:  Hold'em No Limit ($0.50/$1.00 USD) - 2025/01/16 20:24:19 WET [2025/01/16 15:24:19 ET]
Table 'Panthoos IV' 6-max Seat #3 is the button
Seat 2: henri789 ($100 in chips) is sitting out
Seat 1: ImaPeppaPig ($108.97 in chips) 
Seat 3: JUANS2 ($102.70 in chips) 
Seat 4: blistein ($100 in chips) 
Seat 5: blackclan7 ($100 in chips) 
Seat 6: Diamondplaces ($97.50 in chips) 
blistein: posts small blind $0.50
blackclan7: posts big blind $1
henri789: sits out 
*** HOLE CARDS ***
Diamondplaces: folds 
ImaPeppaPig: raises $1.50 to $2.50
JUANS2: folds 
blistein: folds 
blackclan7: folds 
Uncalled bet ($1.50) returned to ImaPeppaPig
ImaPeppaPig collected $2.50 from pot
ImaPeppaPig: doesn't show hand 
*** SUMMARY ***
Total pot $2.50 | Rake $0 
Seat 2: henri789
Seat 1: ImaPeppaPig collected ($2.50)
Seat 3: JUANS2 (button) folded before Flop (didn't bet)
Seat 4: blistein (small blind) folded before Flop
Seat 5: blackclan7 (big blind) folded before Flop
Seat 6: Diamondplaces folded before Flop (didn't bet)



PokerStars Hand #254403666230:  Hold'em No Limit ($0.50/$1.00 USD) - 2025/01/16 20:24:41 WET [2025/01/16 15:24:41 ET]
Table 'Panthoos IV' 6-max Seat #4 is the button
Seat 2: henri789 ($100 in chips) is sitting out
Seat 1: ImaPeppaPig ($110.47 in chips) 
Seat 3: JUANS2 ($102.70 in chips) 
Seat 4: blistein ($100 in chips) 
Seat 5: blackclan7 ($100 in chips) 
Seat 6: Diamondplaces ($97.50 in chips) 
blackclan7: posts small blind $0.50
Diamondplaces: posts big blind $1
henri789: sits out 
*** HOLE CARDS ***
ImaPeppaPig: folds 
JUANS2: folds 
blistein: folds 
blackclan7: raises $2 to $3
Diamondplaces: folds 
Uncalled bet ($2) returned to blackclan7
blackclan7 collected $2 from pot
blackclan7: doesn't show hand 
*** SUMMARY ***
Total pot $2 | Rake $0 
Seat 2: henri789
Seat 1: ImaPeppaPig folded before Flop (didn't bet)
Seat 3: JUANS2 folded before Flop (didn't bet)
Seat 4: blistein (button) folded before Flop (didn't bet)
Seat 5: blackclan7 (small blind) collected ($2)
Seat 6: Diamondplaces (big blind) folded before Flop



PokerStars Hand #254403671722:  Hold'em No Limit ($0.50/$1.00 USD) - 2025/01/16 20:24:59 WET [2025/01/16 15:24:59 ET]
Table 'Panthoos IV' 6-max Seat #5 is the button
Seat 2: henri789 ($100 in chips) is sitting out
Seat 1: ImaPeppaPig ($110.47 in chips) 
Seat 3: JUANS2 ($102.70 in chips) 
Seat 4: blistein ($100 in chips) 
Seat 5: blackclan7 ($101 in chips) 
Seat 6: Diamondplaces ($96.50 in chips) 
Diamondplaces: posts small blind $0.50
ImaPeppaPig: posts big blind $1
henri789: sits out 
*** HOLE CARDS ***
JUANS2: folds 
blistein: folds 
blackclan7: folds 
Diamondplaces: calls $0.50
ImaPeppaPig: raises $3 to $4
Diamondplaces: calls $3
*** FLOP *** [5s 9s Jd]
Diamondplaces: bets $1
ImaPeppaPig: raises $4.99 to $5.99
Diamondplaces: raises $4.99 to $10.98
ImaPeppaPig: calls $4.99
*** TURN *** [5s 9s Jd] [Kh]
Diamondplaces: bets $1
ImaPeppaPig: calls $1
*** RIVER *** [5s 9s Jd Kh] [8s]
Diamondplaces: bets $1
ImaPeppaPig: raises $93.49 to $94.49 and is all-in
Diamondplaces: calls $79.52 and is all-in
Uncalled bet ($13.97) returned to ImaPeppaPig
*** SHOW DOWN ***
ImaPeppaPig: shows [Qs Js] (a flush, Queen high)
Diamondplaces: shows [9d Jc] (two pair, Jacks and Nines)
ImaPeppaPig collected $190.50 from pot
*** SUMMARY ***
Total pot $193 | Rake $2.50 
Board [5s 9s Jd Kh 8s]
Seat 2: henri789
Seat 1: ImaPeppaPig (big blind) showed [Qs Js] and won ($190.50) with a flush, Queen high
Seat 3: JUANS2 folded before Flop (didn't bet)
Seat 4: blistein folded before Flop (didn't bet)
Seat 5: blackclan7 (button) folded before Flop (didn't bet)
Seat 6: Diamondplaces (small blind) showed [9d Jc] and lost with two pair, Jacks and Nines



PokerStars Hand #254403689801:  Hold'em No Limit ($0.50/$1.00 USD) - 2025/01/16 20:25:58 WET [2025/01/16 15:25:58 ET]
Table 'Panthoos IV' 6-max Seat #1 is the button
Seat 2: henri789 ($100 in chips) is sitting out
Seat 4: blistein ($100 in chips) is sitting out
Seat 6: Diamondplaces ($0 in chips) is sitting out
Seat 1: ImaPeppaPig ($204.47 in chips) 
Seat 3: JUANS2 ($102.70 in chips) 
Seat 5: blackclan7 ($101 in chips) 
JUANS2: posts small blind $0.50
blistein: is sitting out 
blackclan7: posts big blind $1
*** HOLE CARDS ***
ImaPeppaPig: raises $1.50 to $2.50
blistein leaves the table
henri789 leaves the table
JUANS2: folds 
blackclan7: folds 
Uncalled bet ($1.50) returned to ImaPeppaPig
ImaPeppaPig collected $2.50 from pot
ImaPeppaPig: doesn't show hand 
*** SUMMARY ***
Total pot $2.50 | Rake $0 
Seat 2: henri789
Seat 4: blistein
Seat 6: Diamondplaces
Seat 1: ImaPeppaPig (button) collected ($2.50)
Seat 3: JUANS2 (small blind) folded before Flop
Seat 5: blackclan7 (big blind) folded before Flop



PokerStars Hand #254403694216:  Hold'em No Limit ($0.50/$1.00 USD) - 2025/01/16 20:26:12 WET [2025/01/16 15:26:12 ET]
Table 'Panthoos IV' 6-max Seat #3 is the button
Seat 6: Diamondplaces ($0 in chips) is sitting out
Seat 1: ImaPeppaPig ($205.97 in chips) 
Seat 3: JUANS2 ($102.20 in chips) 
Seat 5: blackclan7 ($100 in chips) 
blackclan7: posts small blind $0.50
ImaPeppaPig: posts big blind $1
*** HOLE CARDS ***
JUANS2: folds 
blackclan7: raises $2 to $3
ImaPeppaPig: folds 
Uncalled bet ($2) returned to blackclan7
blackclan7 collected $2 from pot
blackclan7: doesn't show hand 
*** SUMMARY ***
Total pot $2 | Rake $0 
Seat 6: Diamondplaces
Seat 1: ImaPeppaPig (big blind) folded before Flop
Seat 3: JUANS2 (button) folded before Flop (didn't bet)
Seat 5: blackclan7 (small blind) collected ($2)



