PokerStars Hand #254394872867:  Hold'em No Limit ($0.50/$1.00 USD) - 2025/01/16 6:46:09 WET [2025/01/16 1:46:09 ET]
Table 'Hippokoon III' 6-max Seat #1 is the button
Seat 1: Edi131313 ($41.39 in chips) 
Seat 2: hobaa232 ($79.70 in chips) 
Seat 3: Poker9803 ($115.20 in chips) 
Seat 4: steelNike ($77.50 in chips) 
Seat 5: Kreayshawn ($100 in chips) 
Seat 6: uuzka ($100.50 in chips) 
hobaa232: posts small blind $0.50
Poker9803: posts big blind $1
LUMBO joins the table at seat #9
*** HOLE CARDS ***
steelNike: folds 
Kreayshawn: folds 
uuzka: folds 
Edi131313: folds 
hobaa232: calls $0.50
Poker9803: checks 
*** FLOP *** [6s 4s Qh]
hobaa232: checks 
Poker9803: checks 
*** TURN *** [6s 4s Qh] [Qs]
hobaa232: checks 
Poker9803: checks 
*** RIVER *** [6s 4s Qh Qs] [Js]
hobaa232: checks 
Poker9803: checks 
*** SHOW DOWN ***
hobaa232: shows [6h 2h] (two pair, Queens and Sixes)
Poker9803: mucks hand 
hobaa232 collected $1.90 from pot
*** SUMMARY ***
Total pot $2 | Rake $0.10 
Board [6s 4s Qh Qs Js]
Seat 1: Edi131313 (button) folded before Flop (didn't bet)
Seat 2: hobaa232 (small blind) showed [6h 2h] and won ($1.90) with two pair, Queens and Sixes
Seat 3: Poker9803 (big blind) mucked
Seat 4: steelNike folded before Flop (didn't bet)
Seat 5: Kreayshawn folded before Flop (didn't bet)
Seat 6: uuzka folded before Flop (didn't bet)



PokerStars Hand #254394874749:  Hold'em No Limit ($0.50/$1.00 USD) - 2025/01/16 6:46:35 WET [2025/01/16 1:46:35 ET]
Table 'Hippokoon III' 6-max Seat #2 is the button
Seat 1: Edi131313 ($41.39 in chips) 
Seat 2: hobaa232 ($80.60 in chips) 
Seat 3: Poker9803 ($114.20 in chips) 
Seat 4: steelNike ($77.50 in chips) 
Seat 5: Kreayshawn ($100 in chips) 
Seat 6: uuzka ($100.50 in chips) 
Poker9803: posts small blind $0.50
steelNike: posts big blind $1
LUMBO joins the table at seat #9
*** HOLE CARDS ***
Kreayshawn: folds 
uuzka: folds 
Edi131313: raises $1 to $2
hobaa232: calls $2
Poker9803: folds 
steelNike: calls $1
*** FLOP *** [Jh 2c 7h]
steelNike: checks 
Edi131313: checks 
hobaa232: bets $3.09
steelNike: folds 
Edi131313: folds 
Uncalled bet ($3.09) returned to hobaa232
hobaa232 collected $6.18 from pot
*** SUMMARY ***
Total pot $6.50 | Rake $0.32 
Board [Jh 2c 7h]
Seat 1: Edi131313 folded on the Flop
Seat 2: hobaa232 (button) collected ($6.18)
Seat 3: Poker9803 (small blind) folded before Flop
Seat 4: steelNike (big blind) folded on the Flop
Seat 5: Kreayshawn folded before Flop (didn't bet)
Seat 6: uuzka folded before Flop (didn't bet)



PokerStars Hand #254394876518:  Hold'em No Limit ($0.50/$1.00 USD) - 2025/01/16 6:46:59 WET [2025/01/16 1:46:59 ET]
Table 'Hippokoon III' 6-max Seat #3 is the button
Seat 1: Edi131313 ($39.39 in chips) 
Seat 2: hobaa232 ($84.78 in chips) 
Seat 3: Poker9803 ($113.70 in chips) 
Seat 4: steelNike ($75.50 in chips) 
Seat 5: Kreayshawn ($100 in chips) 
Seat 6: uuzka ($100.50 in chips) 
steelNike: posts small blind $0.50
Kreayshawn: posts big blind $1
LUMBO joins the table at seat #9
*** HOLE CARDS ***
uuzka: folds 
Edi131313: folds 
hobaa232: raises $3 to $4
Poker9803: folds 
steelNike: folds 
Kreayshawn: calls $3
*** FLOP *** [5c Kd 6d]
Kreayshawn: checks 
hobaa232: checks 
*** TURN *** [5c Kd 6d] [9c]
Kreayshawn: checks 
hobaa232: checks 
*** RIVER *** [5c Kd 6d 9c] [Ts]
Kreayshawn: bets $4
hobaa232: folds 
Uncalled bet ($4) returned to Kreayshawn
Kreayshawn collected $8.08 from pot
*** SUMMARY ***
Total pot $8.50 | Rake $0.42 
Board [5c Kd 6d 9c Ts]
Seat 1: Edi131313 folded before Flop (didn't bet)
Seat 2: hobaa232 folded on the River
Seat 3: Poker9803 (button) folded before Flop (didn't bet)
Seat 4: steelNike (small blind) folded before Flop
Seat 5: Kreayshawn (big blind) collected ($8.08)
Seat 6: uuzka folded before Flop (didn't bet)



PokerStars Hand #254394880438:  Hold'em No Limit ($0.50/$1.00 USD) - 2025/01/16 6:47:51 WET [2025/01/16 1:47:51 ET]
Table 'Hippokoon III' 6-max Seat #4 is the button
Seat 1: Edi131313 ($39.39 in chips) 
Seat 2: hobaa232 ($80.78 in chips) 
Seat 3: Poker9803 ($113.70 in chips) 
Seat 4: steelNike ($75 in chips) 
Seat 5: Kreayshawn ($104.08 in chips) 
Seat 6: uuzka ($100.50 in chips) 
Kreayshawn: posts small blind $0.50
uuzka: posts big blind $1
LUMBO joins the table at seat #9
*** HOLE CARDS ***
Edi131313: raises $1 to $2
hobaa232: calls $2
Poker9803: folds 
steelNike: raises $73 to $75 and is all-in
Kreayshawn: folds 
uuzka: folds 
Edi131313: folds 
hobaa232: folds 
Uncalled bet ($73) returned to steelNike
steelNike collected $7.50 from pot
*** SUMMARY ***
Total pot $7.50 | Rake $0 
Seat 1: Edi131313 folded before Flop
Seat 2: hobaa232 folded before Flop
Seat 3: Poker9803 folded before Flop (didn't bet)
Seat 4: steelNike (button) collected ($7.50)
Seat 5: Kreayshawn (small blind) folded before Flop
Seat 6: uuzka (big blind) folded before Flop



PokerStars Hand #254394882944:  Hold'em No Limit ($0.50/$1.00 USD) - 2025/01/16 6:48:26 WET [2025/01/16 1:48:26 ET]
Table 'Hippokoon III' 6-max Seat #5 is the button
Seat 1: Edi131313 ($37.39 in chips) 
Seat 2: hobaa232 ($78.78 in chips) 
Seat 3: Poker9803 ($113.70 in chips) 
Seat 4: steelNike ($80.50 in chips) 
Seat 5: Kreayshawn ($103.58 in chips) 
Seat 6: uuzka ($100 in chips) 
uuzka: posts small blind $0.50
Edi131313: posts big blind $1
LUMBO joins the table at seat #9
*** HOLE CARDS ***
hobaa232: raises $1 to $2
Poker9803: folds 
steelNike: folds 
Kreayshawn: folds 
uuzka: folds 
Edi131313: calls $1
*** FLOP *** [Qc Kc 2d]
Edi131313: checks 
hobaa232: bets $4.28
Edi131313: folds 
Uncalled bet ($4.28) returned to hobaa232
hobaa232 collected $4.28 from pot
*** SUMMARY ***
Total pot $4.50 | Rake $0.22 
Board [Qc Kc 2d]
Seat 1: Edi131313 (big blind) folded on the Flop
Seat 2: hobaa232 collected ($4.28)
Seat 3: Poker9803 folded before Flop (didn't bet)
Seat 4: steelNike folded before Flop (didn't bet)
Seat 5: Kreayshawn (button) folded before Flop (didn't bet)
Seat 6: uuzka (small blind) folded before Flop



PokerStars Hand #254394885621:  Hold'em No Limit ($0.50/$1.00 USD) - 2025/01/16 6:49:02 WET [2025/01/16 1:49:02 ET]
Table 'Hippokoon III' 6-max Seat #6 is the button
Seat 1: Edi131313 ($35.39 in chips) 
Seat 2: hobaa232 ($81.06 in chips) 
Seat 3: Poker9803 ($113.70 in chips) 
Seat 4: steelNike ($80.50 in chips) 
Seat 5: Kreayshawn ($103.58 in chips) 
Seat 6: uuzka ($100 in chips) 
Edi131313: posts small blind $0.50
hobaa232: posts big blind $1
*** HOLE CARDS ***
Poker9803: folds 
steelNike: raises $1 to $2
Kreayshawn: folds 
uuzka: folds 
Edi131313: folds 
hobaa232: calls $1
*** FLOP *** [Qc Tc Ad]
hobaa232: bets $3
steelNike: calls $3
*** TURN *** [Qc Tc Ad] [Jc]
hobaa232: checks 
steelNike: checks 
*** RIVER *** [Qc Tc Ad Jc] [As]
hobaa232: bets $6
steelNike: folds 
Uncalled bet ($6) returned to hobaa232
hobaa232 collected $9.98 from pot
*** SUMMARY ***
Total pot $10.50 | Rake $0.52 
Board [Qc Tc Ad Jc As]
Seat 1: Edi131313 (small blind) folded before Flop
Seat 2: hobaa232 (big blind) collected ($9.98)
Seat 3: Poker9803 folded before Flop (didn't bet)
Seat 4: steelNike folded on the River
Seat 5: Kreayshawn folded before Flop (didn't bet)
Seat 6: uuzka (button) folded before Flop (didn't bet)



PokerStars Hand #254394890024:  Hold'em No Limit ($0.50/$1.00 USD) - 2025/01/16 6:50:02 WET [2025/01/16 1:50:02 ET]
Table 'Hippokoon III' 6-max Seat #1 is the button
Seat 1: Edi131313 ($34.89 in chips) 
Seat 2: hobaa232 ($86.04 in chips) 
Seat 3: Poker9803 ($113.70 in chips) 
Seat 4: steelNike ($75.50 in chips) 
Seat 5: Kreayshawn ($103.58 in chips) 
Seat 6: uuzka ($100 in chips) 
hobaa232: posts small blind $0.50
Poker9803: posts big blind $1
*** HOLE CARDS ***
steelNike: folds 
Kreayshawn: folds 
uuzka: folds 
Edi131313: folds 
hobaa232: calls $0.50
Poker9803: checks 
*** FLOP *** [6h Ad 3d]
hobaa232: checks 
Poker9803: checks 
*** TURN *** [6h Ad 3d] [9h]
hobaa232: checks 
Poker9803: checks 
*** RIVER *** [6h Ad 3d 9h] [Qh]
hobaa232: checks 
Poker9803: bets $1.43
hobaa232: folds 
Uncalled bet ($1.43) returned to Poker9803
Poker9803 collected $1.90 from pot
Poker9803: doesn't show hand 
*** SUMMARY ***
Total pot $2 | Rake $0.10 
Board [6h Ad 3d 9h Qh]
Seat 1: Edi131313 (button) folded before Flop (didn't bet)
Seat 2: hobaa232 (small blind) folded on the River
Seat 3: Poker9803 (big blind) collected ($1.90)
Seat 4: steelNike folded before Flop (didn't bet)
Seat 5: Kreayshawn folded before Flop (didn't bet)
Seat 6: uuzka folded before Flop (didn't bet)



PokerStars Hand #254394892483:  Hold'em No Limit ($0.50/$1.00 USD) - 2025/01/16 6:50:36 WET [2025/01/16 1:50:36 ET]
Table 'Hippokoon III' 6-max Seat #2 is the button
Seat 1: Edi131313 ($34.89 in chips) 
Seat 2: hobaa232 ($85.04 in chips) 
Seat 3: Poker9803 ($114.60 in chips) 
Seat 4: steelNike ($75.50 in chips) 
Seat 5: Kreayshawn ($103.58 in chips) 
Seat 6: uuzka ($100 in chips) 
Poker9803: posts small blind $0.50
steelNike: posts big blind $1
*** HOLE CARDS ***
Kreayshawn: raises $1.50 to $2.50
uuzka: folds 
Edi131313: raises $6.50 to $9
hobaa232: folds 
Poker9803: folds 
steelNike: folds 
Kreayshawn: calls $6.50
*** FLOP *** [Kc Jc 3d]
Kreayshawn: checks 
Edi131313: bets $9.26
Kreayshawn: raises $19.74 to $29
Edi131313: calls $16.63 and is all-in
Uncalled bet ($3.11) returned to Kreayshawn
*** TURN *** [Kc Jc 3d] [Ac]
*** RIVER *** [Kc Jc 3d Ac] [5c]
*** SHOW DOWN ***
Kreayshawn: shows [Ks Qd] (a pair of Kings)
Edi131313: shows [Kd 9c] (a flush, Ace high)
Edi131313 collected $68.78 from pot
*** SUMMARY ***
Total pot $71.28 | Rake $2.50 
Board [Kc Jc 3d Ac 5c]
Seat 1: Edi131313 showed [Kd 9c] and won ($68.78) with a flush, Ace high
Seat 2: hobaa232 (button) folded before Flop (didn't bet)
Seat 3: Poker9803 (small blind) folded before Flop
Seat 4: steelNike (big blind) folded before Flop
Seat 5: Kreayshawn showed [Ks Qd] and lost with a pair of Kings
Seat 6: uuzka folded before Flop (didn't bet)



PokerStars Hand #254394895911:  Hold'em No Limit ($0.50/$1.00 USD) - 2025/01/16 6:51:23 WET [2025/01/16 1:51:23 ET]
Table 'Hippokoon III' 6-max Seat #3 is the button
Seat 1: Edi131313 ($68.78 in chips) 
Seat 2: hobaa232 ($85.04 in chips) 
Seat 3: Poker9803 ($114.10 in chips) 
Seat 4: steelNike ($74.50 in chips) 
Seat 5: Kreayshawn ($100 in chips) 
Seat 6: uuzka ($100 in chips) 
steelNike: posts small blind $0.50
Kreayshawn: posts big blind $1
*** HOLE CARDS ***
uuzka: folds 
Edi131313 has timed out
Edi131313: folds 
hobaa232: calls $1
Poker9803: folds 
steelNike: folds 
Kreayshawn: checks 
*** FLOP *** [5c Kd 7c]
Kreayshawn: checks 
hobaa232: bets $1.19
Kreayshawn: calls $1.19
*** TURN *** [5c Kd 7c] [3c]
Kreayshawn: checks 
hobaa232: checks 
*** RIVER *** [5c Kd 7c 3c] [4c]
Kreayshawn: checks 
hobaa232: bets $2.32
Kreayshawn: folds 
Uncalled bet ($2.32) returned to hobaa232
hobaa232 collected $4.64 from pot
*** SUMMARY ***
Total pot $4.88 | Rake $0.24 
Board [5c Kd 7c 3c 4c]
Seat 1: Edi131313 folded before Flop (didn't bet)
Seat 2: hobaa232 collected ($4.64)
Seat 3: Poker9803 (button) folded before Flop (didn't bet)
Seat 4: steelNike (small blind) folded before Flop
Seat 5: Kreayshawn (big blind) folded on the River
Seat 6: uuzka folded before Flop (didn't bet)



PokerStars Hand #254394900515:  Hold'em No Limit ($0.50/$1.00 USD) - 2025/01/16 6:52:27 WET [2025/01/16 1:52:27 ET]
Table 'Hippokoon III' 6-max Seat #4 is the button
Seat 1: Edi131313 ($68.78 in chips) 
Seat 2: hobaa232 ($87.49 in chips) 
Seat 3: Poker9803 ($114.10 in chips) 
Seat 4: steelNike ($74 in chips) 
Seat 5: Kreayshawn ($100 in chips) 
Seat 6: uuzka ($100 in chips) 
Kreayshawn: posts small blind $0.50
uuzka: posts big blind $1
*** HOLE CARDS ***
Edi131313: raises $1 to $2
hobaa232: calls $2
Poker9803: folds 
steelNike: folds 
Kreayshawn: folds 
uuzka: calls $1
*** FLOP *** [4d Kc 7d]
uuzka: checks 
Edi131313: checks 
hobaa232: checks 
*** TURN *** [4d Kc 7d] [9s]
uuzka: checks 
Edi131313: checks 
hobaa232: checks 
*** RIVER *** [4d Kc 7d 9s] [Kh]
uuzka: bets $4.12
Edi131313: folds 
hobaa232: folds 
Uncalled bet ($4.12) returned to uuzka
uuzka collected $6.18 from pot
uuzka: doesn't show hand 
*** SUMMARY ***
Total pot $6.50 | Rake $0.32 
Board [4d Kc 7d 9s Kh]
Seat 1: Edi131313 folded on the River
Seat 2: hobaa232 folded on the River
Seat 3: Poker9803 folded before Flop (didn't bet)
Seat 4: steelNike (button) folded before Flop (didn't bet)
Seat 5: Kreayshawn (small blind) folded before Flop
Seat 6: uuzka (big blind) collected ($6.18)



PokerStars Hand #254394905626:  Hold'em No Limit ($0.50/$1.00 USD) - 2025/01/16 6:53:37 WET [2025/01/16 1:53:37 ET]
Table 'Hippokoon III' 6-max Seat #5 is the button
Seat 1: Edi131313 ($66.78 in chips) 
Seat 2: hobaa232 ($85.49 in chips) 
Seat 3: Poker9803 ($114.10 in chips) 
Seat 4: steelNike ($74 in chips) 
Seat 5: Kreayshawn ($100 in chips) 
Seat 6: uuzka ($104.18 in chips) 
uuzka: posts small blind $0.50
Edi131313: posts big blind $1
*** HOLE CARDS ***
hobaa232: folds 
Poker9803: folds 
steelNike: folds 
Kreayshawn: folds 
uuzka: raises $1.77 to $2.77
Edi131313: calls $1.77
*** FLOP *** [3h 7c Qs]
uuzka: bets $1.53
Edi131313: calls $1.53
*** TURN *** [3h 7c Qs] [7s]
uuzka: checks 
Edi131313: bets $4.09
uuzka: calls $4.09
*** RIVER *** [3h 7c Qs 7s] [6h]
uuzka: checks 
Edi131313: bets $7.97
uuzka: calls $7.97
*** SHOW DOWN ***
Edi131313: shows [3s 5s] (two pair, Sevens and Threes)
uuzka: shows [Th Qd] (two pair, Queens and Sevens)
uuzka collected $31.08 from pot
*** SUMMARY ***
Total pot $32.72 | Rake $1.64 
Board [3h 7c Qs 7s 6h]
Seat 1: Edi131313 (big blind) showed [3s 5s] and lost with two pair, Sevens and Threes
Seat 2: hobaa232 folded before Flop (didn't bet)
Seat 3: Poker9803 folded before Flop (didn't bet)
Seat 4: steelNike folded before Flop (didn't bet)
Seat 5: Kreayshawn (button) folded before Flop (didn't bet)
Seat 6: uuzka (small blind) showed [Th Qd] and won ($31.08) with two pair, Queens and Sevens



PokerStars Hand #254394909905:  Hold'em No Limit ($0.50/$1.00 USD) - 2025/01/16 6:54:36 WET [2025/01/16 1:54:36 ET]
Table 'Hippokoon III' 6-max Seat #6 is the button
Seat 1: Edi131313 ($50.42 in chips) 
Seat 2: hobaa232 ($85.49 in chips) 
Seat 3: Poker9803 ($114.10 in chips) 
Seat 4: steelNike ($74 in chips) 
Seat 5: Kreayshawn ($100 in chips) 
Seat 6: uuzka ($118.90 in chips) 
Edi131313: posts small blind $0.50
hobaa232: posts big blind $1
*** HOLE CARDS ***
Poker9803: folds 
steelNike: folds 
Kreayshawn: folds 
uuzka: folds 
Edi131313: raises $1 to $2
hobaa232: calls $1
*** FLOP *** [6d Kh Qc]
Edi131313: checks 
hobaa232: bets $1.90
Edi131313: folds 
Uncalled bet ($1.90) returned to hobaa232
hobaa232 collected $3.80 from pot
*** SUMMARY ***
Total pot $4 | Rake $0.20 
Board [6d Kh Qc]
Seat 1: Edi131313 (small blind) folded on the Flop
Seat 2: hobaa232 (big blind) collected ($3.80)
Seat 3: Poker9803 folded before Flop (didn't bet)
Seat 4: steelNike folded before Flop (didn't bet)
Seat 5: Kreayshawn folded before Flop (didn't bet)
Seat 6: uuzka (button) folded before Flop (didn't bet)



PokerStars Hand #254394911413:  Hold'em No Limit ($0.50/$1.00 USD) - 2025/01/16 6:54:57 WET [2025/01/16 1:54:57 ET]
Table 'Hippokoon III' 6-max Seat #1 is the button
Seat 1: Edi131313 ($48.42 in chips) 
Seat 2: hobaa232 ($87.29 in chips) 
Seat 3: Poker9803 ($114.10 in chips) 
Seat 4: steelNike ($74 in chips) 
Seat 5: Kreayshawn ($100 in chips) 
Seat 6: uuzka ($118.90 in chips) 
hobaa232: posts small blind $0.50
Poker9803: posts big blind $1
*** HOLE CARDS ***
steelNike: folds 
Kreayshawn: folds 
uuzka: folds 
Edi131313: raises $1 to $2
hobaa232: calls $1.50
Poker9803: folds 
*** FLOP *** [5h 9d 7s]
hobaa232: bets $2.38
Edi131313: calls $2.38
*** TURN *** [5h 9d 7s] [6s]
hobaa232: checks 
Edi131313: checks 
*** RIVER *** [5h 9d 7s 6s] [Ah]
hobaa232: bets $9.27
Edi131313: calls $9.27
*** SHOW DOWN ***
hobaa232: shows [8h 8d] (a straight, Five to Nine)
Edi131313: mucks hand 
hobaa232 collected $26.88 from pot
*** SUMMARY ***
Total pot $28.30 | Rake $1.42 
Board [5h 9d 7s 6s Ah]
Seat 1: Edi131313 (button) mucked
Seat 2: hobaa232 (small blind) showed [8h 8d] and won ($26.88) with a straight, Five to Nine
Seat 3: Poker9803 (big blind) folded before Flop
Seat 4: steelNike folded before Flop (didn't bet)
Seat 5: Kreayshawn folded before Flop (didn't bet)
Seat 6: uuzka folded before Flop (didn't bet)



PokerStars Hand #254394913793:  Hold'em No Limit ($0.50/$1.00 USD) - 2025/01/16 6:55:33 WET [2025/01/16 1:55:33 ET]
Table 'Hippokoon III' 6-max Seat #2 is the button
Seat 1: Edi131313 ($34.77 in chips) 
Seat 2: hobaa232 ($100.52 in chips) 
Seat 3: Poker9803 ($113.10 in chips) 
Seat 4: steelNike ($74 in chips) 
Seat 5: Kreayshawn ($100 in chips) 
Seat 6: uuzka ($118.90 in chips) 
Poker9803: posts small blind $0.50
steelNike: posts big blind $1
*** HOLE CARDS ***
Kreayshawn: folds 
uuzka: raises $1.20 to $2.20
Edi131313: folds 
hobaa232: calls $2.20
Poker9803: folds 
steelNike: calls $1.20
*** FLOP *** [2h 3d Tc]
steelNike: checks 
uuzka: checks 
hobaa232: checks 
*** TURN *** [2h 3d Tc] [4h]
steelNike: checks 
uuzka: checks 
hobaa232: checks 
*** RIVER *** [2h 3d Tc 4h] [Jc]
steelNike: checks 
uuzka: checks 
hobaa232: checks 
*** SHOW DOWN ***
steelNike: shows [4d 5d] (a pair of Fours)
uuzka: mucks hand 
hobaa232: mucks hand 
steelNike collected $6.74 from pot
*** SUMMARY ***
Total pot $7.10 | Rake $0.36 
Board [2h 3d Tc 4h Jc]
Seat 1: Edi131313 folded before Flop (didn't bet)
Seat 2: hobaa232 (button) mucked
Seat 3: Poker9803 (small blind) folded before Flop
Seat 4: steelNike (big blind) showed [4d 5d] and won ($6.74) with a pair of Fours
Seat 5: Kreayshawn folded before Flop (didn't bet)
Seat 6: uuzka mucked



PokerStars Hand #254394917308:  Hold'em No Limit ($0.50/$1.00 USD) - 2025/01/16 6:56:29 WET [2025/01/16 1:56:29 ET]
Table 'Hippokoon III' 6-max Seat #3 is the button
Seat 1: Edi131313 ($34.77 in chips) 
Seat 2: hobaa232 ($98.32 in chips) 
Seat 3: Poker9803 ($112.60 in chips) 
Seat 4: steelNike ($78.54 in chips) 
Seat 5: Kreayshawn ($100 in chips) 
Seat 6: uuzka ($116.70 in chips) 
steelNike: posts small blind $0.50
Kreayshawn: posts big blind $1
*** HOLE CARDS ***
uuzka: folds 
Edi131313: raises $1 to $2
hobaa232: calls $2
Poker9803: folds 
steelNike: folds 
Kreayshawn: calls $1
*** FLOP *** [9h 4s 2h]
Kreayshawn: checks 
Edi131313: checks 
hobaa232: checks 
*** TURN *** [9h 4s 2h] [Td]
Kreayshawn: checks 
Edi131313: checks 
hobaa232: bets $3.09
Kreayshawn: folds 
Edi131313: calls $3.09
*** RIVER *** [9h 4s 2h Td] [4h]
Edi131313: checks 
hobaa232: checks 
*** SHOW DOWN ***
Edi131313: shows [Kh 5h] (a flush, King high)
hobaa232: mucks hand 
Edi131313 collected $12.05 from pot
*** SUMMARY ***
Total pot $12.68 | Rake $0.63 
Board [9h 4s 2h Td 4h]
Seat 1: Edi131313 showed [Kh 5h] and won ($12.05) with a flush, King high
Seat 2: hobaa232 mucked
Seat 3: Poker9803 (button) folded before Flop (didn't bet)
Seat 4: steelNike (small blind) folded before Flop
Seat 5: Kreayshawn (big blind) folded on the Turn
Seat 6: uuzka folded before Flop (didn't bet)



PokerStars Hand #254394921001:  Hold'em No Limit ($0.50/$1.00 USD) - 2025/01/16 6:57:28 WET [2025/01/16 1:57:28 ET]
Table 'Hippokoon III' 6-max Seat #4 is the button
Seat 1: Edi131313 ($41.73 in chips) 
Seat 2: hobaa232 ($93.23 in chips) 
Seat 3: Poker9803 ($112.60 in chips) 
Seat 4: steelNike ($78.04 in chips) 
Seat 5: Kreayshawn ($100 in chips) 
Seat 6: uuzka ($116.70 in chips) 
Kreayshawn: posts small blind $0.50
uuzka: posts big blind $1
*** HOLE CARDS ***
Edi131313: folds 
hobaa232: folds 
Poker9803: folds 
steelNike: folds 
Kreayshawn: raises $2 to $3
uuzka: raises $6 to $9
Kreayshawn: folds 
Uncalled bet ($6) returned to uuzka
uuzka collected $6 from pot
uuzka: doesn't show hand 
*** SUMMARY ***
Total pot $6 | Rake $0 
Seat 1: Edi131313 folded before Flop (didn't bet)
Seat 2: hobaa232 folded before Flop (didn't bet)
Seat 3: Poker9803 folded before Flop (didn't bet)
Seat 4: steelNike (button) folded before Flop (didn't bet)
Seat 5: Kreayshawn (small blind) folded before Flop
Seat 6: uuzka (big blind) collected ($6)



PokerStars Hand #254394922616:  Hold'em No Limit ($0.50/$1.00 USD) - 2025/01/16 6:57:53 WET [2025/01/16 1:57:53 ET]
Table 'Hippokoon III' 6-max Seat #5 is the button
Seat 1: Edi131313 ($41.73 in chips) 
Seat 2: hobaa232 ($93.23 in chips) 
Seat 3: Poker9803 ($112.60 in chips) 
Seat 4: steelNike ($100 in chips) 
Seat 5: Kreayshawn ($100 in chips) 
Seat 6: uuzka ($119.70 in chips) 
uuzka: posts small blind $0.50
Edi131313: posts big blind $1
*** HOLE CARDS ***
hobaa232: folds 
Poker9803: raises $1 to $2
steelNike: folds 
hobaa232 leaves the table
Kreayshawn: folds 
uuzka: folds 
Edi131313: calls $1
*** FLOP *** [Ah 3s 9h]
Edi131313: checks 
Poker9803: bets $1.41
Edi131313: folds 
Uncalled bet ($1.41) returned to Poker9803
Poker9803 collected $4.28 from pot
Poker9803: doesn't show hand 
*** SUMMARY ***
Total pot $4.50 | Rake $0.22 
Board [Ah 3s 9h]
Seat 1: Edi131313 (big blind) folded on the Flop
Seat 2: hobaa232 folded before Flop (didn't bet)
Seat 3: Poker9803 collected ($4.28)
Seat 4: steelNike folded before Flop (didn't bet)
Seat 5: Kreayshawn (button) folded before Flop (didn't bet)
Seat 6: uuzka (small blind) folded before Flop



PokerStars Hand #254394925289:  Hold'em No Limit ($0.50/$1.00 USD) - 2025/01/16 6:58:35 WET [2025/01/16 1:58:35 ET]
Table 'Hippokoon III' 6-max Seat #6 is the button
Seat 1: Edi131313 ($39.73 in chips) 
Seat 3: Poker9803 ($114.88 in chips) 
Seat 4: steelNike ($100 in chips) 
Seat 5: Kreayshawn ($100 in chips) 
Seat 6: uuzka ($119.20 in chips) 
Edi131313: posts small blind $0.50
Poker9803: posts big blind $1
*** HOLE CARDS ***
steelNike: raises $1 to $2
Kreayshawn: folds 
uuzka: folds 
Edi131313: folds 
Poker9803: folds 
Uncalled bet ($1) returned to steelNike
steelNike collected $2.50 from pot
*** SUMMARY ***
Total pot $2.50 | Rake $0 
Seat 1: Edi131313 (small blind) folded before Flop
Seat 3: Poker9803 (big blind) folded before Flop
Seat 4: steelNike collected ($2.50)
Seat 5: Kreayshawn folded before Flop (didn't bet)
Seat 6: uuzka (button) folded before Flop (didn't bet)



PokerStars Hand #254394926322:  Hold'em No Limit ($0.50/$1.00 USD) - 2025/01/16 6:58:52 WET [2025/01/16 1:58:52 ET]
Table 'Hippokoon III' 6-max Seat #3 is the button
Seat 4: steelNike ($101.50 in chips) is sitting out
Seat 5: Kreayshawn ($100 in chips) is sitting out
Seat 6: uuzka ($119.20 in chips) is sitting out
Seat 1: Edi131313 ($39.23 in chips) 
Seat 3: Poker9803 ($113.88 in chips) 
Poker9803: posts small blind $0.50
steelNike: is sitting out 
Kreayshawn: is sitting out 
uuzka: is sitting out 
Edi131313: posts big blind $1
*** HOLE CARDS ***
steelNike leaves the table
Kreayshawn leaves the table
sutata joins the table at seat #2 
Poker9803: folds 
Uncalled bet ($0.50) returned to Edi131313
Edi131313 collected $1 from pot
Edi131313: doesn't show hand 
*** SUMMARY ***
Total pot $1 | Rake $0 
Seat 4: steelNike
Seat 5: Kreayshawn
Seat 6: uuzka
Seat 1: Edi131313 (big blind) collected ($1)
Seat 3: Poker9803 (button) (small blind) folded before Flop



PokerStars Hand #254394926873:  Hold'em No Limit ($0.50/$1.00 USD) - 2025/01/16 6:59:01 WET [2025/01/16 1:59:01 ET]
Table 'Hippokoon III' 6-max Seat #3 is the button
Seat 6: uuzka ($119.20 in chips) is sitting out
Seat 1: Edi131313 ($39.73 in chips) 
Seat 2: sutata ($100 in chips) 
Seat 3: Poker9803 ($113.38 in chips) 
Edi131313: posts small blind $0.50
sutata: posts big blind $1
*** HOLE CARDS ***
Poker9803: folds 
Poker9803 leaves the table
Edi131313: raises $1 to $2
sutata: folds 
Uncalled bet ($1) returned to Edi131313
Edi131313 collected $2 from pot
Edi131313: doesn't show hand 
*** SUMMARY ***
Total pot $2 | Rake $0 
Seat 6: uuzka
Seat 1: Edi131313 (small blind) collected ($2)
Seat 2: sutata (big blind) folded before Flop
Seat 3: Poker9803 (button) folded before Flop (didn't bet)



PokerStars Hand #254394927950:  Hold'em No Limit ($0.50/$1.00 USD) - 2025/01/16 6:59:18 WET [2025/01/16 1:59:18 ET]
Table 'Hippokoon III' 6-max Seat #2 is the button
Seat 6: uuzka ($119.20 in chips) is sitting out
Seat 1: Edi131313 ($40.73 in chips) 
Seat 2: sutata ($100 in chips) 
sutata: posts small blind $0.50
Edi131313: posts big blind $1
*** HOLE CARDS ***
sutata: folds 
Uncalled bet ($0.50) returned to Edi131313
Edi131313 collected $1 from pot
Edi131313: doesn't show hand 
*** SUMMARY ***
Total pot $1 | Rake $0 
Seat 6: uuzka
Seat 1: Edi131313 (big blind) collected ($1)
Seat 2: sutata (button) (small blind) folded before Flop



PokerStars Hand #254394373562:  Hold'em No Limit ($0.50/$1.00 USD) - 2025/01/16 5:01:22 WET [2025/01/16 0:01:22 ET]
Table 'Hippokoon III' 6-max Seat #2 is the button
Seat 2: MaRKiToScoK ($100 in chips) 
Seat 4: vikonda85 ($100 in chips) 
MaRKiToScoK: posts small blind $0.50
vikonda85: posts big blind $1
*** HOLE CARDS ***
MaRKiToScoK: raises $2 to $3
vikonda85: calls $2
*** FLOP *** [Jd 5s Ks]
alextony1 joins the table at seat #5 
alextony1 is disconnected 
vikonda85: checks 
MaRKiToScoK: checks 
*** TURN *** [Jd 5s Ks] [6c]
vikonda85: checks 
MaRKiToScoK: checks 
*** RIVER *** [Jd 5s Ks 6c] [Td]
vikonda85: bets $3.82
MaRKiToScoK: folds 
Uncalled bet ($3.82) returned to vikonda85
vikonda85 collected $5.70 from pot
vikonda85: doesn't show hand 
*** SUMMARY ***
Total pot $6 | Rake $0.30 
Board [Jd 5s Ks 6c Td]
Seat 2: MaRKiToScoK (button) (small blind) folded on the River
Seat 4: vikonda85 (big blind) collected ($5.70)



PokerStars Hand #254394380953:  Hold'em No Limit ($0.50/$1.00 USD) - 2025/01/16 5:02:45 WET [2025/01/16 0:02:45 ET]
Table 'Hippokoon III' 6-max Seat #2 is the button
Seat 2: MaRKiToScoK ($100 in chips) 
Seat 4: vikonda85 ($102.70 in chips) 
Seat 5: alextony1 ($100 in chips) 
vikonda85: posts small blind $0.50
alextony1: posts big blind $1
*** HOLE CARDS ***
MaRKiToScoK: folds 
vikonda85: raises $1.50 to $2.50
alextony1: raises $4.50 to $7
vikonda85: folds 
Uncalled bet ($4.50) returned to alextony1
alextony1 collected $5 from pot
*** SUMMARY ***
Total pot $5 | Rake $0 
Seat 2: MaRKiToScoK (button) folded before Flop (didn't bet)
Seat 4: vikonda85 (small blind) folded before Flop
Seat 5: alextony1 (big blind) collected ($5)



PokerStars Hand #254394382768:  Hold'em No Limit ($0.50/$1.00 USD) - 2025/01/16 5:03:05 WET [2025/01/16 0:03:05 ET]
Table 'Hippokoon III' 6-max Seat #4 is the button
Seat 2: MaRKiToScoK ($100 in chips) 
Seat 4: vikonda85 ($100.20 in chips) 
Seat 5: alextony1 ($102.50 in chips) 
alextony1: posts small blind $0.50
MaRKiToScoK: posts big blind $1
*** HOLE CARDS ***
vikonda85: folds 
alextony1: calls $0.50
MaRKiToScoK: raises $3.50 to $4.50
alextony1: folds 
Uncalled bet ($3.50) returned to MaRKiToScoK
MaRKiToScoK collected $2 from pot
*** SUMMARY ***
Total pot $2 | Rake $0 
Seat 2: MaRKiToScoK (big blind) collected ($2)
Seat 4: vikonda85 (button) folded before Flop (didn't bet)
Seat 5: alextony1 (small blind) folded before Flop



PokerStars Hand #254394384687:  Hold'em No Limit ($0.50/$1.00 USD) - 2025/01/16 5:03:26 WET [2025/01/16 0:03:26 ET]
Table 'Hippokoon III' 6-max Seat #5 is the button
Seat 2: MaRKiToScoK ($101 in chips) 
Seat 4: vikonda85 ($100.20 in chips) 
Seat 5: alextony1 ($101.50 in chips) 
MaRKiToScoK: posts small blind $0.50
vikonda85: posts big blind $1
*** HOLE CARDS ***
alextony1: folds 
MaRKiToScoK: folds 
Uncalled bet ($0.50) returned to vikonda85
vikonda85 collected $1 from pot
vikonda85: doesn't show hand 
*** SUMMARY ***
Total pot $1 | Rake $0 
Seat 2: MaRKiToScoK (small blind) folded before Flop
Seat 4: vikonda85 (big blind) collected ($1)
Seat 5: alextony1 (button) folded before Flop (didn't bet)



PokerStars Hand #254394385532:  Hold'em No Limit ($0.50/$1.00 USD) - 2025/01/16 5:03:36 WET [2025/01/16 0:03:36 ET]
Table 'Hippokoon III' 6-max Seat #2 is the button
Seat 2: MaRKiToScoK ($100.50 in chips) 
Seat 4: vikonda85 ($100.70 in chips) 
Seat 5: alextony1 ($101.50 in chips) 
vikonda85: posts small blind $0.50
alextony1: posts big blind $1
*** HOLE CARDS ***
MaRKiToScoK: raises $1.50 to $2.50
lukazs2 joins the table at seat #6 
lukazs2 is disconnected 
Timonessb joins the table at seat #1 
vikonda85: folds 
Poker9803 joins the table at seat #3 
alextony1: folds 
Uncalled bet ($1.50) returned to MaRKiToScoK
MaRKiToScoK collected $2.50 from pot
*** SUMMARY ***
Total pot $2.50 | Rake $0 
Seat 2: MaRKiToScoK (button) collected ($2.50)
Seat 4: vikonda85 (small blind) folded before Flop
Seat 5: alextony1 (big blind) folded before Flop



PokerStars Hand #254394386750:  Hold'em No Limit ($0.50/$1.00 USD) - 2025/01/16 5:03:49 WET [2025/01/16 0:03:49 ET]
Table 'Hippokoon III' 6-max Seat #4 is the button
Seat 1: Timonessb ($104.90 in chips) is sitting out
Seat 3: Poker9803 ($100 in chips) is sitting out
Seat 2: MaRKiToScoK ($102 in chips) 
Seat 4: vikonda85 ($100.20 in chips) 
Seat 5: alextony1 ($100.50 in chips) 
Seat 6: lukazs2 ($56.58 in chips) 
alextony1: posts small blind $0.50
lukazs2: posts big blind $1
Timonessb: sits out 
Poker9803: sits out 
*** HOLE CARDS ***
MaRKiToScoK: raises $1.25 to $2.25
vikonda85: folds 
alextony1: folds 
lukazs2: calls $1.25
*** FLOP *** [3s 7c 9c]
lukazs2: checks 
MaRKiToScoK: bets $1.43
lukazs2: folds 
Uncalled bet ($1.43) returned to MaRKiToScoK
MaRKiToScoK collected $4.75 from pot
*** SUMMARY ***
Total pot $5 | Rake $0.25 
Board [3s 7c 9c]
Seat 1: Timonessb
Seat 3: Poker9803
Seat 2: MaRKiToScoK collected ($4.75)
Seat 4: vikonda85 (button) folded before Flop (didn't bet)
Seat 5: alextony1 (small blind) folded before Flop
Seat 6: lukazs2 (big blind) folded on the Flop



PokerStars Hand #254394389148:  Hold'em No Limit ($0.50/$1.00 USD) - 2025/01/16 5:04:15 WET [2025/01/16 0:04:15 ET]
Table 'Hippokoon III' 6-max Seat #5 is the button
Seat 3: Poker9803 ($100 in chips) is sitting out
Seat 1: Timonessb ($104.90 in chips) 
Seat 2: MaRKiToScoK ($104.50 in chips) 
Seat 4: vikonda85 ($100.20 in chips) 
Seat 5: alextony1 ($100 in chips) 
Seat 6: lukazs2 ($54.33 in chips) 
lukazs2: posts small blind $0.50
Timonessb: posts big blind $1
Poker9803: sits out 
*** HOLE CARDS ***
MaRKiToScoK: folds 
vikonda85: folds 
alextony1: raises $3 to $4
lukazs2: calls $3.50
Timonessb: calls $3
*** FLOP *** [5d Qh Ts]
lukazs2: checks 
Timonessb: checks 
alextony1: bets $2
lukazs2: calls $2
Timonessb: calls $2
*** TURN *** [5d Qh Ts] [3c]
lukazs2: checks 
Timonessb: checks 
alextony1: bets $6
lukazs2: calls $6
Timonessb: calls $6
*** RIVER *** [5d Qh Ts 3c] [6s]
lukazs2: checks 
Timonessb: checks 
alextony1: checks 
*** SHOW DOWN ***
lukazs2: shows [3h 4h] (a pair of Threes)
Timonessb: mucks hand 
alextony1: shows [Td Th] (three of a kind, Tens)
alextony1 collected $34.20 from pot
*** SUMMARY ***
Total pot $36 | Rake $1.80 
Board [5d Qh Ts 3c 6s]
Seat 3: Poker9803
Seat 1: Timonessb (big blind) mucked
Seat 2: MaRKiToScoK folded before Flop (didn't bet)
Seat 4: vikonda85 folded before Flop (didn't bet)
Seat 5: alextony1 (button) showed [Td Th] and won ($34.20) with three of a kind, Tens
Seat 6: lukazs2 (small blind) showed [3h 4h] and lost with a pair of Threes



PokerStars Hand #254394396007:  Hold'em No Limit ($0.50/$1.00 USD) - 2025/01/16 5:05:31 WET [2025/01/16 0:05:31 ET]
Table 'Hippokoon III' 6-max Seat #6 is the button
Seat 3: Poker9803 ($100 in chips) is sitting out
Seat 1: Timonessb ($100 in chips) 
Seat 2: MaRKiToScoK ($104.50 in chips) 
Seat 4: vikonda85 ($100.20 in chips) 
Seat 5: alextony1 ($122.20 in chips) 
Seat 6: lukazs2 ($42.33 in chips) 
Timonessb: posts small blind $0.50
MaRKiToScoK: posts big blind $1
Poker9803: sits out 
*** HOLE CARDS ***
vikonda85: folds 
alextony1: folds 
lukazs2: calls $1
Timonessb: folds 
MaRKiToScoK: checks 
*** FLOP *** [Ad 3d 4c]
MaRKiToScoK: checks 
lukazs2: checks 
*** TURN *** [Ad 3d 4c] [Tc]
MaRKiToScoK: checks 
lukazs2: checks 
*** RIVER *** [Ad 3d 4c Tc] [2d]
MaRKiToScoK: checks 
lukazs2: checks 
*** SHOW DOWN ***
MaRKiToScoK: shows [4d Qd] (a flush, Ace high)
lukazs2: mucks hand 
MaRKiToScoK collected $2.38 from pot
*** SUMMARY ***
Total pot $2.50 | Rake $0.12 
Board [Ad 3d 4c Tc 2d]
Seat 3: Poker9803
Seat 1: Timonessb (small blind) folded before Flop
Seat 2: MaRKiToScoK (big blind) showed [4d Qd] and won ($2.38) with a flush, Ace high
Seat 4: vikonda85 folded before Flop (didn't bet)
Seat 5: alextony1 folded before Flop (didn't bet)
Seat 6: lukazs2 (button) mucked



PokerStars Hand #254394401706:  Hold'em No Limit ($0.50/$1.00 USD) - 2025/01/16 5:06:36 WET [2025/01/16 0:06:36 ET]
Table 'Hippokoon III' 6-max Seat #1 is the button
Seat 1: Timonessb ($100 in chips) 
Seat 2: MaRKiToScoK ($105.88 in chips) 
Seat 3: Poker9803 ($100 in chips) 
Seat 4: vikonda85 ($100.20 in chips) 
Seat 5: alextony1 ($122.20 in chips) 
Seat 6: lukazs2 ($41.33 in chips) 
MaRKiToScoK: posts small blind $0.50
Poker9803: posts big blind $1
*** HOLE CARDS ***
vikonda85: folds 
alextony1: raises $3 to $4
lukazs2: folds 
Timonessb: folds 
MaRKiToScoK: folds 
Poker9803: folds 
Uncalled bet ($3) returned to alextony1
alextony1 collected $2.50 from pot
*** SUMMARY ***
Total pot $2.50 | Rake $0 
Seat 1: Timonessb (button) folded before Flop (didn't bet)
Seat 2: MaRKiToScoK (small blind) folded before Flop
Seat 3: Poker9803 (big blind) folded before Flop
Seat 4: vikonda85 folded before Flop (didn't bet)
Seat 5: alextony1 collected ($2.50)
Seat 6: lukazs2 folded before Flop (didn't bet)



PokerStars Hand #254394403734:  Hold'em No Limit ($0.50/$1.00 USD) - 2025/01/16 5:06:59 WET [2025/01/16 0:06:59 ET]
Table 'Hippokoon III' 6-max Seat #2 is the button
Seat 1: Timonessb ($100 in chips) 
Seat 2: MaRKiToScoK ($105.38 in chips) 
Seat 3: Poker9803 ($100 in chips) 
Seat 4: vikonda85 ($100.20 in chips) 
Seat 5: alextony1 ($123.70 in chips) 
Seat 6: lukazs2 ($41.33 in chips) 
Poker9803: posts small blind $0.50
vikonda85: posts big blind $1
*** HOLE CARDS ***
alextony1: folds 
lukazs2: raises $2 to $3
Timonessb: folds 
MaRKiToScoK: folds 
Poker9803: folds 
vikonda85: raises $97.20 to $100.20 and is all-in
lukazs2: folds 
Uncalled bet ($97.20) returned to vikonda85
vikonda85 collected $6.50 from pot
vikonda85: doesn't show hand 
*** SUMMARY ***
Total pot $6.50 | Rake $0 
Seat 1: Timonessb folded before Flop (didn't bet)
Seat 2: MaRKiToScoK (button) folded before Flop (didn't bet)
Seat 3: Poker9803 (small blind) folded before Flop
Seat 4: vikonda85 (big blind) collected ($6.50)
Seat 5: alextony1 folded before Flop (didn't bet)
Seat 6: lukazs2 folded before Flop



PokerStars Hand #254394406339:  Hold'em No Limit ($0.50/$1.00 USD) - 2025/01/16 5:07:28 WET [2025/01/16 0:07:28 ET]
Table 'Hippokoon III' 6-max Seat #3 is the button
Seat 1: Timonessb ($100 in chips) 
Seat 2: MaRKiToScoK ($105.38 in chips) 
Seat 3: Poker9803 ($100 in chips) 
Seat 4: vikonda85 ($103.70 in chips) 
Seat 5: alextony1 ($123.70 in chips) 
Seat 6: lukazs2 ($38.33 in chips) 
vikonda85: posts small blind $0.50
alextony1: posts big blind $1
*** HOLE CARDS ***
lukazs2: raises $2 to $3
Timonessb: folds 
MaRKiToScoK: folds 
Poker9803: folds 
vikonda85: raises $8 to $11
alextony1: folds 
lukazs2: calls $8
*** FLOP *** [Kc Ac 6d]
vikonda85: checks 
lukazs2: checks 
*** TURN *** [Kc Ac 6d] [7h]
vikonda85: bets $2
lukazs2: raises $2 to $4
vikonda85: calls $2
*** RIVER *** [Kc Ac 6d 7h] [Jh]
vikonda85: checks 
lukazs2: bets $23.33 and is all-in
vikonda85: folds 
Uncalled bet ($23.33) returned to lukazs2
lukazs2 collected $29.45 from pot
*** SUMMARY ***
Total pot $31 | Rake $1.55 
Board [Kc Ac 6d 7h Jh]
Seat 1: Timonessb folded before Flop (didn't bet)
Seat 2: MaRKiToScoK folded before Flop (didn't bet)
Seat 3: Poker9803 (button) folded before Flop (didn't bet)
Seat 4: vikonda85 (small blind) folded on the River
Seat 5: alextony1 (big blind) folded before Flop
Seat 6: lukazs2 collected ($29.45)



PokerStars Hand #254394413337:  Hold'em No Limit ($0.50/$1.00 USD) - 2025/01/16 5:08:46 WET [2025/01/16 0:08:46 ET]
Table 'Hippokoon III' 6-max Seat #4 is the button
Seat 1: Timonessb ($100 in chips) 
Seat 2: MaRKiToScoK ($105.38 in chips) 
Seat 3: Poker9803 ($100 in chips) 
Seat 4: vikonda85 ($100 in chips) 
Seat 5: alextony1 ($122.70 in chips) 
Seat 6: lukazs2 ($52.78 in chips) 
alextony1: posts small blind $0.50
lukazs2: posts big blind $1
*** HOLE CARDS ***
Timonessb: raises $1.50 to $2.50
MaRKiToScoK: calls $2.50
Poker9803: folds 
vikonda85: folds 
alextony1: folds 
lukazs2: calls $1.50
*** FLOP *** [6d 4d Kd]
lukazs2: checks 
Timonessb: bets $2.51
MaRKiToScoK: calls $2.51
lukazs2: folds 
*** TURN *** [6d 4d Kd] [As]
Timonessb: bets $8.29
MaRKiToScoK: folds 
Uncalled bet ($8.29) returned to Timonessb
Timonessb collected $12.37 from pot
Timonessb: doesn't show hand 
*** SUMMARY ***
Total pot $13.02 | Rake $0.65 
Board [6d 4d Kd As]
Seat 1: Timonessb collected ($12.37)
Seat 2: MaRKiToScoK folded on the Turn
Seat 3: Poker9803 folded before Flop (didn't bet)
Seat 4: vikonda85 (button) folded before Flop (didn't bet)
Seat 5: alextony1 (small blind) folded before Flop
Seat 6: lukazs2 (big blind) folded on the Flop



PokerStars Hand #254394418822:  Hold'em No Limit ($0.50/$1.00 USD) - 2025/01/16 5:09:49 WET [2025/01/16 0:09:49 ET]
Table 'Hippokoon III' 6-max Seat #5 is the button
Seat 1: Timonessb ($107.36 in chips) 
Seat 2: MaRKiToScoK ($100.37 in chips) 
Seat 3: Poker9803 ($100 in chips) 
Seat 4: vikonda85 ($100 in chips) 
Seat 5: alextony1 ($122.20 in chips) 
Seat 6: lukazs2 ($50.28 in chips) 
lukazs2: posts small blind $0.50
Timonessb: posts big blind $1
*** HOLE CARDS ***
MaRKiToScoK: raises $1.50 to $2.50
Poker9803: folds 
vikonda85: folds 
alextony1: folds 
lukazs2: folds 
Timonessb: calls $1.50
*** FLOP *** [4c 7s 5h]
Timonessb: checks 
MaRKiToScoK: bets $3.92
Timonessb: folds 
Uncalled bet ($3.92) returned to MaRKiToScoK
MaRKiToScoK collected $5.22 from pot
*** SUMMARY ***
Total pot $5.50 | Rake $0.28 
Board [4c 7s 5h]
Seat 1: Timonessb (big blind) folded on the Flop
Seat 2: MaRKiToScoK collected ($5.22)
Seat 3: Poker9803 folded before Flop (didn't bet)
Seat 4: vikonda85 folded before Flop (didn't bet)
Seat 5: alextony1 (button) folded before Flop (didn't bet)
Seat 6: lukazs2 (small blind) folded before Flop



PokerStars Hand #254394422482:  Hold'em No Limit ($0.50/$1.00 USD) - 2025/01/16 5:10:31 WET [2025/01/16 0:10:31 ET]
Table 'Hippokoon III' 6-max Seat #6 is the button
Seat 1: Timonessb ($104.86 in chips) 
Seat 2: MaRKiToScoK ($103.09 in chips) 
Seat 3: Poker9803 ($100 in chips) 
Seat 4: vikonda85 ($100 in chips) 
Seat 5: alextony1 ($122.20 in chips) 
Seat 6: lukazs2 ($49.78 in chips) 
Timonessb: posts small blind $0.50
MaRKiToScoK: posts big blind $1
*** HOLE CARDS ***
Poker9803: folds 
vikonda85: folds 
alextony1: raises $2 to $3
lukazs2: folds 
Timonessb: folds 
MaRKiToScoK: calls $2
*** FLOP *** [3c Ah 4d]
MaRKiToScoK: checks 
alextony1: bets $2
MaRKiToScoK: folds 
Uncalled bet ($2) returned to alextony1
alextony1 collected $6.18 from pot
*** SUMMARY ***
Total pot $6.50 | Rake $0.32 
Board [3c Ah 4d]
Seat 1: Timonessb (small blind) folded before Flop
Seat 2: MaRKiToScoK (big blind) folded on the Flop
Seat 3: Poker9803 folded before Flop (didn't bet)
Seat 4: vikonda85 folded before Flop (didn't bet)
Seat 5: alextony1 collected ($6.18)
Seat 6: lukazs2 (button) folded before Flop (didn't bet)



PokerStars Hand #254394428331:  Hold'em No Limit ($0.50/$1.00 USD) - 2025/01/16 5:11:35 WET [2025/01/16 0:11:35 ET]
Table 'Hippokoon III' 6-max Seat #1 is the button
Seat 1: Timonessb ($104.36 in chips) 
Seat 2: MaRKiToScoK ($100.09 in chips) 
Seat 3: Poker9803 ($100 in chips) 
Seat 4: vikonda85 ($100 in chips) 
Seat 5: alextony1 ($125.38 in chips) 
Seat 6: lukazs2 ($49.78 in chips) 
MaRKiToScoK: posts small blind $0.50
Poker9803: posts big blind $1
*** HOLE CARDS ***
vikonda85: folds 
alextony1: raises $2 to $3
lukazs2: folds 
Timonessb: folds 
MaRKiToScoK: folds 
Poker9803: folds 
Uncalled bet ($2) returned to alextony1
alextony1 collected $2.50 from pot
*** SUMMARY ***
Total pot $2.50 | Rake $0 
Seat 1: Timonessb (button) folded before Flop (didn't bet)
Seat 2: MaRKiToScoK (small blind) folded before Flop
Seat 3: Poker9803 (big blind) folded before Flop
Seat 4: vikonda85 folded before Flop (didn't bet)
Seat 5: alextony1 collected ($2.50)
Seat 6: lukazs2 folded before Flop (didn't bet)



PokerStars Hand #254394431668:  Hold'em No Limit ($0.50/$1.00 USD) - 2025/01/16 5:12:12 WET [2025/01/16 0:12:12 ET]
Table 'Hippokoon III' 6-max Seat #2 is the button
Seat 1: Timonessb ($104.36 in chips) 
Seat 2: MaRKiToScoK ($100 in chips) 
Seat 3: Poker9803 ($100 in chips) 
Seat 4: vikonda85 ($100 in chips) 
Seat 5: alextony1 ($126.88 in chips) 
Seat 6: lukazs2 ($49.78 in chips) 
Poker9803: posts small blind $0.50
vikonda85: posts big blind $1
*** HOLE CARDS ***
alextony1: folds 
lukazs2: calls $1
Timonessb: folds 
MaRKiToScoK: folds 
Poker9803: folds 
vikonda85: raises $2.50 to $3.50
lukazs2: calls $2.50
*** FLOP *** [Ad Ac 6c]
vikonda85: checks 
lukazs2: checks 
*** TURN *** [Ad Ac 6c] [Kh]
vikonda85: checks 
lukazs2: bets $1
vikonda85: raises $6.11 to $7.11
lukazs2: folds 
Uncalled bet ($6.11) returned to vikonda85
vikonda85 collected $9.02 from pot
vikonda85: doesn't show hand 
*** SUMMARY ***
Total pot $9.50 | Rake $0.48 
Board [Ad Ac 6c Kh]
Seat 1: Timonessb folded before Flop (didn't bet)
Seat 2: MaRKiToScoK (button) folded before Flop (didn't bet)
Seat 3: Poker9803 (small blind) folded before Flop
Seat 4: vikonda85 (big blind) collected ($9.02)
Seat 5: alextony1 folded before Flop (didn't bet)
Seat 6: lukazs2 folded on the Turn



PokerStars Hand #254394437433:  Hold'em No Limit ($0.50/$1.00 USD) - 2025/01/16 5:13:17 WET [2025/01/16 0:13:17 ET]
Table 'Hippokoon III' 6-max Seat #3 is the button
Seat 1: Timonessb ($104.36 in chips) 
Seat 2: MaRKiToScoK ($100 in chips) 
Seat 3: Poker9803 ($100 in chips) 
Seat 4: vikonda85 ($104.52 in chips) 
Seat 5: alextony1 ($126.88 in chips) 
Seat 6: lukazs2 ($45.28 in chips) 
vikonda85: posts small blind $0.50
alextony1: posts big blind $1
*** HOLE CARDS ***
lukazs2: calls $1
Timonessb: folds 
MaRKiToScoK: raises $2.50 to $3.50
Poker9803: raises $8.40 to $11.90
vikonda85: folds 
alextony1: folds 
lukazs2: folds 
MaRKiToScoK: folds 
Uncalled bet ($8.40) returned to Poker9803
Poker9803 collected $9.50 from pot
Poker9803: doesn't show hand 
*** SUMMARY ***
Total pot $9.50 | Rake $0 
Seat 1: Timonessb folded before Flop (didn't bet)
Seat 2: MaRKiToScoK folded before Flop
Seat 3: Poker9803 (button) collected ($9.50)
Seat 4: vikonda85 (small blind) folded before Flop
Seat 5: alextony1 (big blind) folded before Flop
Seat 6: lukazs2 folded before Flop



PokerStars Hand #254394649951:  Hold'em No Limit ($0.50/$1.00 USD) - 2025/01/16 5:56:03 WET [2025/01/16 0:56:03 ET]
Table 'Hippokoon III' 6-max Seat #5 is the button
Seat 1: CMX1998 ($52.98 in chips) 
Seat 2: rostickkin ($100 in chips) 
Seat 3: Melenya ($128.43 in chips) 
Seat 4: vikonda85 ($114.60 in chips) 
Seat 5: kamyu2117 ($193.88 in chips) 
Seat 6: 7bekon7 ($100 in chips) 
7bekon7: posts small blind $0.50
CMX1998: posts big blind $1
*** HOLE CARDS ***
rostickkin: folds 
Melenya: folds 
vikonda85: folds 
kamyu2117: folds 
7bekon7: folds 
Uncalled bet ($0.50) returned to CMX1998
CMX1998 collected $1 from pot
*** SUMMARY ***
Total pot $1 | Rake $0 
Seat 1: CMX1998 (big blind) collected ($1)
Seat 2: rostickkin folded before Flop (didn't bet)
Seat 3: Melenya folded before Flop (didn't bet)
Seat 4: vikonda85 folded before Flop (didn't bet)
Seat 5: kamyu2117 (button) folded before Flop (didn't bet)
Seat 6: 7bekon7 (small blind) folded before Flop



PokerStars Hand #254394650907:  Hold'em No Limit ($0.50/$1.00 USD) - 2025/01/16 5:56:17 WET [2025/01/16 0:56:17 ET]
Table 'Hippokoon III' 6-max Seat #6 is the button
Seat 1: CMX1998 ($53.48 in chips) 
Seat 2: rostickkin ($100 in chips) 
Seat 3: Melenya ($128.43 in chips) 
Seat 4: vikonda85 ($114.60 in chips) 
Seat 5: kamyu2117 ($193.88 in chips) 
Seat 6: 7bekon7 ($100 in chips) 
CMX1998: posts small blind $0.50
rostickkin: posts big blind $1
*** HOLE CARDS ***
Melenya: folds 
vikonda85: folds 
kamyu2117: folds 
7bekon7: raises $1.50 to $2.50
CMX1998: calls $2
kamyu2117 leaves the table
rostickkin: raises $10 to $12.50
7bekon7: folds 
MaRKiToScoK joins the table at seat #5 
CMX1998: calls $10
*** FLOP *** [8s 4c Jd]
CMX1998: checks 
rostickkin: bets $8.88
CMX1998: calls $8.88
*** TURN *** [8s 4c Jd] [9c]
CMX1998: checks 
rostickkin: bets $32.68
CMX1998: folds 
Uncalled bet ($32.68) returned to rostickkin
rostickkin collected $43 from pot
rostickkin: doesn't show hand 
*** SUMMARY ***
Total pot $45.26 | Rake $2.26 
Board [8s 4c Jd 9c]
Seat 1: CMX1998 (small blind) folded on the Turn
Seat 2: rostickkin (big blind) collected ($43)
Seat 3: Melenya folded before Flop (didn't bet)
Seat 4: vikonda85 folded before Flop (didn't bet)
Seat 5: kamyu2117 folded before Flop (didn't bet)
Seat 6: 7bekon7 (button) folded before Flop



PokerStars Hand #254394655117:  Hold'em No Limit ($0.50/$1.00 USD) - 2025/01/16 5:57:19 WET [2025/01/16 0:57:19 ET]
Table 'Hippokoon III' 6-max Seat #1 is the button
Seat 5: MaRKiToScoK ($100 in chips) is sitting out
Seat 1: CMX1998 ($32.10 in chips) 
Seat 2: rostickkin ($121.62 in chips) 
Seat 3: Melenya ($128.43 in chips) 
Seat 4: vikonda85 ($114.60 in chips) 
Seat 6: 7bekon7 ($100 in chips) 
rostickkin: posts small blind $0.50
Melenya: posts big blind $1
MaRKiToScoK: sits out 
*** HOLE CARDS ***
vikonda85: folds 
7bekon7: raises $1.25 to $2.25
CMX1998: calls $2.25
rostickkin: folds 
Melenya: folds 
*** FLOP *** [9c 6c 6s]
7bekon7: bets $1.43
CMX1998: folds 
Uncalled bet ($1.43) returned to 7bekon7
7bekon7 collected $5.70 from pot
7bekon7: doesn't show hand 
*** SUMMARY ***
Total pot $6 | Rake $0.30 
Board [9c 6c 6s]
Seat 5: MaRKiToScoK
Seat 1: CMX1998 (button) folded on the Flop
Seat 2: rostickkin (small blind) folded before Flop
Seat 3: Melenya (big blind) folded before Flop
Seat 4: vikonda85 folded before Flop (didn't bet)
Seat 6: 7bekon7 collected ($5.70)



PokerStars Hand #254394657061:  Hold'em No Limit ($0.50/$1.00 USD) - 2025/01/16 5:57:48 WET [2025/01/16 0:57:48 ET]
Table 'Hippokoon III' 6-max Seat #2 is the button
Seat 5: MaRKiToScoK ($100 in chips) is sitting out
Seat 1: CMX1998 ($29.85 in chips) 
Seat 2: rostickkin ($121.12 in chips) 
Seat 3: Melenya ($127.43 in chips) 
Seat 4: vikonda85 ($114.60 in chips) 
Seat 6: 7bekon7 ($103.45 in chips) 
Melenya: posts small blind $0.50
vikonda85: posts big blind $1
MaRKiToScoK: sits out 
*** HOLE CARDS ***
7bekon7: folds 
CMX1998: calls $1
rostickkin: folds 
Melenya: folds 
vikonda85: raises $113.60 to $114.60 and is all-in
CMX1998: calls $28.85 and is all-in
Uncalled bet ($84.75) returned to vikonda85
*** FLOP *** [Qd 7h 4h]
*** TURN *** [Qd 7h 4h] [3c]
*** RIVER *** [Qd 7h 4h 3c] [2d]
*** SHOW DOWN ***
vikonda85: shows [Ah Th] (high card Ace)
CMX1998: shows [Qs Qc] (three of a kind, Queens)
CMX1998 collected $57.70 from pot
*** SUMMARY ***
Total pot $60.20 | Rake $2.50 
Board [Qd 7h 4h 3c 2d]
Seat 5: MaRKiToScoK
Seat 1: CMX1998 showed [Qs Qc] and won ($57.70) with three of a kind, Queens
Seat 2: rostickkin (button) folded before Flop (didn't bet)
Seat 3: Melenya (small blind) folded before Flop
Seat 4: vikonda85 (big blind) showed [Ah Th] and lost with high card Ace
Seat 6: 7bekon7 folded before Flop (didn't bet)



PokerStars Hand #254394659327:  Hold'em No Limit ($0.50/$1.00 USD) - 2025/01/16 5:58:21 WET [2025/01/16 0:58:21 ET]
Table 'Hippokoon III' 6-max Seat #3 is the button
Seat 1: CMX1998 ($57.70 in chips) 
Seat 2: rostickkin ($121.12 in chips) 
Seat 3: Melenya ($126.93 in chips) 
Seat 4: vikonda85 ($100 in chips) 
Seat 5: MaRKiToScoK ($100 in chips) 
Seat 6: 7bekon7 ($103.45 in chips) 
vikonda85: posts small blind $0.50
MaRKiToScoK: posts big blind $1
*** HOLE CARDS ***
7bekon7: raises $1.25 to $2.25
CMX1998: calls $2.25
rostickkin: folds 
Melenya: folds 
vikonda85: folds 
MaRKiToScoK: folds 
*** FLOP *** [9c 4c 8c]
7bekon7: bets $2.85
CMX1998: folds 
Uncalled bet ($2.85) returned to 7bekon7
7bekon7 collected $5.70 from pot
7bekon7: doesn't show hand 
*** SUMMARY ***
Total pot $6 | Rake $0.30 
Board [9c 4c 8c]
Seat 1: CMX1998 folded on the Flop
Seat 2: rostickkin folded before Flop (didn't bet)
Seat 3: Melenya (button) folded before Flop (didn't bet)
Seat 4: vikonda85 (small blind) folded before Flop
Seat 5: MaRKiToScoK (big blind) folded before Flop
Seat 6: 7bekon7 collected ($5.70)



PokerStars Hand #254394662017:  Hold'em No Limit ($0.50/$1.00 USD) - 2025/01/16 5:59:02 WET [2025/01/16 0:59:02 ET]
Table 'Hippokoon III' 6-max Seat #4 is the button
Seat 1: CMX1998 ($55.45 in chips) 
Seat 2: rostickkin ($121.12 in chips) 
Seat 3: Melenya ($126.93 in chips) 
Seat 4: vikonda85 ($100 in chips) 
Seat 5: MaRKiToScoK ($100 in chips) 
Seat 6: 7bekon7 ($106.90 in chips) 
MaRKiToScoK: posts small blind $0.50
7bekon7: posts big blind $1
*** HOLE CARDS ***
CMX1998: calls $1
rostickkin: raises $2.50 to $3.50
Melenya: folds 
vikonda85: calls $3.50
MaRKiToScoK: folds 
7bekon7: calls $2.50
CMX1998: calls $2.50
*** FLOP *** [Th Qh 3c]
7bekon7: checks 
CMX1998: checks 
rostickkin: checks 
vikonda85: checks 
*** TURN *** [Th Qh 3c] [As]
7bekon7: checks 
CMX1998: checks 
rostickkin: checks 
vikonda85: checks 
*** RIVER *** [Th Qh 3c As] [2d]
7bekon7: checks 
CMX1998: bets $10
rostickkin: calls $10
vikonda85: raises $47.50 to $57.50
7bekon7: folds 
CMX1998: folds 
rostickkin: folds 
Uncalled bet ($47.50) returned to vikonda85
vikonda85 collected $42.28 from pot
vikonda85: doesn't show hand 
*** SUMMARY ***
Total pot $44.50 | Rake $2.22 
Board [Th Qh 3c As 2d]
Seat 1: CMX1998 folded on the River
Seat 2: rostickkin folded on the River
Seat 3: Melenya folded before Flop (didn't bet)
Seat 4: vikonda85 (button) collected ($42.28)
Seat 5: MaRKiToScoK (small blind) folded before Flop
Seat 6: 7bekon7 (big blind) folded on the River



PokerStars Hand #254394670479:  Hold'em No Limit ($0.50/$1.00 USD) - 2025/01/16 6:01:02 WET [2025/01/16 1:01:02 ET]
Table 'Hippokoon III' 6-max Seat #5 is the button
Seat 1: CMX1998 ($41.95 in chips) 
Seat 2: rostickkin ($107.62 in chips) 
Seat 3: Melenya ($126.93 in chips) 
Seat 4: vikonda85 ($128.78 in chips) 
Seat 5: MaRKiToScoK ($100 in chips) 
Seat 6: 7bekon7 ($103.40 in chips) 
7bekon7: posts small blind $0.50
CMX1998: posts big blind $1
*** HOLE CARDS ***
rostickkin: folds 
Melenya: raises $1 to $2
vikonda85: folds 
MaRKiToScoK: folds 
7bekon7: folds 
CMX1998: folds 
Uncalled bet ($1) returned to Melenya
CMX1998 leaves the table
Melenya collected $2.50 from pot
Melenya: doesn't show hand 
*** SUMMARY ***
Total pot $2.50 | Rake $0 
Seat 1: CMX1998 (big blind) folded before Flop
Seat 2: rostickkin folded before Flop (didn't bet)
Seat 3: Melenya collected ($2.50)
Seat 4: vikonda85 folded before Flop (didn't bet)
Seat 5: MaRKiToScoK (button) folded before Flop (didn't bet)
Seat 6: 7bekon7 (small blind) folded before Flop



PokerStars Hand #254394671922:  Hold'em No Limit ($0.50/$1.00 USD) - 2025/01/16 6:01:21 WET [2025/01/16 1:01:21 ET]
Table 'Hippokoon III' 6-max Seat #6 is the button
Seat 2: rostickkin ($107.62 in chips) 
Seat 3: Melenya ($128.43 in chips) 
Seat 4: vikonda85 ($128.78 in chips) 
Seat 5: MaRKiToScoK ($100 in chips) 
Seat 6: 7bekon7 ($102.90 in chips) 
rostickkin: posts small blind $0.50
Melenya: posts big blind $1
*** HOLE CARDS ***
vikonda85: raises $1.50 to $2.50
MaRKiToScoK: raises $5 to $7.50
7bekon7: folds 
rostickkin: folds 
Melenya: folds 
vikonda85: folds 
Uncalled bet ($5) returned to MaRKiToScoK
MaRKiToScoK collected $6.50 from pot
*** SUMMARY ***
Total pot $6.50 | Rake $0 
Seat 2: rostickkin (small blind) folded before Flop
Seat 3: Melenya (big blind) folded before Flop
Seat 4: vikonda85 folded before Flop
Seat 5: MaRKiToScoK collected ($6.50)
Seat 6: 7bekon7 (button) folded before Flop (didn't bet)



PokerStars Hand #254394674014:  Hold'em No Limit ($0.50/$1.00 USD) - 2025/01/16 6:01:48 WET [2025/01/16 1:01:48 ET]
Table 'Hippokoon III' 6-max Seat #2 is the button
Seat 4: vikonda85 ($126.28 in chips) is sitting out
Seat 5: MaRKiToScoK ($104 in chips) is sitting out
Seat 2: rostickkin ($107.12 in chips) 
Seat 3: Melenya ($127.43 in chips) 
Seat 6: 7bekon7 ($102.90 in chips) 
Melenya: posts small blind $0.50
vikonda85: is sitting out 
MaRKiToScoK: is sitting out 
7bekon7: posts big blind $1
*** HOLE CARDS ***
rostickkin: folds 
vikonda85 leaves the table
Melenya: raises $2 to $3
MaRKiToScoK leaves the table
7bekon7: calls $2
*** FLOP *** [4s 8s Jd]
Melenya: checks 
7bekon7: bets $2.85
Melenya: raises $8.55 to $11.40
7bekon7: folds 
Uncalled bet ($8.55) returned to Melenya
Melenya collected $11.12 from pot
Melenya: doesn't show hand 
*** SUMMARY ***
Total pot $11.70 | Rake $0.58 
Board [4s 8s Jd]
Seat 4: vikonda85
Seat 5: MaRKiToScoK
Seat 2: rostickkin (button) folded before Flop (didn't bet)
Seat 3: Melenya (small blind) collected ($11.12)
Seat 6: 7bekon7 (big blind) folded on the Flop



PokerStars Hand #254394547123:  Hold'em No Limit ($0.50/$1.00 USD) - 2025/01/16 5:34:43 WET [2025/01/16 0:34:43 ET]
Table 'Hippokoon III' 6-max Seat #3 is the button
Seat 1: CMX1998 ($88.94 in chips) 
Seat 2: MaRKiToScoK ($101.75 in chips) 
Seat 3: Melenya ($119.22 in chips) 
Seat 4: vikonda85 ($100.35 in chips) 
Seat 5: kamyu2117 ($91.45 in chips) 
Seat 6: uuzka ($109.77 in chips) 
vikonda85: posts small blind $0.50
kamyu2117: posts big blind $1
*** HOLE CARDS ***
uuzka: folds 
CMX1998: raises $1 to $2
MaRKiToScoK: folds 
Melenya: raises $5 to $7
vikonda85: folds 
kamyu2117: folds 
CMX1998: calls $5
*** FLOP *** [8d Jd 4c]
CMX1998: checks 
Melenya: bets $4.91
CMX1998: calls $4.91
*** TURN *** [8d Jd 4c] [8s]
CMX1998: checks 
Melenya: checks 
*** RIVER *** [8d Jd 4c 8s] [Ac]
CMX1998: bets $77.03 and is all-in
Melenya: folds 
Uncalled bet ($77.03) returned to CMX1998
CMX1998 collected $24.05 from pot
*** SUMMARY ***
Total pot $25.32 | Rake $1.27 
Board [8d Jd 4c 8s Ac]
Seat 1: CMX1998 collected ($24.05)
Seat 2: MaRKiToScoK folded before Flop (didn't bet)
Seat 3: Melenya (button) folded on the River
Seat 4: vikonda85 (small blind) folded before Flop
Seat 5: kamyu2117 (big blind) folded before Flop
Seat 6: uuzka folded before Flop (didn't bet)



PokerStars Hand #254394554617:  Hold'em No Limit ($0.50/$1.00 USD) - 2025/01/16 5:36:15 WET [2025/01/16 0:36:15 ET]
Table 'Hippokoon III' 6-max Seat #4 is the button
Seat 1: CMX1998 ($101.08 in chips) 
Seat 2: MaRKiToScoK ($101.75 in chips) 
Seat 3: Melenya ($107.31 in chips) 
Seat 4: vikonda85 ($100 in chips) 
Seat 5: kamyu2117 ($90.45 in chips) 
Seat 6: uuzka ($109.77 in chips) 
kamyu2117: posts small blind $0.50
uuzka: posts big blind $1
*** HOLE CARDS ***
CMX1998: calls $1
MaRKiToScoK: folds 
Melenya: raises $2.50 to $3.50
vikonda85: folds 
kamyu2117: folds 
uuzka: raises $10.55 to $14.05
CMX1998: calls $13.05
Melenya: calls $10.55
*** FLOP *** [Qc 7s Qd]
uuzka: checks 
CMX1998: bets $15
Melenya: folds 
uuzka: folds 
Uncalled bet ($15) returned to CMX1998
CMX1998 collected $40.52 from pot
*** SUMMARY ***
Total pot $42.65 | Rake $2.13 
Board [Qc 7s Qd]
Seat 1: CMX1998 collected ($40.52)
Seat 2: MaRKiToScoK folded before Flop (didn't bet)
Seat 3: Melenya folded on the Flop
Seat 4: vikonda85 (button) folded before Flop (didn't bet)
Seat 5: kamyu2117 (small blind) folded before Flop
Seat 6: uuzka (big blind) folded on the Flop



PokerStars Hand #254394562059:  Hold'em No Limit ($0.50/$1.00 USD) - 2025/01/16 5:37:45 WET [2025/01/16 0:37:45 ET]
Table 'Hippokoon III' 6-max Seat #5 is the button
Seat 1: CMX1998 ($127.55 in chips) 
Seat 2: MaRKiToScoK ($101.75 in chips) 
Seat 3: Melenya ($100 in chips) 
Seat 4: vikonda85 ($100 in chips) 
Seat 5: kamyu2117 ($100 in chips) 
Seat 6: uuzka ($100 in chips) 
uuzka: posts small blind $0.50
CMX1998: posts big blind $1
*** HOLE CARDS ***
MaRKiToScoK: folds 
Melenya: folds 
vikonda85: folds 
kamyu2117: folds 
uuzka: folds 
Uncalled bet ($0.50) returned to CMX1998
CMX1998 collected $1 from pot
*** SUMMARY ***
Total pot $1 | Rake $0 
Seat 1: CMX1998 (big blind) collected ($1)
Seat 2: MaRKiToScoK folded before Flop (didn't bet)
Seat 3: Melenya folded before Flop (didn't bet)
Seat 4: vikonda85 folded before Flop (didn't bet)
Seat 5: kamyu2117 (button) folded before Flop (didn't bet)
Seat 6: uuzka (small blind) folded before Flop



PokerStars Hand #254394563498:  Hold'em No Limit ($0.50/$1.00 USD) - 2025/01/16 5:38:03 WET [2025/01/16 0:38:03 ET]
Table 'Hippokoon III' 6-max Seat #6 is the button
Seat 1: CMX1998 ($128.05 in chips) 
Seat 2: MaRKiToScoK ($101.75 in chips) 
Seat 3: Melenya ($100 in chips) 
Seat 4: vikonda85 ($100 in chips) 
Seat 5: kamyu2117 ($100 in chips) 
Seat 6: uuzka ($100 in chips) 
CMX1998: posts small blind $0.50
MaRKiToScoK: posts big blind $1
*** HOLE CARDS ***
Melenya: folds 
vikonda85: raises $1.50 to $2.50
kamyu2117: folds 
uuzka: folds 
CMX1998: calls $2
MaRKiToScoK: calls $1.50
*** FLOP *** [Ts Js Ks]
CMX1998: checks 
MaRKiToScoK: checks 
vikonda85: checks 
*** TURN *** [Ts Js Ks] [9c]
CMX1998: checks 
MaRKiToScoK: checks 
vikonda85: bets $4.77
CMX1998: folds 
MaRKiToScoK: folds 
Uncalled bet ($4.77) returned to vikonda85
vikonda85 collected $7.12 from pot
vikonda85: doesn't show hand 
*** SUMMARY ***
Total pot $7.50 | Rake $0.38 
Board [Ts Js Ks 9c]
Seat 1: CMX1998 (small blind) folded on the Turn
Seat 2: MaRKiToScoK (big blind) folded on the Turn
Seat 3: Melenya folded before Flop (didn't bet)
Seat 4: vikonda85 collected ($7.12)
Seat 5: kamyu2117 folded before Flop (didn't bet)
Seat 6: uuzka (button) folded before Flop (didn't bet)



PokerStars Hand #254394569256:  Hold'em No Limit ($0.50/$1.00 USD) - 2025/01/16 5:39:10 WET [2025/01/16 0:39:10 ET]
Table 'Hippokoon III' 6-max Seat #1 is the button
Seat 1: CMX1998 ($125.55 in chips) 
Seat 2: MaRKiToScoK ($100 in chips) 
Seat 3: Melenya ($100 in chips) 
Seat 4: vikonda85 ($104.62 in chips) 
Seat 5: kamyu2117 ($100 in chips) 
Seat 6: uuzka ($100 in chips) 
MaRKiToScoK: posts small blind $0.50
Melenya: posts big blind $1
*** HOLE CARDS ***
vikonda85: raises $1.50 to $2.50
kamyu2117: calls $2.50
uuzka: folds 
CMX1998: raises $1.50 to $4
MaRKiToScoK: folds 
Melenya: raises $8 to $12
vikonda85: raises $92.62 to $104.62 and is all-in
kamyu2117: folds 
CMX1998: folds 
Melenya: folds 
Uncalled bet ($92.62) returned to vikonda85
vikonda85 collected $31 from pot
vikonda85: doesn't show hand 
*** SUMMARY ***
Total pot $31 | Rake $0 
Seat 1: CMX1998 (button) folded before Flop
Seat 2: MaRKiToScoK (small blind) folded before Flop
Seat 3: Melenya (big blind) folded before Flop
Seat 4: vikonda85 collected ($31)
Seat 5: kamyu2117 folded before Flop
Seat 6: uuzka folded before Flop (didn't bet)



PokerStars Hand #254394572738:  Hold'em No Limit ($0.50/$1.00 USD) - 2025/01/16 5:39:52 WET [2025/01/16 0:39:52 ET]
Table 'Hippokoon III' 6-max Seat #2 is the button
Seat 1: CMX1998 ($121.55 in chips) 
Seat 2: MaRKiToScoK ($100 in chips) 
Seat 3: Melenya ($100 in chips) 
Seat 4: vikonda85 ($123.62 in chips) 
Seat 5: kamyu2117 ($97.50 in chips) 
Seat 6: uuzka ($100 in chips) 
Melenya: posts small blind $0.50
vikonda85: posts big blind $1
*** HOLE CARDS ***
kamyu2117: raises $1.50 to $2.50
uuzka: folds 
CMX1998: folds 
MaRKiToScoK: folds 
Melenya: folds 
vikonda85: folds 
Uncalled bet ($1.50) returned to kamyu2117
kamyu2117 collected $2.50 from pot
kamyu2117: doesn't show hand 
*** SUMMARY ***
Total pot $2.50 | Rake $0 
Seat 1: CMX1998 folded before Flop (didn't bet)
Seat 2: MaRKiToScoK (button) folded before Flop (didn't bet)
Seat 3: Melenya (small blind) folded before Flop
Seat 4: vikonda85 (big blind) folded before Flop
Seat 5: kamyu2117 collected ($2.50)
Seat 6: uuzka folded before Flop (didn't bet)



PokerStars Hand #254394574499:  Hold'em No Limit ($0.50/$1.00 USD) - 2025/01/16 5:40:13 WET [2025/01/16 0:40:13 ET]
Table 'Hippokoon III' 6-max Seat #3 is the button
Seat 1: CMX1998 ($121.55 in chips) 
Seat 2: MaRKiToScoK ($100 in chips) 
Seat 3: Melenya ($100 in chips) 
Seat 4: vikonda85 ($122.62 in chips) 
Seat 5: kamyu2117 ($99 in chips) 
Seat 6: uuzka ($100 in chips) 
vikonda85: posts small blind $0.50
kamyu2117: posts big blind $1
*** HOLE CARDS ***
uuzka: folds 
CMX1998: calls $1
MaRKiToScoK: raises $3 to $4
Melenya: raises $8 to $12
vikonda85: folds 
kamyu2117: folds 
CMX1998: folds 
MaRKiToScoK: calls $8
*** FLOP *** [Tc Qs 7c]
MaRKiToScoK: checks 
Melenya: bets $8.39
MaRKiToScoK: calls $8.39
*** TURN *** [Tc Qs 7c] [3s]
MaRKiToScoK: checks 
Melenya: bets $30.84
MaRKiToScoK: folds 
Uncalled bet ($30.84) returned to Melenya
Melenya collected $41.12 from pot
Melenya: doesn't show hand 
*** SUMMARY ***
Total pot $43.28 | Rake $2.16 
Board [Tc Qs 7c 3s]
Seat 1: CMX1998 folded before Flop
Seat 2: MaRKiToScoK folded on the Turn
Seat 3: Melenya (button) collected ($41.12)
Seat 4: vikonda85 (small blind) folded before Flop
Seat 5: kamyu2117 (big blind) folded before Flop
Seat 6: uuzka folded before Flop (didn't bet)



PokerStars Hand #254394580348:  Hold'em No Limit ($0.50/$1.00 USD) - 2025/01/16 5:41:24 WET [2025/01/16 0:41:24 ET]
Table 'Hippokoon III' 6-max Seat #4 is the button
Seat 1: CMX1998 ($120.55 in chips) 
Seat 2: MaRKiToScoK ($100 in chips) 
Seat 3: Melenya ($120.73 in chips) 
Seat 4: vikonda85 ($122.12 in chips) 
Seat 5: kamyu2117 ($98 in chips) 
Seat 6: uuzka ($100 in chips) 
kamyu2117: posts small blind $0.50
uuzka: posts big blind $1
*** HOLE CARDS ***
CMX1998: calls $1
MaRKiToScoK: raises $2.50 to $3.50
Melenya: folds 
vikonda85: calls $3.50
kamyu2117: raises $16.50 to $20
uuzka: folds 
CMX1998: calls $19
MaRKiToScoK: folds 
vikonda85: folds 
*** FLOP *** [4d 3c 4h]
kamyu2117: bets $15.05
CMX1998: calls $15.05
*** TURN *** [4d 3c 4h] [4c]
kamyu2117: bets $62.95 and is all-in
CMX1998: calls $62.95
*** RIVER *** [4d 3c 4h 4c] [Tc]
*** SHOW DOWN ***
kamyu2117: shows [7h 7d] (a full house, Fours full of Sevens)
CMX1998: shows [6s As] (three of a kind, Fours)
kamyu2117 collected $201.50 from pot
*** SUMMARY ***
Total pot $204 | Rake $2.50 
Board [4d 3c 4h 4c Tc]
Seat 1: CMX1998 showed [6s As] and lost with three of a kind, Fours
Seat 2: MaRKiToScoK folded before Flop
Seat 3: Melenya folded before Flop (didn't bet)
Seat 4: vikonda85 (button) folded before Flop
Seat 5: kamyu2117 (small blind) showed [7h 7d] and won ($201.50) with a full house, Fours full of Sevens
Seat 6: uuzka (big blind) folded before Flop



PokerStars Hand #254394587283:  Hold'em No Limit ($0.50/$1.00 USD) - 2025/01/16 5:42:48 WET [2025/01/16 0:42:48 ET]
Table 'Hippokoon III' 6-max Seat #5 is the button
Seat 1: CMX1998 ($22.55 in chips) 
Seat 2: MaRKiToScoK ($100 in chips) 
Seat 3: Melenya ($120.73 in chips) 
Seat 4: vikonda85 ($118.62 in chips) 
Seat 5: kamyu2117 ($201.50 in chips) 
Seat 6: uuzka ($100 in chips) 
uuzka: posts small blind $0.50
CMX1998: posts big blind $1
*** HOLE CARDS ***
MaRKiToScoK: folds 
Melenya: folds 
vikonda85: folds 
kamyu2117: folds 
uuzka: folds 
Uncalled bet ($0.50) returned to CMX1998
CMX1998 collected $1 from pot
*** SUMMARY ***
Total pot $1 | Rake $0 
Seat 1: CMX1998 (big blind) collected ($1)
Seat 2: MaRKiToScoK folded before Flop (didn't bet)
Seat 3: Melenya folded before Flop (didn't bet)
Seat 4: vikonda85 folded before Flop (didn't bet)
Seat 5: kamyu2117 (button) folded before Flop (didn't bet)
Seat 6: uuzka (small blind) folded before Flop



PokerStars Hand #254394590354:  Hold'em No Limit ($0.50/$1.00 USD) - 2025/01/16 5:43:27 WET [2025/01/16 0:43:27 ET]
Table 'Hippokoon III' 6-max Seat #6 is the button
Seat 1: CMX1998 ($23.05 in chips) 
Seat 2: MaRKiToScoK ($100 in chips) 
Seat 3: Melenya ($120.73 in chips) 
Seat 4: vikonda85 ($118.62 in chips) 
Seat 5: kamyu2117 ($201.50 in chips) 
Seat 6: uuzka ($100 in chips) 
CMX1998: posts small blind $0.50
MaRKiToScoK: posts big blind $1
*** HOLE CARDS ***
Melenya: folds 
vikonda85: raises $1.50 to $2.50
kamyu2117: folds 
uuzka: folds 
CMX1998: calls $2
MaRKiToScoK: folds 
*** FLOP *** [Jh Qd 8d]
CMX1998: checks 
MaRKiToScoK leaves the table
vikonda85: bets $3.82
CMX1998: folds 
Uncalled bet ($3.82) returned to vikonda85
vikonda85 collected $5.70 from pot
vikonda85: doesn't show hand 
*** SUMMARY ***
Total pot $6 | Rake $0.30 
Board [Jh Qd 8d]
Seat 1: CMX1998 (small blind) folded on the Flop
Seat 2: MaRKiToScoK (big blind) folded before Flop
Seat 3: Melenya folded before Flop (didn't bet)
Seat 4: vikonda85 collected ($5.70)
Seat 5: kamyu2117 folded before Flop (didn't bet)
Seat 6: uuzka (button) folded before Flop (didn't bet)



PokerStars Hand #254394594609:  Hold'em No Limit ($0.50/$1.00 USD) - 2025/01/16 5:44:21 WET [2025/01/16 0:44:21 ET]
Table 'Hippokoon III' 6-max Seat #1 is the button
Seat 1: CMX1998 ($20.55 in chips) 
Seat 3: Melenya ($120.73 in chips) 
Seat 4: vikonda85 ($121.82 in chips) 
Seat 5: kamyu2117 ($201.50 in chips) 
Seat 6: uuzka ($100 in chips) 
Melenya: posts small blind $0.50
vikonda85: posts big blind $1
*** HOLE CARDS ***
kamyu2117: folds 
uuzka: folds 
rostickkin joins the table at seat #2 
CMX1998: calls $1
Melenya: folds 
vikonda85: checks 
*** FLOP *** [4h 9s Jc]
vikonda85: checks 
CMX1998: checks 
*** TURN *** [4h 9s Jc] [Td]
vikonda85: checks 
CMX1998: checks 
*** RIVER *** [4h 9s Jc Td] [6h]
vikonda85: checks 
CMX1998: checks 
*** SHOW DOWN ***
vikonda85: shows [7c 2h] (high card Jack)
CMX1998: shows [Qs 2s] (high card Queen)
CMX1998 collected $2.38 from pot
*** SUMMARY ***
Total pot $2.50 | Rake $0.12 
Board [4h 9s Jc Td 6h]
Seat 1: CMX1998 (button) showed [Qs 2s] and won ($2.38) with high card Queen
Seat 3: Melenya (small blind) folded before Flop
Seat 4: vikonda85 (big blind) showed [7c 2h] and lost with high card Jack
Seat 5: kamyu2117 folded before Flop (didn't bet)
Seat 6: uuzka folded before Flop (didn't bet)



PokerStars Hand #254394597842:  Hold'em No Limit ($0.50/$1.00 USD) - 2025/01/16 5:45:00 WET [2025/01/16 0:45:00 ET]
Table 'Hippokoon III' 6-max Seat #3 is the button
Seat 2: rostickkin ($100 in chips) is sitting out
Seat 1: CMX1998 ($21.93 in chips) 
Seat 3: Melenya ($120.23 in chips) 
Seat 4: vikonda85 ($120.82 in chips) 
Seat 5: kamyu2117 ($201.50 in chips) 
Seat 6: uuzka ($100 in chips) 
vikonda85: posts small blind $0.50
kamyu2117: posts big blind $1
rostickkin: sits out 
*** HOLE CARDS ***
uuzka: folds 
CMX1998: calls $1
Melenya: folds 
vikonda85: folds 
kamyu2117: checks 
*** FLOP *** [Th Qc 4s]
kamyu2117: checks 
CMX1998: checks 
*** TURN *** [Th Qc 4s] [Qs]
kamyu2117: bets $2.38
CMX1998: folds 
Uncalled bet ($2.38) returned to kamyu2117
kamyu2117 collected $2.38 from pot
kamyu2117: doesn't show hand 
*** SUMMARY ***
Total pot $2.50 | Rake $0.12 
Board [Th Qc 4s Qs]
Seat 2: rostickkin
Seat 1: CMX1998 folded on the Turn
Seat 3: Melenya (button) folded before Flop (didn't bet)
Seat 4: vikonda85 (small blind) folded before Flop
Seat 5: kamyu2117 (big blind) collected ($2.38)
Seat 6: uuzka folded before Flop (didn't bet)



PokerStars Hand #254394600445:  Hold'em No Limit ($0.50/$1.00 USD) - 2025/01/16 5:45:32 WET [2025/01/16 0:45:32 ET]
Table 'Hippokoon III' 6-max Seat #4 is the button
Seat 2: rostickkin ($100 in chips) is sitting out
Seat 1: CMX1998 ($20.93 in chips) 
Seat 3: Melenya ($120.23 in chips) 
Seat 4: vikonda85 ($120.32 in chips) 
Seat 5: kamyu2117 ($202.88 in chips) 
Seat 6: uuzka ($100 in chips) 
kamyu2117: posts small blind $0.50
uuzka: posts big blind $1
rostickkin: sits out 
*** HOLE CARDS ***
CMX1998: calls $1
Melenya: folds 
vikonda85: folds 
kamyu2117: folds 
uuzka: checks 
*** FLOP *** [6s 3c Ts]
uuzka has timed out
uuzka: checks 
CMX1998: bets $3
uuzka: folds 
Uncalled bet ($3) returned to CMX1998
CMX1998 collected $2.38 from pot
*** SUMMARY ***
Total pot $2.50 | Rake $0.12 
Board [6s 3c Ts]
Seat 2: rostickkin
Seat 1: CMX1998 collected ($2.38)
Seat 3: Melenya folded before Flop (didn't bet)
Seat 4: vikonda85 (button) folded before Flop (didn't bet)
Seat 5: kamyu2117 (small blind) folded before Flop
Seat 6: uuzka (big blind) folded on the Flop



PokerStars Hand #254394606658:  Hold'em No Limit ($0.50/$1.00 USD) - 2025/01/16 5:46:50 WET [2025/01/16 0:46:50 ET]
Table 'Hippokoon III' 6-max Seat #5 is the button
Seat 2: rostickkin ($100 in chips) is sitting out
Seat 1: CMX1998 ($22.31 in chips) 
Seat 3: Melenya ($120.23 in chips) 
Seat 4: vikonda85 ($120.32 in chips) 
Seat 5: kamyu2117 ($202.38 in chips) 
Seat 6: uuzka ($100 in chips) 
uuzka: posts small blind $0.50
CMX1998: posts big blind $1
rostickkin: sits out 
*** HOLE CARDS ***
Melenya: folds 
vikonda85: folds 
kamyu2117: folds 
uuzka: folds 
Uncalled bet ($0.50) returned to CMX1998
CMX1998 collected $1 from pot
*** SUMMARY ***
Total pot $1 | Rake $0 
Seat 2: rostickkin
Seat 1: CMX1998 (big blind) collected ($1)
Seat 3: Melenya folded before Flop (didn't bet)
Seat 4: vikonda85 folded before Flop (didn't bet)
Seat 5: kamyu2117 (button) folded before Flop (didn't bet)
Seat 6: uuzka (small blind) folded before Flop



PokerStars Hand #254394608769:  Hold'em No Limit ($0.50/$1.00 USD) - 2025/01/16 5:47:16 WET [2025/01/16 0:47:16 ET]
Table 'Hippokoon III' 6-max Seat #6 is the button
Seat 1: CMX1998 ($22.81 in chips) 
Seat 2: rostickkin ($100 in chips) 
Seat 3: Melenya ($120.23 in chips) 
Seat 4: vikonda85 ($120.32 in chips) 
Seat 5: kamyu2117 ($202.38 in chips) 
Seat 6: uuzka ($100 in chips) 
CMX1998: posts small blind $0.50
rostickkin: posts big blind $1
*** HOLE CARDS ***
Melenya: folds 
vikonda85: folds 
kamyu2117: raises $1.50 to $2.50
uuzka: folds 
CMX1998: calls $2
rostickkin: folds 
*** FLOP *** [2h 2s Kc]
CMX1998: checks 
kamyu2117: checks 
*** TURN *** [2h 2s Kc] [Ts]
CMX1998: checks 
kamyu2117: bets $2
CMX1998: calls $2
*** RIVER *** [2h 2s Kc Ts] [Ad]
CMX1998: checks 
kamyu2117: bets $5
CMX1998: folds 
Uncalled bet ($5) returned to kamyu2117
kamyu2117 collected $9.50 from pot
kamyu2117: doesn't show hand 
*** SUMMARY ***
Total pot $10 | Rake $0.50 
Board [2h 2s Kc Ts Ad]
Seat 1: CMX1998 (small blind) folded on the River
Seat 2: rostickkin (big blind) folded before Flop
Seat 3: Melenya folded before Flop (didn't bet)
Seat 4: vikonda85 folded before Flop (didn't bet)
Seat 5: kamyu2117 collected ($9.50)
Seat 6: uuzka (button) folded before Flop (didn't bet)



PokerStars Hand #254394614916:  Hold'em No Limit ($0.50/$1.00 USD) - 2025/01/16 5:48:32 WET [2025/01/16 0:48:32 ET]
Table 'Hippokoon III' 6-max Seat #1 is the button
Seat 1: CMX1998 ($18.31 in chips) 
Seat 2: rostickkin ($100 in chips) 
Seat 3: Melenya ($120.23 in chips) 
Seat 4: vikonda85 ($120.32 in chips) 
Seat 5: kamyu2117 ($207.38 in chips) 
Seat 6: uuzka ($100 in chips) 
rostickkin: posts small blind $0.50
Melenya: posts big blind $1
*** HOLE CARDS ***
vikonda85: folds 
kamyu2117: raises $1.50 to $2.50
uuzka: folds 
CMX1998: raises $15.81 to $18.31 and is all-in
rostickkin: folds 
Melenya: folds 
kamyu2117: folds 
Uncalled bet ($15.81) returned to CMX1998
CMX1998 collected $6.50 from pot
*** SUMMARY ***
Total pot $6.50 | Rake $0 
Seat 1: CMX1998 (button) collected ($6.50)
Seat 2: rostickkin (small blind) folded before Flop
Seat 3: Melenya (big blind) folded before Flop
Seat 4: vikonda85 folded before Flop (didn't bet)
Seat 5: kamyu2117 folded before Flop
Seat 6: uuzka folded before Flop (didn't bet)



PokerStars Hand #254394617442:  Hold'em No Limit ($0.50/$1.00 USD) - 2025/01/16 5:49:03 WET [2025/01/16 0:49:03 ET]
Table 'Hippokoon III' 6-max Seat #2 is the button
Seat 1: CMX1998 ($22.31 in chips) 
Seat 2: rostickkin ($100 in chips) 
Seat 3: Melenya ($119.23 in chips) 
Seat 4: vikonda85 ($120.32 in chips) 
Seat 5: kamyu2117 ($204.88 in chips) 
Seat 6: uuzka ($100 in chips) 
Melenya: posts small blind $0.50
vikonda85: posts big blind $1
*** HOLE CARDS ***
kamyu2117: folds 
uuzka: folds 
CMX1998: raises $1 to $2
rostickkin: folds 
Melenya: raises $5.50 to $7.50
vikonda85: folds 
CMX1998: calls $5.50
*** FLOP *** [5c Qd Ts]
uuzka leaves the table
Melenya: bets $15.20
CMX1998: folds 
Uncalled bet ($15.20) returned to Melenya
Melenya collected $15.20 from pot
Melenya: doesn't show hand 
*** SUMMARY ***
Total pot $16 | Rake $0.80 
Board [5c Qd Ts]
Seat 1: CMX1998 folded on the Flop
Seat 2: rostickkin (button) folded before Flop (didn't bet)
Seat 3: Melenya (small blind) collected ($15.20)
Seat 4: vikonda85 (big blind) folded before Flop
Seat 5: kamyu2117 folded before Flop (didn't bet)
Seat 6: uuzka folded before Flop (didn't bet)



PokerStars Hand #254394620604:  Hold'em No Limit ($0.50/$1.00 USD) - 2025/01/16 5:49:43 WET [2025/01/16 0:49:43 ET]
Table 'Hippokoon III' 6-max Seat #3 is the button
Seat 1: CMX1998 ($14.81 in chips) 
Seat 2: rostickkin ($100 in chips) 
Seat 3: Melenya ($126.93 in chips) 
Seat 4: vikonda85 ($119.32 in chips) 
Seat 5: kamyu2117 ($204.88 in chips) 
vikonda85: posts small blind $0.50
kamyu2117: posts big blind $1
*** HOLE CARDS ***
CMX1998: calls $1
rostickkin: raises $2.50 to $3.50
Melenya: folds 
vikonda85: folds 
kamyu2117: folds 
CMX1998: calls $2.50
*** FLOP *** [2c 9s 5h]
CMX1998: checks 
rostickkin: bets $2.75
CMX1998: calls $2.75
*** TURN *** [2c 9s 5h] [Jh]
CMX1998: checks 
rostickkin: bets $10.11
CMX1998: calls $8.56 and is all-in
Uncalled bet ($1.55) returned to rostickkin
*** RIVER *** [2c 9s 5h Jh] [7h]
*** SHOW DOWN ***
CMX1998: shows [Kd Jd] (a pair of Jacks)
rostickkin: shows [8d 8s] (a pair of Eights)
CMX1998 collected $29.56 from pot
*** SUMMARY ***
Total pot $31.12 | Rake $1.56 
Board [2c 9s 5h Jh 7h]
Seat 1: CMX1998 showed [Kd Jd] and won ($29.56) with a pair of Jacks
Seat 2: rostickkin showed [8d 8s] and lost with a pair of Eights
Seat 3: Melenya (button) folded before Flop (didn't bet)
Seat 4: vikonda85 (small blind) folded before Flop
Seat 5: kamyu2117 (big blind) folded before Flop



PokerStars Hand #254394625492:  Hold'em No Limit ($0.50/$1.00 USD) - 2025/01/16 5:50:45 WET [2025/01/16 0:50:45 ET]
Table 'Hippokoon III' 6-max Seat #4 is the button
Seat 1: CMX1998 ($29.56 in chips) 
Seat 2: rostickkin ($100 in chips) 
Seat 3: Melenya ($126.93 in chips) 
Seat 4: vikonda85 ($118.82 in chips) 
Seat 5: kamyu2117 ($203.88 in chips) 
kamyu2117: posts small blind $0.50
CMX1998: posts big blind $1
*** HOLE CARDS ***
rostickkin: raises $1.20 to $2.20
Melenya: folds 
vikonda85: folds 
kamyu2117: folds 
CMX1998: calls $1.20
*** FLOP *** [4d Jh 6c]
CMX1998: checks 
rostickkin: bets $1.58
CMX1998: calls $1.58
*** TURN *** [4d Jh 6c] [2c]
CMX1998: checks 
rostickkin: bets $5.82
CMX1998: calls $5.82
*** RIVER *** [4d Jh 6c 2c] [3h]
CMX1998: bets $19.96 and is all-in
rostickkin: folds 
Uncalled bet ($19.96) returned to CMX1998
CMX1998 collected $18.72 from pot
*** SUMMARY ***
Total pot $19.70 | Rake $0.98 
Board [4d Jh 6c 2c 3h]
Seat 1: CMX1998 (big blind) collected ($18.72)
Seat 2: rostickkin folded on the River
Seat 3: Melenya folded before Flop (didn't bet)
Seat 4: vikonda85 (button) folded before Flop (didn't bet)
Seat 5: kamyu2117 (small blind) folded before Flop



PokerStars Hand #254394631451:  Hold'em No Limit ($0.50/$1.00 USD) - 2025/01/16 5:52:00 WET [2025/01/16 0:52:00 ET]
Table 'Hippokoon III' 6-max Seat #5 is the button
Seat 1: CMX1998 ($38.68 in chips) 
Seat 2: rostickkin ($100 in chips) 
Seat 3: Melenya ($126.93 in chips) 
Seat 4: vikonda85 ($118.82 in chips) 
Seat 5: kamyu2117 ($203.38 in chips) 
CMX1998: posts small blind $0.50
rostickkin: posts big blind $1
*** HOLE CARDS ***
7bekon7 joins the table at seat #6 
Melenya: folds 
vikonda85: raises $1.50 to $2.50
kamyu2117: raises $5.50 to $8
CMX1998: folds 
rostickkin: folds 
vikonda85: raises $14 to $22
kamyu2117: folds 
Uncalled bet ($14) returned to vikonda85
vikonda85 collected $17.50 from pot
vikonda85: doesn't show hand 
*** SUMMARY ***
Total pot $17.50 | Rake $0 
Seat 1: CMX1998 (small blind) folded before Flop
Seat 2: rostickkin (big blind) folded before Flop
Seat 3: Melenya folded before Flop (didn't bet)
Seat 4: vikonda85 collected ($17.50)
Seat 5: kamyu2117 (button) folded before Flop



PokerStars Hand #254394635365:  Hold'em No Limit ($0.50/$1.00 USD) - 2025/01/16 5:52:49 WET [2025/01/16 0:52:49 ET]
Table 'Hippokoon III' 6-max Seat #1 is the button
Seat 6: 7bekon7 ($100 in chips) is sitting out
Seat 1: CMX1998 ($38.18 in chips) 
Seat 2: rostickkin ($100 in chips) 
Seat 3: Melenya ($126.93 in chips) 
Seat 4: vikonda85 ($128.32 in chips) 
Seat 5: kamyu2117 ($195.38 in chips) 
rostickkin: posts small blind $0.50
Melenya: posts big blind $1
7bekon7: sits out 
*** HOLE CARDS ***
vikonda85: folds 
kamyu2117 has timed out
kamyu2117: folds 
CMX1998: calls $1
rostickkin: calls $0.50
Melenya: raises $4.50 to $5.50
CMX1998: folds 
rostickkin: folds 
Uncalled bet ($4.50) returned to Melenya
Melenya collected $3 from pot
Melenya: doesn't show hand 
*** SUMMARY ***
Total pot $3 | Rake $0 
Seat 6: 7bekon7
Seat 1: CMX1998 (button) folded before Flop
Seat 2: rostickkin (small blind) folded before Flop
Seat 3: Melenya (big blind) collected ($3)
Seat 4: vikonda85 folded before Flop (didn't bet)
Seat 5: kamyu2117 folded before Flop (didn't bet)



PokerStars Hand #254394638480:  Hold'em No Limit ($0.50/$1.00 USD) - 2025/01/16 5:53:29 WET [2025/01/16 0:53:29 ET]
Table 'Hippokoon III' 6-max Seat #2 is the button
Seat 5: kamyu2117 ($195.38 in chips) is sitting out
Seat 6: 7bekon7 ($100 in chips) is sitting out
Seat 1: CMX1998 ($37.18 in chips) 
Seat 2: rostickkin ($100 in chips) 
Seat 3: Melenya ($128.93 in chips) 
Seat 4: vikonda85 ($128.32 in chips) 
Melenya: posts small blind $0.50
vikonda85: posts big blind $1
7bekon7: sits out 
*** HOLE CARDS ***
CMX1998: calls $1
rostickkin: folds 
Melenya: folds 
vikonda85: checks 
*** FLOP *** [3d 7s Jh]
vikonda85: checks 
CMX1998: checks 
*** TURN *** [3d 7s Jh] [5d]
vikonda85: bets $1
CMX1998: calls $1
*** RIVER *** [3d 7s Jh 5d] [9c]
vikonda85: checks 
CMX1998: checks 
*** SHOW DOWN ***
vikonda85: shows [5h 2c] (a pair of Fives)
CMX1998: mucks hand 
vikonda85 collected $4.28 from pot
*** SUMMARY ***
Total pot $4.50 | Rake $0.22 
Board [3d 7s Jh 5d 9c]
Seat 5: kamyu2117
Seat 6: 7bekon7
Seat 1: CMX1998 mucked
Seat 2: rostickkin (button) folded before Flop (didn't bet)
Seat 3: Melenya (small blind) folded before Flop
Seat 4: vikonda85 (big blind) showed [5h 2c] and won ($4.28) with a pair of Fives



PokerStars Hand #254394641065:  Hold'em No Limit ($0.50/$1.00 USD) - 2025/01/16 5:54:02 WET [2025/01/16 0:54:02 ET]
Table 'Hippokoon III' 6-max Seat #3 is the button
Seat 6: 7bekon7 ($100 in chips) is sitting out
Seat 1: CMX1998 ($35.18 in chips) 
Seat 2: rostickkin ($100 in chips) 
Seat 3: Melenya ($128.43 in chips) 
Seat 4: vikonda85 ($130.60 in chips) 
Seat 5: kamyu2117 ($195.38 in chips) 
vikonda85: posts small blind $0.50
kamyu2117: posts big blind $1
7bekon7: sits out 
*** HOLE CARDS ***
CMX1998: calls $1
rostickkin: folds 
Melenya: folds 
vikonda85: raises $5 to $6
kamyu2117: folds 
CMX1998: calls $5
*** FLOP *** [6d 9d 7s]
vikonda85: checks 
CMX1998: checks 
*** TURN *** [6d 9d 7s] [Jh]
vikonda85: checks 
CMX1998: checks 
*** RIVER *** [6d 9d 7s Jh] [Jc]
vikonda85: checks 
CMX1998: bets $10
vikonda85: calls $10
*** SHOW DOWN ***
CMX1998: shows [4c 4h] (two pair, Jacks and Fours)
vikonda85: mucks hand 
CMX1998 collected $31.35 from pot
*** SUMMARY ***
Total pot $33 | Rake $1.65 
Board [6d 9d 7s Jh Jc]
Seat 6: 7bekon7
Seat 1: CMX1998 showed [4c 4h] and won ($31.35) with two pair, Jacks and Fours
Seat 2: rostickkin folded before Flop (didn't bet)
Seat 3: Melenya (button) folded before Flop (didn't bet)
Seat 4: vikonda85 (small blind) mucked
Seat 5: kamyu2117 (big blind) folded before Flop



PokerStars Hand #254394645922:  Hold'em No Limit ($0.50/$1.00 USD) - 2025/01/16 5:55:04 WET [2025/01/16 0:55:04 ET]
Table 'Hippokoon III' 6-max Seat #4 is the button
Seat 1: CMX1998 ($50.53 in chips) 
Seat 2: rostickkin ($100 in chips) 
Seat 3: Melenya ($128.43 in chips) 
Seat 4: vikonda85 ($114.60 in chips) 
Seat 5: kamyu2117 ($194.38 in chips) 
Seat 6: 7bekon7 ($100 in chips) 
kamyu2117: posts small blind $0.50
7bekon7: posts big blind $1
*** HOLE CARDS ***
CMX1998: calls $1
rostickkin: folds 
Melenya: folds 
vikonda85: folds 
kamyu2117: folds 
7bekon7: checks 
*** FLOP *** [Th 2h Jc]
7bekon7: checks 
CMX1998: checks 
*** TURN *** [Th 2h Jc] [Qs]
7bekon7: checks 
CMX1998: checks 
*** RIVER *** [Th 2h Jc Qs] [Kh]
7bekon7: bets $1.19
CMX1998: raises $4.19 to $5.38
7bekon7: folds 
Uncalled bet ($4.19) returned to CMX1998
CMX1998 collected $4.64 from pot
*** SUMMARY ***
Total pot $4.88 | Rake $0.24 
Board [Th 2h Jc Qs Kh]
Seat 1: CMX1998 collected ($4.64)
Seat 2: rostickkin folded before Flop (didn't bet)
Seat 3: Melenya folded before Flop (didn't bet)
Seat 4: vikonda85 (button) folded before Flop (didn't bet)
Seat 5: kamyu2117 (small blind) folded before Flop
Seat 6: 7bekon7 (big blind) folded on the River



PokerStars Hand #254394826950:  Hold'em No Limit ($0.50/$1.00 USD) - 2025/01/16 6:35:40 WET [2025/01/16 1:35:40 ET]
Table 'Hippokoon III' 6-max Seat #3 is the button
Seat 1: Edi131313 ($100 in chips) is sitting out
Seat 6: uuzka ($100 in chips) is sitting out
Seat 2: hobaa232 ($58.59 in chips) 
Seat 3: Poker9803 ($100 in chips) 
Seat 4: steelNike ($44 in chips) 
Seat 5: Kreayshawn ($100 in chips) 
steelNike: posts small blind $0.50
Kreayshawn: posts big blind $1
uuzka: sits out 
Edi131313: sits out 
*** HOLE CARDS ***
hobaa232: folds 
Poker9803: raises $1.50 to $2.50
steelNike: folds 
Kreayshawn: folds 
Uncalled bet ($1.50) returned to Poker9803
Poker9803 collected $2.50 from pot
Poker9803: doesn't show hand 
*** SUMMARY ***
Total pot $2.50 | Rake $0 
Seat 1: Edi131313
Seat 6: uuzka
Seat 2: hobaa232 folded before Flop (didn't bet)
Seat 3: Poker9803 (button) collected ($2.50)
Seat 4: steelNike (small blind) folded before Flop
Seat 5: Kreayshawn (big blind) folded before Flop



PokerStars Hand #254394828201:  Hold'em No Limit ($0.50/$1.00 USD) - 2025/01/16 6:35:57 WET [2025/01/16 1:35:57 ET]
Table 'Hippokoon III' 6-max Seat #4 is the button
Seat 1: Edi131313 ($100 in chips) is sitting out
Seat 2: hobaa232 ($58.59 in chips) 
Seat 3: Poker9803 ($101.50 in chips) 
Seat 4: steelNike ($43.50 in chips) 
Seat 5: Kreayshawn ($100 in chips) 
Seat 6: uuzka ($100 in chips) 
Kreayshawn: posts small blind $0.50
uuzka: posts big blind $1
Edi131313: sits out 
*** HOLE CARDS ***
hobaa232: folds 
Poker9803: raises $1.50 to $2.50
steelNike: folds 
Kreayshawn: folds 
uuzka: folds 
Uncalled bet ($1.50) returned to Poker9803
Poker9803 collected $2.50 from pot
Poker9803: doesn't show hand 
*** SUMMARY ***
Total pot $2.50 | Rake $0 
Seat 1: Edi131313
Seat 2: hobaa232 folded before Flop (didn't bet)
Seat 3: Poker9803 collected ($2.50)
Seat 4: steelNike (button) folded before Flop (didn't bet)
Seat 5: Kreayshawn (small blind) folded before Flop
Seat 6: uuzka (big blind) folded before Flop



PokerStars Hand #254394830123:  Hold'em No Limit ($0.50/$1.00 USD) - 2025/01/16 6:36:24 WET [2025/01/16 1:36:24 ET]
Table 'Hippokoon III' 6-max Seat #5 is the button
Seat 1: Edi131313 ($100 in chips) 
Seat 2: hobaa232 ($58.59 in chips) 
Seat 3: Poker9803 ($103 in chips) 
Seat 4: steelNike ($43.50 in chips) 
Seat 5: Kreayshawn ($100 in chips) 
Seat 6: uuzka ($100 in chips) 
uuzka: posts small blind $0.50
Edi131313: posts big blind $1
*** HOLE CARDS ***
hobaa232: calls $1
Poker9803: folds 
steelNike: folds 
Kreayshawn: folds 
uuzka: raises $4 to $5
Edi131313: calls $4
hobaa232: calls $4
*** FLOP *** [3c Js 3s]
uuzka: bets $5.13
Edi131313: calls $5.13
hobaa232: folds 
*** TURN *** [3c Js 3s] [Ad]
uuzka: checks 
Edi131313: bets $7
uuzka: calls $7
*** RIVER *** [3c Js 3s Ad] [Qs]
uuzka: checks 
Edi131313: bets $7
uuzka: folds 
Uncalled bet ($7) returned to Edi131313
Edi131313 collected $37.30 from pot
Edi131313: doesn't show hand 
*** SUMMARY ***
Total pot $39.26 | Rake $1.96 
Board [3c Js 3s Ad Qs]
Seat 1: Edi131313 (big blind) collected ($37.30)
Seat 2: hobaa232 folded on the Flop
Seat 3: Poker9803 folded before Flop (didn't bet)
Seat 4: steelNike folded before Flop (didn't bet)
Seat 5: Kreayshawn (button) folded before Flop (didn't bet)
Seat 6: uuzka (small blind) folded on the River



PokerStars Hand #254393941316:  Hold'em No Limit ($0.50/$1.00 USD) - 2025/01/16 3:49:59 WET [2025/01/15 22:49:59 ET]
Table 'Hippokoon III' 6-max Seat #3 is the button
Seat 1: 50CandyJoe ($114.04 in chips) 
Seat 2: B1GBankroll ($132.35 in chips) 
Seat 3: Timonessb ($109.47 in chips) 
Seat 4: max7812915 ($36.88 in chips) 
Seat 5: steepfell ($102.52 in chips) 
Seat 6: CashfishT ($131.74 in chips) 
max7812915: posts small blind $0.50
steepfell: posts big blind $1
*** HOLE CARDS ***
CashfishT: raises $1.20 to $2.20
50CandyJoe: folds 
B1GBankroll: folds 
Timonessb: folds 
max7812915: folds 
steepfell: folds 
Uncalled bet ($1.20) returned to CashfishT
CashfishT collected $2.50 from pot
CashfishT: doesn't show hand 
*** SUMMARY ***
Total pot $2.50 | Rake $0 
Seat 1: 50CandyJoe folded before Flop (didn't bet)
Seat 2: B1GBankroll folded before Flop (didn't bet)
Seat 3: Timonessb (button) folded before Flop (didn't bet)
Seat 4: max7812915 (small blind) folded before Flop
Seat 5: steepfell (big blind) folded before Flop
Seat 6: CashfishT collected ($2.50)



PokerStars Hand #254393944602:  Hold'em No Limit ($0.50/$1.00 USD) - 2025/01/16 3:50:28 WET [2025/01/15 22:50:28 ET]
Table 'Hippokoon III' 6-max Seat #4 is the button
Seat 1: 50CandyJoe ($114.04 in chips) 
Seat 2: B1GBankroll ($132.35 in chips) 
Seat 3: Timonessb ($109.47 in chips) 
Seat 4: max7812915 ($36.38 in chips) 
Seat 5: steepfell ($101.52 in chips) 
Seat 6: CashfishT ($133.24 in chips) 
steepfell: posts small blind $0.50
CashfishT: posts big blind $1
*** HOLE CARDS ***
50CandyJoe: folds 
B1GBankroll: folds 
Timonessb: raises $1.30 to $2.30
max7812915: calls $2.30
steepfell: folds 
CashfishT: calls $1.30
*** FLOP *** [Ts Ks 2s]
CashfishT: checks 
Timonessb: bets $3.59
max7812915: calls $3.59
CashfishT: calls $3.59
*** TURN *** [Ts Ks 2s] [5h]
CashfishT: checks 
Timonessb: bets $12.50
max7812915: calls $12.50
CashfishT: calls $12.50
*** RIVER *** [Ts Ks 2s 5h] [9d]
CashfishT: checks 
Timonessb: checks 
max7812915: bets $17.99 and is all-in
CashfishT: calls $17.99
Timonessb: calls $17.99
*** SHOW DOWN ***
max7812915: shows [Qd Js] (a straight, Nine to King)
CashfishT: mucks hand 
Timonessb: mucks hand 
max7812915 collected $107.14 from pot
*** SUMMARY ***
Total pot $109.64 | Rake $2.50 
Board [Ts Ks 2s 5h 9d]
Seat 1: 50CandyJoe folded before Flop (didn't bet)
Seat 2: B1GBankroll folded before Flop (didn't bet)
Seat 3: Timonessb mucked
Seat 4: max7812915 (button) showed [Qd Js] and won ($107.14) with a straight, Nine to King
Seat 5: steepfell (small blind) folded before Flop
Seat 6: CashfishT (big blind) mucked



PokerStars Hand #254393953089:  Hold'em No Limit ($0.50/$1.00 USD) - 2025/01/16 3:51:42 WET [2025/01/15 22:51:42 ET]
Table 'Hippokoon III' 6-max Seat #5 is the button
Seat 1: 50CandyJoe ($114.04 in chips) 
Seat 2: B1GBankroll ($132.35 in chips) 
Seat 3: Timonessb ($100 in chips) 
Seat 4: max7812915 ($107.14 in chips) 
Seat 5: steepfell ($101.02 in chips) 
Seat 6: CashfishT ($100 in chips) 
CashfishT: posts small blind $0.50
50CandyJoe: posts big blind $1
*** HOLE CARDS ***
B1GBankroll: raises $1.50 to $2.50
Timonessb: folds 
max7812915: folds 
steepfell: folds 
CashfishT: folds 
50CandyJoe: folds 
Uncalled bet ($1.50) returned to B1GBankroll
B1GBankroll collected $2.50 from pot
B1GBankroll: doesn't show hand 
*** SUMMARY ***
Total pot $2.50 | Rake $0 
Seat 1: 50CandyJoe (big blind) folded before Flop
Seat 2: B1GBankroll collected ($2.50)
Seat 3: Timonessb folded before Flop (didn't bet)
Seat 4: max7812915 folded before Flop (didn't bet)
Seat 5: steepfell (button) folded before Flop (didn't bet)
Seat 6: CashfishT (small blind) folded before Flop



PokerStars Hand #254393955076:  Hold'em No Limit ($0.50/$1.00 USD) - 2025/01/16 3:52:00 WET [2025/01/15 22:52:00 ET]
Table 'Hippokoon III' 6-max Seat #6 is the button
Seat 1: 50CandyJoe ($113.04 in chips) 
Seat 2: B1GBankroll ($133.85 in chips) 
Seat 3: Timonessb ($100 in chips) 
Seat 4: max7812915 ($107.14 in chips) 
Seat 5: steepfell ($101.02 in chips) 
Seat 6: CashfishT ($100 in chips) 
50CandyJoe: posts small blind $0.50
B1GBankroll: posts big blind $1
*** HOLE CARDS ***
Timonessb: raises $1.50 to $2.50
max7812915: calls $2.50
steepfell: folds 
CashfishT: folds 
50CandyJoe: folds 
B1GBankroll: calls $1.50
*** FLOP *** [3h Jh 4s]
B1GBankroll: checks 
Timonessb: bets $5.50
max7812915: calls $5.50
B1GBankroll: folds 
*** TURN *** [3h Jh 4s] [7s]
Timonessb: bets $9.21
max7812915: folds 
Uncalled bet ($9.21) returned to Timonessb
Timonessb collected $18.05 from pot
Timonessb: doesn't show hand 
*** SUMMARY ***
Total pot $19 | Rake $0.95 
Board [3h Jh 4s 7s]
Seat 1: 50CandyJoe (small blind) folded before Flop
Seat 2: B1GBankroll (big blind) folded on the Flop
Seat 3: Timonessb collected ($18.05)
Seat 4: max7812915 folded on the Turn
Seat 5: steepfell folded before Flop (didn't bet)
Seat 6: CashfishT (button) folded before Flop (didn't bet)



PokerStars Hand #254393958251:  Hold'em No Limit ($0.50/$1.00 USD) - 2025/01/16 3:52:28 WET [2025/01/15 22:52:28 ET]
Table 'Hippokoon III' 6-max Seat #1 is the button
Seat 1: 50CandyJoe ($112.54 in chips) 
Seat 2: B1GBankroll ($131.35 in chips) 
Seat 3: Timonessb ($110.05 in chips) 
Seat 4: max7812915 ($99.14 in chips) 
Seat 5: steepfell ($101.02 in chips) 
Seat 6: CashfishT ($100 in chips) 
B1GBankroll: posts small blind $0.50
Timonessb: posts big blind $1
*** HOLE CARDS ***
max7812915: calls $1
steepfell: folds 
CashfishT: folds 
50CandyJoe: raises $2.50 to $3.50
B1GBankroll: folds 
Timonessb: folds 
max7812915: calls $2.50
*** FLOP *** [5c 4h 5h]
max7812915: checks 
50CandyJoe: bets $2.67
max7812915: calls $2.67
*** TURN *** [5c 4h 5h] [Qs]
max7812915: checks 
50CandyJoe: bets $12
max7812915: folds 
Uncalled bet ($12) returned to 50CandyJoe
50CandyJoe collected $13.15 from pot
50CandyJoe: doesn't show hand 
*** SUMMARY ***
Total pot $13.84 | Rake $0.69 
Board [5c 4h 5h Qs]
Seat 1: 50CandyJoe (button) collected ($13.15)
Seat 2: B1GBankroll (small blind) folded before Flop
Seat 3: Timonessb (big blind) folded before Flop
Seat 4: max7812915 folded on the Turn
Seat 5: steepfell folded before Flop (didn't bet)
Seat 6: CashfishT folded before Flop (didn't bet)



PokerStars Hand #254393962003:  Hold'em No Limit ($0.50/$1.00 USD) - 2025/01/16 3:53:01 WET [2025/01/15 22:53:01 ET]
Table 'Hippokoon III' 6-max Seat #2 is the button
Seat 1: 50CandyJoe ($119.52 in chips) 
Seat 2: B1GBankroll ($130.85 in chips) 
Seat 3: Timonessb ($109.05 in chips) 
Seat 4: max7812915 ($92.97 in chips) 
Seat 5: steepfell ($101.02 in chips) 
Seat 6: CashfishT ($100 in chips) 
Timonessb: posts small blind $0.50
max7812915: posts big blind $1
*** HOLE CARDS ***
steepfell: folds 
CashfishT: raises $1.20 to $2.20
50CandyJoe: folds 
B1GBankroll: folds 
Timonessb: folds 
max7812915: calls $1.20
*** FLOP *** [Ts 4c 7d]
max7812915: checks 
CashfishT: bets $1.54
max7812915: folds 
Uncalled bet ($1.54) returned to CashfishT
CashfishT collected $4.66 from pot
CashfishT: doesn't show hand 
*** SUMMARY ***
Total pot $4.90 | Rake $0.24 
Board [Ts 4c 7d]
Seat 1: 50CandyJoe folded before Flop (didn't bet)
Seat 2: B1GBankroll (button) folded before Flop (didn't bet)
Seat 3: Timonessb (small blind) folded before Flop
Seat 4: max7812915 (big blind) folded on the Flop
Seat 5: steepfell folded before Flop (didn't bet)
Seat 6: CashfishT collected ($4.66)



PokerStars Hand #254393964695:  Hold'em No Limit ($0.50/$1.00 USD) - 2025/01/16 3:53:25 WET [2025/01/15 22:53:25 ET]
Table 'Hippokoon III' 6-max Seat #3 is the button
Seat 1: 50CandyJoe ($119.52 in chips) 
Seat 2: B1GBankroll ($130.85 in chips) 
Seat 3: Timonessb ($108.55 in chips) 
Seat 4: max7812915 ($90.77 in chips) 
Seat 5: steepfell ($101.02 in chips) 
Seat 6: CashfishT ($102.46 in chips) 
max7812915: posts small blind $0.50
steepfell: posts big blind $1
*** HOLE CARDS ***
CashfishT: folds 
50CandyJoe: raises $1.20 to $2.20
B1GBankroll: folds 
Timonessb: calls $2.20
max7812915: calls $1.70
steepfell: folds 
*** FLOP *** [Td Kd 3d]
max7812915: bets $7.22
50CandyJoe: folds 
Timonessb: folds 
Uncalled bet ($7.22) returned to max7812915
max7812915 collected $7.22 from pot
max7812915: doesn't show hand 
*** SUMMARY ***
Total pot $7.60 | Rake $0.38 
Board [Td Kd 3d]
Seat 1: 50CandyJoe folded on the Flop
Seat 2: B1GBankroll folded before Flop (didn't bet)
Seat 3: Timonessb (button) folded on the Flop
Seat 4: max7812915 (small blind) collected ($7.22)
Seat 5: steepfell (big blind) folded before Flop
Seat 6: CashfishT folded before Flop (didn't bet)



PokerStars Hand #254393968248:  Hold'em No Limit ($0.50/$1.00 USD) - 2025/01/16 3:53:56 WET [2025/01/15 22:53:56 ET]
Table 'Hippokoon III' 6-max Seat #4 is the button
Seat 1: 50CandyJoe ($117.32 in chips) 
Seat 2: B1GBankroll ($130.85 in chips) 
Seat 3: Timonessb ($106.35 in chips) 
Seat 4: max7812915 ($95.79 in chips) 
Seat 5: steepfell ($100.02 in chips) 
Seat 6: CashfishT ($102.46 in chips) 
steepfell: posts small blind $0.50
CashfishT: posts big blind $1
*** HOLE CARDS ***
50CandyJoe: raises $1.20 to $2.20
B1GBankroll: folds 
Timonessb: folds 
max7812915: folds 
steepfell: folds 
CashfishT: folds 
Uncalled bet ($1.20) returned to 50CandyJoe
50CandyJoe collected $2.50 from pot
50CandyJoe: doesn't show hand 
*** SUMMARY ***
Total pot $2.50 | Rake $0 
Seat 1: 50CandyJoe collected ($2.50)
Seat 2: B1GBankroll folded before Flop (didn't bet)
Seat 3: Timonessb folded before Flop (didn't bet)
Seat 4: max7812915 (button) folded before Flop (didn't bet)
Seat 5: steepfell (small blind) folded before Flop
Seat 6: CashfishT (big blind) folded before Flop



PokerStars Hand #254393969333:  Hold'em No Limit ($0.50/$1.00 USD) - 2025/01/16 3:54:06 WET [2025/01/15 22:54:06 ET]
Table 'Hippokoon III' 6-max Seat #5 is the button
Seat 1: 50CandyJoe ($118.82 in chips) 
Seat 2: B1GBankroll ($130.85 in chips) 
Seat 3: Timonessb ($106.35 in chips) 
Seat 4: max7812915 ($95.79 in chips) 
Seat 5: steepfell ($100 in chips) 
Seat 6: CashfishT ($101.46 in chips) 
CashfishT: posts small blind $0.50
50CandyJoe: posts big blind $1
*** HOLE CARDS ***
B1GBankroll: folds 
Timonessb: raises $1.50 to $2.50
max7812915: folds 
steepfell: folds 
CashfishT: folds 
50CandyJoe: calls $1.50
*** FLOP *** [7d 4s 8h]
50CandyJoe: checks 
Timonessb: bets $2.66
50CandyJoe: calls $2.66
*** TURN *** [7d 4s 8h] [Qh]
50CandyJoe: checks 
Timonessb: bets $7.50
50CandyJoe: folds 
Uncalled bet ($7.50) returned to Timonessb
Timonessb collected $10.28 from pot
Timonessb: doesn't show hand 
*** SUMMARY ***
Total pot $10.82 | Rake $0.54 
Board [7d 4s 8h Qh]
Seat 1: 50CandyJoe (big blind) folded on the Turn
Seat 2: B1GBankroll folded before Flop (didn't bet)
Seat 3: Timonessb collected ($10.28)
Seat 4: max7812915 folded before Flop (didn't bet)
Seat 5: steepfell (button) folded before Flop (didn't bet)
Seat 6: CashfishT (small blind) folded before Flop



PokerStars Hand #254393972888:  Hold'em No Limit ($0.50/$1.00 USD) - 2025/01/16 3:54:37 WET [2025/01/15 22:54:37 ET]
Table 'Hippokoon III' 6-max Seat #6 is the button
Seat 1: 50CandyJoe ($113.66 in chips) 
Seat 2: B1GBankroll ($130.85 in chips) 
Seat 3: Timonessb ($111.47 in chips) 
Seat 4: max7812915 ($95.79 in chips) 
Seat 5: steepfell ($100 in chips) 
Seat 6: CashfishT ($100.96 in chips) 
50CandyJoe: posts small blind $0.50
B1GBankroll: posts big blind $1
*** HOLE CARDS ***
Timonessb: folds 
max7812915: calls $1
steepfell: folds 
CashfishT: raises $3 to $4
50CandyJoe: folds 
B1GBankroll: calls $3
max7812915: calls $3
*** FLOP *** [Ah 6h Qd]
B1GBankroll: checks 
max7812915: checks 
CashfishT: checks 
*** TURN *** [Ah 6h Qd] [Ks]
B1GBankroll: checks 
max7812915: checks 
CashfishT: checks 
*** RIVER *** [Ah 6h Qd Ks] [3h]
B1GBankroll: bets $5.82
max7812915: calls $5.82
CashfishT: folds 
*** SHOW DOWN ***
B1GBankroll: shows [3c Ac] (two pair, Aces and Threes)
max7812915: mucks hand 
B1GBankroll collected $22.93 from pot
*** SUMMARY ***
Total pot $24.14 | Rake $1.21 
Board [Ah 6h Qd Ks 3h]
Seat 1: 50CandyJoe (small blind) folded before Flop
Seat 2: B1GBankroll (big blind) showed [3c Ac] and won ($22.93) with two pair, Aces and Threes
Seat 3: Timonessb folded before Flop (didn't bet)
Seat 4: max7812915 mucked
Seat 5: steepfell folded before Flop (didn't bet)
Seat 6: CashfishT (button) folded on the River



PokerStars Hand #254393979822:  Hold'em No Limit ($0.50/$1.00 USD) - 2025/01/16 3:55:43 WET [2025/01/15 22:55:43 ET]
Table 'Hippokoon III' 6-max Seat #1 is the button
Seat 1: 50CandyJoe ($113.16 in chips) 
Seat 2: B1GBankroll ($143.96 in chips) 
Seat 3: Timonessb ($111.47 in chips) 
Seat 4: max7812915 ($85.97 in chips) 
Seat 5: steepfell ($100 in chips) 
Seat 6: CashfishT ($100 in chips) 
B1GBankroll: posts small blind $0.50
Timonessb: posts big blind $1
*** HOLE CARDS ***
max7812915: folds 
steepfell: raises $1.50 to $2.50
CashfishT: folds 
50CandyJoe: folds 
B1GBankroll: folds 
Timonessb: folds 
Uncalled bet ($1.50) returned to steepfell
steepfell collected $2.50 from pot
steepfell: doesn't show hand 
*** SUMMARY ***
Total pot $2.50 | Rake $0 
Seat 1: 50CandyJoe (button) folded before Flop (didn't bet)
Seat 2: B1GBankroll (small blind) folded before Flop
Seat 3: Timonessb (big blind) folded before Flop
Seat 4: max7812915 folded before Flop (didn't bet)
Seat 5: steepfell collected ($2.50)
Seat 6: CashfishT folded before Flop (didn't bet)



PokerStars Hand #254393981901:  Hold'em No Limit ($0.50/$1.00 USD) - 2025/01/16 3:56:05 WET [2025/01/15 22:56:05 ET]
Table 'Hippokoon III' 6-max Seat #2 is the button
Seat 1: 50CandyJoe ($113.16 in chips) 
Seat 2: B1GBankroll ($143.46 in chips) 
Seat 3: Timonessb ($110.47 in chips) 
Seat 4: max7812915 ($85.97 in chips) 
Seat 5: steepfell ($101.50 in chips) 
Seat 6: CashfishT ($100 in chips) 
Timonessb: posts small blind $0.50
max7812915: posts big blind $1
*** HOLE CARDS ***
steepfell: folds 
CashfishT: folds 
50CandyJoe: raises $1.20 to $2.20
B1GBankroll: folds 
Timonessb: calls $1.70
max7812915: calls $1.20
*** FLOP *** [Kd Qh Ks]
Timonessb: checks 
max7812915: checks 
50CandyJoe: bets $2.07
Timonessb: calls $2.07
max7812915: folds 
*** TURN *** [Kd Qh Ks] [9d]
Timonessb: checks 
50CandyJoe: checks 
*** RIVER *** [Kd Qh Ks 9d] [Kh]
Timonessb: bets $1
50CandyJoe: calls $1
*** SHOW DOWN ***
Timonessb: shows [Th Qs] (a full house, Kings full of Queens)
50CandyJoe: mucks hand 
Timonessb collected $12.10 from pot
*** SUMMARY ***
Total pot $12.74 | Rake $0.64 
Board [Kd Qh Ks 9d Kh]
Seat 1: 50CandyJoe mucked
Seat 2: B1GBankroll (button) folded before Flop (didn't bet)
Seat 3: Timonessb (small blind) showed [Th Qs] and won ($12.10) with a full house, Kings full of Queens
Seat 4: max7812915 (big blind) folded on the Flop
Seat 5: steepfell folded before Flop (didn't bet)
Seat 6: CashfishT folded before Flop (didn't bet)



PokerStars Hand #254393985689:  Hold'em No Limit ($0.50/$1.00 USD) - 2025/01/16 3:56:45 WET [2025/01/15 22:56:45 ET]
Table 'Hippokoon III' 6-max Seat #3 is the button
Seat 1: 50CandyJoe ($107.89 in chips) 
Seat 2: B1GBankroll ($143.46 in chips) 
Seat 3: Timonessb ($117.30 in chips) 
Seat 4: max7812915 ($83.77 in chips) 
Seat 5: steepfell ($101.50 in chips) 
Seat 6: CashfishT ($100 in chips) 
max7812915: posts small blind $0.50
steepfell: posts big blind $1
*** HOLE CARDS ***
CashfishT: folds 
50CandyJoe: raises $1.20 to $2.20
B1GBankroll: folds 
Timonessb: folds 
max7812915: folds 
steepfell: folds 
Uncalled bet ($1.20) returned to 50CandyJoe
50CandyJoe collected $2.50 from pot
50CandyJoe: doesn't show hand 
*** SUMMARY ***
Total pot $2.50 | Rake $0 
Seat 1: 50CandyJoe collected ($2.50)
Seat 2: B1GBankroll folded before Flop (didn't bet)
Seat 3: Timonessb (button) folded before Flop (didn't bet)
Seat 4: max7812915 (small blind) folded before Flop
Seat 5: steepfell (big blind) folded before Flop
Seat 6: CashfishT folded before Flop (didn't bet)



PokerStars Hand #254393987180:  Hold'em No Limit ($0.50/$1.00 USD) - 2025/01/16 3:57:01 WET [2025/01/15 22:57:01 ET]
Table 'Hippokoon III' 6-max Seat #4 is the button
Seat 1: 50CandyJoe ($109.39 in chips) 
Seat 2: B1GBankroll ($143.46 in chips) 
Seat 3: Timonessb ($117.30 in chips) 
Seat 4: max7812915 ($83.27 in chips) 
Seat 5: steepfell ($100.50 in chips) 
Seat 6: CashfishT ($100 in chips) 
steepfell: posts small blind $0.50
CashfishT: posts big blind $1
*** HOLE CARDS ***
50CandyJoe: folds 
B1GBankroll: folds 
Timonessb: raises $1.30 to $2.30
max7812915: folds 
steepfell: folds 
CashfishT: calls $1.30
*** FLOP *** [Ad Ah Kd]
CashfishT: checks 
Timonessb: bets $1
CashfishT: folds 
Uncalled bet ($1) returned to Timonessb
Timonessb collected $4.84 from pot
Timonessb: doesn't show hand 
*** SUMMARY ***
Total pot $5.10 | Rake $0.26 
Board [Ad Ah Kd]
Seat 1: 50CandyJoe folded before Flop (didn't bet)
Seat 2: B1GBankroll folded before Flop (didn't bet)
Seat 3: Timonessb collected ($4.84)
Seat 4: max7812915 (button) folded before Flop (didn't bet)
Seat 5: steepfell (small blind) folded before Flop
Seat 6: CashfishT (big blind) folded on the Flop



PokerStars Hand #254393989853:  Hold'em No Limit ($0.50/$1.00 USD) - 2025/01/16 3:57:29 WET [2025/01/15 22:57:29 ET]
Table 'Hippokoon III' 6-max Seat #5 is the button
Seat 1: 50CandyJoe ($109.39 in chips) 
Seat 2: B1GBankroll ($143.46 in chips) 
Seat 3: Timonessb ($119.84 in chips) 
Seat 4: max7812915 ($83.27 in chips) 
Seat 5: steepfell ($100 in chips) 
Seat 6: CashfishT ($100 in chips) 
CashfishT: posts small blind $0.50
50CandyJoe: posts big blind $1
*** HOLE CARDS ***
B1GBankroll: folds 
Timonessb: folds 
B1GBankroll leaves the table
max7812915: calls $1
steepfell: folds 
CashfishT: folds 
50CandyJoe: raises $3 to $4
max7812915: calls $3
*** FLOP *** [5s 2c Jc]
50CandyJoe: bets $4.04
max7812915: folds 
Uncalled bet ($4.04) returned to 50CandyJoe
50CandyJoe collected $8.08 from pot
50CandyJoe: doesn't show hand 
*** SUMMARY ***
Total pot $8.50 | Rake $0.42 
Board [5s 2c Jc]
Seat 1: 50CandyJoe (big blind) collected ($8.08)
Seat 2: B1GBankroll folded before Flop (didn't bet)
Seat 3: Timonessb folded before Flop (didn't bet)
Seat 4: max7812915 folded on the Flop
Seat 5: steepfell (button) folded before Flop (didn't bet)
Seat 6: CashfishT (small blind) folded before Flop



PokerStars Hand #254393992991:  Hold'em No Limit ($0.50/$1.00 USD) - 2025/01/16 3:58:02 WET [2025/01/15 22:58:02 ET]
Table 'Hippokoon III' 6-max Seat #6 is the button
Seat 1: 50CandyJoe ($113.47 in chips) 
Seat 3: Timonessb ($119.84 in chips) 
Seat 4: max7812915 ($79.27 in chips) 
Seat 5: steepfell ($100 in chips) 
Seat 6: CashfishT ($100 in chips) 
50CandyJoe: posts small blind $0.50
Timonessb: posts big blind $1
*** HOLE CARDS ***
max7812915: folds 
steepfell: folds 
CashfishT: folds 
50CandyJoe: folds 
Uncalled bet ($0.50) returned to Timonessb
Timonessb collected $1 from pot
Timonessb: doesn't show hand 
*** SUMMARY ***
Total pot $1 | Rake $0 
Seat 1: 50CandyJoe (small blind) folded before Flop
Seat 3: Timonessb (big blind) collected ($1)
Seat 4: max7812915 folded before Flop (didn't bet)
Seat 5: steepfell folded before Flop (didn't bet)
Seat 6: CashfishT (button) folded before Flop (didn't bet)



PokerStars Hand #254393993868:  Hold'em No Limit ($0.50/$1.00 USD) - 2025/01/16 3:58:11 WET [2025/01/15 22:58:11 ET]
Table 'Hippokoon III' 6-max Seat #1 is the button
Seat 1: 50CandyJoe ($112.97 in chips) 
Seat 3: Timonessb ($120.34 in chips) 
Seat 4: max7812915 ($79.27 in chips) 
Seat 5: steepfell ($100 in chips) 
Seat 6: CashfishT ($100 in chips) 
Timonessb: posts small blind $0.50
max7812915: posts big blind $1
*** HOLE CARDS ***
steepfell: folds 
CashfishT: raises $1.20 to $2.20
50CandyJoe: folds 
Timonessb: folds 
max7812915: calls $1.20
*** FLOP *** [3h 7s 2h]
max7812915: checks 
CashfishT: bets $3.50
sutata joins the table at seat #2 
max7812915: calls $3.50
*** TURN *** [3h 7s 2h] [Qh]
max7812915: checks 
CashfishT: bets $8
max7812915: folds 
Uncalled bet ($8) returned to CashfishT
CashfishT collected $11.30 from pot
CashfishT: doesn't show hand 
*** SUMMARY ***
Total pot $11.90 | Rake $0.60 
Board [3h 7s 2h Qh]
Seat 1: 50CandyJoe (button) folded before Flop (didn't bet)
Seat 3: Timonessb (small blind) folded before Flop
Seat 4: max7812915 (big blind) folded on the Turn
Seat 5: steepfell folded before Flop (didn't bet)
Seat 6: CashfishT collected ($11.30)



PokerStars Hand #254393997249:  Hold'em No Limit ($0.50/$1.00 USD) - 2025/01/16 3:58:46 WET [2025/01/15 22:58:46 ET]
Table 'Hippokoon III' 6-max Seat #3 is the button
Seat 2: sutata ($100 in chips) is sitting out
Seat 1: 50CandyJoe ($112.97 in chips) 
Seat 3: Timonessb ($119.84 in chips) 
Seat 4: max7812915 ($73.57 in chips) 
Seat 5: steepfell ($100 in chips) 
Seat 6: CashfishT ($105.60 in chips) 
max7812915: posts small blind $0.50
steepfell: posts big blind $1
sutata: sits out 
*** HOLE CARDS ***
CashfishT: folds 
50CandyJoe: raises $1.20 to $2.20
Timonessb: folds 
max7812915: folds 
steepfell: folds 
Uncalled bet ($1.20) returned to 50CandyJoe
50CandyJoe collected $2.50 from pot
50CandyJoe: doesn't show hand 
*** SUMMARY ***
Total pot $2.50 | Rake $0 
Seat 2: sutata
Seat 1: 50CandyJoe collected ($2.50)
Seat 3: Timonessb (button) folded before Flop (didn't bet)
Seat 4: max7812915 (small blind) folded before Flop
Seat 5: steepfell (big blind) folded before Flop
Seat 6: CashfishT folded before Flop (didn't bet)



PokerStars Hand #254393998688:  Hold'em No Limit ($0.50/$1.00 USD) - 2025/01/16 3:59:01 WET [2025/01/15 22:59:01 ET]
Table 'Hippokoon III' 6-max Seat #4 is the button
Seat 2: sutata ($100 in chips) is sitting out
Seat 1: 50CandyJoe ($114.47 in chips) 
Seat 3: Timonessb ($119.84 in chips) 
Seat 4: max7812915 ($73.07 in chips) 
Seat 5: steepfell ($100 in chips) 
Seat 6: CashfishT ($105.60 in chips) 
steepfell: posts small blind $0.50
CashfishT: posts big blind $1
sutata: sits out 
*** HOLE CARDS ***
50CandyJoe: raises $1.20 to $2.20
Timonessb: folds 
max7812915: calls $2.20
steepfell: folds 
CashfishT: raises $11.80 to $14
50CandyJoe: folds 
max7812915: calls $11.80
*** FLOP *** [9h 3d 8d]
CashfishT: bets $7.29
max7812915: calls $7.29
*** TURN *** [9h 3d 8d] [2s]
CashfishT: checks 
max7812915: bets $21.51
CashfishT: folds 
Uncalled bet ($21.51) returned to max7812915
max7812915 collected $43.02 from pot
max7812915: doesn't show hand 
*** SUMMARY ***
Total pot $45.28 | Rake $2.26 
Board [9h 3d 8d 2s]
Seat 2: sutata
Seat 1: 50CandyJoe folded before Flop
Seat 3: Timonessb folded before Flop (didn't bet)
Seat 4: max7812915 (button) collected ($43.02)
Seat 5: steepfell (small blind) folded before Flop
Seat 6: CashfishT (big blind) folded on the Turn



PokerStars Hand #254394004646:  Hold'em No Limit ($0.50/$1.00 USD) - 2025/01/16 4:00:04 WET [2025/01/15 23:00:04 ET]
Table 'Hippokoon III' 6-max Seat #5 is the button
Seat 2: sutata ($100 in chips) is sitting out
Seat 1: 50CandyJoe ($112.27 in chips) 
Seat 3: Timonessb ($119.84 in chips) 
Seat 4: max7812915 ($94.80 in chips) 
Seat 5: steepfell ($100 in chips) 
Seat 6: CashfishT ($100 in chips) 
CashfishT: posts small blind $0.50
50CandyJoe: posts big blind $1
sutata: sits out 
*** HOLE CARDS ***
Timonessb: folds 
max7812915: folds 
steepfell: folds 
CashfishT: raises $2 to $3
50CandyJoe: calls $2
*** FLOP *** [Tc 4s 5s]
CashfishT: checks 
50CandyJoe: bets $1.88
CashfishT: raises $7.10 to $8.98
50CandyJoe: calls $7.10
*** TURN *** [Tc 4s 5s] [2h]
CashfishT: checks 
50CandyJoe: bets $5.69
CashfishT: calls $5.69
*** RIVER *** [Tc 4s 5s 2h] [Qs]
CashfishT: checks 
50CandyJoe: bets $8.39
CashfishT: folds 
Uncalled bet ($8.39) returned to 50CandyJoe
50CandyJoe collected $33.57 from pot
50CandyJoe: doesn't show hand 
*** SUMMARY ***
Total pot $35.34 | Rake $1.77 
Board [Tc 4s 5s 2h Qs]
Seat 2: sutata
Seat 1: 50CandyJoe (big blind) collected ($33.57)
Seat 3: Timonessb folded before Flop (didn't bet)
Seat 4: max7812915 folded before Flop (didn't bet)
Seat 5: steepfell (button) folded before Flop (didn't bet)
Seat 6: CashfishT (small blind) folded on the River



PokerStars Hand #254394014975:  Hold'em No Limit ($0.50/$1.00 USD) - 2025/01/16 4:01:41 WET [2025/01/15 23:01:41 ET]
Table 'Hippokoon III' 6-max Seat #6 is the button
Seat 1: 50CandyJoe ($128.17 in chips) 
Seat 2: sutata ($100 in chips) 
Seat 3: Timonessb ($119.84 in chips) 
Seat 4: max7812915 ($94.80 in chips) 
Seat 5: steepfell ($100 in chips) 
Seat 6: CashfishT ($100 in chips) 
50CandyJoe: posts small blind $0.50
sutata: posts big blind $1
*** HOLE CARDS ***
Timonessb: folds 
max7812915: calls $1
steepfell: folds 
CashfishT: folds 
50CandyJoe: folds 
sutata: checks 
*** FLOP *** [6c Th 5d]
sutata: checks 
max7812915: checks 
*** TURN *** [6c Th 5d] [Qd]
sutata: bets $1
max7812915: calls $1
*** RIVER *** [6c Th 5d Qd] [8h]
sutata: checks 
max7812915: checks 
*** SHOW DOWN ***
sutata: shows [Qs 8s] (two pair, Queens and Eights)
max7812915: mucks hand 
sutata collected $4.28 from pot
*** SUMMARY ***
Total pot $4.50 | Rake $0.22 
Board [6c Th 5d Qd 8h]
Seat 1: 50CandyJoe (small blind) folded before Flop
Seat 2: sutata (big blind) showed [Qs 8s] and won ($4.28) with two pair, Queens and Eights
Seat 3: Timonessb folded before Flop (didn't bet)
Seat 4: max7812915 mucked
Seat 5: steepfell folded before Flop (didn't bet)
Seat 6: CashfishT (button) folded before Flop (didn't bet)



PokerStars Hand #254394018251:  Hold'em No Limit ($0.50/$1.00 USD) - 2025/01/16 4:02:11 WET [2025/01/15 23:02:11 ET]
Table 'Hippokoon III' 6-max Seat #1 is the button
Seat 1: 50CandyJoe ($127.67 in chips) 
Seat 2: sutata ($102.28 in chips) 
Seat 3: Timonessb ($119.84 in chips) 
Seat 4: max7812915 ($92.80 in chips) 
Seat 5: steepfell ($100 in chips) 
Seat 6: CashfishT ($100 in chips) 
sutata: posts small blind $0.50
Timonessb: posts big blind $1
*** HOLE CARDS ***
max7812915: folds 
steepfell: raises $1.50 to $2.50
CashfishT: folds 
50CandyJoe: folds 
sutata: folds 
Timonessb: calls $1.50
*** FLOP *** [8c 5c Kd]
Timonessb: checks 
steepfell: bets $2.61
Timonessb: raises $10.75 to $13.36
steepfell: calls $10.75
*** TURN *** [8c 5c Kd] [5d]
Timonessb: bets $20.51
steepfell: calls $20.51
*** RIVER *** [8c 5c Kd 5d] [5s]
Timonessb: checks 
steepfell: checks 
*** SHOW DOWN ***
Timonessb: shows [6c 7c] (three of a kind, Fives)
steepfell: shows [Kc Tc] (a full house, Fives full of Kings)
steepfell collected $70.74 from pot
*** SUMMARY ***
Total pot $73.24 | Rake $2.50 
Board [8c 5c Kd 5d 5s]
Seat 1: 50CandyJoe (button) folded before Flop (didn't bet)
Seat 2: sutata (small blind) folded before Flop
Seat 3: Timonessb (big blind) showed [6c 7c] and lost with three of a kind, Fives
Seat 4: max7812915 folded before Flop (didn't bet)
Seat 5: steepfell showed [Kc Tc] and won ($70.74) with a full house, Fives full of Kings
Seat 6: CashfishT folded before Flop (didn't bet)



PokerStars Hand #254394025574:  Hold'em No Limit ($0.50/$1.00 USD) - 2025/01/16 4:03:17 WET [2025/01/15 23:03:17 ET]
Table 'Hippokoon III' 6-max Seat #2 is the button
Seat 1: 50CandyJoe ($127.67 in chips) 
Seat 2: sutata ($101.78 in chips) 
Seat 3: Timonessb ($100 in chips) 
Seat 4: max7812915 ($92.80 in chips) 
Seat 5: steepfell ($134.37 in chips) 
Seat 6: CashfishT ($100 in chips) 
Timonessb: posts small blind $0.50
max7812915: posts big blind $1
*** HOLE CARDS ***
steepfell: raises $1.50 to $2.50
CashfishT: folds 
50CandyJoe: folds 
sutata: folds 
Timonessb: folds 
max7812915: folds 
Uncalled bet ($1.50) returned to steepfell
steepfell collected $2.50 from pot
steepfell: doesn't show hand 
*** SUMMARY ***
Total pot $2.50 | Rake $0 
Seat 1: 50CandyJoe folded before Flop (didn't bet)
Seat 2: sutata (button) folded before Flop (didn't bet)
Seat 3: Timonessb (small blind) folded before Flop
Seat 4: max7812915 (big blind) folded before Flop
Seat 5: steepfell collected ($2.50)
Seat 6: CashfishT folded before Flop (didn't bet)



PokerStars Hand #254394027990:  Hold'em No Limit ($0.50/$1.00 USD) - 2025/01/16 4:03:39 WET [2025/01/15 23:03:39 ET]
Table 'Hippokoon III' 6-max Seat #3 is the button
Seat 1: 50CandyJoe ($127.67 in chips) 
Seat 2: sutata ($101.78 in chips) 
Seat 3: Timonessb ($100 in chips) 
Seat 4: max7812915 ($91.80 in chips) 
Seat 5: steepfell ($135.87 in chips) 
Seat 6: CashfishT ($100 in chips) 
max7812915: posts small blind $0.50
steepfell: posts big blind $1
*** HOLE CARDS ***
CashfishT: folds 
50CandyJoe: raises $1.20 to $2.20
sutata: folds 
Timonessb: calls $2.20
max7812915: folds 
steepfell: folds 
*** FLOP *** [8s 6c 2d]
50CandyJoe: checks 
Timonessb: bets $1.85
50CandyJoe: folds 
Uncalled bet ($1.85) returned to Timonessb
Timonessb collected $5.60 from pot
Timonessb: doesn't show hand 
*** SUMMARY ***
Total pot $5.90 | Rake $0.30 
Board [8s 6c 2d]
Seat 1: 50CandyJoe folded on the Flop
Seat 2: sutata folded before Flop (didn't bet)
Seat 3: Timonessb (button) collected ($5.60)
Seat 4: max7812915 (small blind) folded before Flop
Seat 5: steepfell (big blind) folded before Flop
Seat 6: CashfishT folded before Flop (didn't bet)



PokerStars Hand #254394031631:  Hold'em No Limit ($0.50/$1.00 USD) - 2025/01/16 4:04:12 WET [2025/01/15 23:04:12 ET]
Table 'Hippokoon III' 6-max Seat #4 is the button
Seat 1: 50CandyJoe ($125.47 in chips) 
Seat 2: sutata ($101.78 in chips) 
Seat 3: Timonessb ($103.40 in chips) 
Seat 4: max7812915 ($91.30 in chips) 
Seat 5: steepfell ($134.87 in chips) 
Seat 6: CashfishT ($100 in chips) 
steepfell: posts small blind $0.50
CashfishT: posts big blind $1
*** HOLE CARDS ***
50CandyJoe: raises $1.20 to $2.20
sutata: folds 
Timonessb: folds 
max7812915: calls $2.20
steepfell: folds 
CashfishT: calls $1.20
*** FLOP *** [8s 9s Ks]
CashfishT: checks 
50CandyJoe: checks 
max7812915: bets $1
CashfishT: calls $1
50CandyJoe: calls $1
*** TURN *** [8s 9s Ks] [9c]
CashfishT: checks 
50CandyJoe: checks 
max7812915: bets $4.80
CashfishT: raises $13.20 to $18
50CandyJoe: folds 
max7812915: calls $13.20
*** RIVER *** [8s 9s Ks 9c] [4d]
CashfishT: bets $75
max7812915: folds 
Uncalled bet ($75) returned to CashfishT
CashfishT collected $43.80 from pot
CashfishT: doesn't show hand 
*** SUMMARY ***
Total pot $46.10 | Rake $2.30 
Board [8s 9s Ks 9c 4d]
Seat 1: 50CandyJoe folded on the Turn
Seat 2: sutata folded before Flop (didn't bet)
Seat 3: Timonessb folded before Flop (didn't bet)
Seat 4: max7812915 (button) folded on the River
Seat 5: steepfell (small blind) folded before Flop
Seat 6: CashfishT (big blind) collected ($43.80)



PokerStars Hand #254394039219:  Hold'em No Limit ($0.50/$1.00 USD) - 2025/01/16 4:05:19 WET [2025/01/15 23:05:19 ET]
Table 'Hippokoon III' 6-max Seat #5 is the button
Seat 1: 50CandyJoe ($122.27 in chips) 
Seat 2: sutata ($101.78 in chips) 
Seat 3: Timonessb ($103.40 in chips) 
Seat 4: max7812915 ($70.10 in chips) 
Seat 5: steepfell ($134.37 in chips) 
Seat 6: CashfishT ($122.60 in chips) 
CashfishT: posts small blind $0.50
50CandyJoe: posts big blind $1
*** HOLE CARDS ***
sutata: folds 
Timonessb: raises $1.50 to $2.50
max7812915: folds 
steepfell: folds 
CashfishT: folds 
50CandyJoe: folds 
Uncalled bet ($1.50) returned to Timonessb
Timonessb collected $2.50 from pot
Timonessb: doesn't show hand 
*** SUMMARY ***
Total pot $2.50 | Rake $0 
Seat 1: 50CandyJoe (big blind) folded before Flop
Seat 2: sutata folded before Flop (didn't bet)
Seat 3: Timonessb collected ($2.50)
Seat 4: max7812915 folded before Flop (didn't bet)
Seat 5: steepfell (button) folded before Flop (didn't bet)
Seat 6: CashfishT (small blind) folded before Flop



PokerStars Hand #254394043161:  Hold'em No Limit ($0.50/$1.00 USD) - 2025/01/16 4:05:55 WET [2025/01/15 23:05:55 ET]
Table 'Hippokoon III' 6-max Seat #6 is the button
Seat 1: 50CandyJoe ($121.27 in chips) 
Seat 2: sutata ($101.78 in chips) 
Seat 3: Timonessb ($104.90 in chips) 
Seat 4: max7812915 ($70.10 in chips) 
Seat 5: steepfell ($134.37 in chips) 
Seat 6: CashfishT ($122.10 in chips) 
50CandyJoe: posts small blind $0.50
sutata: posts big blind $1
*** HOLE CARDS ***
Timonessb: folds 
max7812915: folds 
steepfell: raises $1.50 to $2.50
CashfishT: folds 
50CandyJoe: folds 
sutata: folds 
Uncalled bet ($1.50) returned to steepfell
steepfell collected $2.50 from pot
steepfell: doesn't show hand 
*** SUMMARY ***
Total pot $2.50 | Rake $0 
Seat 1: 50CandyJoe (small blind) folded before Flop
Seat 2: sutata (big blind) folded before Flop
Seat 3: Timonessb folded before Flop (didn't bet)
Seat 4: max7812915 folded before Flop (didn't bet)
Seat 5: steepfell collected ($2.50)
Seat 6: CashfishT (button) folded before Flop (didn't bet)



PokerStars Hand #254394045591:  Hold'em No Limit ($0.50/$1.00 USD) - 2025/01/16 4:06:16 WET [2025/01/15 23:06:16 ET]
Table 'Hippokoon III' 6-max Seat #1 is the button
Seat 1: 50CandyJoe ($120.77 in chips) 
Seat 2: sutata ($100.78 in chips) 
Seat 3: Timonessb ($104.90 in chips) 
Seat 4: max7812915 ($70.10 in chips) 
Seat 5: steepfell ($135.87 in chips) 
Seat 6: CashfishT ($122.10 in chips) 
sutata: posts small blind $0.50
Timonessb: posts big blind $1
*** HOLE CARDS ***
max7812915: folds 
steepfell: folds 
CashfishT: folds 
50CandyJoe: folds 
max7812915 leaves the table
sutata: folds 
Uncalled bet ($0.50) returned to Timonessb
Timonessb collected $1 from pot
Timonessb: doesn't show hand 
*** SUMMARY ***
Total pot $1 | Rake $0 
Seat 1: 50CandyJoe (button) folded before Flop (didn't bet)
Seat 2: sutata (small blind) folded before Flop
Seat 3: Timonessb (big blind) collected ($1)
Seat 4: max7812915 folded before Flop (didn't bet)
Seat 5: steepfell folded before Flop (didn't bet)
Seat 6: CashfishT folded before Flop (didn't bet)



PokerStars Hand #254394048072:  Hold'em No Limit ($0.50/$1.00 USD) - 2025/01/16 4:06:39 WET [2025/01/15 23:06:39 ET]
Table 'Hippokoon III' 6-max Seat #2 is the button
Seat 1: 50CandyJoe ($120.77 in chips) 
Seat 2: sutata ($100.28 in chips) 
Seat 3: Timonessb ($105.40 in chips) 
Seat 5: steepfell ($135.87 in chips) 
Seat 6: CashfishT ($122.10 in chips) 
Timonessb: posts small blind $0.50
steepfell: posts big blind $1
*** HOLE CARDS ***
CashfishT: folds 
50CandyJoe: folds 
sutata: raises $2 to $3
Timonessb: folds 
steepfell: calls $2
*** FLOP *** [Kc 6h Tc]
steepfell: checks 
sutata: checks 
*** TURN *** [Kc 6h Tc] [Ks]
steepfell: checks 
sutata: bets $4.70
steepfell: folds 
Uncalled bet ($4.70) returned to sutata
sutata collected $6.18 from pot
sutata: doesn't show hand 
*** SUMMARY ***
Total pot $6.50 | Rake $0.32 
Board [Kc 6h Tc Ks]
Seat 1: 50CandyJoe folded before Flop (didn't bet)
Seat 2: sutata (button) collected ($6.18)
Seat 3: Timonessb (small blind) folded before Flop
Seat 5: steepfell (big blind) folded on the Turn
Seat 6: CashfishT folded before Flop (didn't bet)



PokerStars Hand #254394051589:  Hold'em No Limit ($0.50/$1.00 USD) - 2025/01/16 4:07:12 WET [2025/01/15 23:07:12 ET]
Table 'Hippokoon III' 6-max Seat #3 is the button
Seat 1: 50CandyJoe ($120.77 in chips) 
Seat 2: sutata ($103.46 in chips) 
Seat 3: Timonessb ($104.90 in chips) 
Seat 5: steepfell ($132.87 in chips) 
Seat 6: CashfishT ($122.10 in chips) 
steepfell: posts small blind $0.50
CashfishT: posts big blind $1
*** HOLE CARDS ***
50CandyJoe: folds 
sutata: raises $1.50 to $2.50
Timonessb: folds 
steepfell: folds 
CashfishT: calls $1.50
*** FLOP *** [7s Qs Ks]
CashfishT: checks 
sutata: checks 
*** TURN *** [7s Qs Ks] [Jc]
CashfishT: bets $2.61
sutata: calls $2.61
*** RIVER *** [7s Qs Ks Jc] [Jh]
CashfishT: bets $20
sutata: folds 
Uncalled bet ($20) returned to CashfishT
CashfishT collected $10.18 from pot
CashfishT: doesn't show hand 
*** SUMMARY ***
Total pot $10.72 | Rake $0.54 
Board [7s Qs Ks Jc Jh]
Seat 1: 50CandyJoe folded before Flop (didn't bet)
Seat 2: sutata folded on the River
Seat 3: Timonessb (button) folded before Flop (didn't bet)
Seat 5: steepfell (small blind) folded before Flop
Seat 6: CashfishT (big blind) collected ($10.18)



PokerStars Hand #254394057835:  Hold'em No Limit ($0.50/$1.00 USD) - 2025/01/16 4:08:09 WET [2025/01/15 23:08:09 ET]
Table 'Hippokoon III' 6-max Seat #5 is the button
Seat 1: 50CandyJoe ($120.77 in chips) 
Seat 2: sutata ($100 in chips) 
Seat 3: Timonessb ($104.90 in chips) 
Seat 5: steepfell ($132.37 in chips) 
Seat 6: CashfishT ($127.17 in chips) 
CashfishT: posts small blind $0.50
50CandyJoe: posts big blind $1
*** HOLE CARDS ***
sutata: raises $1.50 to $2.50
Timonessb: folds 
steepfell: folds 
CashfishT: folds 
50CandyJoe: folds 
Uncalled bet ($1.50) returned to sutata
50CandyJoe leaves the table
sutata collected $2.50 from pot
sutata: doesn't show hand 
*** SUMMARY ***
Total pot $2.50 | Rake $0 
Seat 1: 50CandyJoe (big blind) folded before Flop
Seat 2: sutata collected ($2.50)
Seat 3: Timonessb folded before Flop (didn't bet)
Seat 5: steepfell (button) folded before Flop (didn't bet)
Seat 6: CashfishT (small blind) folded before Flop



PokerStars Hand #254394441483:  Hold'em No Limit ($0.50/$1.00 USD) - 2025/01/16 5:14:02 WET [2025/01/16 0:14:02 ET]
Table 'Hippokoon III' 6-max Seat #4 is the button
Seat 1: Timonessb ($104.36 in chips) 
Seat 2: MaRKiToScoK ($100 in chips) 
Seat 3: Poker9803 ($106 in chips) 
Seat 4: vikonda85 ($104.02 in chips) 
Seat 5: alextony1 ($125.88 in chips) 
Seat 6: lukazs2 ($44.28 in chips) 
alextony1: posts small blind $0.50
lukazs2: posts big blind $1
*** HOLE CARDS ***
Timonessb: folds 
MaRKiToScoK: folds 
Poker9803: folds 
vikonda85: raises $1.50 to $2.50
alextony1: calls $2
lukazs2: calls $1.50
*** FLOP *** [4s 2d Js]
alextony1: checks 
lukazs2: checks 
vikonda85: checks 
*** TURN *** [4s 2d Js] [Kh]
alextony1: checks 
lukazs2: checks 
vikonda85: checks 
*** RIVER *** [4s 2d Js Kh] [Qd]
alextony1: checks 
lukazs2: checks 
vikonda85: checks 
*** SHOW DOWN ***
alextony1: shows [Ts 8s] (high card King)
lukazs2: shows [8d Kc] (a pair of Kings)
vikonda85: mucks hand 
lukazs2 collected $7.12 from pot
*** SUMMARY ***
Total pot $7.50 | Rake $0.38 
Board [4s 2d Js Kh Qd]
Seat 1: Timonessb folded before Flop (didn't bet)
Seat 2: MaRKiToScoK folded before Flop (didn't bet)
Seat 3: Poker9803 folded before Flop (didn't bet)
Seat 4: vikonda85 (button) mucked
Seat 5: alextony1 (small blind) showed [Ts 8s] and lost with high card King
Seat 6: lukazs2 (big blind) showed [8d Kc] and won ($7.12) with a pair of Kings



PokerStars Hand #254394445718:  Hold'em No Limit ($0.50/$1.00 USD) - 2025/01/16 5:14:51 WET [2025/01/16 0:14:51 ET]
Table 'Hippokoon III' 6-max Seat #5 is the button
Seat 1: Timonessb ($104.36 in chips) 
Seat 2: MaRKiToScoK ($100 in chips) 
Seat 3: Poker9803 ($106 in chips) 
Seat 4: vikonda85 ($101.52 in chips) 
Seat 5: alextony1 ($123.38 in chips) 
Seat 6: lukazs2 ($48.90 in chips) 
lukazs2: posts small blind $0.50
Timonessb: posts big blind $1
*** HOLE CARDS ***
MaRKiToScoK: raises $1 to $2
Poker9803: folds 
vikonda85: folds 
alextony1: folds 
lukazs2: folds 
Timonessb: calls $1
*** FLOP *** [8d 4h 4c]
Timonessb: checks 
MaRKiToScoK: checks 
*** TURN *** [8d 4h 4c] [6h]
Timonessb: bets $4.50
MaRKiToScoK: calls $4.50
*** RIVER *** [8d 4h 4c 6h] [2c]
Timonessb: bets $8.59
MaRKiToScoK: folds 
Uncalled bet ($8.59) returned to Timonessb
Timonessb collected $12.82 from pot
Timonessb: doesn't show hand 
*** SUMMARY ***
Total pot $13.50 | Rake $0.68 
Board [8d 4h 4c 6h 2c]
Seat 1: Timonessb (big blind) collected ($12.82)
Seat 2: MaRKiToScoK folded on the River
Seat 3: Poker9803 folded before Flop (didn't bet)
Seat 4: vikonda85 folded before Flop (didn't bet)
Seat 5: alextony1 (button) folded before Flop (didn't bet)
Seat 6: lukazs2 (small blind) folded before Flop



PokerStars Hand #254394451521:  Hold'em No Limit ($0.50/$1.00 USD) - 2025/01/16 5:15:57 WET [2025/01/16 0:15:57 ET]
Table 'Hippokoon III' 6-max Seat #1 is the button
Seat 6: lukazs2 ($48.40 in chips) is sitting out
Seat 1: Timonessb ($110.68 in chips) 
Seat 2: MaRKiToScoK ($100 in chips) 
Seat 3: Poker9803 ($106 in chips) 
Seat 4: vikonda85 ($101.52 in chips) 
Seat 5: alextony1 ($123.38 in chips) 
MaRKiToScoK: posts small blind $0.50
Poker9803: posts big blind $1
*** HOLE CARDS ***
vikonda85: folds 
alextony1: folds 
Timonessb: raises $1.50 to $2.50
lukazs2 is disconnected 
MaRKiToScoK: folds 
Poker9803: calls $1.50
*** FLOP *** [Js Kc 2c]
Poker9803: checks 
Timonessb: bets $5.38
Poker9803: folds 
Uncalled bet ($5.38) returned to Timonessb
Timonessb collected $5.22 from pot
Timonessb: doesn't show hand 
*** SUMMARY ***
Total pot $5.50 | Rake $0.28 
Board [Js Kc 2c]
Seat 6: lukazs2
Seat 1: Timonessb (button) collected ($5.22)
Seat 2: MaRKiToScoK (small blind) folded before Flop
Seat 3: Poker9803 (big blind) folded on the Flop
Seat 4: vikonda85 folded before Flop (didn't bet)
Seat 5: alextony1 folded before Flop (didn't bet)



PokerStars Hand #254394455753:  Hold'em No Limit ($0.50/$1.00 USD) - 2025/01/16 5:16:46 WET [2025/01/16 0:16:46 ET]
Table 'Hippokoon III' 6-max Seat #2 is the button
Seat 6: lukazs2 ($48.40 in chips) is sitting out
Seat 1: Timonessb ($113.40 in chips) 
Seat 2: MaRKiToScoK ($100 in chips) 
Seat 3: Poker9803 ($103.50 in chips) 
Seat 4: vikonda85 ($101.52 in chips) 
Seat 5: alextony1 ($123.38 in chips) 
Poker9803: posts small blind $0.50
vikonda85: posts big blind $1
*** HOLE CARDS ***
alextony1: folds 
Timonessb: folds 
MaRKiToScoK: folds 
Poker9803: raises $2.50 to $3.50
vikonda85: folds 
Uncalled bet ($2.50) returned to Poker9803
Poker9803 collected $2 from pot
Poker9803: doesn't show hand 
*** SUMMARY ***
Total pot $2 | Rake $0 
Seat 6: lukazs2
Seat 1: Timonessb folded before Flop (didn't bet)
Seat 2: MaRKiToScoK (button) folded before Flop (didn't bet)
Seat 3: Poker9803 (small blind) collected ($2)
Seat 4: vikonda85 (big blind) folded before Flop
Seat 5: alextony1 folded before Flop (didn't bet)



PokerStars Hand #254394457480:  Hold'em No Limit ($0.50/$1.00 USD) - 2025/01/16 5:17:05 WET [2025/01/16 0:17:05 ET]
Table 'Hippokoon III' 6-max Seat #3 is the button
Seat 6: lukazs2 ($48.40 in chips) is sitting out
Seat 1: Timonessb ($113.40 in chips) 
Seat 2: MaRKiToScoK ($100 in chips) 
Seat 3: Poker9803 ($104.50 in chips) 
Seat 4: vikonda85 ($100.52 in chips) 
Seat 5: alextony1 ($123.38 in chips) 
vikonda85: posts small blind $0.50
alextony1: posts big blind $1
*** HOLE CARDS ***
Timonessb: folds 
MaRKiToScoK: folds 
Poker9803: raises $1.50 to $2.50
vikonda85: folds 
alextony1: folds 
Uncalled bet ($1.50) returned to Poker9803
Poker9803 collected $2.50 from pot
Poker9803: doesn't show hand 
*** SUMMARY ***
Total pot $2.50 | Rake $0 
Seat 6: lukazs2
Seat 1: Timonessb folded before Flop (didn't bet)
Seat 2: MaRKiToScoK folded before Flop (didn't bet)
Seat 3: Poker9803 (button) collected ($2.50)
Seat 4: vikonda85 (small blind) folded before Flop
Seat 5: alextony1 (big blind) folded before Flop



PokerStars Hand #254394458757:  Hold'em No Limit ($0.50/$1.00 USD) - 2025/01/16 5:17:21 WET [2025/01/16 0:17:21 ET]
Table 'Hippokoon III' 6-max Seat #4 is the button
Seat 6: lukazs2 ($48.40 in chips) is sitting out
Seat 1: Timonessb ($113.40 in chips) 
Seat 2: MaRKiToScoK ($100 in chips) 
Seat 3: Poker9803 ($106 in chips) 
Seat 4: vikonda85 ($100.02 in chips) 
Seat 5: alextony1 ($122.38 in chips) 
alextony1: posts small blind $0.50
Timonessb: posts big blind $1
*** HOLE CARDS ***
MaRKiToScoK: folds 
Poker9803: folds 
vikonda85: raises $1.50 to $2.50
alextony1: folds 
Timonessb: raises $9.50 to $12
vikonda85: folds 
Uncalled bet ($9.50) returned to Timonessb
Timonessb collected $5.50 from pot
Timonessb: doesn't show hand 
*** SUMMARY ***
Total pot $5.50 | Rake $0 
Seat 6: lukazs2
Seat 1: Timonessb (big blind) collected ($5.50)
Seat 2: MaRKiToScoK folded before Flop (didn't bet)
Seat 3: Poker9803 folded before Flop (didn't bet)
Seat 4: vikonda85 (button) folded before Flop
Seat 5: alextony1 (small blind) folded before Flop



PokerStars Hand #254394461153:  Hold'em No Limit ($0.50/$1.00 USD) - 2025/01/16 5:17:48 WET [2025/01/16 0:17:48 ET]
Table 'Hippokoon III' 6-max Seat #5 is the button
Seat 6: lukazs2 ($48.40 in chips) is sitting out
Seat 1: Timonessb ($116.40 in chips) 
Seat 2: MaRKiToScoK ($100 in chips) 
Seat 3: Poker9803 ($106 in chips) 
Seat 4: vikonda85 ($100 in chips) 
Seat 5: alextony1 ($121.88 in chips) 
Timonessb: posts small blind $0.50
MaRKiToScoK: posts big blind $1
*** HOLE CARDS ***
Poker9803: raises $1.50 to $2.50
vikonda85: folds 
alextony1: folds 
Timonessb: raises $9.50 to $12
MaRKiToScoK: folds 
Poker9803: calls $9.50
*** FLOP *** [6h Qh 4c]
Timonessb: bets $7.84
Poker9803: folds 
Uncalled bet ($7.84) returned to Timonessb
Timonessb collected $23.75 from pot
Timonessb: doesn't show hand 
*** SUMMARY ***
Total pot $25 | Rake $1.25 
Board [6h Qh 4c]
Seat 6: lukazs2
Seat 1: Timonessb (small blind) collected ($23.75)
Seat 2: MaRKiToScoK (big blind) folded before Flop
Seat 3: Poker9803 folded on the Flop
Seat 4: vikonda85 folded before Flop (didn't bet)
Seat 5: alextony1 (button) folded before Flop (didn't bet)



PokerStars Hand #254394463554:  Hold'em No Limit ($0.50/$1.00 USD) - 2025/01/16 5:18:15 WET [2025/01/16 0:18:15 ET]
Table 'Hippokoon III' 6-max Seat #1 is the button
Seat 6: lukazs2 ($48.40 in chips) is sitting out
Seat 1: Timonessb ($128.15 in chips) 
Seat 2: MaRKiToScoK ($100 in chips) 
Seat 3: Poker9803 ($100 in chips) 
Seat 4: vikonda85 ($100 in chips) 
Seat 5: alextony1 ($121.88 in chips) 
MaRKiToScoK: posts small blind $0.50
Poker9803: posts big blind $1
*** HOLE CARDS ***
vikonda85: folds 
alextony1: folds 
Timonessb: folds 
MaRKiToScoK: raises $2 to $3
Poker9803: folds 
Uncalled bet ($2) returned to MaRKiToScoK
MaRKiToScoK collected $2 from pot
*** SUMMARY ***
Total pot $2 | Rake $0 
Seat 6: lukazs2
Seat 1: Timonessb (button) folded before Flop (didn't bet)
Seat 2: MaRKiToScoK (small blind) collected ($2)
Seat 3: Poker9803 (big blind) folded before Flop
Seat 4: vikonda85 folded before Flop (didn't bet)
Seat 5: alextony1 folded before Flop (didn't bet)



PokerStars Hand #254394464488:  Hold'em No Limit ($0.50/$1.00 USD) - 2025/01/16 5:18:25 WET [2025/01/16 0:18:25 ET]
Table 'Hippokoon III' 6-max Seat #2 is the button
Seat 6: lukazs2 ($48.40 in chips) is sitting out
Seat 1: Timonessb ($128.15 in chips) 
Seat 2: MaRKiToScoK ($101 in chips) 
Seat 3: Poker9803 ($100 in chips) 
Seat 4: vikonda85 ($100 in chips) 
Seat 5: alextony1 ($121.88 in chips) 
Poker9803: posts small blind $0.50
vikonda85: posts big blind $1
*** HOLE CARDS ***
alextony1: raises $2 to $3
Timonessb: folds 
MaRKiToScoK: raises $4.50 to $7.50
Poker9803: folds 
vikonda85: folds 
alextony1: calls $4.50
*** FLOP *** [6d As Jd]
alextony1: checks 
MaRKiToScoK: bets $5
alextony1: folds 
Uncalled bet ($5) returned to MaRKiToScoK
MaRKiToScoK collected $15.68 from pot
*** SUMMARY ***
Total pot $16.50 | Rake $0.82 
Board [6d As Jd]
Seat 6: lukazs2
Seat 1: Timonessb folded before Flop (didn't bet)
Seat 2: MaRKiToScoK (button) collected ($15.68)
Seat 3: Poker9803 (small blind) folded before Flop
Seat 4: vikonda85 (big blind) folded before Flop
Seat 5: alextony1 folded on the Flop



PokerStars Hand #254394467443:  Hold'em No Limit ($0.50/$1.00 USD) - 2025/01/16 5:19:00 WET [2025/01/16 0:19:00 ET]
Table 'Hippokoon III' 6-max Seat #3 is the button
Seat 6: lukazs2 ($48.40 in chips) is sitting out
Seat 1: Timonessb ($128.15 in chips) 
Seat 2: MaRKiToScoK ($109.18 in chips) 
Seat 3: Poker9803 ($100 in chips) 
Seat 4: vikonda85 ($100 in chips) 
Seat 5: alextony1 ($114.38 in chips) 
vikonda85: posts small blind $0.50
alextony1: posts big blind $1
*** HOLE CARDS ***
Timonessb: folds 
MaRKiToScoK: raises $1.25 to $2.25
Poker9803: raises $5.40 to $7.65
vikonda85: folds 
alextony1: folds 
MaRKiToScoK: calls $5.40
*** FLOP *** [3s 4h 2s]
MaRKiToScoK: checks 
Poker9803: bets $11.97
MaRKiToScoK: calls $11.97
*** TURN *** [3s 4h 2s] [Jd]
MaRKiToScoK: checks 
Poker9803: checks 
*** RIVER *** [3s 4h 2s Jd] [Tc]
MaRKiToScoK: bets $12.77
Poker9803: folds 
Uncalled bet ($12.77) returned to MaRKiToScoK
MaRKiToScoK collected $38.70 from pot
*** SUMMARY ***
Total pot $40.74 | Rake $2.04 
Board [3s 4h 2s Jd Tc]
Seat 6: lukazs2
Seat 1: Timonessb folded before Flop (didn't bet)
Seat 2: MaRKiToScoK collected ($38.70)
Seat 3: Poker9803 (button) folded on the River
Seat 4: vikonda85 (small blind) folded before Flop
Seat 5: alextony1 (big blind) folded before Flop



PokerStars Hand #254394477614:  Hold'em No Limit ($0.50/$1.00 USD) - 2025/01/16 5:20:57 WET [2025/01/16 0:20:57 ET]
Table 'Hippokoon III' 6-max Seat #4 is the button
Seat 6: lukazs2 ($48.40 in chips) is sitting out
Seat 1: Timonessb ($128.15 in chips) 
Seat 2: MaRKiToScoK ($128.26 in chips) 
Seat 3: Poker9803 ($100 in chips) 
Seat 4: vikonda85 ($100 in chips) 
Seat 5: alextony1 ($113.38 in chips) 
alextony1: posts small blind $0.50
Timonessb: posts big blind $1
*** HOLE CARDS ***
MaRKiToScoK: raises $1 to $2
Poker9803: raises $5 to $7
vikonda85: folds 
alextony1: folds 
Timonessb: folds 
MaRKiToScoK: folds 
Uncalled bet ($5) returned to Poker9803
Poker9803 collected $5.50 from pot
Poker9803: doesn't show hand 
*** SUMMARY ***
Total pot $5.50 | Rake $0 
Seat 6: lukazs2
Seat 1: Timonessb (big blind) folded before Flop
Seat 2: MaRKiToScoK folded before Flop
Seat 3: Poker9803 collected ($5.50)
Seat 4: vikonda85 (button) folded before Flop (didn't bet)
Seat 5: alextony1 (small blind) folded before Flop



PokerStars Hand #254394479381:  Hold'em No Limit ($0.50/$1.00 USD) - 2025/01/16 5:21:18 WET [2025/01/16 0:21:18 ET]
Table 'Hippokoon III' 6-max Seat #5 is the button
Seat 6: lukazs2 ($48.40 in chips) is sitting out
Seat 1: Timonessb ($127.15 in chips) 
Seat 2: MaRKiToScoK ($126.26 in chips) 
Seat 3: Poker9803 ($103.50 in chips) 
Seat 4: vikonda85 ($100 in chips) 
Seat 5: alextony1 ($112.88 in chips) 
Timonessb: posts small blind $0.50
MaRKiToScoK: posts big blind $1
*** HOLE CARDS ***
Poker9803: folds 
Poker9803 leaves the table
vikonda85: folds 
alextony1: folds 
Timonessb: raises $1 to $2
MaRKiToScoK: calls $1
*** FLOP *** [7d 3h As]
Timonessb: bets $1.94
Melenya joins the table at seat #3 
MaRKiToScoK: folds 
Uncalled bet ($1.94) returned to Timonessb
Timonessb collected $3.80 from pot
Timonessb: doesn't show hand 
*** SUMMARY ***
Total pot $4 | Rake $0.20 
Board [7d 3h As]
Seat 6: lukazs2
Seat 1: Timonessb (small blind) collected ($3.80)
Seat 2: MaRKiToScoK (big blind) folded on the Flop
Seat 3: Poker9803 folded before Flop (didn't bet)
Seat 4: vikonda85 folded before Flop (didn't bet)
Seat 5: alextony1 (button) folded before Flop (didn't bet)



PokerStars Hand #254394482075:  Hold'em No Limit ($0.50/$1.00 USD) - 2025/01/16 5:21:49 WET [2025/01/16 0:21:49 ET]
Table 'Hippokoon III' 6-max Seat #1 is the button
Seat 6: lukazs2 ($48.40 in chips) is sitting out
Seat 1: Timonessb ($128.95 in chips) 
Seat 2: MaRKiToScoK ($124.26 in chips) 
Seat 3: Melenya ($100 in chips) 
Seat 4: vikonda85 ($100 in chips) 
Seat 5: alextony1 ($112.88 in chips) 
MaRKiToScoK: posts small blind $0.50
Melenya: posts big blind $1
*** HOLE CARDS ***
vikonda85: folds 
alextony1: folds 
Timonessb: folds 
MaRKiToScoK: raises $1.50 to $2.50
Melenya: raises $6.50 to $9
MaRKiToScoK: folds 
Uncalled bet ($6.50) returned to Melenya
Melenya collected $5 from pot
Melenya: doesn't show hand 
*** SUMMARY ***
Total pot $5 | Rake $0 
Seat 6: lukazs2
Seat 1: Timonessb (button) folded before Flop (didn't bet)
Seat 2: MaRKiToScoK (small blind) folded before Flop
Seat 3: Melenya (big blind) collected ($5)
Seat 4: vikonda85 folded before Flop (didn't bet)
Seat 5: alextony1 folded before Flop (didn't bet)



PokerStars Hand #254394484255:  Hold'em No Limit ($0.50/$1.00 USD) - 2025/01/16 5:22:14 WET [2025/01/16 0:22:14 ET]
Table 'Hippokoon III' 6-max Seat #2 is the button
Seat 6: lukazs2 ($48.40 in chips) is sitting out
Seat 1: Timonessb ($128.95 in chips) 
Seat 2: MaRKiToScoK ($121.76 in chips) 
Seat 3: Melenya ($102.50 in chips) 
Seat 4: vikonda85 ($100 in chips) 
Seat 5: alextony1 ($112.88 in chips) 
Melenya: posts small blind $0.50
vikonda85: posts big blind $1
*** HOLE CARDS ***
alextony1: folds 
Timonessb: folds 
MaRKiToScoK: folds 
Melenya: raises $2 to $3
vikonda85: folds 
Uncalled bet ($2) returned to Melenya
Melenya collected $2 from pot
Melenya: doesn't show hand 
*** SUMMARY ***
Total pot $2 | Rake $0 
Seat 6: lukazs2
Seat 1: Timonessb folded before Flop (didn't bet)
Seat 2: MaRKiToScoK (button) folded before Flop (didn't bet)
Seat 3: Melenya (small blind) collected ($2)
Seat 4: vikonda85 (big blind) folded before Flop
Seat 5: alextony1 folded before Flop (didn't bet)



PokerStars Hand #254394485492:  Hold'em No Limit ($0.50/$1.00 USD) - 2025/01/16 5:22:28 WET [2025/01/16 0:22:28 ET]
Table 'Hippokoon III' 6-max Seat #3 is the button
Seat 6: lukazs2 ($48.40 in chips) is sitting out
Seat 1: Timonessb ($128.95 in chips) 
Seat 2: MaRKiToScoK ($121.76 in chips) 
Seat 3: Melenya ($103.50 in chips) 
Seat 4: vikonda85 ($100 in chips) 
Seat 5: alextony1 ($112.88 in chips) 
vikonda85: posts small blind $0.50
alextony1: posts big blind $1
*** HOLE CARDS ***
Timonessb: raises $1.50 to $2.50
MaRKiToScoK: folds 
Melenya: folds 
vikonda85: folds 
alextony1: folds 
Uncalled bet ($1.50) returned to Timonessb
Timonessb collected $2.50 from pot
Timonessb: doesn't show hand 
*** SUMMARY ***
Total pot $2.50 | Rake $0 
Seat 6: lukazs2
Seat 1: Timonessb collected ($2.50)
Seat 2: MaRKiToScoK folded before Flop (didn't bet)
Seat 3: Melenya (button) folded before Flop (didn't bet)
Seat 4: vikonda85 (small blind) folded before Flop
Seat 5: alextony1 (big blind) folded before Flop



PokerStars Hand #254394487624:  Hold'em No Limit ($0.50/$1.00 USD) - 2025/01/16 5:22:53 WET [2025/01/16 0:22:53 ET]
Table 'Hippokoon III' 6-max Seat #4 is the button
Seat 6: lukazs2 ($48.40 in chips) is sitting out
Seat 1: Timonessb ($130.45 in chips) 
Seat 2: MaRKiToScoK ($121.76 in chips) 
Seat 3: Melenya ($103.50 in chips) 
Seat 4: vikonda85 ($100 in chips) 
Seat 5: alextony1 ($111.88 in chips) 
alextony1: posts small blind $0.50
Timonessb: posts big blind $1
*** HOLE CARDS ***
MaRKiToScoK: raises $1 to $2
Melenya: folds 
vikonda85: raises $5.50 to $7.50
alextony1: folds 
Timonessb: folds 
MaRKiToScoK: folds 
Uncalled bet ($5.50) returned to vikonda85
vikonda85 collected $5.50 from pot
vikonda85: doesn't show hand 
*** SUMMARY ***
Total pot $5.50 | Rake $0 
Seat 6: lukazs2
Seat 1: Timonessb (big blind) folded before Flop
Seat 2: MaRKiToScoK folded before Flop
Seat 3: Melenya folded before Flop (didn't bet)
Seat 4: vikonda85 (button) collected ($5.50)
Seat 5: alextony1 (small blind) folded before Flop



PokerStars Hand #254394489515:  Hold'em No Limit ($0.50/$1.00 USD) - 2025/01/16 5:23:15 WET [2025/01/16 0:23:15 ET]
Table 'Hippokoon III' 6-max Seat #5 is the button
Seat 6: lukazs2 ($48.40 in chips) is sitting out
Seat 1: Timonessb ($129.45 in chips) 
Seat 2: MaRKiToScoK ($119.76 in chips) 
Seat 3: Melenya ($103.50 in chips) 
Seat 4: vikonda85 ($103.50 in chips) 
Seat 5: alextony1 ($111.38 in chips) 
Timonessb: posts small blind $0.50
MaRKiToScoK: posts big blind $1
*** HOLE CARDS ***
Melenya: folds 
vikonda85: raises $1.50 to $2.50
alextony1: folds 
Timonessb: folds 
MaRKiToScoK: folds 
Uncalled bet ($1.50) returned to vikonda85
vikonda85 collected $2.50 from pot
vikonda85: doesn't show hand 
*** SUMMARY ***
Total pot $2.50 | Rake $0 
Seat 6: lukazs2
Seat 1: Timonessb (small blind) folded before Flop
Seat 2: MaRKiToScoK (big blind) folded before Flop
Seat 3: Melenya folded before Flop (didn't bet)
Seat 4: vikonda85 collected ($2.50)
Seat 5: alextony1 (button) folded before Flop (didn't bet)



PokerStars Hand #254394491506:  Hold'em No Limit ($0.50/$1.00 USD) - 2025/01/16 5:23:39 WET [2025/01/16 0:23:39 ET]
Table 'Hippokoon III' 6-max Seat #1 is the button
Seat 6: lukazs2 ($48.40 in chips) is sitting out
Seat 1: Timonessb ($128.95 in chips) 
Seat 2: MaRKiToScoK ($118.76 in chips) 
Seat 3: Melenya ($103.50 in chips) 
Seat 4: vikonda85 ($105 in chips) 
Seat 5: alextony1 ($111.38 in chips) 
MaRKiToScoK: posts small blind $0.50
Melenya: posts big blind $1
*** HOLE CARDS ***
vikonda85: folds 
alextony1: folds 
Timonessb: raises $1.50 to $2.50
MaRKiToScoK: folds 
Melenya: calls $1.50
*** FLOP *** [8c Js Ad]
Melenya: checks 
Timonessb: bets $2.66
Melenya: calls $2.66
*** TURN *** [8c Js Ad] [2d]
Melenya: checks 
Timonessb: checks 
*** RIVER *** [8c Js Ad 2d] [3h]
Melenya: checks 
Timonessb: checks 
*** SHOW DOWN ***
Melenya: shows [Ts Jh] (a pair of Jacks)
Timonessb: mucks hand 
Melenya collected $10.28 from pot
*** SUMMARY ***
Total pot $10.82 | Rake $0.54 
Board [8c Js Ad 2d 3h]
Seat 6: lukazs2
Seat 1: Timonessb (button) mucked
Seat 2: MaRKiToScoK (small blind) folded before Flop
Seat 3: Melenya (big blind) showed [Ts Jh] and won ($10.28) with a pair of Jacks
Seat 4: vikonda85 folded before Flop (didn't bet)
Seat 5: alextony1 folded before Flop (didn't bet)



PokerStars Hand #254394495728:  Hold'em No Limit ($0.50/$1.00 USD) - 2025/01/16 5:24:28 WET [2025/01/16 0:24:28 ET]
Table 'Hippokoon III' 6-max Seat #2 is the button
Seat 6: lukazs2 ($48.40 in chips) is sitting out
Seat 1: Timonessb ($123.79 in chips) 
Seat 2: MaRKiToScoK ($118.26 in chips) 
Seat 3: Melenya ($108.62 in chips) 
Seat 4: vikonda85 ($105 in chips) 
Seat 5: alextony1 ($111.38 in chips) 
Melenya: posts small blind $0.50
vikonda85: posts big blind $1
*** HOLE CARDS ***
alextony1: folds 
Timonessb: folds 
MaRKiToScoK: folds 
Melenya: raises $2 to $3
vikonda85: calls $2
*** FLOP *** [3h 6h 7s]
Melenya: checks 
vikonda85: checks 
*** TURN *** [3h 6h 7s] [8d]
Melenya: bets $4.28
vikonda85: folds 
Uncalled bet ($4.28) returned to Melenya
Melenya collected $5.70 from pot
Melenya: doesn't show hand 
*** SUMMARY ***
Total pot $6 | Rake $0.30 
Board [3h 6h 7s 8d]
Seat 6: lukazs2
Seat 1: Timonessb folded before Flop (didn't bet)
Seat 2: MaRKiToScoK (button) folded before Flop (didn't bet)
Seat 3: Melenya (small blind) collected ($5.70)
Seat 4: vikonda85 (big blind) folded on the Turn
Seat 5: alextony1 folded before Flop (didn't bet)



PokerStars Hand #254394500751:  Hold'em No Limit ($0.50/$1.00 USD) - 2025/01/16 5:25:28 WET [2025/01/16 0:25:28 ET]
Table 'Hippokoon III' 6-max Seat #3 is the button
Seat 6: lukazs2 ($48.40 in chips) is sitting out
Seat 1: Timonessb ($123.79 in chips) 
Seat 2: MaRKiToScoK ($118.26 in chips) 
Seat 3: Melenya ($111.32 in chips) 
Seat 4: vikonda85 ($102 in chips) 
Seat 5: alextony1 ($111.38 in chips) 
vikonda85: posts small blind $0.50
alextony1: posts big blind $1
*** HOLE CARDS ***
Timonessb: raises $1.30 to $2.30
MaRKiToScoK: folds 
Melenya: folds 
vikonda85: raises $8.70 to $11
alextony1: folds 
Timonessb: folds 
Uncalled bet ($8.70) returned to vikonda85
vikonda85 collected $5.60 from pot
vikonda85: doesn't show hand 
Timonessb leaves the table
*** SUMMARY ***
Total pot $5.60 | Rake $0 
Seat 6: lukazs2
Seat 1: Timonessb folded before Flop
Seat 2: MaRKiToScoK folded before Flop (didn't bet)
Seat 3: Melenya (button) folded before Flop (didn't bet)
Seat 4: vikonda85 (small blind) collected ($5.60)
Seat 5: alextony1 (big blind) folded before Flop



PokerStars Hand #254394502891:  Hold'em No Limit ($0.50/$1.00 USD) - 2025/01/16 5:25:53 WET [2025/01/16 0:25:53 ET]
Table 'Hippokoon III' 6-max Seat #4 is the button
Seat 6: lukazs2 ($48.40 in chips) is sitting out
Seat 2: MaRKiToScoK ($118.26 in chips) 
Seat 3: Melenya ($111.32 in chips) 
Seat 4: vikonda85 ($105.30 in chips) 
Seat 5: alextony1 ($110.38 in chips) 
alextony1: posts small blind $0.50
MaRKiToScoK: posts big blind $1
*** HOLE CARDS ***
Melenya: folds 
vikonda85: raises $1.50 to $2.50
alextony1: folds 
lukazs2 leaves the table
MaRKiToScoK: calls $1.50
*** FLOP *** [Qh 6d Js]
MaRKiToScoK: checks 
vikonda85: bets $2
MaRKiToScoK: calls $2
*** TURN *** [Qh 6d Js] [8c]
MaRKiToScoK: checks 
vikonda85: bets $4.51
MaRKiToScoK: calls $4.51
*** RIVER *** [Qh 6d Js 8c] [Ac]
MaRKiToScoK: checks 
vikonda85: checks 
*** SHOW DOWN ***
MaRKiToScoK: shows [6h 9h] (a pair of Sixes)
vikonda85: shows [Kd Kh] (a pair of Kings)
vikonda85 collected $17.59 from pot
*** SUMMARY ***
Total pot $18.52 | Rake $0.93 
Board [Qh 6d Js 8c Ac]
Seat 6: lukazs2
Seat 2: MaRKiToScoK (big blind) showed [6h 9h] and lost with a pair of Sixes
Seat 3: Melenya folded before Flop (didn't bet)
Seat 4: vikonda85 (button) showed [Kd Kh] and won ($17.59) with a pair of Kings
Seat 5: alextony1 (small blind) folded before Flop



PokerStars Hand #254394508568:  Hold'em No Limit ($0.50/$1.00 USD) - 2025/01/16 5:27:00 WET [2025/01/16 0:27:00 ET]
Table 'Hippokoon III' 6-max Seat #5 is the button
Seat 2: MaRKiToScoK ($109.25 in chips) 
Seat 3: Melenya ($111.32 in chips) 
Seat 4: vikonda85 ($113.88 in chips) 
Seat 5: alextony1 ($109.88 in chips) 
MaRKiToScoK: posts small blind $0.50
Melenya: posts big blind $1
*** HOLE CARDS ***
vikonda85: raises $1.50 to $2.50
alextony1: folds 
alextony1 leaves the table
MaRKiToScoK: folds 
CMX1998 joins the table at seat #1 
CMX1998 is disconnected 
Melenya: folds 
Uncalled bet ($1.50) returned to vikonda85
vikonda85 collected $2.50 from pot
vikonda85: doesn't show hand 
*** SUMMARY ***
Total pot $2.50 | Rake $0 
Seat 2: MaRKiToScoK (small blind) folded before Flop
Seat 3: Melenya (big blind) folded before Flop
Seat 4: vikonda85 collected ($2.50)
Seat 5: alextony1 (button) folded before Flop (didn't bet)



PokerStars Hand #254394510476:  Hold'em No Limit ($0.50/$1.00 USD) - 2025/01/16 5:27:23 WET [2025/01/16 0:27:23 ET]
Table 'Hippokoon III' 6-max Seat #2 is the button
Seat 1: CMX1998 ($48.18 in chips) is sitting out
Seat 2: MaRKiToScoK ($108.75 in chips) 
Seat 3: Melenya ($110.32 in chips) 
Seat 4: vikonda85 ($115.38 in chips) 
Melenya: posts small blind $0.50
vikonda85: posts big blind $1
CMX1998: sits out 
*** HOLE CARDS ***
MaRKiToScoK: raises $1.50 to $2.50
Melenya: folds 
vikonda85: folds 
Uncalled bet ($1.50) returned to MaRKiToScoK
MaRKiToScoK collected $2.50 from pot
*** SUMMARY ***
Total pot $2.50 | Rake $0 
Seat 1: CMX1998
Seat 2: MaRKiToScoK (button) collected ($2.50)
Seat 3: Melenya (small blind) folded before Flop
Seat 4: vikonda85 (big blind) folded before Flop



PokerStars Hand #254394511418:  Hold'em No Limit ($0.50/$1.00 USD) - 2025/01/16 5:27:34 WET [2025/01/16 0:27:34 ET]
Table 'Hippokoon III' 6-max Seat #3 is the button
Seat 1: CMX1998 ($48.18 in chips) 
Seat 2: MaRKiToScoK ($110.25 in chips) 
Seat 3: Melenya ($109.82 in chips) 
Seat 4: vikonda85 ($114.38 in chips) 
vikonda85: posts small blind $0.50
CMX1998: posts big blind $1
*** HOLE CARDS ***
MaRKiToScoK: folds 
Melenya: raises $1.50 to $2.50
vikonda85: folds 
CMX1998: calls $1.50
*** FLOP *** [3s Qh 4s]
CMX1998: checks 
Melenya: bets $1.30
kamyu2117 joins the table at seat #5 
CMX1998: calls $1.30
*** TURN *** [3s Qh 4s] [6c]
CMX1998: checks 
Melenya: checks 
*** RIVER *** [3s Qh 4s 6c] [Js]
CMX1998: checks 
Melenya: bets $8
CMX1998: folds 
Uncalled bet ($8) returned to Melenya
Melenya collected $7.70 from pot
Melenya: doesn't show hand 
*** SUMMARY ***
Total pot $8.10 | Rake $0.40 
Board [3s Qh 4s 6c Js]
Seat 1: CMX1998 (big blind) folded on the River
Seat 2: MaRKiToScoK folded before Flop (didn't bet)
Seat 3: Melenya (button) collected ($7.70)
Seat 4: vikonda85 (small blind) folded before Flop



PokerStars Hand #254394530750:  Hold'em No Limit ($0.50/$1.00 USD) - 2025/01/16 5:31:25 WET [2025/01/16 0:31:25 ET]
Table 'Hippokoon III' 6-max Seat #4 is the button
Seat 1: CMX1998 ($87.76 in chips) 
Seat 2: MaRKiToScoK ($108.75 in chips) 
Seat 3: Melenya ($113.22 in chips) 
Seat 4: vikonda85 ($101.35 in chips) 
Seat 5: kamyu2117 ($100.50 in chips) 
Seat 6: uuzka ($100 in chips) 
kamyu2117: posts small blind $0.50
uuzka: posts big blind $1
*** HOLE CARDS ***
CMX1998: folds 
MaRKiToScoK: folds 
Melenya: raises $1.30 to $2.30
vikonda85: folds 
kamyu2117: folds 
uuzka: folds 
Uncalled bet ($1.30) returned to Melenya
Melenya collected $2.50 from pot
Melenya: doesn't show hand 
*** SUMMARY ***
Total pot $2.50 | Rake $0 
Seat 1: CMX1998 folded before Flop (didn't bet)
Seat 2: MaRKiToScoK folded before Flop (didn't bet)
Seat 3: Melenya collected ($2.50)
Seat 4: vikonda85 (button) folded before Flop (didn't bet)
Seat 5: kamyu2117 (small blind) folded before Flop
Seat 6: uuzka (big blind) folded before Flop



PokerStars Hand #254394532789:  Hold'em No Limit ($0.50/$1.00 USD) - 2025/01/16 5:31:49 WET [2025/01/16 0:31:49 ET]
Table 'Hippokoon III' 6-max Seat #5 is the button
Seat 1: CMX1998 ($87.76 in chips) 
Seat 2: MaRKiToScoK ($108.75 in chips) 
Seat 3: Melenya ($114.72 in chips) 
Seat 4: vikonda85 ($101.35 in chips) 
Seat 5: kamyu2117 ($100 in chips) 
Seat 6: uuzka ($100 in chips) 
uuzka: posts small blind $0.50
CMX1998: posts big blind $1
*** HOLE CARDS ***
MaRKiToScoK: raises $1 to $2
Melenya: folds 
vikonda85: folds 
kamyu2117: raises $5 to $7
uuzka: folds 
CMX1998: folds 
MaRKiToScoK: folds 
Uncalled bet ($5) returned to kamyu2117
kamyu2117 collected $5.50 from pot
kamyu2117: doesn't show hand 
*** SUMMARY ***
Total pot $5.50 | Rake $0 
Seat 1: CMX1998 (big blind) folded before Flop
Seat 2: MaRKiToScoK folded before Flop
Seat 3: Melenya folded before Flop (didn't bet)
Seat 4: vikonda85 folded before Flop (didn't bet)
Seat 5: kamyu2117 (button) collected ($5.50)
Seat 6: uuzka (small blind) folded before Flop



PokerStars Hand #254394534783:  Hold'em No Limit ($0.50/$1.00 USD) - 2025/01/16 5:32:14 WET [2025/01/16 0:32:14 ET]
Table 'Hippokoon III' 6-max Seat #6 is the button
Seat 1: CMX1998 ($86.76 in chips) 
Seat 2: MaRKiToScoK ($106.75 in chips) 
Seat 3: Melenya ($114.72 in chips) 
Seat 4: vikonda85 ($101.35 in chips) 
Seat 5: kamyu2117 ($103.50 in chips) 
Seat 6: uuzka ($100 in chips) 
CMX1998: posts small blind $0.50
MaRKiToScoK: posts big blind $1
*** HOLE CARDS ***
Melenya: folds 
vikonda85: folds 
kamyu2117: raises $1.50 to $2.50
uuzka: raises $5 to $7.50
CMX1998: folds 
MaRKiToScoK: folds 
kamyu2117: calls $5
*** FLOP *** [As Kh 6s]
kamyu2117: checks 
uuzka: bets $4.55
kamyu2117: calls $4.55
*** TURN *** [As Kh 6s] [5d]
kamyu2117: checks 
uuzka: checks 
*** RIVER *** [As Kh 6s 5d] [Td]
kamyu2117: checks 
uuzka: checks 
*** SHOW DOWN ***
kamyu2117: shows [8c Kc] (a pair of Kings)
uuzka: shows [Js Kd] (a pair of Kings - Ace+Jack kicker)
uuzka collected $24.32 from pot
*** SUMMARY ***
Total pot $25.60 | Rake $1.28 
Board [As Kh 6s 5d Td]
Seat 1: CMX1998 (small blind) folded before Flop
Seat 2: MaRKiToScoK (big blind) folded before Flop
Seat 3: Melenya folded before Flop (didn't bet)
Seat 4: vikonda85 folded before Flop (didn't bet)
Seat 5: kamyu2117 showed [8c Kc] and lost with a pair of Kings
Seat 6: uuzka (button) showed [Js Kd] and won ($24.32) with a pair of Kings



PokerStars Hand #254394539969:  Hold'em No Limit ($0.50/$1.00 USD) - 2025/01/16 5:33:16 WET [2025/01/16 0:33:16 ET]
Table 'Hippokoon III' 6-max Seat #1 is the button
Seat 1: CMX1998 ($86.26 in chips) 
Seat 2: MaRKiToScoK ($105.75 in chips) 
Seat 3: Melenya ($114.72 in chips) 
Seat 4: vikonda85 ($101.35 in chips) 
Seat 5: kamyu2117 ($91.45 in chips) 
Seat 6: uuzka ($112.27 in chips) 
MaRKiToScoK: posts small blind $0.50
Melenya: posts big blind $1
*** HOLE CARDS ***
vikonda85: folds 
kamyu2117: folds 
uuzka: raises $1.50 to $2.50
CMX1998: calls $2.50
MaRKiToScoK: folds 
Melenya: folds 
*** FLOP *** [7h 2d 3h]
uuzka: checks 
CMX1998: bets $5
uuzka: folds 
Uncalled bet ($5) returned to CMX1998
CMX1998 collected $6.18 from pot
*** SUMMARY ***
Total pot $6.50 | Rake $0.32 
Board [7h 2d 3h]
Seat 1: CMX1998 (button) collected ($6.18)
Seat 2: MaRKiToScoK (small blind) folded before Flop
Seat 3: Melenya (big blind) folded before Flop
Seat 4: vikonda85 folded before Flop (didn't bet)
Seat 5: kamyu2117 folded before Flop (didn't bet)
Seat 6: uuzka folded on the Flop



PokerStars Hand #254394544652:  Hold'em No Limit ($0.50/$1.00 USD) - 2025/01/16 5:34:13 WET [2025/01/16 0:34:13 ET]
Table 'Hippokoon III' 6-max Seat #2 is the button
Seat 1: CMX1998 ($89.94 in chips) 
Seat 2: MaRKiToScoK ($105.25 in chips) 
Seat 3: Melenya ($113.72 in chips) 
Seat 4: vikonda85 ($101.35 in chips) 
Seat 5: kamyu2117 ($91.45 in chips) 
Seat 6: uuzka ($109.77 in chips) 
Melenya: posts small blind $0.50
vikonda85: posts big blind $1
*** HOLE CARDS ***
kamyu2117: folds 
uuzka: folds 
CMX1998: calls $1
MaRKiToScoK: raises $2.50 to $3.50
Melenya: raises $10.50 to $14
vikonda85: folds 
CMX1998: folds 
MaRKiToScoK: folds 
Uncalled bet ($10.50) returned to Melenya
Melenya collected $9 from pot
Melenya: doesn't show hand 
*** SUMMARY ***
Total pot $9 | Rake $0 
Seat 1: CMX1998 folded before Flop
Seat 2: MaRKiToScoK (button) folded before Flop
Seat 3: Melenya (small blind) collected ($9)
Seat 4: vikonda85 (big blind) folded before Flop
Seat 5: kamyu2117 folded before Flop (didn't bet)
Seat 6: uuzka folded before Flop (didn't bet)



PokerStars Hand #254394836415:  Hold'em No Limit ($0.50/$1.00 USD) - 2025/01/16 6:37:51 WET [2025/01/16 1:37:51 ET]
Table 'Hippokoon III' 6-max Seat #6 is the button
Seat 1: Edi131313 ($120.17 in chips) 
Seat 2: hobaa232 ($53.59 in chips) 
Seat 3: Poker9803 ($103 in chips) 
Seat 4: steelNike ($43.50 in chips) 
Seat 5: Kreayshawn ($100 in chips) 
Seat 6: uuzka ($100 in chips) 
Edi131313: posts small blind $0.50
hobaa232: posts big blind $1
*** HOLE CARDS ***
Poker9803: raises $1 to $2
steelNike: folds 
Kreayshawn: folds 
uuzka: folds 
Edi131313: folds 
hobaa232: calls $1
*** FLOP *** [5s 5d Jc]
hobaa232: bets $1
Poker9803: raises $3 to $4
hobaa232: raises $3 to $7
Poker9803: calls $3
*** TURN *** [5s 5d Jc] [Js]
hobaa232: checks 
Poker9803: bets $13.19
hobaa232: folds 
Uncalled bet ($13.19) returned to Poker9803
Poker9803 collected $17.58 from pot
Poker9803: doesn't show hand 
*** SUMMARY ***
Total pot $18.50 | Rake $0.92 
Board [5s 5d Jc Js]
Seat 1: Edi131313 (small blind) folded before Flop
Seat 2: hobaa232 (big blind) folded on the Turn
Seat 3: Poker9803 collected ($17.58)
Seat 4: steelNike folded before Flop (didn't bet)
Seat 5: Kreayshawn folded before Flop (didn't bet)
Seat 6: uuzka (button) folded before Flop (didn't bet)



PokerStars Hand #254394840146:  Hold'em No Limit ($0.50/$1.00 USD) - 2025/01/16 6:38:43 WET [2025/01/16 1:38:43 ET]
Table 'Hippokoon III' 6-max Seat #1 is the button
Seat 1: Edi131313 ($119.67 in chips) 
Seat 2: hobaa232 ($44.59 in chips) 
Seat 3: Poker9803 ($111.58 in chips) 
Seat 4: steelNike ($43.50 in chips) 
Seat 5: Kreayshawn ($100 in chips) 
Seat 6: uuzka ($100 in chips) 
hobaa232: posts small blind $0.50
Poker9803: posts big blind $1
*** HOLE CARDS ***
steelNike: folds 
Kreayshawn: folds 
uuzka: folds 
Edi131313: raises $1 to $2
hobaa232: calls $1.50
Poker9803: folds 
*** FLOP *** [6c Ah 2d]
hobaa232: checks 
Edi131313: checks 
*** TURN *** [6c Ah 2d] [Ad]
hobaa232: checks 
Edi131313: checks 
*** RIVER *** [6c Ah 2d Ad] [Ts]
hobaa232: bets $2.38
Edi131313: folds 
Uncalled bet ($2.38) returned to hobaa232
hobaa232 collected $4.75 from pot
*** SUMMARY ***
Total pot $5 | Rake $0.25 
Board [6c Ah 2d Ad Ts]
Seat 1: Edi131313 (button) folded on the River
Seat 2: hobaa232 (small blind) collected ($4.75)
Seat 3: Poker9803 (big blind) folded before Flop
Seat 4: steelNike folded before Flop (didn't bet)
Seat 5: Kreayshawn folded before Flop (didn't bet)
Seat 6: uuzka folded before Flop (didn't bet)



PokerStars Hand #254394842649:  Hold'em No Limit ($0.50/$1.00 USD) - 2025/01/16 6:39:18 WET [2025/01/16 1:39:18 ET]
Table 'Hippokoon III' 6-max Seat #2 is the button
Seat 1: Edi131313 ($117.67 in chips) 
Seat 2: hobaa232 ($47.34 in chips) 
Seat 3: Poker9803 ($110.58 in chips) 
Seat 4: steelNike ($43.50 in chips) 
Seat 5: Kreayshawn ($100 in chips) 
Seat 6: uuzka ($100 in chips) 
Poker9803: posts small blind $0.50
steelNike: posts big blind $1
*** HOLE CARDS ***
Kreayshawn: folds 
uuzka: raises $1.20 to $2.20
Edi131313: folds 
hobaa232: folds 
Poker9803: folds 
steelNike: folds 
Uncalled bet ($1.20) returned to uuzka
uuzka collected $2.50 from pot
uuzka: doesn't show hand 
*** SUMMARY ***
Total pot $2.50 | Rake $0 
Seat 1: Edi131313 folded before Flop (didn't bet)
Seat 2: hobaa232 (button) folded before Flop (didn't bet)
Seat 3: Poker9803 (small blind) folded before Flop
Seat 4: steelNike (big blind) folded before Flop
Seat 5: Kreayshawn folded before Flop (didn't bet)
Seat 6: uuzka collected ($2.50)



PokerStars Hand #254394844225:  Hold'em No Limit ($0.50/$1.00 USD) - 2025/01/16 6:39:39 WET [2025/01/16 1:39:39 ET]
Table 'Hippokoon III' 6-max Seat #3 is the button
Seat 1: Edi131313 ($117.67 in chips) 
Seat 2: hobaa232 ($47.34 in chips) 
Seat 3: Poker9803 ($110.08 in chips) 
Seat 4: steelNike ($42.50 in chips) 
Seat 5: Kreayshawn ($100 in chips) 
Seat 6: uuzka ($101.50 in chips) 
steelNike: posts small blind $0.50
Kreayshawn: posts big blind $1
*** HOLE CARDS ***
uuzka: folds 
Edi131313: folds 
hobaa232: folds 
Poker9803: folds 
steelNike: folds 
Uncalled bet ($0.50) returned to Kreayshawn
Kreayshawn collected $1 from pot
*** SUMMARY ***
Total pot $1 | Rake $0 
Seat 1: Edi131313 folded before Flop (didn't bet)
Seat 2: hobaa232 folded before Flop (didn't bet)
Seat 3: Poker9803 (button) folded before Flop (didn't bet)
Seat 4: steelNike (small blind) folded before Flop
Seat 5: Kreayshawn (big blind) collected ($1)
Seat 6: uuzka folded before Flop (didn't bet)



PokerStars Hand #254394845185:  Hold'em No Limit ($0.50/$1.00 USD) - 2025/01/16 6:39:52 WET [2025/01/16 1:39:52 ET]
Table 'Hippokoon III' 6-max Seat #4 is the button
Seat 1: Edi131313 ($117.67 in chips) 
Seat 2: hobaa232 ($47.34 in chips) 
Seat 3: Poker9803 ($110.08 in chips) 
Seat 4: steelNike ($42 in chips) 
Seat 5: Kreayshawn ($100.50 in chips) 
Seat 6: uuzka ($101.50 in chips) 
Kreayshawn: posts small blind $0.50
uuzka: posts big blind $1
*** HOLE CARDS ***
Edi131313: raises $1 to $2
hobaa232: calls $2
Poker9803: folds 
steelNike: folds 
Kreayshawn: folds 
uuzka: folds 
*** FLOP *** [8s 3s 6s]
Edi131313: checks 
hobaa232: checks 
*** TURN *** [8s 3s 6s] [3h]
Edi131313: checks 
hobaa232: checks 
*** RIVER *** [8s 3s 6s 3h] [4s]
Edi131313: checks 
hobaa232: checks 
*** SHOW DOWN ***
Edi131313: shows [Ad Jd] (a pair of Threes)
hobaa232: mucks hand 
Edi131313 collected $5.22 from pot
*** SUMMARY ***
Total pot $5.50 | Rake $0.28 
Board [8s 3s 6s 3h 4s]
Seat 1: Edi131313 showed [Ad Jd] and won ($5.22) with a pair of Threes
Seat 2: hobaa232 mucked
Seat 3: Poker9803 folded before Flop (didn't bet)
Seat 4: steelNike (button) folded before Flop (didn't bet)
Seat 5: Kreayshawn (small blind) folded before Flop
Seat 6: uuzka (big blind) folded before Flop



PokerStars Hand #254394847621:  Hold'em No Limit ($0.50/$1.00 USD) - 2025/01/16 6:40:26 WET [2025/01/16 1:40:26 ET]
Table 'Hippokoon III' 6-max Seat #5 is the button
Seat 1: Edi131313 ($120.89 in chips) 
Seat 2: hobaa232 ($45.34 in chips) 
Seat 3: Poker9803 ($110.08 in chips) 
Seat 4: steelNike ($42 in chips) 
Seat 5: Kreayshawn ($100 in chips) 
Seat 6: uuzka ($100.50 in chips) 
uuzka: posts small blind $0.50
Edi131313: posts big blind $1
*** HOLE CARDS ***
hobaa232: raises $2 to $3
Poker9803: raises $5 to $8
steelNike: folds 
Kreayshawn: folds 
uuzka: folds 
Edi131313: folds 
hobaa232: calls $5
*** FLOP *** [4s Td 3h]
hobaa232: checks 
Poker9803: bets $12.47
hobaa232: folds 
Uncalled bet ($12.47) returned to Poker9803
Poker9803 collected $16.62 from pot
Poker9803: doesn't show hand 
*** SUMMARY ***
Total pot $17.50 | Rake $0.88 
Board [4s Td 3h]
Seat 1: Edi131313 (big blind) folded before Flop
Seat 2: hobaa232 folded on the Flop
Seat 3: Poker9803 collected ($16.62)
Seat 4: steelNike folded before Flop (didn't bet)
Seat 5: Kreayshawn (button) folded before Flop (didn't bet)
Seat 6: uuzka (small blind) folded before Flop



PokerStars Hand #254394849840:  Hold'em No Limit ($0.50/$1.00 USD) - 2025/01/16 6:40:56 WET [2025/01/16 1:40:56 ET]
Table 'Hippokoon III' 6-max Seat #6 is the button
Seat 1: Edi131313 ($119.89 in chips) 
Seat 2: hobaa232 ($37.34 in chips) 
Seat 3: Poker9803 ($118.70 in chips) 
Seat 4: steelNike ($42 in chips) 
Seat 5: Kreayshawn ($100 in chips) 
Seat 6: uuzka ($100 in chips) 
Edi131313: posts small blind $0.50
hobaa232: posts big blind $1
*** HOLE CARDS ***
Poker9803: raises $1 to $2
steelNike: folds 
Kreayshawn: folds 
uuzka: folds 
Edi131313: folds 
hobaa232: calls $1
*** FLOP *** [3h Qd 3s]
hobaa232: checks 
Poker9803: checks 
*** TURN *** [3h Qd 3s] [4h]
hobaa232: bets $4.28
Poker9803: folds 
Uncalled bet ($4.28) returned to hobaa232
hobaa232 collected $4.28 from pot
*** SUMMARY ***
Total pot $4.50 | Rake $0.22 
Board [3h Qd 3s 4h]
Seat 1: Edi131313 (small blind) folded before Flop
Seat 2: hobaa232 (big blind) collected ($4.28)
Seat 3: Poker9803 folded on the Turn
Seat 4: steelNike folded before Flop (didn't bet)
Seat 5: Kreayshawn folded before Flop (didn't bet)
Seat 6: uuzka (button) folded before Flop (didn't bet)



PokerStars Hand #254394853515:  Hold'em No Limit ($0.50/$1.00 USD) - 2025/01/16 6:41:47 WET [2025/01/16 1:41:47 ET]
Table 'Hippokoon III' 6-max Seat #1 is the button
Seat 1: Edi131313 ($119.39 in chips) 
Seat 2: hobaa232 ($39.62 in chips) 
Seat 3: Poker9803 ($116.70 in chips) 
Seat 4: steelNike ($42 in chips) 
Seat 5: Kreayshawn ($100 in chips) 
Seat 6: uuzka ($100 in chips) 
hobaa232: posts small blind $0.50
Poker9803: posts big blind $1
*** HOLE CARDS ***
steelNike: folds 
Kreayshawn: folds 
uuzka: folds 
Edi131313: raises $1 to $2
hobaa232: folds 
Poker9803: folds 
Uncalled bet ($1) returned to Edi131313
Edi131313 collected $2.50 from pot
Edi131313: doesn't show hand 
*** SUMMARY ***
Total pot $2.50 | Rake $0 
Seat 1: Edi131313 (button) collected ($2.50)
Seat 2: hobaa232 (small blind) folded before Flop
Seat 3: Poker9803 (big blind) folded before Flop
Seat 4: steelNike folded before Flop (didn't bet)
Seat 5: Kreayshawn folded before Flop (didn't bet)
Seat 6: uuzka folded before Flop (didn't bet)



PokerStars Hand #254394856432:  Hold'em No Limit ($0.50/$1.00 USD) - 2025/01/16 6:42:27 WET [2025/01/16 1:42:27 ET]
Table 'Hippokoon III' 6-max Seat #2 is the button
Seat 1: Edi131313 ($120.89 in chips) 
Seat 2: hobaa232 ($39.12 in chips) 
Seat 3: Poker9803 ($115.70 in chips) 
Seat 4: steelNike ($42 in chips) 
Seat 5: Kreayshawn ($100 in chips) 
Seat 6: uuzka ($100 in chips) 
Poker9803: posts small blind $0.50
steelNike: posts big blind $1
*** HOLE CARDS ***
Kreayshawn: folds 
uuzka: folds 
Edi131313: raises $1 to $2
hobaa232: calls $2
Poker9803: folds 
steelNike: calls $1
*** FLOP *** [6h 3h Jc]
steelNike: checks 
Edi131313: bets $1
hobaa232: calls $1
steelNike: folds 
*** TURN *** [6h 3h Jc] [6c]
Edi131313: bets $1
hobaa232: raises $3 to $4
Edi131313: calls $3
*** RIVER *** [6h 3h Jc 6c] [8d]
Edi131313: checks 
hobaa232: bets $11
Edi131313: calls $11
*** SHOW DOWN ***
hobaa232: shows [7c 6s] (three of a kind, Sixes)
Edi131313: mucks hand 
hobaa232 collected $36.58 from pot
*** SUMMARY ***
Total pot $38.50 | Rake $1.92 
Board [6h 3h Jc 6c 8d]
Seat 1: Edi131313 mucked
Seat 2: hobaa232 (button) showed [7c 6s] and won ($36.58) with three of a kind, Sixes
Seat 3: Poker9803 (small blind) folded before Flop
Seat 4: steelNike (big blind) folded on the Flop
Seat 5: Kreayshawn folded before Flop (didn't bet)
Seat 6: uuzka folded before Flop (didn't bet)



PokerStars Hand #254394860092:  Hold'em No Limit ($0.50/$1.00 USD) - 2025/01/16 6:43:17 WET [2025/01/16 1:43:17 ET]
Table 'Hippokoon III' 6-max Seat #3 is the button
Seat 1: Edi131313 ($102.89 in chips) 
Seat 2: hobaa232 ($57.70 in chips) 
Seat 3: Poker9803 ($115.20 in chips) 
Seat 4: steelNike ($40 in chips) 
Seat 5: Kreayshawn ($100 in chips) 
Seat 6: uuzka ($100 in chips) 
steelNike: posts small blind $0.50
Kreayshawn: posts big blind $1
*** HOLE CARDS ***
uuzka: folds 
Edi131313: raises $1 to $2
hobaa232: folds 
Poker9803: folds 
steelNike: raises $38 to $40 and is all-in
Kreayshawn: folds 
Edi131313: calls $38
*** FLOP *** [Kc Ah Qc]
*** TURN *** [Kc Ah Qc] [8c]
*** RIVER *** [Kc Ah Qc 8c] [3c]
*** SHOW DOWN ***
steelNike: shows [Ts Td] (a pair of Tens)
Edi131313: shows [7h 9d] (high card Ace)
steelNike collected $78.50 from pot
*** SUMMARY ***
Total pot $81 | Rake $2.50 
Board [Kc Ah Qc 8c 3c]
Seat 1: Edi131313 showed [7h 9d] and lost with high card Ace
Seat 2: hobaa232 folded before Flop (didn't bet)
Seat 3: Poker9803 (button) folded before Flop (didn't bet)
Seat 4: steelNike (small blind) showed [Ts Td] and won ($78.50) with a pair of Tens
Seat 5: Kreayshawn (big blind) folded before Flop
Seat 6: uuzka folded before Flop (didn't bet)



PokerStars Hand #254394862651:  Hold'em No Limit ($0.50/$1.00 USD) - 2025/01/16 6:43:51 WET [2025/01/16 1:43:51 ET]
Table 'Hippokoon III' 6-max Seat #4 is the button
Seat 1: Edi131313 ($62.89 in chips) 
Seat 2: hobaa232 ($57.70 in chips) 
Seat 3: Poker9803 ($115.20 in chips) 
Seat 4: steelNike ($78.50 in chips) 
Seat 5: Kreayshawn ($100 in chips) 
Seat 6: uuzka ($100 in chips) 
Kreayshawn: posts small blind $0.50
uuzka: posts big blind $1
*** HOLE CARDS ***
Edi131313: raises $1 to $2
hobaa232: calls $2
Poker9803: folds 
steelNike: folds 
Kreayshawn: folds 
uuzka: calls $1
*** FLOP *** [5s 3h Tc]
uuzka: checks 
Edi131313: checks 
hobaa232: bets $3
uuzka: folds 
Edi131313: calls $3
*** TURN *** [5s 3h Tc] [8s]
Edi131313: checks 
hobaa232: checks 
*** RIVER *** [5s 3h Tc 8s] [8h]
Edi131313: bets $1
hobaa232: raises $18 to $19
Edi131313: calls $18
*** SHOW DOWN ***
hobaa232: shows [Jd 8d] (three of a kind, Eights)
Edi131313: mucks hand 
hobaa232 collected $48 from pot
*** SUMMARY ***
Total pot $50.50 | Rake $2.50 
Board [5s 3h Tc 8s 8h]
Seat 1: Edi131313 mucked
Seat 2: hobaa232 showed [Jd 8d] and won ($48) with three of a kind, Eights
Seat 3: Poker9803 folded before Flop (didn't bet)
Seat 4: steelNike (button) folded before Flop (didn't bet)
Seat 5: Kreayshawn (small blind) folded before Flop
Seat 6: uuzka (big blind) folded on the Flop



PokerStars Hand #254394868447:  Hold'em No Limit ($0.50/$1.00 USD) - 2025/01/16 6:45:10 WET [2025/01/16 1:45:10 ET]
Table 'Hippokoon III' 6-max Seat #5 is the button
Seat 1: Edi131313 ($38.89 in chips) 
Seat 2: hobaa232 ($81.70 in chips) 
Seat 3: Poker9803 ($115.20 in chips) 
Seat 4: steelNike ($78.50 in chips) 
Seat 5: Kreayshawn ($100 in chips) 
Seat 6: uuzka ($100 in chips) 
uuzka: posts small blind $0.50
Edi131313: posts big blind $1
*** HOLE CARDS ***
hobaa232: calls $1
Poker9803: folds 
steelNike: calls $1
Kreayshawn: folds 
uuzka: raises $4.77 to $5.77
Edi131313: folds 
hobaa232: folds 
steelNike: folds 
Uncalled bet ($4.77) returned to uuzka
uuzka collected $4 from pot
uuzka: doesn't show hand 
*** SUMMARY ***
Total pot $4 | Rake $0 
Seat 1: Edi131313 (big blind) folded before Flop
Seat 2: hobaa232 folded before Flop
Seat 3: Poker9803 folded before Flop (didn't bet)
Seat 4: steelNike folded before Flop
Seat 5: Kreayshawn (button) folded before Flop (didn't bet)
Seat 6: uuzka (small blind) collected ($4)



PokerStars Hand #254394870868:  Hold'em No Limit ($0.50/$1.00 USD) - 2025/01/16 6:45:43 WET [2025/01/16 1:45:43 ET]
Table 'Hippokoon III' 6-max Seat #6 is the button
Seat 1: Edi131313 ($37.89 in chips) 
Seat 2: hobaa232 ($80.70 in chips) 
Seat 3: Poker9803 ($115.20 in chips) 
Seat 4: steelNike ($77.50 in chips) 
Seat 5: Kreayshawn ($100 in chips) 
Seat 6: uuzka ($103 in chips) 
Edi131313: posts small blind $0.50
hobaa232: posts big blind $1
*** HOLE CARDS ***
Poker9803: folds 
steelNike: folds 
Kreayshawn: folds 
uuzka: raises $1.50 to $2.50
Edi131313: raises $6 to $8.50
hobaa232: folds 
uuzka: folds 
Uncalled bet ($6) returned to Edi131313
Edi131313 collected $6 from pot
Edi131313: doesn't show hand 
*** SUMMARY ***
Total pot $6 | Rake $0 
Seat 1: Edi131313 (small blind) collected ($6)
Seat 2: hobaa232 (big blind) folded before Flop
Seat 3: Poker9803 folded before Flop (didn't bet)
Seat 4: steelNike folded before Flop (didn't bet)
Seat 5: Kreayshawn folded before Flop (didn't bet)
Seat 6: uuzka (button) folded before Flop



