PokerStars Hand #254395127927:  Hold'em No Limit ($0.50/$1.00 USD) - 2025/01/16 7:45:52 WET [2025/01/16 2:45:52 ET]
Table 'Echion III' 6-max Seat #2 is the button
Seat 5: jeffy27dt1 ($100 in chips) is sitting out
Seat 2: AlexEliseev7 ($100 in chips) 
Seat 3: SlowDrop ($100 in chips) 
AlexEliseev7: posts small blind $0.50
SlowDrop: posts big blind $1
*** HOLE CARDS ***
AlexEliseev7: folds 
Uncalled bet ($0.50) returned to SlowDrop
SlowDrop collected $1 from pot
SlowDrop: doesn't show hand 
*** SUMMARY ***
Total pot $1 | Rake $0 
Seat 5: jeffy27dt1
Seat 2: AlexEliseev7 (button) (small blind) folded before Flop
Seat 3: SlowDrop (big blind) collected ($1)



PokerStars Hand #254395128482:  Hold'em No Limit ($0.50/$1.00 USD) - 2025/01/16 7:46:00 WET [2025/01/16 2:46:00 ET]
Table 'Echion III' 6-max Seat #3 is the button
Seat 5: jeffy27dt1 ($100 in chips) is sitting out
Seat 2: AlexEliseev7 ($100 in chips) 
Seat 3: SlowDrop ($100.50 in chips) 
SlowDrop: posts small blind $0.50
AlexEliseev7: posts big blind $1
*** HOLE CARDS ***
SlowDrop: raises $1 to $2
AlexEliseev7: calls $1
*** FLOP *** [Kc Td Jh]
AlexEliseev7: checks 
SlowDrop: checks 
*** TURN *** [Kc Td Jh] [3c]
AlexEliseev7: bets $5.74
SlowDrop: folds 
Uncalled bet ($5.74) returned to AlexEliseev7
AlexEliseev7 collected $3.80 from pot
AlexEliseev7: doesn't show hand 
*** SUMMARY ***
Total pot $4 | Rake $0.20 
Board [Kc Td Jh 3c]
Seat 5: jeffy27dt1
Seat 2: AlexEliseev7 (big blind) collected ($3.80)
Seat 3: SlowDrop (button) (small blind) folded on the Turn



PokerStars Hand #254395132798:  Hold'em No Limit ($0.50/$1.00 USD) - 2025/01/16 7:46:59 WET [2025/01/16 2:46:59 ET]
Table 'Echion III' 6-max Seat #2 is the button
Seat 2: AlexEliseev7 ($101.80 in chips) 
Seat 3: SlowDrop ($100 in chips) 
Seat 5: jeffy27dt1 ($100 in chips) 
SlowDrop: posts small blind $0.50
jeffy27dt1: posts big blind $1
*** HOLE CARDS ***
AlexEliseev7: raises $1.50 to $2.50
SlowDrop: raises $9.50 to $12
jeffy27dt1: folds 
AlexEliseev7: folds 
Uncalled bet ($9.50) returned to SlowDrop
SlowDrop collected $6 from pot
SlowDrop: doesn't show hand 
*** SUMMARY ***
Total pot $6 | Rake $0 
Seat 2: AlexEliseev7 (button) folded before Flop
Seat 3: SlowDrop (small blind) collected ($6)
Seat 5: jeffy27dt1 (big blind) folded before Flop



PokerStars Hand #254395134428:  Hold'em No Limit ($0.50/$1.00 USD) - 2025/01/16 7:47:21 WET [2025/01/16 2:47:21 ET]
Table 'Echion III' 6-max Seat #3 is the button
Seat 2: AlexEliseev7 ($100 in chips) 
Seat 3: SlowDrop ($103.50 in chips) 
Seat 5: jeffy27dt1 ($100 in chips) 
jeffy27dt1: posts small blind $0.50
AlexEliseev7: posts big blind $1
*** HOLE CARDS ***
SlowDrop: raises $1 to $2
jeffy27dt1: folds 
AlexEliseev7: calls $1
*** FLOP *** [7h 7c Kd]
AlexEliseev7: checks 
SlowDrop: checks 
*** TURN *** [7h 7c Kd] [Td]
AlexEliseev7: checks 
SlowDrop: bets $1.41
AlexEliseev7: calls $1.41
*** RIVER *** [7h 7c Kd Td] [Ks]
AlexEliseev7: checks 
SlowDrop: checks 
*** SHOW DOWN ***
AlexEliseev7: shows [Ad Tc] (two pair, Kings and Tens)
SlowDrop: mucks hand 
AlexEliseev7 collected $6.95 from pot
*** SUMMARY ***
Total pot $7.32 | Rake $0.37 
Board [7h 7c Kd Td Ks]
Seat 2: AlexEliseev7 (big blind) showed [Ad Tc] and won ($6.95) with two pair, Kings and Tens
Seat 3: SlowDrop (button) mucked
Seat 5: jeffy27dt1 (small blind) folded before Flop



PokerStars Hand #254395139459:  Hold'em No Limit ($0.50/$1.00 USD) - 2025/01/16 7:48:29 WET [2025/01/16 2:48:29 ET]
Table 'Echion III' 6-max Seat #5 is the button
Seat 2: AlexEliseev7 ($103.54 in chips) 
Seat 3: SlowDrop ($100.09 in chips) 
Seat 5: jeffy27dt1 ($100 in chips) 
AlexEliseev7: posts small blind $0.50
SlowDrop: posts big blind $1
*** HOLE CARDS ***
jeffy27dt1: raises $1.50 to $2.50
AlexEliseev7: folds 
SlowDrop: folds 
Uncalled bet ($1.50) returned to jeffy27dt1
jeffy27dt1 collected $2.50 from pot
jeffy27dt1: doesn't show hand 
*** SUMMARY ***
Total pot $2.50 | Rake $0 
Seat 2: AlexEliseev7 (small blind) folded before Flop
Seat 3: SlowDrop (big blind) folded before Flop
Seat 5: jeffy27dt1 (button) collected ($2.50)



PokerStars Hand #254395141259:  Hold'em No Limit ($0.50/$1.00 USD) - 2025/01/16 7:48:54 WET [2025/01/16 2:48:54 ET]
Table 'Echion III' 6-max Seat #2 is the button
Seat 2: AlexEliseev7 ($103.04 in chips) 
Seat 3: SlowDrop ($100 in chips) 
Seat 5: jeffy27dt1 ($101.50 in chips) 
SlowDrop: posts small blind $0.50
jeffy27dt1: posts big blind $1
*** HOLE CARDS ***
AlexEliseev7: folds 
SlowDrop: raises $2 to $3
jeffy27dt1: calls $2
*** FLOP *** [8h 5s Kh]
BadenBadenPH joins the table at seat #6 
BadenBadenPH is disconnected 
SlowDrop: checks 
jeffy27dt1: checks 
*** TURN *** [8h 5s Kh] [Qs]
SlowDrop: bets $1.88
jeffy27dt1: calls $1.88
*** RIVER *** [8h 5s Kh Qs] [Kd]
SlowDrop: checks 
jeffy27dt1: bets $4.64
SlowDrop: folds 
Uncalled bet ($4.64) returned to jeffy27dt1
jeffy27dt1 collected $9.27 from pot
jeffy27dt1: doesn't show hand 
*** SUMMARY ***
Total pot $9.76 | Rake $0.49 
Board [8h 5s Kh Qs Kd]
Seat 2: AlexEliseev7 (button) folded before Flop (didn't bet)
Seat 3: SlowDrop (small blind) folded on the River
Seat 5: jeffy27dt1 (big blind) collected ($9.27)



PokerStars Hand #254395148318:  Hold'em No Limit ($0.50/$1.00 USD) - 2025/01/16 7:50:32 WET [2025/01/16 2:50:32 ET]
Table 'Echion III' 6-max Seat #3 is the button
Seat 2: AlexEliseev7 ($103.04 in chips) 
Seat 3: SlowDrop ($100 in chips) 
Seat 5: jeffy27dt1 ($105.89 in chips) 
Seat 6: BadenBadenPH ($100 in chips) 
jeffy27dt1: posts small blind $0.50
BadenBadenPH: posts big blind $1
*** HOLE CARDS ***
AlexEliseev7: raises $1.50 to $2.50
SlowDrop: folds 
jeffy27dt1: folds 
BadenBadenPH: folds 
Uncalled bet ($1.50) returned to AlexEliseev7
AlexEliseev7 collected $2.50 from pot
AlexEliseev7: doesn't show hand 
*** SUMMARY ***
Total pot $2.50 | Rake $0 
Seat 2: AlexEliseev7 collected ($2.50)
Seat 3: SlowDrop (button) folded before Flop (didn't bet)
Seat 5: jeffy27dt1 (small blind) folded before Flop
Seat 6: BadenBadenPH (big blind) folded before Flop



PokerStars Hand #254395149587:  Hold'em No Limit ($0.50/$1.00 USD) - 2025/01/16 7:50:49 WET [2025/01/16 2:50:49 ET]
Table 'Echion III' 6-max Seat #5 is the button
Seat 2: AlexEliseev7 ($104.54 in chips) 
Seat 3: SlowDrop ($100 in chips) 
Seat 5: jeffy27dt1 ($105.39 in chips) 
Seat 6: BadenBadenPH ($99 in chips) 
BadenBadenPH: posts small blind $0.50
AlexEliseev7: posts big blind $1
*** HOLE CARDS ***
SlowDrop: folds 
jeffy27dt1: folds 
BadenBadenPH: folds 
Uncalled bet ($0.50) returned to AlexEliseev7
AlexEliseev7 collected $1 from pot
AlexEliseev7: doesn't show hand 
*** SUMMARY ***
Total pot $1 | Rake $0 
Seat 2: AlexEliseev7 (big blind) collected ($1)
Seat 3: SlowDrop folded before Flop (didn't bet)
Seat 5: jeffy27dt1 (button) folded before Flop (didn't bet)
Seat 6: BadenBadenPH (small blind) folded before Flop



PokerStars Hand #254395150680:  Hold'em No Limit ($0.50/$1.00 USD) - 2025/01/16 7:51:05 WET [2025/01/16 2:51:05 ET]
Table 'Echion III' 6-max Seat #6 is the button
Seat 2: AlexEliseev7 ($105.04 in chips) 
Seat 3: SlowDrop ($100 in chips) 
Seat 5: jeffy27dt1 ($105.39 in chips) 
Seat 6: BadenBadenPH ($98.50 in chips) 
AlexEliseev7: posts small blind $0.50
SlowDrop: posts big blind $1
*** HOLE CARDS ***
jeffy27dt1: folds 
BadenBadenPH: raises $1.50 to $2.50
AlexEliseev7: folds 
SlowDrop: folds 
Uncalled bet ($1.50) returned to BadenBadenPH
BadenBadenPH collected $2.50 from pot
*** SUMMARY ***
Total pot $2.50 | Rake $0 
Seat 2: AlexEliseev7 (small blind) folded before Flop
Seat 3: SlowDrop (big blind) folded before Flop
Seat 5: jeffy27dt1 folded before Flop (didn't bet)
Seat 6: BadenBadenPH (button) collected ($2.50)



PokerStars Hand #254395152197:  Hold'em No Limit ($0.50/$1.00 USD) - 2025/01/16 7:51:25 WET [2025/01/16 2:51:25 ET]
Table 'Echion III' 6-max Seat #2 is the button
Seat 2: AlexEliseev7 ($104.54 in chips) 
Seat 3: SlowDrop ($100 in chips) 
Seat 5: jeffy27dt1 ($105.39 in chips) 
Seat 6: BadenBadenPH ($100 in chips) 
SlowDrop: posts small blind $0.50
jeffy27dt1: posts big blind $1
*** HOLE CARDS ***
BadenBadenPH: folds 
AlexEliseev7: folds 
SlowDrop: folds 
Uncalled bet ($0.50) returned to jeffy27dt1
jeffy27dt1 collected $1 from pot
jeffy27dt1: doesn't show hand 
*** SUMMARY ***
Total pot $1 | Rake $0 
Seat 2: AlexEliseev7 (button) folded before Flop (didn't bet)
Seat 3: SlowDrop (small blind) folded before Flop
Seat 5: jeffy27dt1 (big blind) collected ($1)
Seat 6: BadenBadenPH folded before Flop (didn't bet)



PokerStars Hand #254395154078:  Hold'em No Limit ($0.50/$1.00 USD) - 2025/01/16 7:51:50 WET [2025/01/16 2:51:50 ET]
Table 'Echion III' 6-max Seat #3 is the button
Seat 2: AlexEliseev7 ($104.54 in chips) 
Seat 3: SlowDrop ($100 in chips) 
Seat 5: jeffy27dt1 ($105.89 in chips) 
Seat 6: BadenBadenPH ($100 in chips) 
jeffy27dt1: posts small blind $0.50
BadenBadenPH: posts big blind $1
*** HOLE CARDS ***
AlexEliseev7: folds 
SlowDrop: raises $1 to $2
jeffy27dt1: raises $10 to $12
BadenBadenPH: folds 
SlowDrop: folds 
Uncalled bet ($10) returned to jeffy27dt1
jeffy27dt1 collected $5 from pot
jeffy27dt1: doesn't show hand 
*** SUMMARY ***
Total pot $5 | Rake $0 
Seat 2: AlexEliseev7 folded before Flop (didn't bet)
Seat 3: SlowDrop (button) folded before Flop
Seat 5: jeffy27dt1 (small blind) collected ($5)
Seat 6: BadenBadenPH (big blind) folded before Flop



PokerStars Hand #254395156525:  Hold'em No Limit ($0.50/$1.00 USD) - 2025/01/16 7:52:23 WET [2025/01/16 2:52:23 ET]
Table 'Echion III' 6-max Seat #5 is the button
Seat 2: AlexEliseev7 ($104.54 in chips) 
Seat 3: SlowDrop ($100 in chips) 
Seat 5: jeffy27dt1 ($108.89 in chips) 
Seat 6: BadenBadenPH ($99 in chips) 
BadenBadenPH: posts small blind $0.50
AlexEliseev7: posts big blind $1
*** HOLE CARDS ***
SlowDrop: folds 
jeffy27dt1: raises $1.50 to $2.50
BadenBadenPH: folds 
AlexEliseev7: calls $1.50
*** FLOP *** [Qs Td 4d]
AlexEliseev7: checks 
jeffy27dt1: bets $1.72
AlexEliseev7: calls $1.72
*** TURN *** [Qs Td 4d] [Qh]
AlexEliseev7: checks 
jeffy27dt1: bets $6.37
Pon4uk.ua joins the table at seat #1 
AlexEliseev7: folds 
Uncalled bet ($6.37) returned to jeffy27dt1
jeffy27dt1 collected $8.49 from pot
jeffy27dt1: doesn't show hand 
*** SUMMARY ***
Total pot $8.94 | Rake $0.45 
Board [Qs Td 4d Qh]
Seat 2: AlexEliseev7 (big blind) folded on the Turn
Seat 3: SlowDrop folded before Flop (didn't bet)
Seat 5: jeffy27dt1 (button) collected ($8.49)
Seat 6: BadenBadenPH (small blind) folded before Flop



PokerStars Hand #254395162680:  Hold'em No Limit ($0.50/$1.00 USD) - 2025/01/16 7:53:47 WET [2025/01/16 2:53:47 ET]
Table 'Echion III' 6-max Seat #6 is the button
Seat 1: Pon4uk.ua ($100 in chips) is sitting out
Seat 2: AlexEliseev7 ($100.32 in chips) 
Seat 3: SlowDrop ($100 in chips) 
Seat 5: jeffy27dt1 ($113.16 in chips) 
Seat 6: BadenBadenPH ($98.50 in chips) 
AlexEliseev7: posts small blind $0.50
SlowDrop: posts big blind $1
*** HOLE CARDS ***
jeffy27dt1: folds 
BadenBadenPH: folds 
AlexEliseev7: folds 
Uncalled bet ($0.50) returned to SlowDrop
SlowDrop collected $1 from pot
SlowDrop: doesn't show hand 
*** SUMMARY ***
Total pot $1 | Rake $0 
Seat 1: Pon4uk.ua
Seat 2: AlexEliseev7 (small blind) folded before Flop
Seat 3: SlowDrop (big blind) collected ($1)
Seat 5: jeffy27dt1 folded before Flop (didn't bet)
Seat 6: BadenBadenPH (button) folded before Flop (didn't bet)



PokerStars Hand #254395163601:  Hold'em No Limit ($0.50/$1.00 USD) - 2025/01/16 7:54:00 WET [2025/01/16 2:54:00 ET]
Table 'Echion III' 6-max Seat #2 is the button
Seat 1: Pon4uk.ua ($100 in chips) is sitting out
Seat 2: AlexEliseev7 ($100 in chips) 
Seat 3: SlowDrop ($100.50 in chips) 
Seat 5: jeffy27dt1 ($113.16 in chips) 
Seat 6: BadenBadenPH ($98.50 in chips) 
SlowDrop: posts small blind $0.50
jeffy27dt1: posts big blind $1
Pon4uk.ua: sits out 
*** HOLE CARDS ***
BadenBadenPH: folds 
AlexEliseev7: raises $1.50 to $2.50
SlowDrop: folds 
jeffy27dt1: folds 
Uncalled bet ($1.50) returned to AlexEliseev7
AlexEliseev7 collected $2.50 from pot
AlexEliseev7: doesn't show hand 
*** SUMMARY ***
Total pot $2.50 | Rake $0 
Seat 1: Pon4uk.ua
Seat 2: AlexEliseev7 (button) collected ($2.50)
Seat 3: SlowDrop (small blind) folded before Flop
Seat 5: jeffy27dt1 (big blind) folded before Flop
Seat 6: BadenBadenPH folded before Flop (didn't bet)



PokerStars Hand #254395164408:  Hold'em No Limit ($0.50/$1.00 USD) - 2025/01/16 7:54:11 WET [2025/01/16 2:54:11 ET]
Table 'Echion III' 6-max Seat #3 is the button
Seat 6: BadenBadenPH ($98.50 in chips) is sitting out
Seat 1: Pon4uk.ua ($100 in chips) 
Seat 2: AlexEliseev7 ($101.50 in chips) 
Seat 3: SlowDrop ($100 in chips) 
Seat 5: jeffy27dt1 ($112.16 in chips) 
jeffy27dt1: posts small blind $0.50
Pon4uk.ua: posts big blind $1
*** HOLE CARDS ***
AlexEliseev7: folds 
SlowDrop: raises $1 to $2
jeffy27dt1: folds 
Pon4uk.ua: folds 
Uncalled bet ($1) returned to SlowDrop
SlowDrop collected $2.50 from pot
SlowDrop: doesn't show hand 
*** SUMMARY ***
Total pot $2.50 | Rake $0 
Seat 6: BadenBadenPH
Seat 1: Pon4uk.ua (big blind) folded before Flop
Seat 2: AlexEliseev7 folded before Flop (didn't bet)
Seat 3: SlowDrop (button) collected ($2.50)
Seat 5: jeffy27dt1 (small blind) folded before Flop



PokerStars Hand #254395165798:  Hold'em No Limit ($0.50/$1.00 USD) - 2025/01/16 7:54:30 WET [2025/01/16 2:54:30 ET]
Table 'Echion III' 6-max Seat #5 is the button
Seat 6: BadenBadenPH ($98.50 in chips) is sitting out
Seat 1: Pon4uk.ua ($100 in chips) 
Seat 2: AlexEliseev7 ($101.50 in chips) 
Seat 3: SlowDrop ($101.50 in chips) 
Seat 5: jeffy27dt1 ($111.66 in chips) 
Pon4uk.ua: posts small blind $0.50
AlexEliseev7: posts big blind $1
*** HOLE CARDS ***
SlowDrop: folds 
jeffy27dt1: folds 
Pon4uk.ua: raises $1.75 to $2.75
AlexEliseev7: calls $1.75
*** FLOP *** [2s Ac 6d]
Pon4uk.ua: bets $1.72
AlexEliseev7: folds 
Uncalled bet ($1.72) returned to Pon4uk.ua
Pon4uk.ua collected $5.22 from pot
Pon4uk.ua: doesn't show hand 
*** SUMMARY ***
Total pot $5.50 | Rake $0.28 
Board [2s Ac 6d]
Seat 6: BadenBadenPH
Seat 1: Pon4uk.ua (small blind) collected ($5.22)
Seat 2: AlexEliseev7 (big blind) folded on the Flop
Seat 3: SlowDrop folded before Flop (didn't bet)
Seat 5: jeffy27dt1 (button) folded before Flop (didn't bet)



PokerStars Hand #254395168627:  Hold'em No Limit ($0.50/$1.00 USD) - 2025/01/16 7:55:07 WET [2025/01/16 2:55:07 ET]
Table 'Echion III' 6-max Seat #1 is the button
Seat 6: BadenBadenPH ($98.50 in chips) is sitting out
Seat 1: Pon4uk.ua ($102.47 in chips) 
Seat 2: AlexEliseev7 ($100 in chips) 
Seat 3: SlowDrop ($101.50 in chips) 
Seat 5: jeffy27dt1 ($111.66 in chips) 
AlexEliseev7: posts small blind $0.50
SlowDrop: posts big blind $1
*** HOLE CARDS ***
jeffy27dt1: folds 
Pon4uk.ua: raises $1.50 to $2.50
AlexEliseev7: raises $9.50 to $12
SlowDrop: folds 
Pon4uk.ua: calls $9.50
*** FLOP *** [8d 3s 7d]
AlexEliseev7: bets $18.72
Maturematuuh joins the table at seat #4 
Maturematuuh is disconnected 
BadenBadenPH is disconnected 
Pon4uk.ua: folds 
Uncalled bet ($18.72) returned to AlexEliseev7
AlexEliseev7 collected $24 from pot
AlexEliseev7: doesn't show hand 
*** SUMMARY ***
Total pot $25 | Rake $1 
Board [8d 3s 7d]
Seat 6: BadenBadenPH
Seat 1: Pon4uk.ua (button) folded on the Flop
Seat 2: AlexEliseev7 (small blind) collected ($24)
Seat 3: SlowDrop (big blind) folded before Flop
Seat 5: jeffy27dt1 folded before Flop (didn't bet)



PokerStars Hand #254395172359:  Hold'em No Limit ($0.50/$1.00 USD) - 2025/01/16 7:56:04 WET [2025/01/16 2:56:04 ET]
Table 'Echion III' 6-max Seat #2 is the button
Seat 6: BadenBadenPH ($98.50 in chips) is sitting out
Seat 1: Pon4uk.ua ($100 in chips) 
Seat 2: AlexEliseev7 ($112 in chips) 
Seat 3: SlowDrop ($100.50 in chips) 
Seat 4: Maturematuuh ($41.10 in chips) 
Seat 5: jeffy27dt1 ($111.66 in chips) 
SlowDrop: posts small blind $0.50
Maturematuuh: posts big blind $1
*** HOLE CARDS ***
jeffy27dt1: folds 
Pon4uk.ua: raises $1.50 to $2.50
AlexEliseev7: folds 
SlowDrop: folds 
Maturematuuh: calls $1.50
*** FLOP *** [6s Kd 4h]
Maturematuuh: checks 
Pon4uk.ua: bets $1.72
Maturematuuh: calls $1.72
*** TURN *** [6s Kd 4h] [8h]
Maturematuuh: checks 
Pon4uk.ua: checks 
*** RIVER *** [6s Kd 4h 8h] [Ac]
BadenBadenPH is disconnected 
Maturematuuh: bets $5
Pon4uk.ua: calls $5
*** SHOW DOWN ***
Maturematuuh: shows [5d 5h] (a pair of Fives)
Pon4uk.ua: shows [Jc Ad] (a pair of Aces)
Pon4uk.ua collected $17.99 from pot
*** SUMMARY ***
Total pot $18.94 | Rake $0.95 
Board [6s Kd 4h 8h Ac]
Seat 6: BadenBadenPH
Seat 1: Pon4uk.ua showed [Jc Ad] and won ($17.99) with a pair of Aces
Seat 2: AlexEliseev7 (button) folded before Flop (didn't bet)
Seat 3: SlowDrop (small blind) folded before Flop
Seat 4: Maturematuuh (big blind) showed [5d 5h] and lost with a pair of Fives
Seat 5: jeffy27dt1 folded before Flop (didn't bet)



PokerStars Hand #254395175154:  Hold'em No Limit ($0.50/$1.00 USD) - 2025/01/16 7:56:48 WET [2025/01/16 2:56:48 ET]
Table 'Echion III' 6-max Seat #3 is the button
Seat 6: BadenBadenPH ($98.50 in chips) is sitting out
Seat 1: Pon4uk.ua ($108.77 in chips) 
Seat 2: AlexEliseev7 ($112 in chips) 
Seat 3: SlowDrop ($100 in chips) 
Seat 4: Maturematuuh ($31.88 in chips) 
Seat 5: jeffy27dt1 ($111.66 in chips) 
Maturematuuh: posts small blind $0.50
jeffy27dt1: posts big blind $1
*** HOLE CARDS ***
Pon4uk.ua: folds 
AlexEliseev7: folds 
SlowDrop: raises $1.50 to $2.50
Maturematuuh: folds 
jeffy27dt1: folds 
Uncalled bet ($1.50) returned to SlowDrop
SlowDrop collected $2.50 from pot
SlowDrop: doesn't show hand 
*** SUMMARY ***
Total pot $2.50 | Rake $0 
Seat 6: BadenBadenPH
Seat 1: Pon4uk.ua folded before Flop (didn't bet)
Seat 2: AlexEliseev7 folded before Flop (didn't bet)
Seat 3: SlowDrop (button) collected ($2.50)
Seat 4: Maturematuuh (small blind) folded before Flop
Seat 5: jeffy27dt1 (big blind) folded before Flop



PokerStars Hand #254395176410:  Hold'em No Limit ($0.50/$1.00 USD) - 2025/01/16 7:57:08 WET [2025/01/16 2:57:08 ET]
Table 'Echion III' 6-max Seat #4 is the button
Seat 6: BadenBadenPH ($98.50 in chips) is sitting out
Seat 1: Pon4uk.ua ($108.77 in chips) 
Seat 2: AlexEliseev7 ($112 in chips) 
Seat 3: SlowDrop ($101.50 in chips) 
Seat 4: Maturematuuh ($31.38 in chips) 
Seat 5: jeffy27dt1 ($110.66 in chips) 
jeffy27dt1: posts small blind $0.50
Pon4uk.ua: posts big blind $1
*** HOLE CARDS ***
AlexEliseev7: folds 
SlowDrop: folds 
Maturematuuh: folds 
jeffy27dt1: raises $2 to $3
Pon4uk.ua: calls $2
*** FLOP *** [4s Ah 7h]
jeffy27dt1: bets $1.88
Pon4uk.ua: calls $1.88
*** TURN *** [4s Ah 7h] [6d]
jeffy27dt1: bets $6.95
Pon4uk.ua: folds 
Uncalled bet ($6.95) returned to jeffy27dt1
jeffy27dt1 collected $9.27 from pot
jeffy27dt1: doesn't show hand 
*** SUMMARY ***
Total pot $9.76 | Rake $0.49 
Board [4s Ah 7h 6d]
Seat 6: BadenBadenPH
Seat 1: Pon4uk.ua (big blind) folded on the Turn
Seat 2: AlexEliseev7 folded before Flop (didn't bet)
Seat 3: SlowDrop folded before Flop (didn't bet)
Seat 4: Maturematuuh (button) folded before Flop (didn't bet)
Seat 5: jeffy27dt1 (small blind) collected ($9.27)



PokerStars Hand #254395179597:  Hold'em No Limit ($0.50/$1.00 USD) - 2025/01/16 7:57:57 WET [2025/01/16 2:57:57 ET]
Table 'Echion III' 6-max Seat #5 is the button
Seat 6: BadenBadenPH ($98.50 in chips) is sitting out
Seat 1: Pon4uk.ua ($103.89 in chips) 
Seat 2: AlexEliseev7 ($112 in chips) 
Seat 3: SlowDrop ($101.50 in chips) 
Seat 4: Maturematuuh ($31.38 in chips) 
Seat 5: jeffy27dt1 ($115.05 in chips) 
Pon4uk.ua: posts small blind $0.50
AlexEliseev7: posts big blind $1
*** HOLE CARDS ***
SlowDrop: folds 
Maturematuuh: folds 
jeffy27dt1: raises $1.50 to $2.50
Pon4uk.ua: folds 
AlexEliseev7: folds 
Uncalled bet ($1.50) returned to jeffy27dt1
jeffy27dt1 collected $2.50 from pot
jeffy27dt1: doesn't show hand 
*** SUMMARY ***
Total pot $2.50 | Rake $0 
Seat 6: BadenBadenPH
Seat 1: Pon4uk.ua (small blind) folded before Flop
Seat 2: AlexEliseev7 (big blind) folded before Flop
Seat 3: SlowDrop folded before Flop (didn't bet)
Seat 4: Maturematuuh folded before Flop (didn't bet)
Seat 5: jeffy27dt1 (button) collected ($2.50)



PokerStars Hand #254395180975:  Hold'em No Limit ($0.50/$1.00 USD) - 2025/01/16 7:58:18 WET [2025/01/16 2:58:18 ET]
Table 'Echion III' 6-max Seat #1 is the button
Seat 6: BadenBadenPH ($98.50 in chips) is sitting out
Seat 1: Pon4uk.ua ($103.39 in chips) 
Seat 2: AlexEliseev7 ($111 in chips) 
Seat 3: SlowDrop ($101.50 in chips) 
Seat 4: Maturematuuh ($31.38 in chips) 
Seat 5: jeffy27dt1 ($116.55 in chips) 
AlexEliseev7: posts small blind $0.50
SlowDrop: posts big blind $1
*** HOLE CARDS ***
Maturematuuh: folds 
jeffy27dt1: folds 
Pon4uk.ua: raises $1.50 to $2.50
AlexEliseev7: folds 
SlowDrop: folds 
Uncalled bet ($1.50) returned to Pon4uk.ua
Pon4uk.ua collected $2.50 from pot
Pon4uk.ua: doesn't show hand 
*** SUMMARY ***
Total pot $2.50 | Rake $0 
Seat 6: BadenBadenPH
Seat 1: Pon4uk.ua (button) collected ($2.50)
Seat 2: AlexEliseev7 (small blind) folded before Flop
Seat 3: SlowDrop (big blind) folded before Flop
Seat 4: Maturematuuh folded before Flop (didn't bet)
Seat 5: jeffy27dt1 folded before Flop (didn't bet)



PokerStars Hand #254395181739:  Hold'em No Limit ($0.50/$1.00 USD) - 2025/01/16 7:58:30 WET [2025/01/16 2:58:30 ET]
Table 'Echion III' 6-max Seat #2 is the button
Seat 6: BadenBadenPH ($98.50 in chips) is sitting out
Seat 1: Pon4uk.ua ($104.89 in chips) 
Seat 2: AlexEliseev7 ($110.50 in chips) 
Seat 3: SlowDrop ($100.50 in chips) 
Seat 4: Maturematuuh ($31.38 in chips) 
Seat 5: jeffy27dt1 ($116.55 in chips) 
SlowDrop: posts small blind $0.50
Maturematuuh: posts big blind $1
*** HOLE CARDS ***
jeffy27dt1: folds 
Pon4uk.ua: raises $1.50 to $2.50
AlexEliseev7: folds 
SlowDrop: folds 
Maturematuuh: folds 
Uncalled bet ($1.50) returned to Pon4uk.ua
Pon4uk.ua collected $2.50 from pot
Pon4uk.ua: doesn't show hand 
*** SUMMARY ***
Total pot $2.50 | Rake $0 
Seat 6: BadenBadenPH
Seat 1: Pon4uk.ua collected ($2.50)
Seat 2: AlexEliseev7 (button) folded before Flop (didn't bet)
Seat 3: SlowDrop (small blind) folded before Flop
Seat 4: Maturematuuh (big blind) folded before Flop
Seat 5: jeffy27dt1 folded before Flop (didn't bet)



PokerStars Hand #254395187654:  Hold'em No Limit ($0.50/$1.00 USD) - 2025/01/16 8:00:03 WET [2025/01/16 3:00:03 ET]
Table 'Echion III' 6-max Seat #4 is the button
Seat 6: BadenBadenPH ($98.50 in chips) is sitting out
Seat 1: Pon4uk.ua ($106.39 in chips) 
Seat 2: AlexEliseev7 ($110.50 in chips) 
Seat 3: SlowDrop ($100 in chips) 
Seat 4: Maturematuuh ($11.68 in chips) 
Seat 5: jeffy27dt1 ($133.38 in chips) 
jeffy27dt1: posts small blind $0.50
Pon4uk.ua: posts big blind $1
*** HOLE CARDS ***
AlexEliseev7: folds 
SlowDrop: folds 
Maturematuuh: folds 
jeffy27dt1: raises $2 to $3
Pon4uk.ua: calls $2
*** FLOP *** [Ad 5s 8d]
jeffy27dt1: bets $1.88
Pon4uk.ua: raises $4.73 to $6.61
jeffy27dt1: calls $4.73
*** TURN *** [Ad 5s 8d] [6c]
jeffy27dt1: checks 
Pon4uk.ua: bets $13.70
jeffy27dt1: folds 
Uncalled bet ($13.70) returned to Pon4uk.ua
Pon4uk.ua collected $18.26 from pot
Pon4uk.ua: doesn't show hand 
*** SUMMARY ***
Total pot $19.22 | Rake $0.96 
Board [Ad 5s 8d 6c]
Seat 6: BadenBadenPH
Seat 1: Pon4uk.ua (big blind) collected ($18.26)
Seat 2: AlexEliseev7 folded before Flop (didn't bet)
Seat 3: SlowDrop folded before Flop (didn't bet)
Seat 4: Maturematuuh (button) folded before Flop (didn't bet)
Seat 5: jeffy27dt1 (small blind) folded on the Turn



PokerStars Hand #254395293236:  Hold'em No Limit ($0.50/$1.00 USD) - 2025/01/16 8:22:56 WET [2025/01/16 3:22:56 ET]
Table 'Echion III' 6-max Seat #4 is the button
Seat 1: jeffy27dt1 ($118.88 in chips) is sitting out
Seat 5: peak joker33 ($120.10 in chips) is sitting out
Seat 6: Kristo 914 ($121.61 in chips) is sitting out
Seat 3: ChuckNorrisQ ($101.22 in chips) 
Seat 4: AlexEliseev7 ($112.50 in chips) 
AlexEliseev7: posts small blind $0.50
peak joker33: is sitting out 
Kristo 914: is sitting out 
ChuckNorrisQ: posts big blind $1
*** HOLE CARDS ***
peak joker33 leaves the table
AlexEliseev7: raises $1.50 to $2.50
Kristo 914 leaves the table
ChuckNorrisQ: calls $1.50
*** FLOP *** [Qd Qs 7c]
ChuckNorrisQ: checks 
AlexEliseev7: bets $1.57
ChuckNorrisQ: calls $1.57
*** TURN *** [Qd Qs 7c] [Ts]
ChuckNorrisQ: checks 
AlexEliseev7: checks 
*** RIVER *** [Qd Qs 7c Ts] [As]
ChuckNorrisQ: bets $2.55
AlexEliseev7: calls $2.55
*** SHOW DOWN ***
ChuckNorrisQ: shows [5h Ac] (two pair, Aces and Queens)
AlexEliseev7: shows [3h Qc] (three of a kind, Queens)
AlexEliseev7 collected $12.58 from pot
*** SUMMARY ***
Total pot $13.24 | Rake $0.66 
Board [Qd Qs 7c Ts As]
Seat 1: jeffy27dt1
Seat 5: peak joker33
Seat 6: Kristo 914
Seat 3: ChuckNorrisQ (big blind) showed [5h Ac] and lost with two pair, Aces and Queens
Seat 4: AlexEliseev7 (button) (small blind) showed [3h Qc] and won ($12.58) with three of a kind, Queens



PokerStars Hand #254395298787:  Hold'em No Limit ($0.50/$1.00 USD) - 2025/01/16 8:24:06 WET [2025/01/16 3:24:06 ET]
Table 'Echion III' 6-max Seat #3 is the button
Seat 1: jeffy27dt1 ($118.88 in chips) is sitting out
Seat 3: ChuckNorrisQ ($100 in chips) 
Seat 4: AlexEliseev7 ($118.46 in chips) 
ChuckNorrisQ: posts small blind $0.50
AlexEliseev7: posts big blind $1
*** HOLE CARDS ***
ChuckNorrisQ: raises $1.50 to $2.50
AlexEliseev7: calls $1.50
*** FLOP *** [6c 3h 7c]
AlexEliseev7: checks 
ChuckNorrisQ: bets $3.56
AlexEliseev7: raises $9.26 to $12.82
ChuckNorrisQ: calls $9.26
*** TURN *** [6c 3h 7c] [Qs]
AlexEliseev7: checks 
ChuckNorrisQ: checks 
*** RIVER *** [6c 3h 7c Qs] [7s]
AlexEliseev7: checks 
ChuckNorrisQ: bets $84.68 and is all-in
AlexEliseev7: calls $84.68
*** SHOW DOWN ***
ChuckNorrisQ: shows [7h Kd] (three of a kind, Sevens)
AlexEliseev7: shows [5c Qc] (two pair, Queens and Sevens)
ChuckNorrisQ collected $199 from pot
*** SUMMARY ***
Total pot $200 | Rake $1 
Board [6c 3h 7c Qs 7s]
Seat 1: jeffy27dt1
Seat 3: ChuckNorrisQ (button) (small blind) showed [7h Kd] and won ($199) with three of a kind, Sevens
Seat 4: AlexEliseev7 (big blind) showed [5c Qc] and lost with two pair, Queens and Sevens



PokerStars Hand #254395323819:  Hold'em No Limit ($0.50/$1.00 USD) - 2025/01/16 8:29:24 WET [2025/01/16 3:29:24 ET]
Table 'Echion III' 6-max Seat #4 is the button
Seat 1: jeffy27dt1 ($118.88 in chips) 
Seat 4: Quahrino ($100 in chips) 
Quahrino: posts small blind $0.50
jeffy27dt1: posts big blind $1
*** HOLE CARDS ***
Quahrino: raises $1.50 to $2.50
jeffy27dt1: folds 
Uncalled bet ($1.50) returned to Quahrino
Quahrino collected $2 from pot
Quahrino: doesn't show hand 
*** SUMMARY ***
Total pot $2 | Rake $0 
Seat 1: jeffy27dt1 (big blind) folded before Flop
Seat 4: Quahrino (button) (small blind) collected ($2)



PokerStars Hand #254395324398:  Hold'em No Limit ($0.50/$1.00 USD) - 2025/01/16 8:29:31 WET [2025/01/16 3:29:31 ET]
Table 'Echion III' 6-max Seat #1 is the button
Seat 1: jeffy27dt1 ($117.88 in chips) 
Seat 4: Quahrino ($101 in chips) 
jeffy27dt1: posts small blind $0.50
Quahrino: posts big blind $1
*** HOLE CARDS ***
jeffy27dt1: folds 
Uncalled bet ($0.50) returned to Quahrino
Quahrino collected $1 from pot
Quahrino: doesn't show hand 
*** SUMMARY ***
Total pot $1 | Rake $0 
Seat 1: jeffy27dt1 (button) (small blind) folded before Flop
Seat 4: Quahrino (big blind) collected ($1)



PokerStars Hand #254395324936:  Hold'em No Limit ($0.50/$1.00 USD) - 2025/01/16 8:29:38 WET [2025/01/16 3:29:38 ET]
Table 'Echion III' 6-max Seat #4 is the button
Seat 1: jeffy27dt1 ($117.38 in chips) 
Seat 4: Quahrino ($101.50 in chips) 
Quahrino: posts small blind $0.50
jeffy27dt1: posts big blind $1
*** HOLE CARDS ***
Quahrino: raises $1.50 to $2.50
jeffy27dt1: raises $7.50 to $10
Quahrino: folds 
Uncalled bet ($7.50) returned to jeffy27dt1
jeffy27dt1 collected $5 from pot
jeffy27dt1: doesn't show hand 
*** SUMMARY ***
Total pot $5 | Rake $0 
Seat 1: jeffy27dt1 (big blind) collected ($5)
Seat 4: Quahrino (button) (small blind) folded before Flop



PokerStars Hand #254395326397:  Hold'em No Limit ($0.50/$1.00 USD) - 2025/01/16 8:29:56 WET [2025/01/16 3:29:56 ET]
Table 'Echion III' 6-max Seat #1 is the button
Seat 1: jeffy27dt1 ($119.88 in chips) 
Seat 4: Quahrino ($100 in chips) 
jeffy27dt1: posts small blind $0.50
Quahrino: posts big blind $1
*** HOLE CARDS ***
jeffy27dt1: folds 
Uncalled bet ($0.50) returned to Quahrino
Quahrino collected $1 from pot
Quahrino: doesn't show hand 
*** SUMMARY ***
Total pot $1 | Rake $0 
Seat 1: jeffy27dt1 (button) (small blind) folded before Flop
Seat 4: Quahrino (big blind) collected ($1)



PokerStars Hand #254395327278:  Hold'em No Limit ($0.50/$1.00 USD) - 2025/01/16 8:30:07 WET [2025/01/16 3:30:07 ET]
Table 'Echion III' 6-max Seat #4 is the button
Seat 1: jeffy27dt1 ($119.38 in chips) 
Seat 4: Quahrino ($100.50 in chips) 
Quahrino: posts small blind $0.50
jeffy27dt1: posts big blind $1
*** HOLE CARDS ***
Quahrino: raises $1.50 to $2.50
jeffy27dt1: raises $7.50 to $10
Quahrino: folds 
Uncalled bet ($7.50) returned to jeffy27dt1
jeffy27dt1 collected $5 from pot
jeffy27dt1: doesn't show hand 
*** SUMMARY ***
Total pot $5 | Rake $0 
Seat 1: jeffy27dt1 (big blind) collected ($5)
Seat 4: Quahrino (button) (small blind) folded before Flop



PokerStars Hand #254395328468:  Hold'em No Limit ($0.50/$1.00 USD) - 2025/01/16 8:30:22 WET [2025/01/16 3:30:22 ET]
Table 'Echion III' 6-max Seat #1 is the button
Seat 1: jeffy27dt1 ($121.88 in chips) 
Seat 4: Quahrino ($100 in chips) 
jeffy27dt1: posts small blind $0.50
Quahrino: posts big blind $1
*** HOLE CARDS ***
jeffy27dt1: raises $2 to $3
Quahrino: raises $10 to $13
jeffy27dt1: calls $10
*** FLOP *** [As Qd 8c]
Quahrino: checks 
jeffy27dt1: checks 
*** TURN *** [As Qd 8c] [3s]
Quahrino: checks 
jeffy27dt1: bets $8.25
Quahrino: folds 
Uncalled bet ($8.25) returned to jeffy27dt1
jeffy27dt1 collected $25 from pot
jeffy27dt1: doesn't show hand 
*** SUMMARY ***
Total pot $26 | Rake $1 
Board [As Qd 8c 3s]
Seat 1: jeffy27dt1 (button) (small blind) collected ($25)
Seat 4: Quahrino (big blind) folded on the Turn



PokerStars Hand #254395335042:  Hold'em No Limit ($0.50/$1.00 USD) - 2025/01/16 8:31:44 WET [2025/01/16 3:31:44 ET]
Table 'Echion III' 6-max Seat #4 is the button
Seat 1: jeffy27dt1 ($133.88 in chips) 
Seat 4: Quahrino ($100 in chips) 
Quahrino: posts small blind $0.50
jeffy27dt1: posts big blind $1
*** HOLE CARDS ***
Quahrino: raises $1.50 to $2.50
jeffy27dt1: calls $1.50
*** FLOP *** [Ts Tc 4c]
jeffy27dt1: checks 
Quahrino: bets $1.57
jeffy27dt1: raises $4.98 to $6.55
Quahrino: folds 
Uncalled bet ($4.98) returned to jeffy27dt1
jeffy27dt1 collected $7.73 from pot
jeffy27dt1: doesn't show hand 
*** SUMMARY ***
Total pot $8.14 | Rake $0.41 
Board [Ts Tc 4c]
Seat 1: jeffy27dt1 (big blind) collected ($7.73)
Seat 4: Quahrino (button) (small blind) folded on the Flop



PokerStars Hand #254395367076:  Hold'em No Limit ($0.50/$1.00 USD) - 2025/01/16 8:38:17 WET [2025/01/16 3:38:17 ET]
Table 'Echion III' 6-max Seat #5 is the button
Seat 1: jeffy27dt1 ($137.54 in chips) is sitting out
Seat 2: Acuario75 ($80 in chips) 
Seat 3: value_ftw ($100 in chips) 
Seat 4: Quahrino ($100 in chips) 
Seat 5: Mak.Alse ($100 in chips) 
Seat 6: Poker9803 ($100 in chips) 
Poker9803: posts small blind $0.50
Acuario75: posts big blind $1
*** HOLE CARDS ***
value_ftw: raises $1.20 to $2.20
Quahrino: folds 
Mak.Alse: folds 
Poker9803: folds 
Acuario75: calls $1.20
*** FLOP *** [3d 6h Ac]
Acuario75: checks 
value_ftw: checks 
*** TURN *** [3d 6h Ac] [Td]
Acuario75: checks 
value_ftw: checks 
*** RIVER *** [3d 6h Ac Td] [5d]
Acuario75: bets $2.84
value_ftw: folds 
Uncalled bet ($2.84) returned to Acuario75
Acuario75 collected $4.66 from pot
Acuario75: doesn't show hand 
*** SUMMARY ***
Total pot $4.90 | Rake $0.24 
Board [3d 6h Ac Td 5d]
Seat 1: jeffy27dt1
Seat 2: Acuario75 (big blind) collected ($4.66)
Seat 3: value_ftw folded on the River
Seat 4: Quahrino folded before Flop (didn't bet)
Seat 5: Mak.Alse (button) folded before Flop (didn't bet)
Seat 6: Poker9803 (small blind) folded before Flop



PokerStars Hand #254395371801:  Hold'em No Limit ($0.50/$1.00 USD) - 2025/01/16 8:39:13 WET [2025/01/16 3:39:13 ET]
Table 'Echion III' 6-max Seat #6 is the button
Seat 1: jeffy27dt1 ($137.54 in chips) is sitting out
Seat 2: Acuario75 ($82.46 in chips) 
Seat 3: value_ftw ($100 in chips) 
Seat 4: Quahrino ($100 in chips) 
Seat 5: Mak.Alse ($100 in chips) 
Seat 6: Poker9803 ($100 in chips) 
Acuario75: posts small blind $0.50
value_ftw: posts big blind $1
*** HOLE CARDS ***
Quahrino: raises $1 to $2
Mak.Alse: folds 
Poker9803: folds 
Acuario75: folds 
value_ftw: folds 
Uncalled bet ($1) returned to Quahrino
Quahrino collected $2.50 from pot
Quahrino: doesn't show hand 
*** SUMMARY ***
Total pot $2.50 | Rake $0 
Seat 1: jeffy27dt1
Seat 2: Acuario75 (small blind) folded before Flop
Seat 3: value_ftw (big blind) folded before Flop
Seat 4: Quahrino collected ($2.50)
Seat 5: Mak.Alse folded before Flop (didn't bet)
Seat 6: Poker9803 (button) folded before Flop (didn't bet)



PokerStars Hand #254395372963:  Hold'em No Limit ($0.50/$1.00 USD) - 2025/01/16 8:39:27 WET [2025/01/16 3:39:27 ET]
Table 'Echion III' 6-max Seat #2 is the button
Seat 1: jeffy27dt1 ($137.54 in chips) is sitting out
Seat 2: Acuario75 ($81.96 in chips) 
Seat 3: value_ftw ($100 in chips) 
Seat 4: Quahrino ($101.50 in chips) 
Seat 5: Mak.Alse ($100 in chips) 
Seat 6: Poker9803 ($100 in chips) 
value_ftw: posts small blind $0.50
Quahrino: posts big blind $1
jeffy27dt1: sits out 
*** HOLE CARDS ***
Mak.Alse: folds 
Poker9803: raises $1.50 to $2.50
Acuario75: calls $2.50
value_ftw: folds 
Quahrino: calls $1.50
*** FLOP *** [6h 7h 5s]
Quahrino: bets $2.51
Poker9803: calls $2.51
Acuario75: folds 
*** TURN *** [6h 7h 5s] [Ah]
Quahrino: checks 
Poker9803: checks 
*** RIVER *** [6h 7h 5s Ah] [4s]
Quahrino: bets $4.08
Poker9803: folds 
Uncalled bet ($4.08) returned to Quahrino
Quahrino collected $12.37 from pot
Quahrino: doesn't show hand 
*** SUMMARY ***
Total pot $13.02 | Rake $0.65 
Board [6h 7h 5s Ah 4s]
Seat 1: jeffy27dt1
Seat 2: Acuario75 (button) folded on the Flop
Seat 3: value_ftw (small blind) folded before Flop
Seat 4: Quahrino (big blind) collected ($12.37)
Seat 5: Mak.Alse folded before Flop (didn't bet)
Seat 6: Poker9803 folded on the River



PokerStars Hand #254395378703:  Hold'em No Limit ($0.50/$1.00 USD) - 2025/01/16 8:40:36 WET [2025/01/16 3:40:36 ET]
Table 'Echion III' 6-max Seat #3 is the button
Seat 1: jeffy27dt1 ($137.54 in chips) is sitting out
Seat 2: Acuario75 ($79.46 in chips) 
Seat 3: value_ftw ($100 in chips) 
Seat 4: Quahrino ($108.86 in chips) 
Seat 5: Mak.Alse ($100 in chips) 
Seat 6: Poker9803 ($100 in chips) 
Quahrino: posts small blind $0.50
Mak.Alse: posts big blind $1
jeffy27dt1: sits out 
*** HOLE CARDS ***
Poker9803: folds 
Acuario75: folds 
value_ftw: folds 
Quahrino: raises $2 to $3
Mak.Alse: folds 
Uncalled bet ($2) returned to Quahrino
Quahrino collected $2 from pot
Quahrino: doesn't show hand 
*** SUMMARY ***
Total pot $2 | Rake $0 
Seat 1: jeffy27dt1
Seat 2: Acuario75 folded before Flop (didn't bet)
Seat 3: value_ftw (button) folded before Flop (didn't bet)
Seat 4: Quahrino (small blind) collected ($2)
Seat 5: Mak.Alse (big blind) folded before Flop
Seat 6: Poker9803 folded before Flop (didn't bet)



PokerStars Hand #254395379821:  Hold'em No Limit ($0.50/$1.00 USD) - 2025/01/16 8:40:50 WET [2025/01/16 3:40:50 ET]
Table 'Echion III' 6-max Seat #4 is the button
Seat 6: Poker9803 ($100 in chips) is sitting out
Seat 1: jeffy27dt1 ($137.54 in chips) 
Seat 2: Acuario75 ($79.46 in chips) 
Seat 3: value_ftw ($100 in chips) 
Seat 4: Quahrino ($109.86 in chips) 
Seat 5: Mak.Alse ($100 in chips) 
Mak.Alse: posts small blind $0.50
Poker9803: is sitting out 
jeffy27dt1: posts big blind $1
*** HOLE CARDS ***
Poker9803 leaves the table
Acuario75 has timed out
Acuario75: folds 
value_ftw: folds 
Quahrino: folds 
Mak.Alse: folds 
Uncalled bet ($0.50) returned to jeffy27dt1
jeffy27dt1 collected $1 from pot
jeffy27dt1: doesn't show hand 
*** SUMMARY ***
Total pot $1 | Rake $0 
Seat 6: Poker9803
Seat 1: jeffy27dt1 (big blind) collected ($1)
Seat 2: Acuario75 folded before Flop (didn't bet)
Seat 3: value_ftw folded before Flop (didn't bet)
Seat 4: Quahrino (button) folded before Flop (didn't bet)
Seat 5: Mak.Alse (small blind) folded before Flop



PokerStars Hand #254395381225:  Hold'em No Limit ($0.50/$1.00 USD) - 2025/01/16 8:41:07 WET [2025/01/16 3:41:07 ET]
Table 'Echion III' 6-max Seat #5 is the button
Seat 1: jeffy27dt1 ($138.04 in chips) 
Seat 2: Acuario75 ($79.46 in chips) 
Seat 3: value_ftw ($100 in chips) 
Seat 4: Quahrino ($109.86 in chips) 
Seat 5: Mak.Alse ($100 in chips) 
jeffy27dt1: posts small blind $0.50
Acuario75: posts big blind $1
*** HOLE CARDS ***
value_ftw: folds 
Quahrino: folds 
Mak.Alse: folds 
jeffy27dt1: raises $2 to $3
Acuario75: folds 
Uncalled bet ($2) returned to jeffy27dt1
jeffy27dt1 collected $2 from pot
jeffy27dt1: doesn't show hand 
*** SUMMARY ***
Total pot $2 | Rake $0 
Seat 1: jeffy27dt1 (small blind) collected ($2)
Seat 2: Acuario75 (big blind) folded before Flop
Seat 3: value_ftw folded before Flop (didn't bet)
Seat 4: Quahrino folded before Flop (didn't bet)
Seat 5: Mak.Alse (button) folded before Flop (didn't bet)



PokerStars Hand #254395382385:  Hold'em No Limit ($0.50/$1.00 USD) - 2025/01/16 8:41:20 WET [2025/01/16 3:41:20 ET]
Table 'Echion III' 6-max Seat #1 is the button
Seat 3: value_ftw ($100 in chips) is sitting out
Seat 1: jeffy27dt1 ($139.04 in chips) 
Seat 2: Acuario75 ($78.46 in chips) 
Seat 4: Quahrino ($109.86 in chips) 
Seat 5: Mak.Alse ($100 in chips) 
Acuario75: posts small blind $0.50
value_ftw: is sitting out 
Quahrino: posts big blind $1
*** HOLE CARDS ***
Mak.Alse: raises $1.50 to $2.50
jeffy27dt1: folds 
value_ftw leaves the table
Acuario75: folds 
Quahrino: folds 
Uncalled bet ($1.50) returned to Mak.Alse
Mak.Alse collected $2.50 from pot
Mak.Alse: doesn't show hand 
*** SUMMARY ***
Total pot $2.50 | Rake $0 
Seat 3: value_ftw
Seat 1: jeffy27dt1 (button) folded before Flop (didn't bet)
Seat 2: Acuario75 (small blind) folded before Flop
Seat 4: Quahrino (big blind) folded before Flop
Seat 5: Mak.Alse collected ($2.50)



PokerStars Hand #254395383255:  Hold'em No Limit ($0.50/$1.00 USD) - 2025/01/16 8:41:31 WET [2025/01/16 3:41:31 ET]
Table 'Echion III' 6-max Seat #2 is the button
Seat 1: jeffy27dt1 ($139.04 in chips) 
Seat 2: Acuario75 ($77.96 in chips) 
Seat 4: Quahrino ($108.86 in chips) 
Seat 5: Mak.Alse ($101.50 in chips) 
Quahrino: posts small blind $0.50
Mak.Alse: posts big blind $1
*** HOLE CARDS ***
jeffy27dt1: folds 
Acuario75: folds 
Quahrino: raises $2 to $3
Mak.Alse: folds 
Uncalled bet ($2) returned to Quahrino
Quahrino collected $2 from pot
Quahrino: doesn't show hand 
*** SUMMARY ***
Total pot $2 | Rake $0 
Seat 1: jeffy27dt1 folded before Flop (didn't bet)
Seat 2: Acuario75 (button) folded before Flop (didn't bet)
Seat 4: Quahrino (small blind) collected ($2)
Seat 5: Mak.Alse (big blind) folded before Flop



PokerStars Hand #254395384448:  Hold'em No Limit ($0.50/$1.00 USD) - 2025/01/16 8:41:45 WET [2025/01/16 3:41:45 ET]
Table 'Echion III' 6-max Seat #4 is the button
Seat 1: jeffy27dt1 ($139.04 in chips) 
Seat 2: Acuario75 ($77.96 in chips) 
Seat 4: Quahrino ($109.86 in chips) 
Seat 5: Mak.Alse ($100.50 in chips) 
Mak.Alse: posts small blind $0.50
jeffy27dt1: posts big blind $1
*** HOLE CARDS ***
Acuario75: raises $1.28 to $2.28
Quahrino: folds 
Mak.Alse: folds 
jeffy27dt1: calls $1.28
*** FLOP *** [Th 4d 9d]
jeffy27dt1: checks 
Acuario75: checks 
*** TURN *** [Th 4d 9d] [Ac]
jeffy27dt1: bets $6.01
Acuario75: folds 
Uncalled bet ($6.01) returned to jeffy27dt1
Pon4uk.ua joins the table at seat #3 
jeffy27dt1 collected $4.81 from pot
jeffy27dt1: doesn't show hand 
*** SUMMARY ***
Total pot $5.06 | Rake $0.25 
Board [Th 4d 9d Ac]
Seat 1: jeffy27dt1 (big blind) collected ($4.81)
Seat 2: Acuario75 folded on the Turn
Seat 4: Quahrino (button) folded before Flop (didn't bet)
Seat 5: Mak.Alse (small blind) folded before Flop



PokerStars Hand #254395388102:  Hold'em No Limit ($0.50/$1.00 USD) - 2025/01/16 8:42:28 WET [2025/01/16 3:42:28 ET]
Table 'Echion III' 6-max Seat #5 is the button
Seat 3: Pon4uk.ua ($110.04 in chips) is sitting out
Seat 1: jeffy27dt1 ($141.57 in chips) 
Seat 2: Acuario75 ($75.68 in chips) 
Seat 4: Quahrino ($109.86 in chips) 
Seat 5: Mak.Alse ($100 in chips) 
jeffy27dt1: posts small blind $0.50
Acuario75: posts big blind $1
Pon4uk.ua: sits out 
*** HOLE CARDS ***
Quahrino: raises $1.30 to $2.30
Mak.Alse: folds 
jeffy27dt1: folds 
Acuario75: calls $1.30
*** FLOP *** [2s 2h 9s]
Acuario75: checks 
Quahrino: bets $2.42
Acuario75: calls $2.42
*** TURN *** [2s 2h 9s] [8d]
Acuario75: checks 
Quahrino: bets $11.80
Acuario75: folds 
Uncalled bet ($11.80) returned to Quahrino
Quahrino collected $9.44 from pot
Quahrino: doesn't show hand 
*** SUMMARY ***
Total pot $9.94 | Rake $0.50 
Board [2s 2h 9s 8d]
Seat 3: Pon4uk.ua
Seat 1: jeffy27dt1 (small blind) folded before Flop
Seat 2: Acuario75 (big blind) folded on the Turn
Seat 4: Quahrino collected ($9.44)
Seat 5: Mak.Alse (button) folded before Flop (didn't bet)



PokerStars Hand #254395394040:  Hold'em No Limit ($0.50/$1.00 USD) - 2025/01/16 8:43:39 WET [2025/01/16 3:43:39 ET]
Table 'Echion III' 6-max Seat #1 is the button
Seat 1: jeffy27dt1 ($141.07 in chips) 
Seat 2: Acuario75 ($70.96 in chips) 
Seat 3: Pon4uk.ua ($110.04 in chips) 
Seat 4: Quahrino ($114.58 in chips) 
Seat 5: Mak.Alse ($100 in chips) 
Acuario75: posts small blind $0.50
Pon4uk.ua: posts big blind $1
*** HOLE CARDS ***
Quahrino: folds 
Mak.Alse: folds 
jeffy27dt1: folds 
Acuario75: folds 
Uncalled bet ($0.50) returned to Pon4uk.ua
Pon4uk.ua collected $1 from pot
Pon4uk.ua: doesn't show hand 
*** SUMMARY ***
Total pot $1 | Rake $0 
Seat 1: jeffy27dt1 (button) folded before Flop (didn't bet)
Seat 2: Acuario75 (small blind) folded before Flop
Seat 3: Pon4uk.ua (big blind) collected ($1)
Seat 4: Quahrino folded before Flop (didn't bet)
Seat 5: Mak.Alse folded before Flop (didn't bet)



PokerStars Hand #254395193119:  Hold'em No Limit ($0.50/$1.00 USD) - 2025/01/16 8:01:22 WET [2025/01/16 3:01:22 ET]
Table 'Echion III' 6-max Seat #5 is the button
Seat 6: BadenBadenPH ($98.50 in chips) is sitting out
Seat 1: Pon4uk.ua ($115.04 in chips) 
Seat 2: AlexEliseev7 ($110.50 in chips) 
Seat 3: SlowDrop ($100 in chips) 
Seat 4: Maturematuuh ($11.68 in chips) 
Seat 5: jeffy27dt1 ($123.77 in chips) 
Pon4uk.ua: posts small blind $0.50
AlexEliseev7: posts big blind $1
*** HOLE CARDS ***
SlowDrop: folds 
Maturematuuh: folds 
jeffy27dt1: raises $1.50 to $2.50
Pon4uk.ua: folds 
AlexEliseev7: calls $1.50
*** FLOP *** [2h 6d 7c]
AlexEliseev7: checks 
jeffy27dt1: checks 
*** TURN *** [2h 6d 7c] [Ac]
AlexEliseev7: checks 
jeffy27dt1: checks 
*** RIVER *** [2h 6d 7c Ac] [Qh]
AlexEliseev7: checks 
jeffy27dt1: checks 
*** SHOW DOWN ***
AlexEliseev7: shows [9d 9s] (a pair of Nines)
jeffy27dt1: mucks hand 
AlexEliseev7 collected $5.22 from pot
*** SUMMARY ***
Total pot $5.50 | Rake $0.28 
Board [2h 6d 7c Ac Qh]
Seat 6: BadenBadenPH
Seat 1: Pon4uk.ua (small blind) folded before Flop
Seat 2: AlexEliseev7 (big blind) showed [9d 9s] and won ($5.22) with a pair of Nines
Seat 3: SlowDrop folded before Flop (didn't bet)
Seat 4: Maturematuuh folded before Flop (didn't bet)
Seat 5: jeffy27dt1 (button) mucked



PokerStars Hand #254395198232:  Hold'em No Limit ($0.50/$1.00 USD) - 2025/01/16 8:02:32 WET [2025/01/16 3:02:32 ET]
Table 'Echion III' 6-max Seat #1 is the button
Seat 6: BadenBadenPH ($98.50 in chips) is sitting out
Seat 1: Pon4uk.ua ($114.54 in chips) 
Seat 2: AlexEliseev7 ($113.22 in chips) 
Seat 3: SlowDrop ($100 in chips) 
Seat 4: Maturematuuh ($11.68 in chips) 
Seat 5: jeffy27dt1 ($121.27 in chips) 
AlexEliseev7: posts small blind $0.50
SlowDrop: posts big blind $1
*** HOLE CARDS ***
Maturematuuh: folds 
jeffy27dt1: raises $1.50 to $2.50
Pon4uk.ua: folds 
AlexEliseev7: folds 
SlowDrop: folds 
Uncalled bet ($1.50) returned to jeffy27dt1
jeffy27dt1 collected $2.50 from pot
jeffy27dt1: doesn't show hand 
*** SUMMARY ***
Total pot $2.50 | Rake $0 
Seat 6: BadenBadenPH
Seat 1: Pon4uk.ua (button) folded before Flop (didn't bet)
Seat 2: AlexEliseev7 (small blind) folded before Flop
Seat 3: SlowDrop (big blind) folded before Flop
Seat 4: Maturematuuh folded before Flop (didn't bet)
Seat 5: jeffy27dt1 collected ($2.50)



PokerStars Hand #254395199549:  Hold'em No Limit ($0.50/$1.00 USD) - 2025/01/16 8:02:49 WET [2025/01/16 3:02:49 ET]
Table 'Echion III' 6-max Seat #2 is the button
Seat 6: BadenBadenPH ($98.50 in chips) is sitting out
Seat 1: Pon4uk.ua ($114.54 in chips) 
Seat 2: AlexEliseev7 ($112.72 in chips) 
Seat 3: SlowDrop ($100 in chips) 
Seat 4: Maturematuuh ($11.68 in chips) 
Seat 5: jeffy27dt1 ($122.77 in chips) 
SlowDrop: posts small blind $0.50
Maturematuuh: posts big blind $1
*** HOLE CARDS ***
jeffy27dt1: raises $1.50 to $2.50
Pon4uk.ua: folds 
AlexEliseev7: folds 
SlowDrop: folds 
BadenBadenPH is disconnected 
Maturematuuh: calls $1.50
*** FLOP *** [Kh 4c 2s]
Maturematuuh: bets $5
jeffy27dt1: calls $5
*** TURN *** [Kh 4c 2s] [5d]
Maturematuuh: bets $4.18 and is all-in
jeffy27dt1: calls $4.18
*** RIVER *** [Kh 4c 2s 5d] [9d]
*** SHOW DOWN ***
Maturematuuh: shows [9c Kd] (two pair, Kings and Nines)
jeffy27dt1: shows [Kc Ad] (a pair of Kings)
Maturematuuh collected $22.67 from pot
*** SUMMARY ***
Total pot $23.86 | Rake $1.19 
Board [Kh 4c 2s 5d 9d]
Seat 6: BadenBadenPH
Seat 1: Pon4uk.ua folded before Flop (didn't bet)
Seat 2: AlexEliseev7 (button) folded before Flop (didn't bet)
Seat 3: SlowDrop (small blind) folded before Flop
Seat 4: Maturematuuh (big blind) showed [9c Kd] and won ($22.67) with two pair, Kings and Nines
Seat 5: jeffy27dt1 showed [Kc Ad] and lost with a pair of Kings



PokerStars Hand #254395203744:  Hold'em No Limit ($0.50/$1.00 USD) - 2025/01/16 8:03:45 WET [2025/01/16 3:03:45 ET]
Table 'Echion III' 6-max Seat #3 is the button
Seat 6: BadenBadenPH ($98.50 in chips) is sitting out
Seat 1: Pon4uk.ua ($114.54 in chips) 
Seat 2: AlexEliseev7 ($112.72 in chips) 
Seat 3: SlowDrop ($100 in chips) 
Seat 4: Maturematuuh ($22.67 in chips) 
Seat 5: jeffy27dt1 ($111.09 in chips) 
Maturematuuh: posts small blind $0.50
jeffy27dt1: posts big blind $1
*** HOLE CARDS ***
Pon4uk.ua: folds 
AlexEliseev7: folds 
SlowDrop: folds 
Maturematuuh: calls $0.50
jeffy27dt1: checks 
*** FLOP *** [9d 6h 8s]
Maturematuuh: checks 
jeffy27dt1: checks 
*** TURN *** [9d 6h 8s] [6c]
Maturematuuh: bets $2
jeffy27dt1: calls $2
*** RIVER *** [9d 6h 8s 6c] [Ks]
Maturematuuh: checks 
jeffy27dt1: bets $2.85
Maturematuuh: calls $2.85
*** SHOW DOWN ***
jeffy27dt1: shows [2c 9s] (two pair, Nines and Sixes)
Maturematuuh: shows [9c 7c] (two pair, Nines and Sixes)
Maturematuuh collected $5.56 from pot
jeffy27dt1 collected $5.56 from pot
*** SUMMARY ***
Total pot $11.70 | Rake $0.58 
Board [9d 6h 8s 6c Ks]
Seat 6: BadenBadenPH
Seat 1: Pon4uk.ua folded before Flop (didn't bet)
Seat 2: AlexEliseev7 folded before Flop (didn't bet)
Seat 3: SlowDrop (button) folded before Flop (didn't bet)
Seat 4: Maturematuuh (small blind) showed [9c 7c] and won ($5.56) with two pair, Nines and Sixes
Seat 5: jeffy27dt1 (big blind) showed [2c 9s] and won ($5.56) with two pair, Nines and Sixes



PokerStars Hand #254395208381:  Hold'em No Limit ($0.50/$1.00 USD) - 2025/01/16 8:04:45 WET [2025/01/16 3:04:45 ET]
Table 'Echion III' 6-max Seat #4 is the button
Seat 6: BadenBadenPH ($98.50 in chips) is sitting out
Seat 1: Pon4uk.ua ($114.54 in chips) 
Seat 2: AlexEliseev7 ($112.72 in chips) 
Seat 3: SlowDrop ($100 in chips) 
Seat 4: Maturematuuh ($22.38 in chips) 
Seat 5: jeffy27dt1 ($110.80 in chips) 
jeffy27dt1: posts small blind $0.50
Pon4uk.ua: posts big blind $1
*** HOLE CARDS ***
AlexEliseev7: raises $1.50 to $2.50
SlowDrop: folds 
Maturematuuh: folds 
jeffy27dt1: folds 
Pon4uk.ua: calls $1.50
*** FLOP *** [4c 5c Js]
Pon4uk.ua: checks 
AlexEliseev7: bets $1.72
Pon4uk.ua: folds 
Uncalled bet ($1.72) returned to AlexEliseev7
AlexEliseev7 collected $5.22 from pot
BadenBadenPH leaves the table
AlexEliseev7: doesn't show hand 
*** SUMMARY ***
Total pot $5.50 | Rake $0.28 
Board [4c 5c Js]
Seat 6: BadenBadenPH
Seat 1: Pon4uk.ua (big blind) folded on the Flop
Seat 2: AlexEliseev7 collected ($5.22)
Seat 3: SlowDrop folded before Flop (didn't bet)
Seat 4: Maturematuuh (button) folded before Flop (didn't bet)
Seat 5: jeffy27dt1 (small blind) folded before Flop



PokerStars Hand #254395211176:  Hold'em No Limit ($0.50/$1.00 USD) - 2025/01/16 8:05:21 WET [2025/01/16 3:05:21 ET]
Table 'Echion III' 6-max Seat #5 is the button
Seat 1: Pon4uk.ua ($112.04 in chips) 
Seat 2: AlexEliseev7 ($115.44 in chips) 
Seat 3: SlowDrop ($100 in chips) 
Seat 4: Maturematuuh ($22.38 in chips) 
Seat 5: jeffy27dt1 ($110.30 in chips) 
Pon4uk.ua: posts small blind $0.50
AlexEliseev7: posts big blind $1
*** HOLE CARDS ***
SlowDrop: folds 
Maturematuuh: raises $2 to $3
jeffy27dt1: folds 
sutata joins the table at seat #6 
Pon4uk.ua: folds 
AlexEliseev7: folds 
Uncalled bet ($2) returned to Maturematuuh
Maturematuuh collected $2.50 from pot
*** SUMMARY ***
Total pot $2.50 | Rake $0 
Seat 1: Pon4uk.ua (small blind) folded before Flop
Seat 2: AlexEliseev7 (big blind) folded before Flop
Seat 3: SlowDrop folded before Flop (didn't bet)
Seat 4: Maturematuuh collected ($2.50)
Seat 5: jeffy27dt1 (button) folded before Flop (didn't bet)



PokerStars Hand #254395212719:  Hold'em No Limit ($0.50/$1.00 USD) - 2025/01/16 8:05:42 WET [2025/01/16 3:05:42 ET]
Table 'Echion III' 6-max Seat #1 is the button
Seat 6: sutata ($100 in chips) is sitting out
Seat 1: Pon4uk.ua ($111.54 in chips) 
Seat 2: AlexEliseev7 ($114.44 in chips) 
Seat 3: SlowDrop ($100 in chips) 
Seat 4: Maturematuuh ($23.88 in chips) 
Seat 5: jeffy27dt1 ($110.30 in chips) 
AlexEliseev7: posts small blind $0.50
SlowDrop: posts big blind $1
sutata: sits out 
*** HOLE CARDS ***
Maturematuuh: calls $1
jeffy27dt1: folds 
Pon4uk.ua: folds 
AlexEliseev7: folds 
SlowDrop: checks 
*** FLOP *** [8s Qd Th]
SlowDrop: checks 
Maturematuuh: checks 
*** TURN *** [8s Qd Th] [4c]
SlowDrop: checks 
Maturematuuh: checks 
*** RIVER *** [8s Qd Th 4c] [Kd]
SlowDrop: checks 
Maturematuuh: checks 
*** SHOW DOWN ***
SlowDrop: shows [9h 8d] (a pair of Eights)
Maturematuuh: mucks hand 
SlowDrop collected $2.38 from pot
*** SUMMARY ***
Total pot $2.50 | Rake $0.12 
Board [8s Qd Th 4c Kd]
Seat 6: sutata
Seat 1: Pon4uk.ua (button) folded before Flop (didn't bet)
Seat 2: AlexEliseev7 (small blind) folded before Flop
Seat 3: SlowDrop (big blind) showed [9h 8d] and won ($2.38) with a pair of Eights
Seat 4: Maturematuuh mucked
Seat 5: jeffy27dt1 folded before Flop (didn't bet)



PokerStars Hand #254395216030:  Hold'em No Limit ($0.50/$1.00 USD) - 2025/01/16 8:06:26 WET [2025/01/16 3:06:26 ET]
Table 'Echion III' 6-max Seat #2 is the button
Seat 6: sutata ($100 in chips) is sitting out
Seat 1: Pon4uk.ua ($111.54 in chips) 
Seat 2: AlexEliseev7 ($113.94 in chips) 
Seat 3: SlowDrop ($101.38 in chips) 
Seat 4: Maturematuuh ($22.88 in chips) 
Seat 5: jeffy27dt1 ($110.30 in chips) 
SlowDrop: posts small blind $0.50
Maturematuuh: posts big blind $1
sutata: sits out 
*** HOLE CARDS ***
jeffy27dt1: folds 
Pon4uk.ua: folds 
AlexEliseev7: raises $1.50 to $2.50
SlowDrop: folds 
Maturematuuh: calls $1.50
*** FLOP *** [Ad 8s 7d]
Maturematuuh: checks 
AlexEliseev7: checks 
*** TURN *** [Ad 8s 7d] [9h]
Maturematuuh: checks 
AlexEliseev7: checks 
*** RIVER *** [Ad 8s 7d 9h] [8h]
Maturematuuh: checks 
AlexEliseev7: bets $1.72
Maturematuuh: calls $1.72
*** SHOW DOWN ***
AlexEliseev7: shows [Qc 6c] (a pair of Eights)
Maturematuuh: shows [Td Ts] (two pair, Tens and Eights)
Maturematuuh collected $8.49 from pot
*** SUMMARY ***
Total pot $8.94 | Rake $0.45 
Board [Ad 8s 7d 9h 8h]
Seat 6: sutata
Seat 1: Pon4uk.ua folded before Flop (didn't bet)
Seat 2: AlexEliseev7 (button) showed [Qc 6c] and lost with a pair of Eights
Seat 3: SlowDrop (small blind) folded before Flop
Seat 4: Maturematuuh (big blind) showed [Td Ts] and won ($8.49) with two pair, Tens and Eights
Seat 5: jeffy27dt1 folded before Flop (didn't bet)



PokerStars Hand #254395219866:  Hold'em No Limit ($0.50/$1.00 USD) - 2025/01/16 8:07:17 WET [2025/01/16 3:07:17 ET]
Table 'Echion III' 6-max Seat #3 is the button
Seat 6: sutata ($100 in chips) is sitting out
Seat 1: Pon4uk.ua ($111.54 in chips) 
Seat 2: AlexEliseev7 ($109.72 in chips) 
Seat 3: SlowDrop ($100.88 in chips) 
Seat 4: Maturematuuh ($27.15 in chips) 
Seat 5: jeffy27dt1 ($110.30 in chips) 
Maturematuuh: posts small blind $0.50
jeffy27dt1: posts big blind $1
sutata: sits out 
*** HOLE CARDS ***
Pon4uk.ua: folds 
AlexEliseev7: raises $1.50 to $2.50
SlowDrop: folds 
Maturematuuh: folds 
jeffy27dt1: calls $1.50
*** FLOP *** [9d 5c 3h]
jeffy27dt1: checks 
AlexEliseev7: bets $1.72
jeffy27dt1: raises $4.65 to $6.37
AlexEliseev7: raises $10.13 to $16.50
jeffy27dt1: calls $10.13
*** TURN *** [9d 5c 3h] [6h]
jeffy27dt1: checks 
AlexEliseev7: checks 
*** RIVER *** [9d 5c 3h 6h] [9c]
jeffy27dt1: bets $36
AlexEliseev7: folds 
Uncalled bet ($36) returned to jeffy27dt1
jeffy27dt1 collected $36.58 from pot
jeffy27dt1: doesn't show hand 
*** SUMMARY ***
Total pot $38.50 | Rake $1.92 
Board [9d 5c 3h 6h 9c]
Seat 6: sutata
Seat 1: Pon4uk.ua folded before Flop (didn't bet)
Seat 2: AlexEliseev7 folded on the River
Seat 3: SlowDrop (button) folded before Flop (didn't bet)
Seat 4: Maturematuuh (small blind) folded before Flop
Seat 5: jeffy27dt1 (big blind) collected ($36.58)



PokerStars Hand #254395231325:  Hold'em No Limit ($0.50/$1.00 USD) - 2025/01/16 8:09:44 WET [2025/01/16 3:09:44 ET]
Table 'Echion III' 6-max Seat #4 is the button
Seat 1: Pon4uk.ua ($111.54 in chips) 
Seat 2: AlexEliseev7 ($100 in chips) 
Seat 3: SlowDrop ($100.88 in chips) 
Seat 4: Maturematuuh ($26.65 in chips) 
Seat 5: jeffy27dt1 ($127.88 in chips) 
Seat 6: sutata ($100 in chips) 
jeffy27dt1: posts small blind $0.50
sutata: posts big blind $1
*** HOLE CARDS ***
Pon4uk.ua: folds 
AlexEliseev7: raises $1.50 to $2.50
SlowDrop: raises $4.88 to $7.38
Maturematuuh: raises $19.27 to $26.65 and is all-in
jeffy27dt1: folds 
sutata: folds 
AlexEliseev7: folds 
SlowDrop: calls $19.27
*** FLOP *** [Tc Jc 9c]
*** TURN *** [Tc Jc 9c] [3d]
*** RIVER *** [Tc Jc 9c 3d] [9h]
*** SHOW DOWN ***
SlowDrop: shows [Jd Js] (a full house, Jacks full of Nines)
Maturematuuh: shows [Qh Ah] (a pair of Nines)
SlowDrop collected $54.80 from pot
*** SUMMARY ***
Total pot $57.30 | Rake $2.50 
Board [Tc Jc 9c 3d 9h]
Seat 1: Pon4uk.ua folded before Flop (didn't bet)
Seat 2: AlexEliseev7 folded before Flop
Seat 3: SlowDrop showed [Jd Js] and won ($54.80) with a full house, Jacks full of Nines
Seat 4: Maturematuuh (button) showed [Qh Ah] and lost with a pair of Nines
Seat 5: jeffy27dt1 (small blind) folded before Flop
Seat 6: sutata (big blind) folded before Flop



PokerStars Hand #254395234398:  Hold'em No Limit ($0.50/$1.00 USD) - 2025/01/16 8:10:24 WET [2025/01/16 3:10:24 ET]
Table 'Echion III' 6-max Seat #5 is the button
Seat 4: Maturematuuh ($0 in chips) is sitting out
Seat 1: Pon4uk.ua ($111.54 in chips) 
Seat 2: AlexEliseev7 ($100 in chips) 
Seat 3: SlowDrop ($129.03 in chips) 
Seat 5: jeffy27dt1 ($127.38 in chips) 
Seat 6: sutata ($100 in chips) 
sutata: posts small blind $0.50
Pon4uk.ua: posts big blind $1
*** HOLE CARDS ***
AlexEliseev7: folds 
SlowDrop: folds 
jeffy27dt1: folds 
sutata: raises $2 to $3
Pon4uk.ua: folds 
Uncalled bet ($2) returned to sutata
sutata collected $2 from pot
sutata: doesn't show hand 
*** SUMMARY ***
Total pot $2 | Rake $0 
Seat 4: Maturematuuh
Seat 1: Pon4uk.ua (big blind) folded before Flop
Seat 2: AlexEliseev7 folded before Flop (didn't bet)
Seat 3: SlowDrop folded before Flop (didn't bet)
Seat 5: jeffy27dt1 (button) folded before Flop (didn't bet)
Seat 6: sutata (small blind) collected ($2)



PokerStars Hand #254395235531:  Hold'em No Limit ($0.50/$1.00 USD) - 2025/01/16 8:10:38 WET [2025/01/16 3:10:38 ET]
Table 'Echion III' 6-max Seat #6 is the button
Seat 4: Maturematuuh ($0 in chips) is sitting out
Seat 1: Pon4uk.ua ($110.54 in chips) 
Seat 2: AlexEliseev7 ($100 in chips) 
Seat 3: SlowDrop ($129.03 in chips) 
Seat 5: jeffy27dt1 ($127.38 in chips) 
Seat 6: sutata ($101 in chips) 
Pon4uk.ua: posts small blind $0.50
AlexEliseev7: posts big blind $1
*** HOLE CARDS ***
SlowDrop: folds 
jeffy27dt1: folds 
sutata: folds 
Pon4uk.ua: folds 
Uncalled bet ($0.50) returned to AlexEliseev7
AlexEliseev7 collected $1 from pot
AlexEliseev7: doesn't show hand 
*** SUMMARY ***
Total pot $1 | Rake $0 
Seat 4: Maturematuuh
Seat 1: Pon4uk.ua (small blind) folded before Flop
Seat 2: AlexEliseev7 (big blind) collected ($1)
Seat 3: SlowDrop folded before Flop (didn't bet)
Seat 5: jeffy27dt1 folded before Flop (didn't bet)
Seat 6: sutata (button) folded before Flop (didn't bet)



PokerStars Hand #254395236834:  Hold'em No Limit ($0.50/$1.00 USD) - 2025/01/16 8:10:55 WET [2025/01/16 3:10:55 ET]
Table 'Echion III' 6-max Seat #1 is the button
Seat 4: Maturematuuh ($0 in chips) is sitting out
Seat 1: Pon4uk.ua ($110.04 in chips) 
Seat 2: AlexEliseev7 ($100.50 in chips) 
Seat 3: SlowDrop ($129.03 in chips) 
Seat 5: jeffy27dt1 ($127.38 in chips) 
Seat 6: sutata ($101 in chips) 
AlexEliseev7: posts small blind $0.50
SlowDrop: posts big blind $1
*** HOLE CARDS ***
jeffy27dt1: raises $1.50 to $2.50
sutata: folds 
Pon4uk.ua: folds 
AlexEliseev7: folds 
Maturematuuh leaves the table
SlowDrop: folds 
Uncalled bet ($1.50) returned to jeffy27dt1
jeffy27dt1 collected $2.50 from pot
jeffy27dt1: doesn't show hand 
*** SUMMARY ***
Total pot $2.50 | Rake $0 
Seat 4: Maturematuuh
Seat 1: Pon4uk.ua (button) folded before Flop (didn't bet)
Seat 2: AlexEliseev7 (small blind) folded before Flop
Seat 3: SlowDrop (big blind) folded before Flop
Seat 5: jeffy27dt1 collected ($2.50)
Seat 6: sutata folded before Flop (didn't bet)



PokerStars Hand #254395238884:  Hold'em No Limit ($0.50/$1.00 USD) - 2025/01/16 8:11:21 WET [2025/01/16 3:11:21 ET]
Table 'Echion III' 6-max Seat #2 is the button
Seat 1: Pon4uk.ua ($110.04 in chips) 
Seat 2: AlexEliseev7 ($100 in chips) 
Seat 3: SlowDrop ($128.03 in chips) 
Seat 5: jeffy27dt1 ($128.88 in chips) 
Seat 6: sutata ($101 in chips) 
SlowDrop: posts small blind $0.50
jeffy27dt1: posts big blind $1
*** HOLE CARDS ***
sutata: folds 
Pon4uk.ua: folds 
AlexEliseev7: raises $1.50 to $2.50
SlowDrop: folds 
jeffy27dt1: folds 
Uncalled bet ($1.50) returned to AlexEliseev7
AlexEliseev7 collected $2.50 from pot
AlexEliseev7: doesn't show hand 
*** SUMMARY ***
Total pot $2.50 | Rake $0 
Seat 1: Pon4uk.ua folded before Flop (didn't bet)
Seat 2: AlexEliseev7 (button) collected ($2.50)
Seat 3: SlowDrop (small blind) folded before Flop
Seat 5: jeffy27dt1 (big blind) folded before Flop
Seat 6: sutata folded before Flop (didn't bet)



PokerStars Hand #254395252321:  Hold'em No Limit ($0.50/$1.00 USD) - 2025/01/16 8:14:14 WET [2025/01/16 3:14:14 ET]
Table 'Echion III' 6-max Seat #4 is the button
Seat 1: jeffy27dt1 ($127.88 in chips) is sitting out
Seat 2: perketti ($100 in chips) 
Seat 4: AlexEliseev7 ($101.50 in chips) 
AlexEliseev7: posts small blind $0.50
perketti: posts big blind $1
*** HOLE CARDS ***
AlexEliseev7: raises $1.50 to $2.50
perketti: folds 
Uncalled bet ($1.50) returned to AlexEliseev7
ChuckNorrisQ joins the table at seat #3 
AlexEliseev7 collected $2 from pot
AlexEliseev7: doesn't show hand 
peak joker33 joins the table at seat #5 
*** SUMMARY ***
Total pot $2 | Rake $0 
Seat 1: jeffy27dt1
Seat 2: perketti (big blind) folded before Flop
Seat 4: AlexEliseev7 (button) (small blind) collected ($2)



PokerStars Hand #254395253015:  Hold'em No Limit ($0.50/$1.00 USD) - 2025/01/16 8:14:23 WET [2025/01/16 3:14:23 ET]
Table 'Echion III' 6-max Seat #2 is the button
Seat 1: jeffy27dt1 ($127.88 in chips) is sitting out
Seat 3: ChuckNorrisQ ($100 in chips) is sitting out
Seat 2: perketti ($99 in chips) 
Seat 4: AlexEliseev7 ($102.50 in chips) 
Seat 5: peak joker33 ($100 in chips) 
AlexEliseev7: posts small blind $0.50
peak joker33: posts big blind $1
*** HOLE CARDS ***
perketti: raises $2 to $3
AlexEliseev7: folds 
peak joker33: folds 
Uncalled bet ($2) returned to perketti
perketti collected $2.50 from pot
perketti: doesn't show hand 
*** SUMMARY ***
Total pot $2.50 | Rake $0 
Seat 1: jeffy27dt1
Seat 3: ChuckNorrisQ
Seat 2: perketti (button) collected ($2.50)
Seat 4: AlexEliseev7 (small blind) folded before Flop
Seat 5: peak joker33 (big blind) folded before Flop



PokerStars Hand #254395254171:  Hold'em No Limit ($0.50/$1.00 USD) - 2025/01/16 8:14:37 WET [2025/01/16 3:14:37 ET]
Table 'Echion III' 6-max Seat #4 is the button
Seat 1: jeffy27dt1 ($127.88 in chips) is sitting out
Seat 3: ChuckNorrisQ ($100 in chips) is sitting out
Seat 2: perketti ($100.50 in chips) 
Seat 4: AlexEliseev7 ($102 in chips) 
Seat 5: peak joker33 ($100 in chips) 
peak joker33: posts small blind $0.50
perketti: posts big blind $1
ChuckNorrisQ: sits out 
*** HOLE CARDS ***
Kristo 914 joins the table at seat #6 
AlexEliseev7: raises $1.50 to $2.50
peak joker33: folds 
perketti: raises $7.50 to $10
AlexEliseev7: calls $7.50
*** FLOP *** [3d 5h 8s]
perketti: bets $13
AlexEliseev7: calls $13
*** TURN *** [3d 5h 8s] [Jh]
perketti: checks 
AlexEliseev7: bets $15.02
perketti: folds 
Uncalled bet ($15.02) returned to AlexEliseev7
AlexEliseev7 collected $45.50 from pot
Kristo 914 is disconnected 
AlexEliseev7: doesn't show hand 
*** SUMMARY ***
Total pot $46.50 | Rake $1 
Board [3d 5h 8s Jh]
Seat 1: jeffy27dt1
Seat 3: ChuckNorrisQ
Seat 2: perketti (big blind) folded on the Turn
Seat 4: AlexEliseev7 (button) collected ($45.50)
Seat 5: peak joker33 (small blind) folded before Flop



PokerStars Hand #254395259617:  Hold'em No Limit ($0.50/$1.00 USD) - 2025/01/16 8:15:47 WET [2025/01/16 3:15:47 ET]
Table 'Echion III' 6-max Seat #5 is the button
Seat 1: jeffy27dt1 ($127.88 in chips) is sitting out
Seat 6: Kristo 914 ($100 in chips) is sitting out
Seat 2: perketti ($77.50 in chips) 
Seat 3: ChuckNorrisQ ($100 in chips) 
Seat 4: AlexEliseev7 ($124.50 in chips) 
Seat 5: peak joker33 ($100 in chips) 
perketti: posts small blind $0.50
ChuckNorrisQ: posts big blind $1
*** HOLE CARDS ***
AlexEliseev7: raises $1.50 to $2.50
peak joker33: raises $5 to $7.50
perketti: folds 
ChuckNorrisQ: folds 
AlexEliseev7: raises $14 to $21.50
peak joker33: raises $78.50 to $100 and is all-in
AlexEliseev7: folds 
Uncalled bet ($78.50) returned to peak joker33
peak joker33 collected $44.50 from pot
peak joker33: doesn't show hand 
*** SUMMARY ***
Total pot $44.50 | Rake $0 
Seat 1: jeffy27dt1
Seat 6: Kristo 914
Seat 2: perketti (small blind) folded before Flop
Seat 3: ChuckNorrisQ (big blind) folded before Flop
Seat 4: AlexEliseev7 folded before Flop
Seat 5: peak joker33 (button) collected ($44.50)



PokerStars Hand #254395262626:  Hold'em No Limit ($0.50/$1.00 USD) - 2025/01/16 8:16:25 WET [2025/01/16 3:16:25 ET]
Table 'Echion III' 6-max Seat #2 is the button
Seat 1: jeffy27dt1 ($127.88 in chips) is sitting out
Seat 6: Kristo 914 ($100 in chips) is sitting out
Seat 2: perketti ($77 in chips) 
Seat 3: ChuckNorrisQ ($100 in chips) 
Seat 4: AlexEliseev7 ($103 in chips) 
Seat 5: peak joker33 ($123 in chips) 
ChuckNorrisQ: posts small blind $0.50
AlexEliseev7: posts big blind $1
Kristo 914: sits out 
*** HOLE CARDS ***
peak joker33: folds 
perketti: raises $2 to $3
ChuckNorrisQ: folds 
AlexEliseev7: folds 
Uncalled bet ($2) returned to perketti
perketti collected $2.50 from pot
perketti: doesn't show hand 
*** SUMMARY ***
Total pot $2.50 | Rake $0 
Seat 1: jeffy27dt1
Seat 6: Kristo 914
Seat 2: perketti (button) collected ($2.50)
Seat 3: ChuckNorrisQ (small blind) folded before Flop
Seat 4: AlexEliseev7 (big blind) folded before Flop
Seat 5: peak joker33 folded before Flop (didn't bet)



PokerStars Hand #254395263450:  Hold'em No Limit ($0.50/$1.00 USD) - 2025/01/16 8:16:36 WET [2025/01/16 3:16:36 ET]
Table 'Echion III' 6-max Seat #3 is the button
Seat 1: jeffy27dt1 ($127.88 in chips) is sitting out
Seat 5: peak joker33 ($123 in chips) is sitting out
Seat 2: perketti ($78.50 in chips) 
Seat 3: ChuckNorrisQ ($100 in chips) 
Seat 4: AlexEliseev7 ($102 in chips) 
Seat 6: Kristo 914 ($100 in chips) 
AlexEliseev7: posts small blind $0.50
peak joker33: is sitting out 
Kristo 914: posts big blind $1
*** HOLE CARDS ***
perketti: folds 
ChuckNorrisQ: raises $1.50 to $2.50
AlexEliseev7: folds 
Kristo 914: calls $1.50
*** FLOP *** [9s Kh 9c]
Kristo 914: checks 
ChuckNorrisQ: checks 
*** TURN *** [9s Kh 9c] [Ac]
Kristo 914: checks 
ChuckNorrisQ: checks 
*** RIVER *** [9s Kh 9c Ac] [Ts]
Kristo 914: checks 
ChuckNorrisQ: bets $2.61
Kristo 914: folds 
Uncalled bet ($2.61) returned to ChuckNorrisQ
ChuckNorrisQ collected $5.22 from pot
ChuckNorrisQ: doesn't show hand 
*** SUMMARY ***
Total pot $5.50 | Rake $0.28 
Board [9s Kh 9c Ac Ts]
Seat 1: jeffy27dt1
Seat 5: peak joker33
Seat 2: perketti folded before Flop (didn't bet)
Seat 3: ChuckNorrisQ (button) collected ($5.22)
Seat 4: AlexEliseev7 (small blind) folded before Flop
Seat 6: Kristo 914 (big blind) folded on the River



PokerStars Hand #254395268750:  Hold'em No Limit ($0.50/$1.00 USD) - 2025/01/16 8:17:45 WET [2025/01/16 3:17:45 ET]
Table 'Echion III' 6-max Seat #4 is the button
Seat 5: peak joker33 ($123 in chips) is sitting out
Seat 1: jeffy27dt1 ($127.88 in chips) 
Seat 2: perketti ($78.50 in chips) 
Seat 3: ChuckNorrisQ ($102.72 in chips) 
Seat 4: AlexEliseev7 ($101.50 in chips) 
Seat 6: Kristo 914 ($100 in chips) 
Kristo 914: posts small blind $0.50
jeffy27dt1: posts big blind $1
*** HOLE CARDS ***
perketti: calls $1
ChuckNorrisQ: folds 
AlexEliseev7: raises $3 to $4
Kristo 914: raises $10 to $14
jeffy27dt1: folds 
perketti: folds 
AlexEliseev7: calls $10
*** FLOP *** [9c Jh Th]
Kristo 914: checks 
AlexEliseev7: bets $9.41
Kristo 914: raises $76.59 to $86 and is all-in
AlexEliseev7: folds 
Uncalled bet ($76.59) returned to Kristo 914
Kristo 914 collected $46.38 from pot
Kristo 914: doesn't show hand 
*** SUMMARY ***
Total pot $48.82 | Rake $2.44 
Board [9c Jh Th]
Seat 5: peak joker33
Seat 1: jeffy27dt1 (big blind) folded before Flop
Seat 2: perketti folded before Flop
Seat 3: ChuckNorrisQ folded before Flop (didn't bet)
Seat 4: AlexEliseev7 (button) folded on the Flop
Seat 6: Kristo 914 (small blind) collected ($46.38)



PokerStars Hand #254395275384:  Hold'em No Limit ($0.50/$1.00 USD) - 2025/01/16 8:19:09 WET [2025/01/16 3:19:09 ET]
Table 'Echion III' 6-max Seat #6 is the button
Seat 5: peak joker33 ($123 in chips) is sitting out
Seat 1: jeffy27dt1 ($126.88 in chips) 
Seat 2: perketti ($77.50 in chips) 
Seat 3: ChuckNorrisQ ($102.72 in chips) 
Seat 4: AlexEliseev7 ($100 in chips) 
Seat 6: Kristo 914 ($122.97 in chips) 
jeffy27dt1: posts small blind $0.50
perketti: posts big blind $1
*** HOLE CARDS ***
ChuckNorrisQ: folds 
AlexEliseev7: folds 
Kristo 914: folds 
jeffy27dt1: folds 
Uncalled bet ($0.50) returned to perketti
perketti collected $1 from pot
perketti: doesn't show hand 
*** SUMMARY ***
Total pot $1 | Rake $0 
Seat 5: peak joker33
Seat 1: jeffy27dt1 (small blind) folded before Flop
Seat 2: perketti (big blind) collected ($1)
Seat 3: ChuckNorrisQ folded before Flop (didn't bet)
Seat 4: AlexEliseev7 folded before Flop (didn't bet)
Seat 6: Kristo 914 (button) folded before Flop (didn't bet)



PokerStars Hand #254395276199:  Hold'em No Limit ($0.50/$1.00 USD) - 2025/01/16 8:19:19 WET [2025/01/16 3:19:19 ET]
Table 'Echion III' 6-max Seat #1 is the button
Seat 5: peak joker33 ($123 in chips) is sitting out
Seat 1: jeffy27dt1 ($126.38 in chips) 
Seat 2: perketti ($78 in chips) 
Seat 3: ChuckNorrisQ ($102.72 in chips) 
Seat 4: AlexEliseev7 ($100 in chips) 
Seat 6: Kristo 914 ($122.97 in chips) 
perketti: posts small blind $0.50
ChuckNorrisQ: posts big blind $1
*** HOLE CARDS ***
AlexEliseev7: folds 
Kristo 914: raises $1.40 to $2.40
jeffy27dt1: raises $5.10 to $7.50
perketti: folds 
ChuckNorrisQ: folds 
Kristo 914: raises $16.50 to $24
jeffy27dt1: folds 
Uncalled bet ($16.50) returned to Kristo 914
Kristo 914 collected $16.50 from pot
Kristo 914: doesn't show hand 
*** SUMMARY ***
Total pot $16.50 | Rake $0 
Seat 5: peak joker33
Seat 1: jeffy27dt1 (button) folded before Flop
Seat 2: perketti (small blind) folded before Flop
Seat 3: ChuckNorrisQ (big blind) folded before Flop
Seat 4: AlexEliseev7 folded before Flop (didn't bet)
Seat 6: Kristo 914 collected ($16.50)



PokerStars Hand #254395279896:  Hold'em No Limit ($0.50/$1.00 USD) - 2025/01/16 8:20:06 WET [2025/01/16 3:20:06 ET]
Table 'Echion III' 6-max Seat #2 is the button
Seat 5: peak joker33 ($123 in chips) is sitting out
Seat 1: jeffy27dt1 ($118.88 in chips) 
Seat 2: perketti ($77.50 in chips) 
Seat 3: ChuckNorrisQ ($101.72 in chips) 
Seat 4: AlexEliseev7 ($100 in chips) 
Seat 6: Kristo 914 ($131.97 in chips) 
ChuckNorrisQ: posts small blind $0.50
AlexEliseev7: posts big blind $1
peak joker33: sits out 
*** HOLE CARDS ***
Kristo 914: folds 
jeffy27dt1: folds 
perketti: raises $2 to $3
ChuckNorrisQ: folds 
AlexEliseev7: calls $2
*** FLOP *** [Qd Ks 9s]
AlexEliseev7: checks 
perketti: bets $5
AlexEliseev7: folds 
Uncalled bet ($5) returned to perketti
perketti collected $6.18 from pot
perketti: doesn't show hand 
*** SUMMARY ***
Total pot $6.50 | Rake $0.32 
Board [Qd Ks 9s]
Seat 5: peak joker33
Seat 1: jeffy27dt1 folded before Flop (didn't bet)
Seat 2: perketti (button) collected ($6.18)
Seat 3: ChuckNorrisQ (small blind) folded before Flop
Seat 4: AlexEliseev7 (big blind) folded on the Flop
Seat 6: Kristo 914 folded before Flop (didn't bet)



PokerStars Hand #254395282313:  Hold'em No Limit ($0.50/$1.00 USD) - 2025/01/16 8:20:37 WET [2025/01/16 3:20:37 ET]
Table 'Echion III' 6-max Seat #3 is the button
Seat 1: jeffy27dt1 ($118.88 in chips) 
Seat 2: perketti ($80.68 in chips) 
Seat 3: ChuckNorrisQ ($101.22 in chips) 
Seat 4: AlexEliseev7 ($100 in chips) 
Seat 5: peak joker33 ($123 in chips) 
Seat 6: Kristo 914 ($131.97 in chips) 
AlexEliseev7: posts small blind $0.50
peak joker33: posts big blind $1
*** HOLE CARDS ***
Kristo 914: raises $1.40 to $2.40
jeffy27dt1: folds 
perketti: folds 
ChuckNorrisQ: folds 
AlexEliseev7: folds 
peak joker33: calls $1.40
*** FLOP *** [7c 9d 3c]
peak joker33: checks 
Kristo 914: bets $3.83
peak joker33: folds 
Uncalled bet ($3.83) returned to Kristo 914
Kristo 914 collected $5.04 from pot
Kristo 914: doesn't show hand 
*** SUMMARY ***
Total pot $5.30 | Rake $0.26 
Board [7c 9d 3c]
Seat 1: jeffy27dt1 folded before Flop (didn't bet)
Seat 2: perketti folded before Flop (didn't bet)
Seat 3: ChuckNorrisQ (button) folded before Flop (didn't bet)
Seat 4: AlexEliseev7 (small blind) folded before Flop
Seat 5: peak joker33 (big blind) folded on the Flop
Seat 6: Kristo 914 collected ($5.04)



PokerStars Hand #254395285551:  Hold'em No Limit ($0.50/$1.00 USD) - 2025/01/16 8:21:18 WET [2025/01/16 3:21:18 ET]
Table 'Echion III' 6-max Seat #4 is the button
Seat 1: jeffy27dt1 ($118.88 in chips) 
Seat 2: perketti ($80.68 in chips) 
Seat 3: ChuckNorrisQ ($101.22 in chips) 
Seat 4: AlexEliseev7 ($100 in chips) 
Seat 5: peak joker33 ($120.60 in chips) 
Seat 6: Kristo 914 ($134.61 in chips) 
peak joker33: posts small blind $0.50
Kristo 914: posts big blind $1
*** HOLE CARDS ***
jeffy27dt1: folds 
perketti: folds 
ChuckNorrisQ: folds 
AlexEliseev7: folds 
peak joker33: folds 
Uncalled bet ($0.50) returned to Kristo 914
Kristo 914 collected $1 from pot
Kristo 914: doesn't show hand 
*** SUMMARY ***
Total pot $1 | Rake $0 
Seat 1: jeffy27dt1 folded before Flop (didn't bet)
Seat 2: perketti folded before Flop (didn't bet)
Seat 3: ChuckNorrisQ folded before Flop (didn't bet)
Seat 4: AlexEliseev7 (button) folded before Flop (didn't bet)
Seat 5: peak joker33 (small blind) folded before Flop
Seat 6: Kristo 914 (big blind) collected ($1)



PokerStars Hand #254395286322:  Hold'em No Limit ($0.50/$1.00 USD) - 2025/01/16 8:21:27 WET [2025/01/16 3:21:27 ET]
Table 'Echion III' 6-max Seat #5 is the button
Seat 1: jeffy27dt1 ($118.88 in chips) is sitting out
Seat 2: perketti ($80.68 in chips) is sitting out
Seat 3: ChuckNorrisQ ($101.22 in chips) 
Seat 4: AlexEliseev7 ($100 in chips) 
Seat 5: peak joker33 ($120.10 in chips) 
Seat 6: Kristo 914 ($135.11 in chips) 
Kristo 914: posts small blind $0.50
jeffy27dt1: is sitting out 
perketti: is sitting out 
ChuckNorrisQ: posts big blind $1
*** HOLE CARDS ***
AlexEliseev7: folds 
perketti leaves the table
peak joker33: folds 
Kristo 914: folds 
Uncalled bet ($0.50) returned to ChuckNorrisQ
ChuckNorrisQ collected $1 from pot
ChuckNorrisQ: doesn't show hand 
*** SUMMARY ***
Total pot $1 | Rake $0 
Seat 1: jeffy27dt1
Seat 2: perketti
Seat 3: ChuckNorrisQ (big blind) collected ($1)
Seat 4: AlexEliseev7 folded before Flop (didn't bet)
Seat 5: peak joker33 (button) folded before Flop (didn't bet)
Seat 6: Kristo 914 (small blind) folded before Flop



PokerStars Hand #254395287268:  Hold'em No Limit ($0.50/$1.00 USD) - 2025/01/16 8:21:40 WET [2025/01/16 3:21:40 ET]
Table 'Echion III' 6-max Seat #6 is the button
Seat 1: jeffy27dt1 ($118.88 in chips) is sitting out
Seat 3: ChuckNorrisQ ($101.72 in chips) 
Seat 4: AlexEliseev7 ($100 in chips) 
Seat 5: peak joker33 ($120.10 in chips) 
Seat 6: Kristo 914 ($134.61 in chips) 
ChuckNorrisQ: posts small blind $0.50
AlexEliseev7: posts big blind $1
*** HOLE CARDS ***
peak joker33: folds 
Kristo 914: raises $1.40 to $2.40
ChuckNorrisQ: folds 
AlexEliseev7: raises $10.60 to $13
Kristo 914: calls $10.60
*** FLOP *** [7d 5h 3c]
AlexEliseev7: checks 
Kristo 914: checks 
*** TURN *** [7d 5h 3c] [Kc]
AlexEliseev7: bets $19.89
Kristo 914: folds 
Uncalled bet ($19.89) returned to AlexEliseev7
AlexEliseev7 collected $25.50 from pot
AlexEliseev7: doesn't show hand 
*** SUMMARY ***
Total pot $26.50 | Rake $1 
Board [7d 5h 3c Kc]
Seat 1: jeffy27dt1
Seat 3: ChuckNorrisQ (small blind) folded before Flop
Seat 4: AlexEliseev7 (big blind) collected ($25.50)
Seat 5: peak joker33 folded before Flop (didn't bet)
Seat 6: Kristo 914 (button) folded on the Turn



PokerStars Hand #254395394875:  Hold'em No Limit ($0.50/$1.00 USD) - 2025/01/16 8:43:49 WET [2025/01/16 3:43:49 ET]
Table 'Echion III' 6-max Seat #2 is the button
Seat 1: jeffy27dt1 ($141.07 in chips) 
Seat 2: Acuario75 ($70.46 in chips) 
Seat 3: Pon4uk.ua ($110.54 in chips) 
Seat 4: Quahrino ($114.58 in chips) 
Seat 5: Mak.Alse ($100 in chips) 
Pon4uk.ua: posts small blind $0.50
Quahrino: posts big blind $1
*** HOLE CARDS ***
Mak.Alse: raises $1.50 to $2.50
jeffy27dt1: folds 
Jammy965 joins the table at seat #6 
Jammy965 is disconnected 
Acuario75: folds 
Pon4uk.ua: folds 
Quahrino: folds 
Uncalled bet ($1.50) returned to Mak.Alse
Mak.Alse collected $2.50 from pot
Mak.Alse: doesn't show hand 
*** SUMMARY ***
Total pot $2.50 | Rake $0 
Seat 1: jeffy27dt1 folded before Flop (didn't bet)
Seat 2: Acuario75 (button) folded before Flop (didn't bet)
Seat 3: Pon4uk.ua (small blind) folded before Flop
Seat 4: Quahrino (big blind) folded before Flop
Seat 5: Mak.Alse collected ($2.50)



PokerStars Hand #254395396622:  Hold'em No Limit ($0.50/$1.00 USD) - 2025/01/16 8:44:10 WET [2025/01/16 3:44:10 ET]
Table 'Echion III' 6-max Seat #3 is the button
Seat 6: Jammy965 ($100 in chips) is sitting out
Seat 1: jeffy27dt1 ($141.07 in chips) 
Seat 2: Acuario75 ($70.46 in chips) 
Seat 3: Pon4uk.ua ($110.04 in chips) 
Seat 4: Quahrino ($113.58 in chips) 
Seat 5: Mak.Alse ($101.50 in chips) 
Quahrino: posts small blind $0.50
Mak.Alse: posts big blind $1
Jammy965: sits out 
*** HOLE CARDS ***
jeffy27dt1: folds 
Acuario75: folds 
Pon4uk.ua: raises $1.50 to $2.50
Quahrino: folds 
Mak.Alse: folds 
Uncalled bet ($1.50) returned to Pon4uk.ua
Pon4uk.ua collected $2.50 from pot
Pon4uk.ua: doesn't show hand 
*** SUMMARY ***
Total pot $2.50 | Rake $0 
Seat 6: Jammy965
Seat 1: jeffy27dt1 folded before Flop (didn't bet)
Seat 2: Acuario75 folded before Flop (didn't bet)
Seat 3: Pon4uk.ua (button) collected ($2.50)
Seat 4: Quahrino (small blind) folded before Flop
Seat 5: Mak.Alse (big blind) folded before Flop



PokerStars Hand #254395397765:  Hold'em No Limit ($0.50/$1.00 USD) - 2025/01/16 8:44:24 WET [2025/01/16 3:44:24 ET]
Table 'Echion III' 6-max Seat #4 is the button
Seat 6: Jammy965 ($100 in chips) is sitting out
Seat 1: jeffy27dt1 ($141.07 in chips) 
Seat 2: Acuario75 ($70.46 in chips) 
Seat 3: Pon4uk.ua ($111.54 in chips) 
Seat 4: Quahrino ($113.08 in chips) 
Seat 5: Mak.Alse ($100.50 in chips) 
Mak.Alse: posts small blind $0.50
jeffy27dt1: posts big blind $1
*** HOLE CARDS ***
Acuario75: folds 
Pon4uk.ua: folds 
Quahrino: folds 
Mak.Alse: folds 
Uncalled bet ($0.50) returned to jeffy27dt1
jeffy27dt1 collected $1 from pot
jeffy27dt1: doesn't show hand 
*** SUMMARY ***
Total pot $1 | Rake $0 
Seat 6: Jammy965
Seat 1: jeffy27dt1 (big blind) collected ($1)
Seat 2: Acuario75 folded before Flop (didn't bet)
Seat 3: Pon4uk.ua folded before Flop (didn't bet)
Seat 4: Quahrino (button) folded before Flop (didn't bet)
Seat 5: Mak.Alse (small blind) folded before Flop



PokerStars Hand #254395398641:  Hold'em No Limit ($0.50/$1.00 USD) - 2025/01/16 8:44:34 WET [2025/01/16 3:44:34 ET]
Table 'Echion III' 6-max Seat #5 is the button
Seat 6: Jammy965 ($100 in chips) is sitting out
Seat 1: jeffy27dt1 ($141.57 in chips) 
Seat 2: Acuario75 ($70.46 in chips) 
Seat 3: Pon4uk.ua ($111.54 in chips) 
Seat 4: Quahrino ($113.08 in chips) 
Seat 5: Mak.Alse ($100 in chips) 
jeffy27dt1: posts small blind $0.50
Acuario75: posts big blind $1
*** HOLE CARDS ***
Jammy965 is disconnected 
Pon4uk.ua: folds 
Quahrino: folds 
Mak.Alse: folds 
jeffy27dt1: folds 
Uncalled bet ($0.50) returned to Acuario75
Acuario75 collected $1 from pot
Acuario75: doesn't show hand 
*** SUMMARY ***
Total pot $1 | Rake $0 
Seat 6: Jammy965
Seat 1: jeffy27dt1 (small blind) folded before Flop
Seat 2: Acuario75 (big blind) collected ($1)
Seat 3: Pon4uk.ua folded before Flop (didn't bet)
Seat 4: Quahrino folded before Flop (didn't bet)
Seat 5: Mak.Alse (button) folded before Flop (didn't bet)



PokerStars Hand #254395399744:  Hold'em No Limit ($0.50/$1.00 USD) - 2025/01/16 8:44:47 WET [2025/01/16 3:44:47 ET]
Table 'Echion III' 6-max Seat #1 is the button
Seat 6: Jammy965 ($100 in chips) is sitting out
Seat 1: jeffy27dt1 ($141.07 in chips) 
Seat 2: Acuario75 ($70.96 in chips) 
Seat 3: Pon4uk.ua ($111.54 in chips) 
Seat 4: Quahrino ($113.08 in chips) 
Seat 5: Mak.Alse ($100 in chips) 
Acuario75: posts small blind $0.50
Pon4uk.ua: posts big blind $1
Jammy965: sits out 
*** HOLE CARDS ***
Quahrino: folds 
Mak.Alse: folds 
jeffy27dt1: folds 
Acuario75: raises $1.28 to $2.28
Pon4uk.ua: raises $5.72 to $8
Acuario75: folds 
Uncalled bet ($5.72) returned to Pon4uk.ua
Pon4uk.ua collected $4.56 from pot
Pon4uk.ua: doesn't show hand 
*** SUMMARY ***
Total pot $4.56 | Rake $0 
Seat 6: Jammy965
Seat 1: jeffy27dt1 (button) folded before Flop (didn't bet)
Seat 2: Acuario75 (small blind) folded before Flop
Seat 3: Pon4uk.ua (big blind) collected ($4.56)
Seat 4: Quahrino folded before Flop (didn't bet)
Seat 5: Mak.Alse folded before Flop (didn't bet)



PokerStars Hand #254395402036:  Hold'em No Limit ($0.50/$1.00 USD) - 2025/01/16 8:45:15 WET [2025/01/16 3:45:15 ET]
Table 'Echion III' 6-max Seat #2 is the button
Seat 6: Jammy965 ($100 in chips) is sitting out
Seat 1: jeffy27dt1 ($141.07 in chips) 
Seat 2: Acuario75 ($68.68 in chips) 
Seat 3: Pon4uk.ua ($113.82 in chips) 
Seat 4: Quahrino ($113.08 in chips) 
Seat 5: Mak.Alse ($100 in chips) 
Pon4uk.ua: posts small blind $0.50
Quahrino: posts big blind $1
Jammy965: sits out 
*** HOLE CARDS ***
Mak.Alse: folds 
jeffy27dt1: folds 
Acuario75: raises $1 to $2
Pon4uk.ua: folds 
Quahrino: calls $1
*** FLOP *** [Ad Qc 6h]
Quahrino: checks 
Acuario75: checks 
*** TURN *** [Ad Qc 6h] [5h]
Quahrino: bets $5.35
Acuario75: calls $5.35
*** RIVER *** [Ad Qc 6h 5h] [8h]
Quahrino: bets $18.05
Acuario75: calls $18.05
*** SHOW DOWN ***
Quahrino: shows [Kd 3d] (high card Ace)
Acuario75: shows [Ts Ac] (a pair of Aces)
Acuario75 collected $48.80 from pot
*** SUMMARY ***
Total pot $51.30 | Rake $2.50 
Board [Ad Qc 6h 5h 8h]
Seat 6: Jammy965
Seat 1: jeffy27dt1 folded before Flop (didn't bet)
Seat 2: Acuario75 (button) showed [Ts Ac] and won ($48.80) with a pair of Aces
Seat 3: Pon4uk.ua (small blind) folded before Flop
Seat 4: Quahrino (big blind) showed [Kd 3d] and lost with high card Ace
Seat 5: Mak.Alse folded before Flop (didn't bet)



PokerStars Hand #254395406474:  Hold'em No Limit ($0.50/$1.00 USD) - 2025/01/16 8:46:07 WET [2025/01/16 3:46:07 ET]
Table 'Echion III' 6-max Seat #3 is the button
Seat 6: Jammy965 ($100 in chips) is sitting out
Seat 1: jeffy27dt1 ($141.07 in chips) 
Seat 2: Acuario75 ($92.08 in chips) 
Seat 3: Pon4uk.ua ($113.32 in chips) 
Seat 4: Quahrino ($100 in chips) 
Seat 5: Mak.Alse ($100 in chips) 
Quahrino: posts small blind $0.50
Mak.Alse: posts big blind $1
Jammy965: sits out 
*** HOLE CARDS ***
jeffy27dt1: folds 
Acuario75: raises $1 to $2
Pon4uk.ua: folds 
Quahrino: folds 
Mak.Alse: folds 
Uncalled bet ($1) returned to Acuario75
Acuario75 collected $2.50 from pot
Acuario75: doesn't show hand 
*** SUMMARY ***
Total pot $2.50 | Rake $0 
Seat 6: Jammy965
Seat 1: jeffy27dt1 folded before Flop (didn't bet)
Seat 2: Acuario75 collected ($2.50)
Seat 3: Pon4uk.ua (button) folded before Flop (didn't bet)
Seat 4: Quahrino (small blind) folded before Flop
Seat 5: Mak.Alse (big blind) folded before Flop



PokerStars Hand #254395408406:  Hold'em No Limit ($0.50/$1.00 USD) - 2025/01/16 8:46:30 WET [2025/01/16 3:46:30 ET]
Table 'Echion III' 6-max Seat #4 is the button
Seat 1: jeffy27dt1 ($141.07 in chips) 
Seat 2: Acuario75 ($93.58 in chips) 
Seat 3: Pon4uk.ua ($113.32 in chips) 
Seat 4: Quahrino ($100 in chips) 
Seat 5: Mak.Alse ($100 in chips) 
Seat 6: Jammy965 ($100 in chips) 
Mak.Alse: posts small blind $0.50
Jammy965: posts big blind $1
*** HOLE CARDS ***
jeffy27dt1: folds 
Acuario75: folds 
Pon4uk.ua: folds 
Quahrino: raises $1.50 to $2.50
Mak.Alse: folds 
Jammy965: folds 
Uncalled bet ($1.50) returned to Quahrino
Quahrino collected $2.50 from pot
Quahrino: doesn't show hand 
*** SUMMARY ***
Total pot $2.50 | Rake $0 
Seat 1: jeffy27dt1 folded before Flop (didn't bet)
Seat 2: Acuario75 folded before Flop (didn't bet)
Seat 3: Pon4uk.ua folded before Flop (didn't bet)
Seat 4: Quahrino (button) collected ($2.50)
Seat 5: Mak.Alse (small blind) folded before Flop
Seat 6: Jammy965 (big blind) folded before Flop



PokerStars Hand #254395410593:  Hold'em No Limit ($0.50/$1.00 USD) - 2025/01/16 8:46:56 WET [2025/01/16 3:46:56 ET]
Table 'Echion III' 6-max Seat #5 is the button
Seat 1: jeffy27dt1 ($141.07 in chips) 
Seat 2: Acuario75 ($93.58 in chips) 
Seat 3: Pon4uk.ua ($113.32 in chips) 
Seat 4: Quahrino ($101.50 in chips) 
Seat 5: Mak.Alse ($100 in chips) 
Seat 6: Jammy965 ($99 in chips) 
Jammy965: posts small blind $0.50
jeffy27dt1: posts big blind $1
*** HOLE CARDS ***
Acuario75: folds 
Pon4uk.ua: folds 
Quahrino: folds 
Mak.Alse: folds 
Jammy965: folds 
Uncalled bet ($0.50) returned to jeffy27dt1
jeffy27dt1 collected $1 from pot
jeffy27dt1: doesn't show hand 
*** SUMMARY ***
Total pot $1 | Rake $0 
Seat 1: jeffy27dt1 (big blind) collected ($1)
Seat 2: Acuario75 folded before Flop (didn't bet)
Seat 3: Pon4uk.ua folded before Flop (didn't bet)
Seat 4: Quahrino folded before Flop (didn't bet)
Seat 5: Mak.Alse (button) folded before Flop (didn't bet)
Seat 6: Jammy965 (small blind) folded before Flop



PokerStars Hand #254395413535:  Hold'em No Limit ($0.50/$1.00 USD) - 2025/01/16 8:47:31 WET [2025/01/16 3:47:31 ET]
Table 'Echion III' 6-max Seat #6 is the button
Seat 1: jeffy27dt1 ($141.57 in chips) 
Seat 2: Acuario75 ($93.58 in chips) 
Seat 3: Pon4uk.ua ($113.32 in chips) 
Seat 4: Quahrino ($101.50 in chips) 
Seat 5: Mak.Alse ($100 in chips) 
Seat 6: Jammy965 ($98.50 in chips) 
jeffy27dt1: posts small blind $0.50
Acuario75: posts big blind $1
*** HOLE CARDS ***
Pon4uk.ua: folds 
Quahrino: folds 
Mak.Alse: folds 
Jammy965: calls $1
jeffy27dt1: folds 
Acuario75: checks 
*** FLOP *** [8h 3h 6s]
Acuario75: checks 
Jammy965: bets $2.19
Acuario75: folds 
Uncalled bet ($2.19) returned to Jammy965
Jammy965 collected $2.38 from pot
*** SUMMARY ***
Total pot $2.50 | Rake $0.12 
Board [8h 3h 6s]
Seat 1: jeffy27dt1 (small blind) folded before Flop
Seat 2: Acuario75 (big blind) folded on the Flop
Seat 3: Pon4uk.ua folded before Flop (didn't bet)
Seat 4: Quahrino folded before Flop (didn't bet)
Seat 5: Mak.Alse folded before Flop (didn't bet)
Seat 6: Jammy965 (button) collected ($2.38)



PokerStars Hand #254395417895:  Hold'em No Limit ($0.50/$1.00 USD) - 2025/01/16 8:48:21 WET [2025/01/16 3:48:21 ET]
Table 'Echion III' 6-max Seat #1 is the button
Seat 1: jeffy27dt1 ($141.07 in chips) 
Seat 2: Acuario75 ($92.58 in chips) 
Seat 3: Pon4uk.ua ($113.32 in chips) 
Seat 4: Quahrino ($101.50 in chips) 
Seat 5: Mak.Alse ($100 in chips) 
Seat 6: Jammy965 ($99.88 in chips) 
Acuario75: posts small blind $0.50
Pon4uk.ua: posts big blind $1
*** HOLE CARDS ***
Quahrino: folds 
Mak.Alse: folds 
Jammy965: folds 
jeffy27dt1: raises $1.50 to $2.50
Acuario75: folds 
Pon4uk.ua: folds 
Uncalled bet ($1.50) returned to jeffy27dt1
jeffy27dt1 collected $2.50 from pot
jeffy27dt1: doesn't show hand 
*** SUMMARY ***
Total pot $2.50 | Rake $0 
Seat 1: jeffy27dt1 (button) collected ($2.50)
Seat 2: Acuario75 (small blind) folded before Flop
Seat 3: Pon4uk.ua (big blind) folded before Flop
Seat 4: Quahrino folded before Flop (didn't bet)
Seat 5: Mak.Alse folded before Flop (didn't bet)
Seat 6: Jammy965 folded before Flop (didn't bet)



PokerStars Hand #254395420322:  Hold'em No Limit ($0.50/$1.00 USD) - 2025/01/16 8:48:50 WET [2025/01/16 3:48:50 ET]
Table 'Echion III' 6-max Seat #2 is the button
Seat 1: jeffy27dt1 ($142.57 in chips) 
Seat 2: Acuario75 ($92.08 in chips) 
Seat 3: Pon4uk.ua ($112.32 in chips) 
Seat 4: Quahrino ($101.50 in chips) 
Seat 5: Mak.Alse ($100 in chips) 
Seat 6: Jammy965 ($99.88 in chips) 
Pon4uk.ua: posts small blind $0.50
Quahrino: posts big blind $1
*** HOLE CARDS ***
Mak.Alse: folds 
Jammy965: folds 
jeffy27dt1: raises $1.50 to $2.50
Acuario75: folds 
Pon4uk.ua: folds 
Quahrino: folds 
Uncalled bet ($1.50) returned to jeffy27dt1
jeffy27dt1 collected $2.50 from pot
jeffy27dt1: doesn't show hand 
*** SUMMARY ***
Total pot $2.50 | Rake $0 
Seat 1: jeffy27dt1 collected ($2.50)
Seat 2: Acuario75 (button) folded before Flop (didn't bet)
Seat 3: Pon4uk.ua (small blind) folded before Flop
Seat 4: Quahrino (big blind) folded before Flop
Seat 5: Mak.Alse folded before Flop (didn't bet)
Seat 6: Jammy965 folded before Flop (didn't bet)



PokerStars Hand #254395422801:  Hold'em No Limit ($0.50/$1.00 USD) - 2025/01/16 8:49:18 WET [2025/01/16 3:49:18 ET]
Table 'Echion III' 6-max Seat #3 is the button
Seat 1: jeffy27dt1 ($144.07 in chips) 
Seat 2: Acuario75 ($92.08 in chips) 
Seat 3: Pon4uk.ua ($111.82 in chips) 
Seat 4: Quahrino ($100.50 in chips) 
Seat 5: Mak.Alse ($100 in chips) 
Seat 6: Jammy965 ($99.88 in chips) 
Quahrino: posts small blind $0.50
Mak.Alse: posts big blind $1
*** HOLE CARDS ***
Jammy965: calls $1
jeffy27dt1: folds 
Acuario75: folds 
Pon4uk.ua: folds 
Quahrino: raises $3 to $4
Mak.Alse: folds 
Jammy965: calls $3
*** FLOP *** [3c 6d 7s]
Quahrino: checks 
Jammy965: checks 
*** TURN *** [3c 6d 7s] [Ks]
Quahrino: bets $5.73
Jammy965: calls $5.73
*** RIVER *** [3c 6d 7s Ks] [Js]
Quahrino: checks 
Jammy965: checks 
*** SHOW DOWN ***
Quahrino: shows [Ac 8s] (high card Ace)
Jammy965: shows [Th Kd] (a pair of Kings)
Jammy965 collected $19.44 from pot
*** SUMMARY ***
Total pot $20.46 | Rake $1.02 
Board [3c 6d 7s Ks Js]
Seat 1: jeffy27dt1 folded before Flop (didn't bet)
Seat 2: Acuario75 folded before Flop (didn't bet)
Seat 3: Pon4uk.ua (button) folded before Flop (didn't bet)
Seat 4: Quahrino (small blind) showed [Ac 8s] and lost with high card Ace
Seat 5: Mak.Alse (big blind) folded before Flop
Seat 6: Jammy965 showed [Th Kd] and won ($19.44) with a pair of Kings



PokerStars Hand #254395426858:  Hold'em No Limit ($0.50/$1.00 USD) - 2025/01/16 8:50:06 WET [2025/01/16 3:50:06 ET]
Table 'Echion III' 6-max Seat #4 is the button
Seat 1: jeffy27dt1 ($144.07 in chips) 
Seat 2: Acuario75 ($92.08 in chips) 
Seat 3: Pon4uk.ua ($111.82 in chips) 
Seat 4: Quahrino ($100 in chips) 
Seat 5: Mak.Alse ($100 in chips) 
Seat 6: Jammy965 ($109.59 in chips) 
Mak.Alse: posts small blind $0.50
Jammy965: posts big blind $1
*** HOLE CARDS ***
jeffy27dt1: folds 
Acuario75: folds 
Pon4uk.ua: raises $1.50 to $2.50
Quahrino: raises $5 to $7.50
Mak.Alse: folds 
Jammy965: folds 
Pon4uk.ua: folds 
Uncalled bet ($5) returned to Quahrino
Quahrino collected $6.50 from pot
Quahrino: doesn't show hand 
*** SUMMARY ***
Total pot $6.50 | Rake $0 
Seat 1: jeffy27dt1 folded before Flop (didn't bet)
Seat 2: Acuario75 folded before Flop (didn't bet)
Seat 3: Pon4uk.ua folded before Flop
Seat 4: Quahrino (button) collected ($6.50)
Seat 5: Mak.Alse (small blind) folded before Flop
Seat 6: Jammy965 (big blind) folded before Flop



PokerStars Hand #254395429945:  Hold'em No Limit ($0.50/$1.00 USD) - 2025/01/16 8:50:42 WET [2025/01/16 3:50:42 ET]
Table 'Echion III' 6-max Seat #5 is the button
Seat 1: jeffy27dt1 ($144.07 in chips) 
Seat 2: Acuario75 ($92.08 in chips) 
Seat 3: Pon4uk.ua ($109.32 in chips) 
Seat 4: Quahrino ($104 in chips) 
Seat 5: Mak.Alse ($100 in chips) 
Seat 6: Jammy965 ($108.59 in chips) 
Jammy965: posts small blind $0.50
jeffy27dt1: posts big blind $1
*** HOLE CARDS ***
Acuario75: folds 
Pon4uk.ua: folds 
Quahrino: folds 
Mak.Alse: folds 
Jammy965: folds 
Uncalled bet ($0.50) returned to jeffy27dt1
jeffy27dt1 collected $1 from pot
jeffy27dt1: doesn't show hand 
*** SUMMARY ***
Total pot $1 | Rake $0 
Seat 1: jeffy27dt1 (big blind) collected ($1)
Seat 2: Acuario75 folded before Flop (didn't bet)
Seat 3: Pon4uk.ua folded before Flop (didn't bet)
Seat 4: Quahrino folded before Flop (didn't bet)
Seat 5: Mak.Alse (button) folded before Flop (didn't bet)
Seat 6: Jammy965 (small blind) folded before Flop



PokerStars Hand #254395431309:  Hold'em No Limit ($0.50/$1.00 USD) - 2025/01/16 8:50:57 WET [2025/01/16 3:50:57 ET]
Table 'Echion III' 6-max Seat #6 is the button
Seat 1: jeffy27dt1 ($144.57 in chips) 
Seat 2: Acuario75 ($92.08 in chips) 
Seat 3: Pon4uk.ua ($109.32 in chips) 
Seat 4: Quahrino ($104 in chips) 
Seat 5: Mak.Alse ($100 in chips) 
Seat 6: Jammy965 ($108.09 in chips) 
jeffy27dt1: posts small blind $0.50
Acuario75: posts big blind $1
*** HOLE CARDS ***
Pon4uk.ua: folds 
Quahrino: folds 
Mak.Alse: folds 
Jammy965: folds 
jeffy27dt1: folds 
Uncalled bet ($0.50) returned to Acuario75
Acuario75 collected $1 from pot
Acuario75: doesn't show hand 
*** SUMMARY ***
Total pot $1 | Rake $0 
Seat 1: jeffy27dt1 (small blind) folded before Flop
Seat 2: Acuario75 (big blind) collected ($1)
Seat 3: Pon4uk.ua folded before Flop (didn't bet)
Seat 4: Quahrino folded before Flop (didn't bet)
Seat 5: Mak.Alse folded before Flop (didn't bet)
Seat 6: Jammy965 (button) folded before Flop (didn't bet)



PokerStars Hand #254395432703:  Hold'em No Limit ($0.50/$1.00 USD) - 2025/01/16 8:51:13 WET [2025/01/16 3:51:13 ET]
Table 'Echion III' 6-max Seat #1 is the button
Seat 1: jeffy27dt1 ($144.07 in chips) 
Seat 2: Acuario75 ($92.58 in chips) 
Seat 3: Pon4uk.ua ($109.32 in chips) 
Seat 4: Quahrino ($104 in chips) 
Seat 5: Mak.Alse ($100 in chips) 
Seat 6: Jammy965 ($108.09 in chips) 
Acuario75: posts small blind $0.50
Pon4uk.ua: posts big blind $1
*** HOLE CARDS ***
Quahrino: folds 
Mak.Alse: raises $1.50 to $2.50
Jammy965: folds 
jeffy27dt1: folds 
Acuario75: folds 
Pon4uk.ua: folds 
Uncalled bet ($1.50) returned to Mak.Alse
Mak.Alse collected $2.50 from pot
Mak.Alse: doesn't show hand 
*** SUMMARY ***
Total pot $2.50 | Rake $0 
Seat 1: jeffy27dt1 (button) folded before Flop (didn't bet)
Seat 2: Acuario75 (small blind) folded before Flop
Seat 3: Pon4uk.ua (big blind) folded before Flop
Seat 4: Quahrino folded before Flop (didn't bet)
Seat 5: Mak.Alse collected ($2.50)
Seat 6: Jammy965 folded before Flop (didn't bet)



PokerStars Hand #254395434299:  Hold'em No Limit ($0.50/$1.00 USD) - 2025/01/16 8:51:32 WET [2025/01/16 3:51:32 ET]
Table 'Echion III' 6-max Seat #2 is the button
Seat 1: jeffy27dt1 ($144.07 in chips) 
Seat 2: Acuario75 ($92.08 in chips) 
Seat 3: Pon4uk.ua ($108.32 in chips) 
Seat 4: Quahrino ($104 in chips) 
Seat 5: Mak.Alse ($101.50 in chips) 
Seat 6: Jammy965 ($108.09 in chips) 
Pon4uk.ua: posts small blind $0.50
Quahrino: posts big blind $1
*** HOLE CARDS ***
Mak.Alse: folds 
Jammy965: folds 
jeffy27dt1: raises $1.50 to $2.50
Acuario75: folds 
Pon4uk.ua: folds 
Quahrino: calls $1.50
*** FLOP *** [Ac Ts Ah]
Quahrino: checks 
jeffy27dt1: bets $1.72
Quahrino: calls $1.72
*** TURN *** [Ac Ts Ah] [As]
Quahrino: checks 
jeffy27dt1: bets $6.37
Quahrino: folds 
Uncalled bet ($6.37) returned to jeffy27dt1
jeffy27dt1 collected $8.49 from pot
jeffy27dt1: doesn't show hand 
*** SUMMARY ***
Total pot $8.94 | Rake $0.45 
Board [Ac Ts Ah As]
Seat 1: jeffy27dt1 collected ($8.49)
Seat 2: Acuario75 (button) folded before Flop (didn't bet)
Seat 3: Pon4uk.ua (small blind) folded before Flop
Seat 4: Quahrino (big blind) folded on the Turn
Seat 5: Mak.Alse folded before Flop (didn't bet)
Seat 6: Jammy965 folded before Flop (didn't bet)



PokerStars Hand #254395440150:  Hold'em No Limit ($0.50/$1.00 USD) - 2025/01/16 8:52:39 WET [2025/01/16 3:52:39 ET]
Table 'Echion III' 6-max Seat #3 is the button
Seat 1: jeffy27dt1 ($148.34 in chips) 
Seat 2: Acuario75 ($92.08 in chips) 
Seat 3: Pon4uk.ua ($107.82 in chips) 
Seat 4: Quahrino ($100 in chips) 
Seat 5: Mak.Alse ($101.50 in chips) 
Seat 6: Jammy965 ($108.09 in chips) 
Quahrino: posts small blind $0.50
Mak.Alse: posts big blind $1
*** HOLE CARDS ***
Jammy965: folds 
jeffy27dt1: folds 
Acuario75: raises $1 to $2
Pon4uk.ua: folds 
Quahrino: folds 
Mak.Alse: folds 
Uncalled bet ($1) returned to Acuario75
Acuario75 collected $2.50 from pot
Acuario75: doesn't show hand 
*** SUMMARY ***
Total pot $2.50 | Rake $0 
Seat 1: jeffy27dt1 folded before Flop (didn't bet)
Seat 2: Acuario75 collected ($2.50)
Seat 3: Pon4uk.ua (button) folded before Flop (didn't bet)
Seat 4: Quahrino (small blind) folded before Flop
Seat 5: Mak.Alse (big blind) folded before Flop
Seat 6: Jammy965 folded before Flop (didn't bet)



PokerStars Hand #254395441476:  Hold'em No Limit ($0.50/$1.00 USD) - 2025/01/16 8:52:55 WET [2025/01/16 3:52:55 ET]
Table 'Echion III' 6-max Seat #4 is the button
Seat 1: jeffy27dt1 ($148.34 in chips) 
Seat 2: Acuario75 ($93.58 in chips) 
Seat 3: Pon4uk.ua ($107.82 in chips) 
Seat 4: Quahrino ($100 in chips) 
Seat 5: Mak.Alse ($100.50 in chips) 
Seat 6: Jammy965 ($108.09 in chips) 
Mak.Alse: posts small blind $0.50
Jammy965: posts big blind $1
*** HOLE CARDS ***
jeffy27dt1: folds 
Acuario75: raises $1.28 to $2.28
Pon4uk.ua: folds 
Quahrino: folds 
Mak.Alse: folds 
Jammy965: calls $1.28
*** FLOP *** [Js As 3d]
Jammy965: checks 
Acuario75: checks 
*** TURN *** [Js As 3d] [Qd]
Jammy965: bets $2.41
Acuario75: calls $2.41
*** RIVER *** [Js As 3d Qd] [Th]
Jammy965: bets $4.70
Acuario75: raises $8.46 to $13.16
Jammy965: folds 
Uncalled bet ($8.46) returned to Acuario75
Acuario75 collected $18.32 from pot
Acuario75: doesn't show hand 
*** SUMMARY ***
Total pot $19.28 | Rake $0.96 
Board [Js As 3d Qd Th]
Seat 1: jeffy27dt1 folded before Flop (didn't bet)
Seat 2: Acuario75 collected ($18.32)
Seat 3: Pon4uk.ua folded before Flop (didn't bet)
Seat 4: Quahrino (button) folded before Flop (didn't bet)
Seat 5: Mak.Alse (small blind) folded before Flop
Seat 6: Jammy965 (big blind) folded on the River



PokerStars Hand #254395448035:  Hold'em No Limit ($0.50/$1.00 USD) - 2025/01/16 8:54:09 WET [2025/01/16 3:54:09 ET]
Table 'Echion III' 6-max Seat #5 is the button
Seat 1: jeffy27dt1 ($148.34 in chips) 
Seat 2: Acuario75 ($102.51 in chips) 
Seat 3: Pon4uk.ua ($107.82 in chips) 
Seat 4: Quahrino ($100 in chips) 
Seat 5: Mak.Alse ($100 in chips) 
Seat 6: Jammy965 ($98.70 in chips) 
Jammy965: posts small blind $0.50
jeffy27dt1: posts big blind $1
*** HOLE CARDS ***
Acuario75: folds 
Pon4uk.ua: folds 
Quahrino: folds 
Mak.Alse: raises $1.50 to $2.50
Jammy965: calls $2
jeffy27dt1: calls $1.50
*** FLOP *** [As 8s Kh]
Jammy965: checks 
jeffy27dt1: checks 
Mak.Alse: checks 
*** TURN *** [As 8s Kh] [5h]
Jammy965: bets $4.56
jeffy27dt1: calls $4.56
Mak.Alse: folds 
*** RIVER *** [As 8s Kh 5h] [Td]
Jammy965: bets $7.90
jeffy27dt1: folds 
Uncalled bet ($7.90) returned to Jammy965
Jammy965 collected $15.79 from pot
*** SUMMARY ***
Total pot $16.62 | Rake $0.83 
Board [As 8s Kh 5h Td]
Seat 1: jeffy27dt1 (big blind) folded on the River
Seat 2: Acuario75 folded before Flop (didn't bet)
Seat 3: Pon4uk.ua folded before Flop (didn't bet)
Seat 4: Quahrino folded before Flop (didn't bet)
Seat 5: Mak.Alse (button) folded on the Turn
Seat 6: Jammy965 (small blind) collected ($15.79)



PokerStars Hand #254395455207:  Hold'em No Limit ($0.50/$1.00 USD) - 2025/01/16 8:55:34 WET [2025/01/16 3:55:34 ET]
Table 'Echion III' 6-max Seat #6 is the button
Seat 1: jeffy27dt1 ($141.28 in chips) 
Seat 2: Acuario75 ($102.51 in chips) 
Seat 3: Pon4uk.ua ($107.82 in chips) 
Seat 4: Quahrino ($100 in chips) 
Seat 5: Mak.Alse ($100 in chips) 
Seat 6: Jammy965 ($107.43 in chips) 
jeffy27dt1: posts small blind $0.50
Acuario75: posts big blind $1
*** HOLE CARDS ***
Pon4uk.ua: folds 
Quahrino: folds 
Mak.Alse: folds 
Jammy965: folds 
jeffy27dt1: folds 
Uncalled bet ($0.50) returned to Acuario75
Acuario75 collected $1 from pot
Acuario75: doesn't show hand 
*** SUMMARY ***
Total pot $1 | Rake $0 
Seat 1: jeffy27dt1 (small blind) folded before Flop
Seat 2: Acuario75 (big blind) collected ($1)
Seat 3: Pon4uk.ua folded before Flop (didn't bet)
Seat 4: Quahrino folded before Flop (didn't bet)
Seat 5: Mak.Alse folded before Flop (didn't bet)
Seat 6: Jammy965 (button) folded before Flop (didn't bet)



PokerStars Hand #254395456449:  Hold'em No Limit ($0.50/$1.00 USD) - 2025/01/16 8:55:50 WET [2025/01/16 3:55:50 ET]
Table 'Echion III' 6-max Seat #1 is the button
Seat 1: jeffy27dt1 ($140.78 in chips) 
Seat 2: Acuario75 ($103.01 in chips) 
Seat 3: Pon4uk.ua ($107.82 in chips) 
Seat 4: Quahrino ($100 in chips) 
Seat 5: Mak.Alse ($100 in chips) 
Seat 6: Jammy965 ($107.43 in chips) 
Acuario75: posts small blind $0.50
Pon4uk.ua: posts big blind $1
*** HOLE CARDS ***
Quahrino: folds 
Mak.Alse: folds 
Jammy965: folds 
jeffy27dt1: raises $1.50 to $2.50
Acuario75: folds 
Pon4uk.ua: raises $8.50 to $11
jeffy27dt1: folds 
Uncalled bet ($8.50) returned to Pon4uk.ua
Pon4uk.ua collected $5.50 from pot
Pon4uk.ua: doesn't show hand 
*** SUMMARY ***
Total pot $5.50 | Rake $0 
Seat 1: jeffy27dt1 (button) folded before Flop
Seat 2: Acuario75 (small blind) folded before Flop
Seat 3: Pon4uk.ua (big blind) collected ($5.50)
Seat 4: Quahrino folded before Flop (didn't bet)
Seat 5: Mak.Alse folded before Flop (didn't bet)
Seat 6: Jammy965 folded before Flop (didn't bet)



PokerStars Hand #254395459041:  Hold'em No Limit ($0.50/$1.00 USD) - 2025/01/16 8:56:24 WET [2025/01/16 3:56:24 ET]
Table 'Echion III' 6-max Seat #2 is the button
Seat 1: jeffy27dt1 ($138.28 in chips) 
Seat 2: Acuario75 ($102.51 in chips) 
Seat 3: Pon4uk.ua ($110.82 in chips) 
Seat 4: Quahrino ($100 in chips) 
Seat 5: Mak.Alse ($100 in chips) 
Seat 6: Jammy965 ($107.43 in chips) 
Pon4uk.ua: posts small blind $0.50
Quahrino: posts big blind $1
*** HOLE CARDS ***
Mak.Alse: raises $1.50 to $2.50
Jammy965: folds 
jeffy27dt1: folds 
Acuario75 has timed out
Acuario75: folds 
Pon4uk.ua: folds 
Quahrino: folds 
Uncalled bet ($1.50) returned to Mak.Alse
Mak.Alse collected $2.50 from pot
Mak.Alse: doesn't show hand 
*** SUMMARY ***
Total pot $2.50 | Rake $0 
Seat 1: jeffy27dt1 folded before Flop (didn't bet)
Seat 2: Acuario75 (button) folded before Flop (didn't bet)
Seat 3: Pon4uk.ua (small blind) folded before Flop
Seat 4: Quahrino (big blind) folded before Flop
Seat 5: Mak.Alse collected ($2.50)
Seat 6: Jammy965 folded before Flop (didn't bet)



PokerStars Hand #254395461683:  Hold'em No Limit ($0.50/$1.00 USD) - 2025/01/16 8:56:59 WET [2025/01/16 3:56:59 ET]
Table 'Echion III' 6-max Seat #3 is the button
Seat 1: jeffy27dt1 ($138.28 in chips) 
Seat 2: Acuario75 ($102.51 in chips) 
Seat 3: Pon4uk.ua ($110.32 in chips) 
Seat 4: Quahrino ($100 in chips) 
Seat 5: Mak.Alse ($101.50 in chips) 
Seat 6: Jammy965 ($107.43 in chips) 
Quahrino: posts small blind $0.50
Mak.Alse: posts big blind $1
*** HOLE CARDS ***
Jammy965: folds 
jeffy27dt1: folds 
Acuario75: folds 
Pon4uk.ua: raises $1 to $2
Quahrino: folds 
Mak.Alse: calls $1
*** FLOP *** [3c 5c Kd]
Mak.Alse: checks 
Pon4uk.ua: bets $1.41
Mak.Alse: folds 
Uncalled bet ($1.41) returned to Pon4uk.ua
Pon4uk.ua collected $4.28 from pot
Pon4uk.ua: doesn't show hand 
*** SUMMARY ***
Total pot $4.50 | Rake $0.22 
Board [3c 5c Kd]
Seat 1: jeffy27dt1 folded before Flop (didn't bet)
Seat 2: Acuario75 folded before Flop (didn't bet)
Seat 3: Pon4uk.ua (button) collected ($4.28)
Seat 4: Quahrino (small blind) folded before Flop
Seat 5: Mak.Alse (big blind) folded on the Flop
Seat 6: Jammy965 folded before Flop (didn't bet)



PokerStars Hand #254395465015:  Hold'em No Limit ($0.50/$1.00 USD) - 2025/01/16 8:57:42 WET [2025/01/16 3:57:42 ET]
Table 'Echion III' 6-max Seat #4 is the button
Seat 1: jeffy27dt1 ($138.28 in chips) 
Seat 2: Acuario75 ($102.51 in chips) 
Seat 3: Pon4uk.ua ($112.60 in chips) 
Seat 4: Quahrino ($100 in chips) 
Seat 5: Mak.Alse ($100 in chips) 
Seat 6: Jammy965 ($107.43 in chips) 
Mak.Alse: posts small blind $0.50
Jammy965: posts big blind $1
*** HOLE CARDS ***
jeffy27dt1: raises $1.50 to $2.50
Acuario75: folds 
Pon4uk.ua: folds 
Quahrino: folds 
Mak.Alse: folds 
Jammy965: calls $1.50
*** FLOP *** [5h Jc 3s]
Jammy965: checks 
jeffy27dt1: checks 
*** TURN *** [5h Jc 3s] [Jd]
Jammy965: bets $3.61
jeffy27dt1: calls $3.61
*** RIVER *** [5h Jc 3s Jd] [2c]
Jammy965: bets $10.08
jeffy27dt1: calls $10.08
*** SHOW DOWN ***
Jammy965: shows [5s 3h] (two pair, Jacks and Fives)
jeffy27dt1: mucks hand 
Jammy965 collected $31.24 from pot
*** SUMMARY ***
Total pot $32.88 | Rake $1.64 
Board [5h Jc 3s Jd 2c]
Seat 1: jeffy27dt1 mucked
Seat 2: Acuario75 folded before Flop (didn't bet)
Seat 3: Pon4uk.ua folded before Flop (didn't bet)
Seat 4: Quahrino (button) folded before Flop (didn't bet)
Seat 5: Mak.Alse (small blind) folded before Flop
Seat 6: Jammy965 (big blind) showed [5s 3h] and won ($31.24) with two pair, Jacks and Fives



PokerStars Hand #254395472551:  Hold'em No Limit ($0.50/$1.00 USD) - 2025/01/16 8:59:21 WET [2025/01/16 3:59:21 ET]
Table 'Echion III' 6-max Seat #5 is the button
Seat 1: jeffy27dt1 ($122.09 in chips) 
Seat 2: Acuario75 ($102.51 in chips) 
Seat 3: Pon4uk.ua ($112.60 in chips) 
Seat 4: Quahrino ($100 in chips) 
Seat 5: Mak.Alse ($100 in chips) 
Seat 6: Jammy965 ($122.48 in chips) 
Jammy965: posts small blind $0.50
jeffy27dt1: posts big blind $1
*** HOLE CARDS ***
Acuario75: folds 
Pon4uk.ua: raises $1 to $2
Quahrino: folds 
Mak.Alse: folds 
Jammy965: folds 
jeffy27dt1: folds 
Uncalled bet ($1) returned to Pon4uk.ua
Pon4uk.ua collected $2.50 from pot
Pon4uk.ua: doesn't show hand 
*** SUMMARY ***
Total pot $2.50 | Rake $0 
Seat 1: jeffy27dt1 (big blind) folded before Flop
Seat 2: Acuario75 folded before Flop (didn't bet)
Seat 3: Pon4uk.ua collected ($2.50)
Seat 4: Quahrino folded before Flop (didn't bet)
Seat 5: Mak.Alse (button) folded before Flop (didn't bet)
Seat 6: Jammy965 (small blind) folded before Flop



PokerStars Hand #254395474623:  Hold'em No Limit ($0.50/$1.00 USD) - 2025/01/16 8:59:47 WET [2025/01/16 3:59:47 ET]
Table 'Echion III' 6-max Seat #6 is the button
Seat 1: jeffy27dt1 ($121.09 in chips) 
Seat 2: Acuario75 ($102.51 in chips) 
Seat 3: Pon4uk.ua ($114.10 in chips) 
Seat 4: Quahrino ($100 in chips) 
Seat 5: Mak.Alse ($100 in chips) 
Seat 6: Jammy965 ($121.98 in chips) 
jeffy27dt1: posts small blind $0.50
Acuario75: posts big blind $1
*** HOLE CARDS ***
Pon4uk.ua: folds 
Quahrino: raises $1 to $2
Mak.Alse: folds 
Jammy965: folds 
jeffy27dt1: folds 
Acuario75: folds 
Uncalled bet ($1) returned to Quahrino
Quahrino collected $2.50 from pot
Quahrino: doesn't show hand 
*** SUMMARY ***
Total pot $2.50 | Rake $0 
Seat 1: jeffy27dt1 (small blind) folded before Flop
Seat 2: Acuario75 (big blind) folded before Flop
Seat 3: Pon4uk.ua folded before Flop (didn't bet)
Seat 4: Quahrino collected ($2.50)
Seat 5: Mak.Alse folded before Flop (didn't bet)
Seat 6: Jammy965 (button) folded before Flop (didn't bet)



PokerStars Hand #254395476330:  Hold'em No Limit ($0.50/$1.00 USD) - 2025/01/16 9:00:10 WET [2025/01/16 4:00:10 ET]
Table 'Echion III' 6-max Seat #1 is the button
Seat 1: jeffy27dt1 ($120.59 in chips) 
Seat 2: Acuario75 ($101.51 in chips) 
Seat 3: Pon4uk.ua ($114.10 in chips) 
Seat 4: Quahrino ($101.50 in chips) 
Seat 5: Mak.Alse ($100 in chips) 
Seat 6: Jammy965 ($121.98 in chips) 
Acuario75: posts small blind $0.50
Pon4uk.ua: posts big blind $1
*** HOLE CARDS ***
Quahrino: folds 
Mak.Alse: folds 
Jammy965: folds 
jeffy27dt1: folds 
Acuario75: folds 
Uncalled bet ($0.50) returned to Pon4uk.ua
Pon4uk.ua collected $1 from pot
Pon4uk.ua: doesn't show hand 
*** SUMMARY ***
Total pot $1 | Rake $0 
Seat 1: jeffy27dt1 (button) folded before Flop (didn't bet)
Seat 2: Acuario75 (small blind) folded before Flop
Seat 3: Pon4uk.ua (big blind) collected ($1)
Seat 4: Quahrino folded before Flop (didn't bet)
Seat 5: Mak.Alse folded before Flop (didn't bet)
Seat 6: Jammy965 folded before Flop (didn't bet)



PokerStars Hand #254395477748:  Hold'em No Limit ($0.50/$1.00 USD) - 2025/01/16 9:00:28 WET [2025/01/16 4:00:28 ET]
Table 'Echion III' 6-max Seat #2 is the button
Seat 1: jeffy27dt1 ($120.59 in chips) 
Seat 2: Acuario75 ($101.01 in chips) 
Seat 3: Pon4uk.ua ($114.60 in chips) 
Seat 4: Quahrino ($101.50 in chips) 
Seat 5: Mak.Alse ($100 in chips) 
Seat 6: Jammy965 ($121.98 in chips) 
Pon4uk.ua: posts small blind $0.50
Quahrino: posts big blind $1
*** HOLE CARDS ***
Mak.Alse: folds 
Jammy965: folds 
jeffy27dt1: folds 
Acuario75: folds 
Pon4uk.ua: raises $1.75 to $2.75
Quahrino: folds 
Uncalled bet ($1.75) returned to Pon4uk.ua
Pon4uk.ua collected $2 from pot
Pon4uk.ua: doesn't show hand 
*** SUMMARY ***
Total pot $2 | Rake $0 
Seat 1: jeffy27dt1 folded before Flop (didn't bet)
Seat 2: Acuario75 (button) folded before Flop (didn't bet)
Seat 3: Pon4uk.ua (small blind) collected ($2)
Seat 4: Quahrino (big blind) folded before Flop
Seat 5: Mak.Alse folded before Flop (didn't bet)
Seat 6: Jammy965 folded before Flop (didn't bet)



PokerStars Hand #254395479844:  Hold'em No Limit ($0.50/$1.00 USD) - 2025/01/16 9:00:54 WET [2025/01/16 4:00:54 ET]
Table 'Echion III' 6-max Seat #3 is the button
Seat 1: jeffy27dt1 ($120.59 in chips) 
Seat 2: Acuario75 ($101.01 in chips) 
Seat 3: Pon4uk.ua ($115.60 in chips) 
Seat 4: Quahrino ($100.50 in chips) 
Seat 5: Mak.Alse ($100 in chips) 
Seat 6: Jammy965 ($121.98 in chips) 
Quahrino: posts small blind $0.50
Mak.Alse: posts big blind $1
*** HOLE CARDS ***
Jammy965: folds 
jeffy27dt1: folds 
Acuario75: folds 
Pon4uk.ua: folds 
Quahrino: folds 
Uncalled bet ($0.50) returned to Mak.Alse
Mak.Alse collected $1 from pot
Mak.Alse: doesn't show hand 
*** SUMMARY ***
Total pot $1 | Rake $0 
Seat 1: jeffy27dt1 folded before Flop (didn't bet)
Seat 2: Acuario75 folded before Flop (didn't bet)
Seat 3: Pon4uk.ua (button) folded before Flop (didn't bet)
Seat 4: Quahrino (small blind) folded before Flop
Seat 5: Mak.Alse (big blind) collected ($1)
Seat 6: Jammy965 folded before Flop (didn't bet)



PokerStars Hand #254395481871:  Hold'em No Limit ($0.50/$1.00 USD) - 2025/01/16 9:01:18 WET [2025/01/16 4:01:18 ET]
Table 'Echion III' 6-max Seat #4 is the button
Seat 1: jeffy27dt1 ($120.59 in chips) 
Seat 2: Acuario75 ($101.01 in chips) 
Seat 3: Pon4uk.ua ($115.60 in chips) 
Seat 4: Quahrino ($100 in chips) 
Seat 5: Mak.Alse ($100.50 in chips) 
Seat 6: Jammy965 ($121.98 in chips) 
Mak.Alse: posts small blind $0.50
Jammy965: posts big blind $1
*** HOLE CARDS ***
jeffy27dt1: folds 
Acuario75: folds 
Pon4uk.ua: folds 
Quahrino: raises $1.50 to $2.50
Mak.Alse: folds 
Jammy965: calls $1.50
*** FLOP *** [Ts 6s Js]
Jammy965: checks 
Quahrino: bets $1
Jammy965: folds 
Uncalled bet ($1) returned to Quahrino
Quahrino collected $5.22 from pot
Quahrino: doesn't show hand 
*** SUMMARY ***
Total pot $5.50 | Rake $0.28 
Board [Ts 6s Js]
Seat 1: jeffy27dt1 folded before Flop (didn't bet)
Seat 2: Acuario75 folded before Flop (didn't bet)
Seat 3: Pon4uk.ua folded before Flop (didn't bet)
Seat 4: Quahrino (button) collected ($5.22)
Seat 5: Mak.Alse (small blind) folded before Flop
Seat 6: Jammy965 (big blind) folded on the Flop



PokerStars Hand #254395484536:  Hold'em No Limit ($0.50/$1.00 USD) - 2025/01/16 9:01:50 WET [2025/01/16 4:01:50 ET]
Table 'Echion III' 6-max Seat #5 is the button
Seat 1: jeffy27dt1 ($120.59 in chips) 
Seat 2: Acuario75 ($101.01 in chips) 
Seat 3: Pon4uk.ua ($115.60 in chips) 
Seat 4: Quahrino ($102.72 in chips) 
Seat 5: Mak.Alse ($100 in chips) 
Seat 6: Jammy965 ($119.48 in chips) 
Jammy965: posts small blind $0.50
jeffy27dt1: posts big blind $1
*** HOLE CARDS ***
Acuario75: raises $1.28 to $2.28
Pon4uk.ua: folds 
Quahrino: folds 
Mak.Alse: folds 
Jammy965: folds 
jeffy27dt1: folds 
Uncalled bet ($1.28) returned to Acuario75
Acuario75 collected $2.50 from pot
Acuario75: doesn't show hand 
*** SUMMARY ***
Total pot $2.50 | Rake $0 
Seat 1: jeffy27dt1 (big blind) folded before Flop
Seat 2: Acuario75 collected ($2.50)
Seat 3: Pon4uk.ua folded before Flop (didn't bet)
Seat 4: Quahrino folded before Flop (didn't bet)
Seat 5: Mak.Alse (button) folded before Flop (didn't bet)
Seat 6: Jammy965 (small blind) folded before Flop



PokerStars Hand #254395486842:  Hold'em No Limit ($0.50/$1.00 USD) - 2025/01/16 9:02:16 WET [2025/01/16 4:02:16 ET]
Table 'Echion III' 6-max Seat #6 is the button
Seat 1: jeffy27dt1 ($119.59 in chips) 
Seat 2: Acuario75 ($102.51 in chips) 
Seat 3: Pon4uk.ua ($115.60 in chips) 
Seat 4: Quahrino ($102.72 in chips) 
Seat 5: Mak.Alse ($100 in chips) 
Seat 6: Jammy965 ($118.98 in chips) 
jeffy27dt1: posts small blind $0.50
Acuario75: posts big blind $1
*** HOLE CARDS ***
Pon4uk.ua: folds 
Quahrino: folds 
Mak.Alse: folds 
Jammy965: calls $1
jeffy27dt1: folds 
Acuario75: checks 
*** FLOP *** [8d Th 2s]
Acuario75: checks 
Jammy965: checks 
*** TURN *** [8d Th 2s] [Ks]
Acuario75: checks 
Jammy965: checks 
*** RIVER *** [8d Th 2s Ks] [6c]
Acuario75: checks 
Jammy965: checks 
*** SHOW DOWN ***
Acuario75: shows [5s 5c] (a pair of Fives)
Jammy965: mucks hand 
Acuario75 collected $2.38 from pot
*** SUMMARY ***
Total pot $2.50 | Rake $0.12 
Board [8d Th 2s Ks 6c]
Seat 1: jeffy27dt1 (small blind) folded before Flop
Seat 2: Acuario75 (big blind) showed [5s 5c] and won ($2.38) with a pair of Fives
Seat 3: Pon4uk.ua folded before Flop (didn't bet)
Seat 4: Quahrino folded before Flop (didn't bet)
Seat 5: Mak.Alse folded before Flop (didn't bet)
Seat 6: Jammy965 (button) mucked



PokerStars Hand #254395491090:  Hold'em No Limit ($0.50/$1.00 USD) - 2025/01/16 9:03:04 WET [2025/01/16 4:03:04 ET]
Table 'Echion III' 6-max Seat #1 is the button
Seat 1: jeffy27dt1 ($119.09 in chips) 
Seat 2: Acuario75 ($103.89 in chips) 
Seat 3: Pon4uk.ua ($115.60 in chips) 
Seat 4: Quahrino ($102.72 in chips) 
Seat 5: Mak.Alse ($100 in chips) 
Seat 6: Jammy965 ($117.98 in chips) 
Acuario75: posts small blind $0.50
Pon4uk.ua: posts big blind $1
*** HOLE CARDS ***
Quahrino: folds 
Mak.Alse: folds 
Jammy965: folds 
Jammy965 leaves the table
jeffy27dt1: folds 
Acuario75: folds 
Uncalled bet ($0.50) returned to Pon4uk.ua
Pon4uk.ua collected $1 from pot
Pon4uk.ua: doesn't show hand 
*** SUMMARY ***
Total pot $1 | Rake $0 
Seat 1: jeffy27dt1 (button) folded before Flop (didn't bet)
Seat 2: Acuario75 (small blind) folded before Flop
Seat 3: Pon4uk.ua (big blind) collected ($1)
Seat 4: Quahrino folded before Flop (didn't bet)
Seat 5: Mak.Alse folded before Flop (didn't bet)
Seat 6: Jammy965 folded before Flop (didn't bet)



PokerStars Hand #254395492308:  Hold'em No Limit ($0.50/$1.00 USD) - 2025/01/16 9:03:19 WET [2025/01/16 4:03:19 ET]
Table 'Echion III' 6-max Seat #2 is the button
Seat 1: jeffy27dt1 ($119.09 in chips) 
Seat 2: Acuario75 ($103.39 in chips) 
Seat 3: Pon4uk.ua ($116.10 in chips) 
Seat 4: Quahrino ($102.72 in chips) 
Seat 5: Mak.Alse ($100 in chips) 
Pon4uk.ua: posts small blind $0.50
Quahrino: posts big blind $1
*** HOLE CARDS ***
janarr5 joins the table at seat #6 
Mak.Alse: folds 
jeffy27dt1: folds 
Acuario75: raises $1 to $2
Pon4uk.ua: folds 
Quahrino: calls $1
*** FLOP *** [Ac 3s Tc]
Quahrino: checks 
Acuario75: bets $1.93
Quahrino: calls $1.93
*** TURN *** [Ac 3s Tc] [Kh]
Quahrino: checks 
Acuario75: bets $2.22
Quahrino: folds 
Uncalled bet ($2.22) returned to Acuario75
Acuario75 collected $7.94 from pot
Acuario75: doesn't show hand 
*** SUMMARY ***
Total pot $8.36 | Rake $0.42 
Board [Ac 3s Tc Kh]
Seat 1: jeffy27dt1 folded before Flop (didn't bet)
Seat 2: Acuario75 (button) collected ($7.94)
Seat 3: Pon4uk.ua (small blind) folded before Flop
Seat 4: Quahrino (big blind) folded on the Turn
Seat 5: Mak.Alse folded before Flop (didn't bet)



PokerStars Hand #254395497093:  Hold'em No Limit ($0.50/$1.00 USD) - 2025/01/16 9:04:13 WET [2025/01/16 4:04:13 ET]
Table 'Echion III' 6-max Seat #3 is the button
Seat 6: janarr5 ($100 in chips) is sitting out
Seat 1: jeffy27dt1 ($119.09 in chips) 
Seat 2: Acuario75 ($107.40 in chips) 
Seat 3: Pon4uk.ua ($115.60 in chips) 
Seat 4: Quahrino ($100 in chips) 
Seat 5: Mak.Alse ($100 in chips) 
Quahrino: posts small blind $0.50
Mak.Alse: posts big blind $1
janarr5: sits out 
*** HOLE CARDS ***
jeffy27dt1: folds 
Acuario75: folds 
Pon4uk.ua: folds 
Quahrino: raises $2 to $3
Mak.Alse: calls $2
*** FLOP *** [7c Ah 8s]
Quahrino: checks 
Mak.Alse: checks 
*** TURN *** [7c Ah 8s] [5h]
Quahrino: bets $3.82
Mak.Alse: folds 
Uncalled bet ($3.82) returned to Quahrino
Quahrino collected $5.70 from pot
Quahrino: doesn't show hand 
*** SUMMARY ***
Total pot $6 | Rake $0.30 
Board [7c Ah 8s 5h]
Seat 6: janarr5
Seat 1: jeffy27dt1 folded before Flop (didn't bet)
Seat 2: Acuario75 folded before Flop (didn't bet)
Seat 3: Pon4uk.ua (button) folded before Flop (didn't bet)
Seat 4: Quahrino (small blind) collected ($5.70)
Seat 5: Mak.Alse (big blind) folded on the Turn



PokerStars Hand #254395501375:  Hold'em No Limit ($0.50/$1.00 USD) - 2025/01/16 9:05:02 WET [2025/01/16 4:05:02 ET]
Table 'Echion III' 6-max Seat #4 is the button
Seat 1: jeffy27dt1 ($119.09 in chips) 
Seat 2: Acuario75 ($107.40 in chips) 
Seat 3: Pon4uk.ua ($115.60 in chips) 
Seat 4: Quahrino ($102.70 in chips) 
Seat 5: Mak.Alse ($100 in chips) 
Seat 6: janarr5 ($100 in chips) 
Mak.Alse: posts small blind $0.50
janarr5: posts big blind $1
*** HOLE CARDS ***
jeffy27dt1: folds 
Acuario75: folds 
Pon4uk.ua: folds 
Quahrino: folds 
Mak.Alse: raises $2 to $3
janarr5: calls $2
*** FLOP *** [Th Ts 6c]
Mak.Alse: bets $1.88
janarr5: folds 
Uncalled bet ($1.88) returned to Mak.Alse
Mak.Alse collected $5.70 from pot
Mak.Alse: doesn't show hand 
*** SUMMARY ***
Total pot $6 | Rake $0.30 
Board [Th Ts 6c]
Seat 1: jeffy27dt1 folded before Flop (didn't bet)
Seat 2: Acuario75 folded before Flop (didn't bet)
Seat 3: Pon4uk.ua folded before Flop (didn't bet)
Seat 4: Quahrino (button) folded before Flop (didn't bet)
Seat 5: Mak.Alse (small blind) collected ($5.70)
Seat 6: janarr5 (big blind) folded on the Flop



PokerStars Hand #254395504787:  Hold'em No Limit ($0.50/$1.00 USD) - 2025/01/16 9:05:41 WET [2025/01/16 4:05:41 ET]
Table 'Echion III' 6-max Seat #5 is the button
Seat 1: jeffy27dt1 ($119.09 in chips) 
Seat 2: Acuario75 ($107.40 in chips) 
Seat 3: Pon4uk.ua ($115.60 in chips) 
Seat 4: Quahrino ($102.70 in chips) 
Seat 5: Mak.Alse ($102.70 in chips) 
Seat 6: janarr5 ($100 in chips) 
janarr5: posts small blind $0.50
jeffy27dt1: posts big blind $1
*** HOLE CARDS ***
Acuario75: folds 
Pon4uk.ua: folds 
Quahrino: folds 
Mak.Alse: folds 
janarr5: folds 
Uncalled bet ($0.50) returned to jeffy27dt1
jeffy27dt1 collected $1 from pot
jeffy27dt1: doesn't show hand 
*** SUMMARY ***
Total pot $1 | Rake $0 
Seat 1: jeffy27dt1 (big blind) collected ($1)
Seat 2: Acuario75 folded before Flop (didn't bet)
Seat 3: Pon4uk.ua folded before Flop (didn't bet)
Seat 4: Quahrino folded before Flop (didn't bet)
Seat 5: Mak.Alse (button) folded before Flop (didn't bet)
Seat 6: janarr5 (small blind) folded before Flop



PokerStars Hand #254395507303:  Hold'em No Limit ($0.50/$1.00 USD) - 2025/01/16 9:06:09 WET [2025/01/16 4:06:09 ET]
Table 'Echion III' 6-max Seat #6 is the button
Seat 1: jeffy27dt1 ($119.59 in chips) 
Seat 2: Acuario75 ($107.40 in chips) 
Seat 3: Pon4uk.ua ($115.60 in chips) 
Seat 4: Quahrino ($102.70 in chips) 
Seat 5: Mak.Alse ($102.70 in chips) 
Seat 6: janarr5 ($100 in chips) 
jeffy27dt1: posts small blind $0.50
Acuario75: posts big blind $1
*** HOLE CARDS ***
Pon4uk.ua: folds 
Quahrino: folds 
Mak.Alse: raises $1.50 to $2.50
janarr5: folds 
jeffy27dt1: folds 
Acuario75: folds 
Uncalled bet ($1.50) returned to Mak.Alse
Mak.Alse collected $2.50 from pot
Mak.Alse: doesn't show hand 
*** SUMMARY ***
Total pot $2.50 | Rake $0 
Seat 1: jeffy27dt1 (small blind) folded before Flop
Seat 2: Acuario75 (big blind) folded before Flop
Seat 3: Pon4uk.ua folded before Flop (didn't bet)
Seat 4: Quahrino folded before Flop (didn't bet)
Seat 5: Mak.Alse collected ($2.50)
Seat 6: janarr5 (button) folded before Flop (didn't bet)



PokerStars Hand #254395508585:  Hold'em No Limit ($0.50/$1.00 USD) - 2025/01/16 9:06:23 WET [2025/01/16 4:06:23 ET]
Table 'Echion III' 6-max Seat #1 is the button
Seat 1: jeffy27dt1 ($119.09 in chips) 
Seat 2: Acuario75 ($106.40 in chips) 
Seat 3: Pon4uk.ua ($115.60 in chips) 
Seat 4: Quahrino ($102.70 in chips) 
Seat 5: Mak.Alse ($104.20 in chips) 
Seat 6: janarr5 ($100 in chips) 
Acuario75: posts small blind $0.50
Pon4uk.ua: posts big blind $1
*** HOLE CARDS ***
Quahrino: raises $1 to $2
Mak.Alse: folds 
janarr5: folds 
jeffy27dt1: folds 
Acuario75: calls $1.50
Pon4uk.ua: calls $1
*** FLOP *** [Ad 5c 2s]
Acuario75: checks 
Pon4uk.ua: checks 
Quahrino: checks 
*** TURN *** [Ad 5c 2s] [7s]
Acuario75: checks 
Pon4uk.ua: checks 
Quahrino: checks 
*** RIVER *** [Ad 5c 2s 7s] [Jc]
Acuario75: bets $2.57
Pon4uk.ua: calls $2.57
Quahrino: folds 
*** SHOW DOWN ***
Acuario75: shows [7c 7h] (three of a kind, Sevens)
Pon4uk.ua: mucks hand 
Acuario75 collected $10.58 from pot
*** SUMMARY ***
Total pot $11.14 | Rake $0.56 
Board [Ad 5c 2s 7s Jc]
Seat 1: jeffy27dt1 (button) folded before Flop (didn't bet)
Seat 2: Acuario75 (small blind) showed [7c 7h] and won ($10.58) with three of a kind, Sevens
Seat 3: Pon4uk.ua (big blind) mucked
Seat 4: Quahrino folded on the River
Seat 5: Mak.Alse folded before Flop (didn't bet)
Seat 6: janarr5 folded before Flop (didn't bet)



PokerStars Hand #254395513805:  Hold'em No Limit ($0.50/$1.00 USD) - 2025/01/16 9:07:21 WET [2025/01/16 4:07:21 ET]
Table 'Echion III' 6-max Seat #2 is the button
Seat 1: jeffy27dt1 ($119.09 in chips) 
Seat 2: Acuario75 ($112.41 in chips) 
Seat 3: Pon4uk.ua ($111.03 in chips) 
Seat 4: Quahrino ($100.70 in chips) 
Seat 5: Mak.Alse ($104.20 in chips) 
Seat 6: janarr5 ($100 in chips) 
Pon4uk.ua: posts small blind $0.50
Quahrino: posts big blind $1
*** HOLE CARDS ***
Mak.Alse: raises $1.50 to $2.50
janarr5: folds 
jeffy27dt1: folds 
Acuario75: folds 
Pon4uk.ua: folds 
Quahrino: folds 
Uncalled bet ($1.50) returned to Mak.Alse
Mak.Alse collected $2.50 from pot
Mak.Alse: doesn't show hand 
*** SUMMARY ***
Total pot $2.50 | Rake $0 
Seat 1: jeffy27dt1 folded before Flop (didn't bet)
Seat 2: Acuario75 (button) folded before Flop (didn't bet)
Seat 3: Pon4uk.ua (small blind) folded before Flop
Seat 4: Quahrino (big blind) folded before Flop
Seat 5: Mak.Alse collected ($2.50)
Seat 6: janarr5 folded before Flop (didn't bet)



PokerStars Hand #254395514887:  Hold'em No Limit ($0.50/$1.00 USD) - 2025/01/16 9:07:33 WET [2025/01/16 4:07:33 ET]
Table 'Echion III' 6-max Seat #3 is the button
Seat 1: jeffy27dt1 ($119.09 in chips) 
Seat 2: Acuario75 ($112.41 in chips) 
Seat 3: Pon4uk.ua ($110.53 in chips) 
Seat 4: Quahrino ($100 in chips) 
Seat 5: Mak.Alse ($105.70 in chips) 
Seat 6: janarr5 ($100 in chips) 
Quahrino: posts small blind $0.50
Mak.Alse: posts big blind $1
*** HOLE CARDS ***
janarr5: folds 
jeffy27dt1: folds 
Acuario75: folds 
Pon4uk.ua: folds 
Quahrino: raises $2 to $3
Mak.Alse: folds 
Uncalled bet ($2) returned to Quahrino
Quahrino collected $2 from pot
Quahrino: doesn't show hand 
*** SUMMARY ***
Total pot $2 | Rake $0 
Seat 1: jeffy27dt1 folded before Flop (didn't bet)
Seat 2: Acuario75 folded before Flop (didn't bet)
Seat 3: Pon4uk.ua (button) folded before Flop (didn't bet)
Seat 4: Quahrino (small blind) collected ($2)
Seat 5: Mak.Alse (big blind) folded before Flop
Seat 6: janarr5 folded before Flop (didn't bet)



PokerStars Hand #254395516862:  Hold'em No Limit ($0.50/$1.00 USD) - 2025/01/16 9:07:54 WET [2025/01/16 4:07:54 ET]
Table 'Echion III' 6-max Seat #4 is the button
Seat 1: jeffy27dt1 ($119.09 in chips) 
Seat 2: Acuario75 ($112.41 in chips) 
Seat 3: Pon4uk.ua ($110.53 in chips) 
Seat 4: Quahrino ($101 in chips) 
Seat 5: Mak.Alse ($104.70 in chips) 
Seat 6: janarr5 ($100 in chips) 
Mak.Alse: posts small blind $0.50
janarr5: posts big blind $1
*** HOLE CARDS ***
jeffy27dt1: folds 
Acuario75: folds 
Pon4uk.ua: folds 
Quahrino: folds 
Mak.Alse: folds 
Uncalled bet ($0.50) returned to janarr5
janarr5 collected $1 from pot
janarr5: doesn't show hand 
*** SUMMARY ***
Total pot $1 | Rake $0 
Seat 1: jeffy27dt1 folded before Flop (didn't bet)
Seat 2: Acuario75 folded before Flop (didn't bet)
Seat 3: Pon4uk.ua folded before Flop (didn't bet)
Seat 4: Quahrino (button) folded before Flop (didn't bet)
Seat 5: Mak.Alse (small blind) folded before Flop
Seat 6: janarr5 (big blind) collected ($1)



PokerStars Hand #254395519842:  Hold'em No Limit ($0.50/$1.00 USD) - 2025/01/16 9:08:27 WET [2025/01/16 4:08:27 ET]
Table 'Echion III' 6-max Seat #5 is the button
Seat 1: jeffy27dt1 ($119.09 in chips) 
Seat 2: Acuario75 ($112.41 in chips) 
Seat 3: Pon4uk.ua ($110.53 in chips) 
Seat 4: Quahrino ($101 in chips) 
Seat 5: Mak.Alse ($104.20 in chips) 
Seat 6: janarr5 ($100.50 in chips) 
janarr5: posts small blind $0.50
jeffy27dt1: posts big blind $1
*** HOLE CARDS ***
Acuario75: folds 
Pon4uk.ua has timed out
Pon4uk.ua: folds 
Quahrino: folds 
Mak.Alse: raises $1.50 to $2.50
janarr5: raises $7.50 to $10
jeffy27dt1: folds 
Mak.Alse: folds 
Uncalled bet ($7.50) returned to janarr5
janarr5 collected $6 from pot
janarr5: doesn't show hand 
*** SUMMARY ***
Total pot $6 | Rake $0 
Seat 1: jeffy27dt1 (big blind) folded before Flop
Seat 2: Acuario75 folded before Flop (didn't bet)
Seat 3: Pon4uk.ua folded before Flop (didn't bet)
Seat 4: Quahrino folded before Flop (didn't bet)
Seat 5: Mak.Alse (button) folded before Flop
Seat 6: janarr5 (small blind) collected ($6)



PokerStars Hand #254395524255:  Hold'em No Limit ($0.50/$1.00 USD) - 2025/01/16 9:09:18 WET [2025/01/16 4:09:18 ET]
Table 'Echion III' 6-max Seat #6 is the button
Seat 1: jeffy27dt1 ($118.09 in chips) 
Seat 2: Acuario75 ($112.41 in chips) 
Seat 3: Pon4uk.ua ($110.53 in chips) 
Seat 4: Quahrino ($101 in chips) 
Seat 5: Mak.Alse ($101.70 in chips) 
Seat 6: janarr5 ($104 in chips) 
jeffy27dt1: posts small blind $0.50
Acuario75: posts big blind $1
*** HOLE CARDS ***
Pon4uk.ua has timed out
Pon4uk.ua: folds 
Quahrino: folds 
Mak.Alse: raises $1.50 to $2.50
janarr5: folds 
jeffy27dt1: folds 
Acuario75: folds 
Uncalled bet ($1.50) returned to Mak.Alse
Mak.Alse collected $2.50 from pot
Mak.Alse: doesn't show hand 
*** SUMMARY ***
Total pot $2.50 | Rake $0 
Seat 1: jeffy27dt1 (small blind) folded before Flop
Seat 2: Acuario75 (big blind) folded before Flop
Seat 3: Pon4uk.ua folded before Flop (didn't bet)
Seat 4: Quahrino folded before Flop (didn't bet)
Seat 5: Mak.Alse collected ($2.50)
Seat 6: janarr5 (button) folded before Flop (didn't bet)



PokerStars Hand #254395526499:  Hold'em No Limit ($0.50/$1.00 USD) - 2025/01/16 9:09:43 WET [2025/01/16 4:09:43 ET]
Table 'Echion III' 6-max Seat #1 is the button
Seat 1: jeffy27dt1 ($117.59 in chips) 
Seat 2: Acuario75 ($111.41 in chips) 
Seat 3: Pon4uk.ua ($110.53 in chips) 
Seat 4: Quahrino ($101 in chips) 
Seat 5: Mak.Alse ($103.20 in chips) 
Seat 6: janarr5 ($104 in chips) 
Acuario75: posts small blind $0.50
Pon4uk.ua: posts big blind $1
*** HOLE CARDS ***
Quahrino: folds 
Mak.Alse: folds 
janarr5: folds 
jeffy27dt1: folds 
Acuario75: raises $1 to $2
Pon4uk.ua: folds 
Uncalled bet ($1) returned to Acuario75
Acuario75 collected $2 from pot
Acuario75: doesn't show hand 
*** SUMMARY ***
Total pot $2 | Rake $0 
Seat 1: jeffy27dt1 (button) folded before Flop (didn't bet)
Seat 2: Acuario75 (small blind) collected ($2)
Seat 3: Pon4uk.ua (big blind) folded before Flop
Seat 4: Quahrino folded before Flop (didn't bet)
Seat 5: Mak.Alse folded before Flop (didn't bet)
Seat 6: janarr5 folded before Flop (didn't bet)



PokerStars Hand #254395528695:  Hold'em No Limit ($0.50/$1.00 USD) - 2025/01/16 9:10:08 WET [2025/01/16 4:10:08 ET]
Table 'Echion III' 6-max Seat #2 is the button
Seat 1: jeffy27dt1 ($117.59 in chips) 
Seat 2: Acuario75 ($112.41 in chips) 
Seat 3: Pon4uk.ua ($109.53 in chips) 
Seat 4: Quahrino ($101 in chips) 
Seat 5: Mak.Alse ($103.20 in chips) 
Seat 6: janarr5 ($104 in chips) 
Pon4uk.ua: posts small blind $0.50
Quahrino: posts big blind $1
*** HOLE CARDS ***
Mak.Alse: raises $1.50 to $2.50
janarr5: folds 
jeffy27dt1: folds 
Acuario75: folds 
Pon4uk.ua: folds 
Quahrino: folds 
Uncalled bet ($1.50) returned to Mak.Alse
Mak.Alse collected $2.50 from pot
Mak.Alse: doesn't show hand 
*** SUMMARY ***
Total pot $2.50 | Rake $0 
Seat 1: jeffy27dt1 folded before Flop (didn't bet)
Seat 2: Acuario75 (button) folded before Flop (didn't bet)
Seat 3: Pon4uk.ua (small blind) folded before Flop
Seat 4: Quahrino (big blind) folded before Flop
Seat 5: Mak.Alse collected ($2.50)
Seat 6: janarr5 folded before Flop (didn't bet)



PokerStars Hand #254395530285:  Hold'em No Limit ($0.50/$1.00 USD) - 2025/01/16 9:10:27 WET [2025/01/16 4:10:27 ET]
Table 'Echion III' 6-max Seat #3 is the button
Seat 1: jeffy27dt1 ($117.59 in chips) 
Seat 2: Acuario75 ($112.41 in chips) 
Seat 3: Pon4uk.ua ($109.03 in chips) 
Seat 4: Quahrino ($100 in chips) 
Seat 5: Mak.Alse ($104.70 in chips) 
Seat 6: janarr5 ($104 in chips) 
Quahrino: posts small blind $0.50
Mak.Alse: posts big blind $1
*** HOLE CARDS ***
janarr5: raises $1.25 to $2.25
jeffy27dt1: folds 
Acuario75: folds 
Pon4uk.ua: folds 
Quahrino: folds 
Mak.Alse: calls $1.25
*** FLOP *** [5d 8h Kh]
Mak.Alse: checks 
janarr5: bets $1.57
Mak.Alse: folds 
Uncalled bet ($1.57) returned to janarr5
janarr5 collected $4.75 from pot
janarr5: doesn't show hand 
*** SUMMARY ***
Total pot $5 | Rake $0.25 
Board [5d 8h Kh]
Seat 1: jeffy27dt1 folded before Flop (didn't bet)
Seat 2: Acuario75 folded before Flop (didn't bet)
Seat 3: Pon4uk.ua (button) folded before Flop (didn't bet)
Seat 4: Quahrino (small blind) folded before Flop
Seat 5: Mak.Alse (big blind) folded on the Flop
Seat 6: janarr5 collected ($4.75)



PokerStars Hand #254395534835:  Hold'em No Limit ($0.50/$1.00 USD) - 2025/01/16 9:11:18 WET [2025/01/16 4:11:18 ET]
Table 'Echion III' 6-max Seat #4 is the button
Seat 1: jeffy27dt1 ($117.59 in chips) 
Seat 2: Acuario75 ($112.41 in chips) 
Seat 3: Pon4uk.ua ($109.03 in chips) 
Seat 4: Quahrino ($100 in chips) 
Seat 5: Mak.Alse ($102.45 in chips) 
Seat 6: janarr5 ($106.50 in chips) 
Mak.Alse: posts small blind $0.50
janarr5: posts big blind $1
*** HOLE CARDS ***
jeffy27dt1: folds 
Acuario75: folds 
Pon4uk.ua: folds 
Quahrino: raises $1.50 to $2.50
Mak.Alse: folds 
janarr5: calls $1.50
*** FLOP *** [Jc Qd 8s]
janarr5: checks 
Quahrino: bets $2.61
janarr5: calls $2.61
*** TURN *** [Jc Qd 8s] [2d]
janarr5: checks 
Quahrino: bets $10
janarr5: calls $10
*** RIVER *** [Jc Qd 8s 2d] [Kh]
janarr5: checks 
Quahrino: checks 
*** SHOW DOWN ***
janarr5: shows [Jh 8h] (two pair, Jacks and Eights)
Quahrino: mucks hand 
janarr5 collected $29.18 from pot
*** SUMMARY ***
Total pot $30.72 | Rake $1.54 
Board [Jc Qd 8s 2d Kh]
Seat 1: jeffy27dt1 folded before Flop (didn't bet)
Seat 2: Acuario75 folded before Flop (didn't bet)
Seat 3: Pon4uk.ua folded before Flop (didn't bet)
Seat 4: Quahrino (button) mucked
Seat 5: Mak.Alse (small blind) folded before Flop
Seat 6: janarr5 (big blind) showed [Jh 8h] and won ($29.18) with two pair, Jacks and Eights



PokerStars Hand #254395540946:  Hold'em No Limit ($0.50/$1.00 USD) - 2025/01/16 9:12:26 WET [2025/01/16 4:12:26 ET]
Table 'Echion III' 6-max Seat #5 is the button
Seat 1: jeffy27dt1 ($117.59 in chips) 
Seat 2: Acuario75 ($112.41 in chips) 
Seat 3: Pon4uk.ua ($109.03 in chips) 
Seat 4: Quahrino ($100 in chips) 
Seat 5: Mak.Alse ($101.95 in chips) 
Seat 6: janarr5 ($120.57 in chips) 
janarr5: posts small blind $0.50
jeffy27dt1: posts big blind $1
*** HOLE CARDS ***
Acuario75: folds 
Pon4uk.ua: folds 
Quahrino: raises $1.30 to $2.30
Mak.Alse: folds 
janarr5: folds 
jeffy27dt1: folds 
Uncalled bet ($1.30) returned to Quahrino
Quahrino collected $2.50 from pot
Quahrino: doesn't show hand 
*** SUMMARY ***
Total pot $2.50 | Rake $0 
Seat 1: jeffy27dt1 (big blind) folded before Flop
Seat 2: Acuario75 folded before Flop (didn't bet)
Seat 3: Pon4uk.ua folded before Flop (didn't bet)
Seat 4: Quahrino collected ($2.50)
Seat 5: Mak.Alse (button) folded before Flop (didn't bet)
Seat 6: janarr5 (small blind) folded before Flop



PokerStars Hand #254395542785:  Hold'em No Limit ($0.50/$1.00 USD) - 2025/01/16 9:12:46 WET [2025/01/16 4:12:46 ET]
Table 'Echion III' 6-max Seat #6 is the button
Seat 1: jeffy27dt1 ($116.59 in chips) 
Seat 2: Acuario75 ($112.41 in chips) 
Seat 3: Pon4uk.ua ($109.03 in chips) 
Seat 4: Quahrino ($101.50 in chips) 
Seat 5: Mak.Alse ($101.95 in chips) 
Seat 6: janarr5 ($120.07 in chips) 
jeffy27dt1: posts small blind $0.50
Acuario75: posts big blind $1
*** HOLE CARDS ***
Pon4uk.ua: folds 
Quahrino: folds 
Mak.Alse: raises $1.50 to $2.50
janarr5: folds 
jeffy27dt1: folds 
Acuario75: folds 
Uncalled bet ($1.50) returned to Mak.Alse
Mak.Alse collected $2.50 from pot
Mak.Alse: doesn't show hand 
*** SUMMARY ***
Total pot $2.50 | Rake $0 
Seat 1: jeffy27dt1 (small blind) folded before Flop
Seat 2: Acuario75 (big blind) folded before Flop
Seat 3: Pon4uk.ua folded before Flop (didn't bet)
Seat 4: Quahrino folded before Flop (didn't bet)
Seat 5: Mak.Alse collected ($2.50)
Seat 6: janarr5 (button) folded before Flop (didn't bet)



PokerStars Hand #254395544961:  Hold'em No Limit ($0.50/$1.00 USD) - 2025/01/16 9:13:10 WET [2025/01/16 4:13:10 ET]
Table 'Echion III' 6-max Seat #1 is the button
Seat 3: Pon4uk.ua ($109.03 in chips) is sitting out
Seat 1: jeffy27dt1 ($116.09 in chips) 
Seat 2: Acuario75 ($111.41 in chips) 
Seat 4: Quahrino ($101.50 in chips) 
Seat 5: Mak.Alse ($103.45 in chips) 
Seat 6: janarr5 ($120.07 in chips) 
Acuario75: posts small blind $0.50
Pon4uk.ua: is sitting out 
Quahrino: posts big blind $1
*** HOLE CARDS ***
Pon4uk.ua leaves the table
Mak.Alse: folds 
janarr5: folds 
janarr5 leaves the table
7bekon7 joins the table at seat #3 
jeffy27dt1: raises $1.50 to $2.50
Acuario75: folds 
Quahrino: folds 
Uncalled bet ($1.50) returned to jeffy27dt1
jeffy27dt1 collected $2.50 from pot
jeffy27dt1: doesn't show hand 
*** SUMMARY ***
Total pot $2.50 | Rake $0 
Seat 3: Pon4uk.ua
Seat 1: jeffy27dt1 (button) collected ($2.50)
Seat 2: Acuario75 (small blind) folded before Flop
Seat 4: Quahrino (big blind) folded before Flop
Seat 5: Mak.Alse folded before Flop (didn't bet)
Seat 6: janarr5 folded before Flop (didn't bet)



PokerStars Hand #254395546850:  Hold'em No Limit ($0.50/$1.00 USD) - 2025/01/16 9:13:31 WET [2025/01/16 4:13:31 ET]
Table 'Echion III' 6-max Seat #2 is the button
Seat 3: 7bekon7 ($100 in chips) is sitting out
Seat 1: jeffy27dt1 ($117.59 in chips) 
Seat 2: Acuario75 ($110.91 in chips) 
Seat 4: Quahrino ($100.50 in chips) 
Seat 5: Mak.Alse ($103.45 in chips) 
Quahrino: posts small blind $0.50
Mak.Alse: posts big blind $1
*** HOLE CARDS ***
jeffy27dt1: folds 
Acuario75: folds 
Quahrino: folds 
Uncalled bet ($0.50) returned to Mak.Alse
Mak.Alse collected $1 from pot
Mak.Alse: doesn't show hand 
*** SUMMARY ***
Total pot $1 | Rake $0 
Seat 3: 7bekon7
Seat 1: jeffy27dt1 folded before Flop (didn't bet)
Seat 2: Acuario75 (button) folded before Flop (didn't bet)
Seat 4: Quahrino (small blind) folded before Flop
Seat 5: Mak.Alse (big blind) collected ($1)



PokerStars Hand #254395547852:  Hold'em No Limit ($0.50/$1.00 USD) - 2025/01/16 9:13:41 WET [2025/01/16 4:13:41 ET]
Table 'Echion III' 6-max Seat #4 is the button
Seat 3: 7bekon7 ($100 in chips) is sitting out
Seat 1: jeffy27dt1 ($117.59 in chips) 
Seat 2: Acuario75 ($110.91 in chips) 
Seat 4: Quahrino ($100 in chips) 
Seat 5: Mak.Alse ($103.95 in chips) 
Mak.Alse: posts small blind $0.50
jeffy27dt1: posts big blind $1
7bekon7: sits out 
*** HOLE CARDS ***
Acuario75: folds 
Quahrino: folds 
Mak.Alse: folds 
Uncalled bet ($0.50) returned to jeffy27dt1
jeffy27dt1 collected $1 from pot
jeffy27dt1: doesn't show hand 
*** SUMMARY ***
Total pot $1 | Rake $0 
Seat 3: 7bekon7
Seat 1: jeffy27dt1 (big blind) collected ($1)
Seat 2: Acuario75 folded before Flop (didn't bet)
Seat 4: Quahrino (button) folded before Flop (didn't bet)
Seat 5: Mak.Alse (small blind) folded before Flop



PokerStars Hand #254395548933:  Hold'em No Limit ($0.50/$1.00 USD) - 2025/01/16 9:13:54 WET [2025/01/16 4:13:54 ET]
Table 'Echion III' 6-max Seat #5 is the button
Seat 3: 7bekon7 ($100 in chips) is sitting out
Seat 1: jeffy27dt1 ($118.09 in chips) 
Seat 2: Acuario75 ($110.91 in chips) 
Seat 4: Quahrino ($100 in chips) 
Seat 5: Mak.Alse ($103.45 in chips) 
jeffy27dt1: posts small blind $0.50
Acuario75: posts big blind $1
7bekon7: sits out 
*** HOLE CARDS ***
Quahrino: folds 
Mak.Alse: raises $1.50 to $2.50
jeffy27dt1: raises $9.50 to $12
Acuario75: folds 
Mak.Alse: folds 
Uncalled bet ($9.50) returned to jeffy27dt1
jeffy27dt1 collected $6 from pot
jeffy27dt1: doesn't show hand 
*** SUMMARY ***
Total pot $6 | Rake $0 
Seat 3: 7bekon7
Seat 1: jeffy27dt1 (small blind) collected ($6)
Seat 2: Acuario75 (big blind) folded before Flop
Seat 4: Quahrino folded before Flop (didn't bet)
Seat 5: Mak.Alse (button) folded before Flop



PokerStars Hand #254395551268:  Hold'em No Limit ($0.50/$1.00 USD) - 2025/01/16 9:14:19 WET [2025/01/16 4:14:19 ET]
Table 'Echion III' 6-max Seat #1 is the button
Seat 1: jeffy27dt1 ($121.59 in chips) 
Seat 2: Acuario75 ($109.91 in chips) 
Seat 3: 7bekon7 ($100 in chips) 
Seat 4: Quahrino ($100 in chips) 
Seat 5: Mak.Alse ($100.95 in chips) 
Acuario75: posts small blind $0.50
7bekon7: posts big blind $1
*** HOLE CARDS ***
Quahrino: folds 
Mak.Alse: folds 
jeffy27dt1: folds 
Acuario75: folds 
Uncalled bet ($0.50) returned to 7bekon7
7bekon7 collected $1 from pot
7bekon7: doesn't show hand 
*** SUMMARY ***
Total pot $1 | Rake $0 
Seat 1: jeffy27dt1 (button) folded before Flop (didn't bet)
Seat 2: Acuario75 (small blind) folded before Flop
Seat 3: 7bekon7 (big blind) collected ($1)
Seat 4: Quahrino folded before Flop (didn't bet)
Seat 5: Mak.Alse folded before Flop (didn't bet)



PokerStars Hand #254395552523:  Hold'em No Limit ($0.50/$1.00 USD) - 2025/01/16 9:14:33 WET [2025/01/16 4:14:33 ET]
Table 'Echion III' 6-max Seat #2 is the button
Seat 1: jeffy27dt1 ($121.59 in chips) 
Seat 2: Acuario75 ($109.41 in chips) 
Seat 3: 7bekon7 ($100.50 in chips) 
Seat 4: Quahrino ($100 in chips) 
Seat 5: Mak.Alse ($100.95 in chips) 
7bekon7: posts small blind $0.50
Quahrino: posts big blind $1
*** HOLE CARDS ***
Mak.Alse: folds 
jeffy27dt1: folds 
Acuario75: raises $1 to $2
7bekon7: folds 
Quahrino: calls $1
*** FLOP *** [Kd 9d Ad]
Quahrino: checks 
Acuario75: checks 
*** TURN *** [Kd 9d Ad] [Qc]
Quahrino: checks 
Acuario75: checks 
*** RIVER *** [Kd 9d Ad Qc] [4h]
Quahrino: checks 
Acuario75: checks 
*** SHOW DOWN ***
Quahrino: shows [6s 4s] (a pair of Fours)
Acuario75: mucks hand 
Quahrino collected $4.28 from pot
*** SUMMARY ***
Total pot $4.50 | Rake $0.22 
Board [Kd 9d Ad Qc 4h]
Seat 1: jeffy27dt1 folded before Flop (didn't bet)
Seat 2: Acuario75 (button) mucked
Seat 3: 7bekon7 (small blind) folded before Flop
Seat 4: Quahrino (big blind) showed [6s 4s] and won ($4.28) with a pair of Fours
Seat 5: Mak.Alse folded before Flop (didn't bet)



PokerStars Hand #254395556599:  Hold'em No Limit ($0.50/$1.00 USD) - 2025/01/16 9:15:17 WET [2025/01/16 4:15:17 ET]
Table 'Echion III' 6-max Seat #3 is the button
Seat 1: jeffy27dt1 ($121.59 in chips) 
Seat 2: Acuario75 ($107.41 in chips) 
Seat 3: 7bekon7 ($100 in chips) 
Seat 4: Quahrino ($102.28 in chips) 
Seat 5: Mak.Alse ($100.95 in chips) 
Quahrino: posts small blind $0.50
Mak.Alse: posts big blind $1
*** HOLE CARDS ***
jeffy27dt1: raises $1.50 to $2.50
CMX1998 joins the table at seat #6 
Acuario75: folds 
CMX1998 is disconnected 
Acuario75 leaves the table
7bekon7: folds 
Quahrino: folds 
Mak.Alse: folds 
Uncalled bet ($1.50) returned to jeffy27dt1
jeffy27dt1 collected $2.50 from pot
jeffy27dt1: doesn't show hand 
*** SUMMARY ***
Total pot $2.50 | Rake $0 
Seat 1: jeffy27dt1 collected ($2.50)
Seat 2: Acuario75 folded before Flop (didn't bet)
Seat 3: 7bekon7 (button) folded before Flop (didn't bet)
Seat 4: Quahrino (small blind) folded before Flop
Seat 5: Mak.Alse (big blind) folded before Flop



PokerStars Hand #254395559092:  Hold'em No Limit ($0.50/$1.00 USD) - 2025/01/16 9:15:44 WET [2025/01/16 4:15:44 ET]
Table 'Echion III' 6-max Seat #4 is the button
Seat 1: jeffy27dt1 ($123.09 in chips) 
Seat 3: 7bekon7 ($100 in chips) 
Seat 4: Quahrino ($101.78 in chips) 
Seat 5: Mak.Alse ($100 in chips) 
Seat 6: CMX1998 ($100 in chips) 
Mak.Alse: posts small blind $0.50
CMX1998: posts big blind $1
*** HOLE CARDS ***
jeffy27dt1: folds 
7bekon7: raises $1.50 to $2.50
Quahrino: folds 
Mak.Alse: folds 
CMX1998: calls $1.50
*** FLOP *** [Ks Qs Ac]
CMX1998: checks 
7bekon7: bets $1.31
CMX1998: calls $1.31
*** TURN *** [Ks Qs Ac] [5d]
CMX1998: checks 
7bekon7: checks 
*** RIVER *** [Ks Qs Ac 5d] [Jc]
CMX1998: bets $6
7bekon7: folds 
Uncalled bet ($6) returned to CMX1998
CMX1998 collected $7.71 from pot
*** SUMMARY ***
Total pot $8.12 | Rake $0.41 
Board [Ks Qs Ac 5d Jc]
Seat 1: jeffy27dt1 folded before Flop (didn't bet)
Seat 3: 7bekon7 folded on the River
Seat 4: Quahrino (button) folded before Flop (didn't bet)
Seat 5: Mak.Alse (small blind) folded before Flop
Seat 6: CMX1998 (big blind) collected ($7.71)



PokerStars Hand #254395566336:  Hold'em No Limit ($0.50/$1.00 USD) - 2025/01/16 9:17:02 WET [2025/01/16 4:17:02 ET]
Table 'Echion III' 6-max Seat #5 is the button
Seat 1: jeffy27dt1 ($123.09 in chips) 
Seat 3: 7bekon7 ($100 in chips) 
Seat 4: Quahrino ($101.78 in chips) 
Seat 5: Mak.Alse ($100 in chips) 
Seat 6: CMX1998 ($103.90 in chips) 
CMX1998: posts small blind $0.50
jeffy27dt1: posts big blind $1
*** HOLE CARDS ***
7bekon7: folds 
Quahrino: folds 
Mak.Alse: folds 
CMX1998: calls $0.50
jeffy27dt1: raises $4 to $5
CMX1998: calls $4
*** FLOP *** [4d Jc 8d]
CMX1998: checks 
jeffy27dt1: bets $7.13
CMX1998: folds 
Uncalled bet ($7.13) returned to jeffy27dt1
jeffy27dt1 collected $9.50 from pot
jeffy27dt1: doesn't show hand 
*** SUMMARY ***
Total pot $10 | Rake $0.50 
Board [4d Jc 8d]
Seat 1: jeffy27dt1 (big blind) collected ($9.50)
Seat 3: 7bekon7 folded before Flop (didn't bet)
Seat 4: Quahrino folded before Flop (didn't bet)
Seat 5: Mak.Alse (button) folded before Flop (didn't bet)
Seat 6: CMX1998 (small blind) folded on the Flop



PokerStars Hand #254395570053:  Hold'em No Limit ($0.50/$1.00 USD) - 2025/01/16 9:17:42 WET [2025/01/16 4:17:42 ET]
Table 'Echion III' 6-max Seat #6 is the button
Seat 1: jeffy27dt1 ($127.59 in chips) 
Seat 3: 7bekon7 ($100 in chips) 
Seat 4: Quahrino ($101.78 in chips) 
Seat 5: Mak.Alse ($100 in chips) 
Seat 6: CMX1998 ($98.90 in chips) 
jeffy27dt1: posts small blind $0.50
7bekon7: posts big blind $1
*** HOLE CARDS ***
Quahrino: folds 
Mak.Alse: raises $1.50 to $2.50
CMX1998: calls $2.50
jeffy27dt1: folds 
7bekon7: calls $1.50
*** FLOP *** [7c 7d 9s]
7bekon7: checks 
Mak.Alse: checks 
Gluck35 joins the table at seat #2 
CMX1998: checks 
*** TURN *** [7c 7d 9s] [8h]
7bekon7: checks 
Mak.Alse: checks 
CMX1998: checks 
*** RIVER *** [7c 7d 9s 8h] [5c]
7bekon7: checks 
Mak.Alse: checks 
CMX1998: checks 
*** SHOW DOWN ***
7bekon7: shows [4h 4d] (two pair, Sevens and Fours)
Mak.Alse: mucks hand 
CMX1998: mucks hand 
7bekon7 collected $7.60 from pot
*** SUMMARY ***
Total pot $8 | Rake $0.40 
Board [7c 7d 9s 8h 5c]
Seat 1: jeffy27dt1 (small blind) folded before Flop
Seat 3: 7bekon7 (big blind) showed [4h 4d] and won ($7.60) with two pair, Sevens and Fours
Seat 4: Quahrino folded before Flop (didn't bet)
Seat 5: Mak.Alse mucked
Seat 6: CMX1998 (button) mucked



PokerStars Hand #254395574093:  Hold'em No Limit ($0.50/$1.00 USD) - 2025/01/16 9:18:25 WET [2025/01/16 4:18:25 ET]
Table 'Echion III' 6-max Seat #1 is the button
Seat 2: Gluck35 ($100 in chips) is sitting out
Seat 3: 7bekon7 ($105.10 in chips) is sitting out
Seat 5: Mak.Alse ($100 in chips) is sitting out
Seat 1: jeffy27dt1 ($127.09 in chips) 
Seat 4: Quahrino ($101.78 in chips) 
Seat 6: CMX1998 ($96.40 in chips) 
Quahrino: posts small blind $0.50
Mak.Alse: is sitting out 
CMX1998: posts big blind $1
*** HOLE CARDS ***
jeffy27dt1: folds 
7bekon7 leaves the table
Quahrino: raises $2 to $3
CMX1998: folds 
Uncalled bet ($2) returned to Quahrino
Quahrino collected $2 from pot
Quahrino: doesn't show hand 
*** SUMMARY ***
Total pot $2 | Rake $0 
Seat 2: Gluck35
Seat 3: 7bekon7
Seat 5: Mak.Alse
Seat 1: jeffy27dt1 (button) folded before Flop (didn't bet)
Seat 4: Quahrino (small blind) collected ($2)
Seat 6: CMX1998 (big blind) folded before Flop



PokerStars Hand #254395575063:  Hold'em No Limit ($0.50/$1.00 USD) - 2025/01/16 9:18:35 WET [2025/01/16 4:18:35 ET]
Table 'Echion III' 6-max Seat #4 is the button
Seat 2: Gluck35 ($100 in chips) is sitting out
Seat 5: Mak.Alse ($100 in chips) is sitting out
Seat 1: jeffy27dt1 ($127.09 in chips) 
Seat 4: Quahrino ($102.78 in chips) 
Seat 6: CMX1998 ($95.40 in chips) 
CMX1998: posts small blind $0.50
jeffy27dt1: posts big blind $1
Gluck35: sits out 
*** HOLE CARDS ***
Quahrino: raises $1.50 to $2.50
CMX1998: folds 
jeffy27dt1: folds 
Uncalled bet ($1.50) returned to Quahrino
Quahrino collected $2.50 from pot
Quahrino: doesn't show hand 
*** SUMMARY ***
Total pot $2.50 | Rake $0 
Seat 2: Gluck35
Seat 5: Mak.Alse
Seat 1: jeffy27dt1 (big blind) folded before Flop
Seat 4: Quahrino (button) collected ($2.50)
Seat 6: CMX1998 (small blind) folded before Flop



PokerStars Hand #254395576192:  Hold'em No Limit ($0.50/$1.00 USD) - 2025/01/16 9:18:47 WET [2025/01/16 4:18:47 ET]
Table 'Echion III' 6-max Seat #6 is the button
Seat 5: Mak.Alse ($100 in chips) is sitting out
Seat 1: jeffy27dt1 ($126.09 in chips) 
Seat 2: Gluck35 ($100 in chips) 
Seat 4: Quahrino ($104.28 in chips) 
Seat 6: CMX1998 ($94.90 in chips) 
jeffy27dt1: posts small blind $0.50
Gluck35: posts big blind $1
Mak.Alse: sits out 
*** HOLE CARDS ***
Quahrino: folds 
CMX1998: calls $1
jeffy27dt1: folds 
Gluck35: checks 
*** FLOP *** [Ts 7d 3d]
Gluck35: checks 
CMX1998: bets $2
Gluck35: calls $2
*** TURN *** [Ts 7d 3d] [As]
Gluck35: checks 
CMX1998: checks 
*** RIVER *** [Ts 7d 3d As] [3c]
Gluck35: checks 
CMX1998: checks 
*** SHOW DOWN ***
Gluck35: shows [7s Qd] (two pair, Sevens and Threes)
CMX1998: mucks hand 
Gluck35 collected $6.18 from pot
*** SUMMARY ***
Total pot $6.50 | Rake $0.32 
Board [Ts 7d 3d As 3c]
Seat 5: Mak.Alse
Seat 1: jeffy27dt1 (small blind) folded before Flop
Seat 2: Gluck35 (big blind) showed [7s Qd] and won ($6.18) with two pair, Sevens and Threes
Seat 4: Quahrino folded before Flop (didn't bet)
Seat 6: CMX1998 (button) mucked



PokerStars Hand #254395581312:  Hold'em No Limit ($0.50/$1.00 USD) - 2025/01/16 9:19:42 WET [2025/01/16 4:19:42 ET]
Table 'Echion III' 6-max Seat #1 is the button
Seat 5: Mak.Alse ($100 in chips) is sitting out
Seat 1: jeffy27dt1 ($125.59 in chips) 
Seat 2: Gluck35 ($103.18 in chips) 
Seat 4: Quahrino ($104.28 in chips) 
Seat 6: CMX1998 ($91.90 in chips) 
Gluck35: posts small blind $0.50
Quahrino: posts big blind $1
Mak.Alse: sits out 
*** HOLE CARDS ***
CMX1998: folds 
jeffy27dt1: folds 
Gluck35: raises $2 to $3
Quahrino: calls $2
*** FLOP *** [5s 6h 5d]
Gluck35: checks 
Quahrino: checks 
*** TURN *** [5s 6h 5d] [8s]
Gluck35: checks 
Quahrino: checks 
*** RIVER *** [5s 6h 5d 8s] [7s]
Maks Bavenko joins the table at seat #3 
Gluck35: checks 
Quahrino: checks 
*** SHOW DOWN ***
Gluck35: shows [Kh Qs] (a pair of Fives)
Quahrino: mucks hand 
Gluck35 collected $5.70 from pot
*** SUMMARY ***
Total pot $6 | Rake $0.30 
Board [5s 6h 5d 8s 7s]
Seat 5: Mak.Alse
Seat 1: jeffy27dt1 (button) folded before Flop (didn't bet)
Seat 2: Gluck35 (small blind) showed [Kh Qs] and won ($5.70) with a pair of Fives
Seat 4: Quahrino (big blind) mucked
Seat 6: CMX1998 folded before Flop (didn't bet)



PokerStars Hand #254395587049:  Hold'em No Limit ($0.50/$1.00 USD) - 2025/01/16 9:20:45 WET [2025/01/16 4:20:45 ET]
Table 'Echion III' 6-max Seat #2 is the button
Seat 3: Maks Bavenko ($100 in chips) is sitting out
Seat 1: jeffy27dt1 ($125.59 in chips) 
Seat 2: Gluck35 ($105.88 in chips) 
Seat 4: Quahrino ($101.28 in chips) 
Seat 5: Mak.Alse ($100 in chips) 
Seat 6: CMX1998 ($91.90 in chips) 
Quahrino: posts small blind $0.50
Mak.Alse: posts big blind $1
*** HOLE CARDS ***
CMX1998: folds 
jeffy27dt1: raises $1.50 to $2.50
Gluck35: folds 
Quahrino: folds 
Mak.Alse: folds 
Uncalled bet ($1.50) returned to jeffy27dt1
jeffy27dt1 collected $2.50 from pot
jeffy27dt1: doesn't show hand 
*** SUMMARY ***
Total pot $2.50 | Rake $0 
Seat 3: Maks Bavenko
Seat 1: jeffy27dt1 collected ($2.50)
Seat 2: Gluck35 (button) folded before Flop (didn't bet)
Seat 4: Quahrino (small blind) folded before Flop
Seat 5: Mak.Alse (big blind) folded before Flop
Seat 6: CMX1998 folded before Flop (didn't bet)



PokerStars Hand #254395588334:  Hold'em No Limit ($0.50/$1.00 USD) - 2025/01/16 9:21:00 WET [2025/01/16 4:21:00 ET]
Table 'Echion III' 6-max Seat #4 is the button
Seat 3: Maks Bavenko ($100 in chips) is sitting out
Seat 1: jeffy27dt1 ($127.09 in chips) 
Seat 2: Gluck35 ($105.88 in chips) 
Seat 4: Quahrino ($100.78 in chips) 
Seat 5: Mak.Alse ($100 in chips) 
Seat 6: CMX1998 ($91.90 in chips) 
Mak.Alse: posts small blind $0.50
CMX1998: posts big blind $1
Maks Bavenko: sits out 
*** HOLE CARDS ***
jeffy27dt1: folds 
Gluck35: folds 
Quahrino: folds 
Mak.Alse: raises $2 to $3
CMX1998: folds 
Uncalled bet ($2) returned to Mak.Alse
Mak.Alse collected $2 from pot
Mak.Alse: doesn't show hand 
*** SUMMARY ***
Total pot $2 | Rake $0 
Seat 3: Maks Bavenko
Seat 1: jeffy27dt1 folded before Flop (didn't bet)
Seat 2: Gluck35 folded before Flop (didn't bet)
Seat 4: Quahrino (button) folded before Flop (didn't bet)
Seat 5: Mak.Alse (small blind) collected ($2)
Seat 6: CMX1998 (big blind) folded before Flop



PokerStars Hand #254395589799:  Hold'em No Limit ($0.50/$1.00 USD) - 2025/01/16 9:21:15 WET [2025/01/16 4:21:15 ET]
Table 'Echion III' 6-max Seat #5 is the button
Seat 3: Maks Bavenko ($100 in chips) is sitting out
Seat 1: jeffy27dt1 ($127.09 in chips) 
Seat 2: Gluck35 ($105.88 in chips) 
Seat 4: Quahrino ($100.78 in chips) 
Seat 5: Mak.Alse ($101 in chips) 
Seat 6: CMX1998 ($90.90 in chips) 
CMX1998: posts small blind $0.50
jeffy27dt1: posts big blind $1
Maks Bavenko: sits out 
*** HOLE CARDS ***
Gluck35: folds 
Quahrino: raises $1.30 to $2.30
Mak.Alse: folds 
CMX1998: calls $1.80
jeffy27dt1: calls $1.30
*** FLOP *** [Jd 3s Ac]
CMX1998: bets $3
jeffy27dt1: calls $3
Quahrino: raises $9.43 to $12.43
CMX1998: calls $9.43
jeffy27dt1: folds 
*** TURN *** [Jd 3s Ac] [Qs]
CMX1998: checks 
Quahrino: bets $22.12
CMX1998: calls $22.12
*** RIVER *** [Jd 3s Ac Qs] [Kd]
CMX1998: checks 
Quahrino: checks 
*** SHOW DOWN ***
CMX1998: shows [Jc Qd] (two pair, Queens and Jacks)
Quahrino: shows [Ad Js] (two pair, Aces and Jacks)
Quahrino collected $76.50 from pot
*** SUMMARY ***
Total pot $79 | Rake $2.50 
Board [Jd 3s Ac Qs Kd]
Seat 3: Maks Bavenko
Seat 1: jeffy27dt1 (big blind) folded on the Flop
Seat 2: Gluck35 folded before Flop (didn't bet)
Seat 4: Quahrino showed [Ad Js] and won ($76.50) with two pair, Aces and Jacks
Seat 5: Mak.Alse (button) folded before Flop (didn't bet)
Seat 6: CMX1998 (small blind) showed [Jc Qd] and lost with two pair, Queens and Jacks



PokerStars Hand #254395599516:  Hold'em No Limit ($0.50/$1.00 USD) - 2025/01/16 9:23:03 WET [2025/01/16 4:23:03 ET]
Table 'Echion III' 6-max Seat #6 is the button
Seat 3: Maks Bavenko ($100 in chips) is sitting out
Seat 1: jeffy27dt1 ($121.79 in chips) 
Seat 2: Gluck35 ($105.88 in chips) 
Seat 4: Quahrino ($140.43 in chips) 
Seat 5: Mak.Alse ($101 in chips) 
Seat 6: CMX1998 ($54.05 in chips) 
jeffy27dt1: posts small blind $0.50
Gluck35: posts big blind $1
Maks Bavenko: sits out 
*** HOLE CARDS ***
Quahrino: folds 
Mak.Alse: folds 
CMX1998: calls $1
jeffy27dt1: calls $0.50
Gluck35: checks 
*** FLOP *** [5s Qs 2h]
jeffy27dt1: checks 
Gluck35: bets $1
CMX1998: calls $1
jeffy27dt1: raises $4 to $5
Gluck35: folds 
CMX1998: calls $4
*** TURN *** [5s Qs 2h] [Tc]
jeffy27dt1: bets $9.98
CMX1998: calls $9.98
*** RIVER *** [5s Qs 2h Tc] [Jd]
jeffy27dt1: checks 
CMX1998: checks 
*** SHOW DOWN ***
jeffy27dt1: shows [As 4c] (high card Ace)
CMX1998: shows [Ac Qc] (a pair of Queens)
CMX1998 collected $32.26 from pot
*** SUMMARY ***
Total pot $33.96 | Rake $1.70 
Board [5s Qs 2h Tc Jd]
Seat 3: Maks Bavenko
Seat 1: jeffy27dt1 (small blind) showed [As 4c] and lost with high card Ace
Seat 2: Gluck35 (big blind) folded on the Flop
Seat 4: Quahrino folded before Flop (didn't bet)
Seat 5: Mak.Alse folded before Flop (didn't bet)
Seat 6: CMX1998 (button) showed [Ac Qc] and won ($32.26) with a pair of Queens



PokerStars Hand #254395605951:  Hold'em No Limit ($0.50/$1.00 USD) - 2025/01/16 9:24:14 WET [2025/01/16 4:24:14 ET]
Table 'Echion III' 6-max Seat #1 is the button
Seat 1: jeffy27dt1 ($105.81 in chips) 
Seat 2: Gluck35 ($103.88 in chips) 
Seat 3: Maks Bavenko ($100 in chips) 
Seat 4: Quahrino ($140.43 in chips) 
Seat 5: Mak.Alse ($101 in chips) 
Seat 6: CMX1998 ($70.33 in chips) 
Gluck35: posts small blind $0.50
Maks Bavenko: posts big blind $1
*** HOLE CARDS ***
Quahrino: folds 
Mak.Alse: raises $1.50 to $2.50
CMX1998: calls $2.50
jeffy27dt1: folds 
Gluck35: folds 
Maks Bavenko: calls $1.50
*** FLOP *** [5c Td 6c]
Maks Bavenko: checks 
Mak.Alse: checks 
CMX1998: checks 
*** TURN *** [5c Td 6c] [Jh]
Maks Bavenko: bets $7.60
Mak.Alse: calls $7.60
CMX1998: folds 
*** RIVER *** [5c Td 6c Jh] [2c]
Maks Bavenko: bets $7.27
Mak.Alse: raises $22.04 to $29.31
Maks Bavenko: calls $22.04
*** SHOW DOWN ***
Mak.Alse: shows [9c Tc] (a flush, Ten high)
Maks Bavenko: mucks hand 
Mak.Alse collected $79.32 from pot
*** SUMMARY ***
Total pot $81.82 | Rake $2.50 
Board [5c Td 6c Jh 2c]
Seat 1: jeffy27dt1 (button) folded before Flop (didn't bet)
Seat 2: Gluck35 (small blind) folded before Flop
Seat 3: Maks Bavenko (big blind) mucked
Seat 4: Quahrino folded before Flop (didn't bet)
Seat 5: Mak.Alse showed [9c Tc] and won ($79.32) with a flush, Ten high
Seat 6: CMX1998 folded on the Turn



PokerStars Hand #254395616760:  Hold'em No Limit ($0.50/$1.00 USD) - 2025/01/16 9:26:13 WET [2025/01/16 4:26:13 ET]
Table 'Echion III' 6-max Seat #2 is the button
Seat 1: jeffy27dt1 ($105.81 in chips) 
Seat 2: Gluck35 ($103.38 in chips) 
Seat 3: Maks Bavenko ($100 in chips) 
Seat 4: Quahrino ($140.43 in chips) 
Seat 5: Mak.Alse ($140.91 in chips) 
Seat 6: CMX1998 ($67.83 in chips) 
Maks Bavenko: posts small blind $0.50
Quahrino: posts big blind $1
*** HOLE CARDS ***
Mak.Alse: folds 
CMX1998: calls $1
jeffy27dt1: folds 
Gluck35: folds 
Maks Bavenko: folds 
Quahrino: raises $4 to $5
CMX1998: calls $4
*** FLOP *** [Qc 7h 7d]
Quahrino: bets $3.29
CMX1998: calls $3.29
*** TURN *** [Qc 7h 7d] [5h]
Quahrino: bets $13.87
CMX1998: folds 
Uncalled bet ($13.87) returned to Quahrino
Quahrino collected $16.23 from pot
Quahrino: doesn't show hand 
*** SUMMARY ***
Total pot $17.08 | Rake $0.85 
Board [Qc 7h 7d 5h]
Seat 1: jeffy27dt1 folded before Flop (didn't bet)
Seat 2: Gluck35 (button) folded before Flop (didn't bet)
Seat 3: Maks Bavenko (small blind) folded before Flop
Seat 4: Quahrino (big blind) collected ($16.23)
Seat 5: Mak.Alse folded before Flop (didn't bet)
Seat 6: CMX1998 folded on the Turn



PokerStars Hand #254395620624:  Hold'em No Limit ($0.50/$1.00 USD) - 2025/01/16 9:26:55 WET [2025/01/16 4:26:55 ET]
Table 'Echion III' 6-max Seat #3 is the button
Seat 1: jeffy27dt1 ($105.81 in chips) 
Seat 2: Gluck35 ($103.38 in chips) 
Seat 3: Maks Bavenko ($100 in chips) 
Seat 4: Quahrino ($148.37 in chips) 
Seat 5: Mak.Alse ($140.91 in chips) 
Seat 6: CMX1998 ($59.54 in chips) 
Quahrino: posts small blind $0.50
Mak.Alse: posts big blind $1
*** HOLE CARDS ***
CMX1998: calls $1
jeffy27dt1: folds 
Gluck35: folds 
Maks Bavenko: folds 
Quahrino: raises $3 to $4
Mak.Alse: folds 
CMX1998: calls $3
*** FLOP *** [3s Th 9s]
Quahrino: bets $2.82
CMX1998: calls $2.82
*** TURN *** [3s Th 9s] [9h]
Quahrino: checks 
CMX1998: checks 
*** RIVER *** [3s Th 9s 9h] [5h]
Quahrino: checks 
CMX1998: checks 
*** SHOW DOWN ***
Quahrino: shows [8d Td] (two pair, Tens and Nines)
CMX1998: mucks hand 
Quahrino collected $13.91 from pot
*** SUMMARY ***
Total pot $14.64 | Rake $0.73 
Board [3s Th 9s 9h 5h]
Seat 1: jeffy27dt1 folded before Flop (didn't bet)
Seat 2: Gluck35 folded before Flop (didn't bet)
Seat 3: Maks Bavenko (button) folded before Flop (didn't bet)
Seat 4: Quahrino (small blind) showed [8d Td] and won ($13.91) with two pair, Tens and Nines
Seat 5: Mak.Alse (big blind) folded before Flop
Seat 6: CMX1998 mucked



PokerStars Hand #254395625209:  Hold'em No Limit ($0.50/$1.00 USD) - 2025/01/16 9:27:46 WET [2025/01/16 4:27:46 ET]
Table 'Echion III' 6-max Seat #4 is the button
Seat 1: jeffy27dt1 ($105.81 in chips) 
Seat 2: Gluck35 ($103.38 in chips) 
Seat 3: Maks Bavenko ($100 in chips) 
Seat 4: Quahrino ($155.46 in chips) 
Seat 5: Mak.Alse ($139.91 in chips) 
Seat 6: CMX1998 ($52.72 in chips) 
Mak.Alse: posts small blind $0.50
CMX1998: posts big blind $1
*** HOLE CARDS ***
jeffy27dt1: folds 
Gluck35: folds 
Maks Bavenko: raises $1.50 to $2.50
Quahrino: folds 
Mak.Alse: folds 
CMX1998: folds 
Uncalled bet ($1.50) returned to Maks Bavenko
CMX1998 leaves the table
Maks Bavenko collected $2.50 from pot
Maks Bavenko: doesn't show hand 
*** SUMMARY ***
Total pot $2.50 | Rake $0 
Seat 1: jeffy27dt1 folded before Flop (didn't bet)
Seat 2: Gluck35 folded before Flop (didn't bet)
Seat 3: Maks Bavenko collected ($2.50)
Seat 4: Quahrino (button) folded before Flop (didn't bet)
Seat 5: Mak.Alse (small blind) folded before Flop
Seat 6: CMX1998 (big blind) folded before Flop



PokerStars Hand #254395627517:  Hold'em No Limit ($0.50/$1.00 USD) - 2025/01/16 9:28:11 WET [2025/01/16 4:28:11 ET]
Table 'Echion III' 6-max Seat #5 is the button
Seat 1: jeffy27dt1 ($105.81 in chips) 
Seat 2: Gluck35 ($103.38 in chips) 
Seat 3: Maks Bavenko ($101.50 in chips) 
Seat 4: Quahrino ($155.46 in chips) 
Seat 5: Mak.Alse ($139.41 in chips) 
jeffy27dt1: posts small blind $0.50
Gluck35: posts big blind $1
*** HOLE CARDS ***
Maks Bavenko: folds 
Quahrino: raises $1.30 to $2.30
Mak.Alse: folds 
jeffy27dt1: folds 
Gluck35: calls $1.30
*** FLOP *** [5c Js 7h]
Gluck35: checks 
Quahrino: bets $3.24
Gluck35: folds 
Uncalled bet ($3.24) returned to Quahrino
Quahrino collected $4.84 from pot
Quahrino: doesn't show hand 
*** SUMMARY ***
Total pot $5.10 | Rake $0.26 
Board [5c Js 7h]
Seat 1: jeffy27dt1 (small blind) folded before Flop
Seat 2: Gluck35 (big blind) folded on the Flop
Seat 3: Maks Bavenko folded before Flop (didn't bet)
Seat 4: Quahrino collected ($4.84)
Seat 5: Mak.Alse (button) folded before Flop (didn't bet)



PokerStars Hand #254395633241:  Hold'em No Limit ($0.50/$1.00 USD) - 2025/01/16 9:29:13 WET [2025/01/16 4:29:13 ET]
Table 'Echion III' 6-max Seat #1 is the button
Seat 3: Maks Bavenko ($101.50 in chips) is sitting out
Seat 1: jeffy27dt1 ($105.31 in chips) 
Seat 2: Gluck35 ($101.08 in chips) 
Seat 4: Quahrino ($158 in chips) 
Seat 5: Mak.Alse ($139.41 in chips) 
Gluck35: posts small blind $0.50
Maks Bavenko: is sitting out 
Quahrino: posts big blind $1
*** HOLE CARDS ***
Maks Bavenko leaves the table
Mak.Alse: folds 
jeffy27dt1: raises $1.50 to $2.50
Gluck35: folds 
Quahrino: folds 
Uncalled bet ($1.50) returned to jeffy27dt1
jeffy27dt1 collected $2.50 from pot
jeffy27dt1: doesn't show hand 
*** SUMMARY ***
Total pot $2.50 | Rake $0 
Seat 3: Maks Bavenko
Seat 1: jeffy27dt1 (button) collected ($2.50)
Seat 2: Gluck35 (small blind) folded before Flop
Seat 4: Quahrino (big blind) folded before Flop
Seat 5: Mak.Alse folded before Flop (didn't bet)



PokerStars Hand #254395634596:  Hold'em No Limit ($0.50/$1.00 USD) - 2025/01/16 9:29:28 WET [2025/01/16 4:29:28 ET]
Table 'Echion III' 6-max Seat #2 is the button
Seat 1: jeffy27dt1 ($106.81 in chips) 
Seat 2: Gluck35 ($100.58 in chips) 
Seat 4: Quahrino ($157 in chips) 
Seat 5: Mak.Alse ($139.41 in chips) 
Quahrino: posts small blind $0.50
Mak.Alse: posts big blind $1
*** HOLE CARDS ***
jeffy27dt1: raises $1.50 to $2.50
Gluck35: folds 
Quahrino: folds 
Mak.Alse: calls $1.50
*** FLOP *** [8c 5d Kc]
Mak.Alse: checks 
Gluck35 leaves the table
jeffy27dt1: checks 
*** TURN *** [8c 5d Kc] [7s]
Mak.Alse: checks 
jeffy27dt1: bets $3.92
Mak.Alse: raises $9.80 to $13.72
jeffy27dt1: calls $9.80
*** RIVER *** [8c 5d Kc 7s] [5s]
Mak.Alse: checks 
jeffy27dt1: checks 
*** SHOW DOWN ***
Mak.Alse: shows [6c Ac] (a pair of Fives)
jeffy27dt1: mucks hand 
Mak.Alse collected $31.94 from pot
*** SUMMARY ***
Total pot $32.94 | Rake $1 
Board [8c 5d Kc 7s 5s]
Seat 1: jeffy27dt1 mucked
Seat 2: Gluck35 (button) folded before Flop (didn't bet)
Seat 4: Quahrino (small blind) folded before Flop
Seat 5: Mak.Alse (big blind) showed [6c Ac] and won ($31.94) with a pair of Fives



PokerStars Hand #254395645904:  Hold'em No Limit ($0.50/$1.00 USD) - 2025/01/16 9:31:30 WET [2025/01/16 4:31:30 ET]
Table 'Echion III' 6-max Seat #4 is the button
Seat 1: jeffy27dt1 ($100 in chips) 
Seat 4: Quahrino ($156.50 in chips) 
Seat 5: Mak.Alse ($155.13 in chips) 
Mak.Alse: posts small blind $0.50
jeffy27dt1: posts big blind $1
*** HOLE CARDS ***
Quahrino: raises $1.50 to $2.50
Mak.Alse: folds 
jeffy27dt1: folds 
Uncalled bet ($1.50) returned to Quahrino
Quahrino collected $2.50 from pot
Quahrino: doesn't show hand 
*** SUMMARY ***
Total pot $2.50 | Rake $0 
Seat 1: jeffy27dt1 (big blind) folded before Flop
Seat 4: Quahrino (button) collected ($2.50)
Seat 5: Mak.Alse (small blind) folded before Flop



PokerStars Hand #254395647056:  Hold'em No Limit ($0.50/$1.00 USD) - 2025/01/16 9:31:42 WET [2025/01/16 4:31:42 ET]
Table 'Echion III' 6-max Seat #5 is the button
Seat 1: jeffy27dt1 ($100 in chips) 
Seat 4: Quahrino ($158 in chips) 
Seat 5: Mak.Alse ($154.63 in chips) 
jeffy27dt1: posts small blind $0.50
Quahrino: posts big blind $1
*** HOLE CARDS ***
Mak.Alse: folds 
jeffy27dt1: folds 
Uncalled bet ($0.50) returned to Quahrino
Quahrino collected $1 from pot
Quahrino: doesn't show hand 
*** SUMMARY ***
Total pot $1 | Rake $0 
Seat 1: jeffy27dt1 (small blind) folded before Flop
Seat 4: Quahrino (big blind) collected ($1)
Seat 5: Mak.Alse (button) folded before Flop (didn't bet)



