PokerStars Hand #254402656946:  Hold'em No Limit ($0.50/$1.00 USD) - 2025/01/16 19:26:33 WET [2025/01/16 14:26:33 ET]
Table 'Eurydome IV' 6-max Seat #3 is the button
Seat 4: AIien Hand ($125 in chips) is sitting out
Seat 1: chinokevin13 ($100 in chips) 
Seat 2: worker0k ($100 in chips) 
Seat 3: nastja336 ($100 in chips) 
Seat 5: GuigaMan ($100 in chips) 
GuigaMan: posts small blind $0.50
chinokevin13: posts big blind $1
*** HOLE CARDS ***
worker0k: folds 
nastja336: raises $1.50 to $2.50
GuigaMan: raises $8.50 to $11
chinokevin13: folds 
nastja336: folds 
Uncalled bet ($8.50) returned to GuigaMan
GuigaMan collected $6 from pot
*** SUMMARY ***
Total pot $6 | Rake $0 
Seat 4: AIien Hand
Seat 1: chinokevin13 (big blind) folded before Flop
Seat 2: worker0k folded before Flop (didn't bet)
Seat 3: nastja336 (button) folded before Flop
Seat 5: GuigaMan (small blind) collected ($6)



PokerStars Hand #254402662723:  Hold'em No Limit ($0.50/$1.00 USD) - 2025/01/16 19:26:53 WET [2025/01/16 14:26:53 ET]
Table 'Eurydome IV' 6-max Seat #5 is the button
Seat 4: AIien Hand ($125 in chips) is sitting out
Seat 1: chinokevin13 ($100 in chips) 
Seat 2: worker0k ($100 in chips) 
Seat 3: nastja336 ($100 in chips) 
Seat 5: GuigaMan ($103.50 in chips) 
chinokevin13: posts small blind $0.50
worker0k: posts big blind $1
*** HOLE CARDS ***
nastja336: folds 
GuigaMan: raises $1.10 to $2.10
chinokevin13: folds 
worker0k: folds 
Uncalled bet ($1.10) returned to GuigaMan
GuigaMan collected $2.50 from pot
*** SUMMARY ***
Total pot $2.50 | Rake $0 
Seat 4: AIien Hand
Seat 1: chinokevin13 (small blind) folded before Flop
Seat 2: worker0k (big blind) folded before Flop
Seat 3: nastja336 folded before Flop (didn't bet)
Seat 5: GuigaMan (button) collected ($2.50)



PokerStars Hand #254402667891:  Hold'em No Limit ($0.50/$1.00 USD) - 2025/01/16 19:27:12 WET [2025/01/16 14:27:12 ET]
Table 'Eurydome IV' 6-max Seat #1 is the button
Seat 4: AIien Hand ($125 in chips) is sitting out
Seat 1: chinokevin13 ($100 in chips) 
Seat 2: worker0k ($100 in chips) 
Seat 3: nastja336 ($100 in chips) 
Seat 5: GuigaMan ($105 in chips) 
worker0k: posts small blind $0.50
nastja336: posts big blind $1
*** HOLE CARDS ***
GuigaMan: folds 
Kristo 914 joins the table at seat #6 
chinokevin13: calls $1
worker0k: folds 
nastja336: checks 
*** FLOP *** [5d 8d 4h]
nastja336: checks 
chinokevin13: bets $1
nastja336: folds 
Uncalled bet ($1) returned to chinokevin13
chinokevin13 collected $2.38 from pot
chinokevin13: doesn't show hand 
*** SUMMARY ***
Total pot $2.50 | Rake $0.12 
Board [5d 8d 4h]
Seat 4: AIien Hand
Seat 1: chinokevin13 (button) collected ($2.38)
Seat 2: worker0k (small blind) folded before Flop
Seat 3: nastja336 (big blind) folded on the Flop
Seat 5: GuigaMan folded before Flop (didn't bet)



PokerStars Hand #254402679451:  Hold'em No Limit ($0.50/$1.00 USD) - 2025/01/16 19:27:53 WET [2025/01/16 14:27:53 ET]
Table 'Eurydome IV' 6-max Seat #2 is the button
Seat 6: Kristo 914 ($100 in chips) is sitting out
Seat 1: chinokevin13 ($101.38 in chips) 
Seat 2: worker0k ($100 in chips) 
Seat 3: nastja336 ($100 in chips) 
Seat 4: AIien Hand ($125 in chips) 
Seat 5: GuigaMan ($105 in chips) 
nastja336: posts small blind $0.50
AIien Hand: posts big blind $1
Kristo 914: sits out 
*** HOLE CARDS ***
GuigaMan: folds 
chinokevin13: folds 
worker0k: folds 
nastja336: folds 
Uncalled bet ($0.50) returned to AIien Hand
worker0k leaves the table
AIien Hand collected $1 from pot
AIien Hand: doesn't show hand 
*** SUMMARY ***
Total pot $1 | Rake $0 
Seat 6: Kristo 914
Seat 1: chinokevin13 folded before Flop (didn't bet)
Seat 2: worker0k (button) folded before Flop (didn't bet)
Seat 3: nastja336 (small blind) folded before Flop
Seat 4: AIien Hand (big blind) collected ($1)
Seat 5: GuigaMan folded before Flop (didn't bet)



PokerStars Hand #254402682843:  Hold'em No Limit ($0.50/$1.00 USD) - 2025/01/16 19:28:05 WET [2025/01/16 14:28:05 ET]
Table 'Eurydome IV' 6-max Seat #3 is the button
Seat 6: Kristo 914 ($100 in chips) is sitting out
Seat 1: chinokevin13 ($101.38 in chips) 
Seat 3: nastja336 ($100 in chips) 
Seat 4: AIien Hand ($125.50 in chips) 
Seat 5: GuigaMan ($105 in chips) 
AIien Hand: posts small blind $0.50
GuigaMan: posts big blind $1
Kristo 914: sits out 
*** HOLE CARDS ***
chinokevin13: raises $1.50 to $2.50
nastja336: folds 
AIien Hand: folds 
GuigaMan: folds 
Uncalled bet ($1.50) returned to chinokevin13
chinokevin13 collected $2.50 from pot
chinokevin13: doesn't show hand 
*** SUMMARY ***
Total pot $2.50 | Rake $0 
Seat 6: Kristo 914
Seat 1: chinokevin13 collected ($2.50)
Seat 3: nastja336 (button) folded before Flop (didn't bet)
Seat 4: AIien Hand (small blind) folded before Flop
Seat 5: GuigaMan (big blind) folded before Flop



PokerStars Hand #254402685573:  Hold'em No Limit ($0.50/$1.00 USD) - 2025/01/16 19:28:14 WET [2025/01/16 14:28:14 ET]
Table 'Eurydome IV' 6-max Seat #4 is the button
Seat 1: chinokevin13 ($102.88 in chips) 
Seat 3: nastja336 ($100 in chips) 
Seat 4: AIien Hand ($125 in chips) 
Seat 5: GuigaMan ($104 in chips) 
Seat 6: Kristo 914 ($100 in chips) 
GuigaMan: posts small blind $0.50
Kristo 914: posts big blind $1
*** HOLE CARDS ***
chinokevin13: raises $1.20 to $2.20
nastja336: folds 
nastja336 leaves the table
AIien Hand: folds 
GuigaMan: folds 
Kristo 914: folds 
Uncalled bet ($1.20) returned to chinokevin13
chinokevin13 collected $2.50 from pot
chinokevin13: doesn't show hand 
*** SUMMARY ***
Total pot $2.50 | Rake $0 
Seat 1: chinokevin13 collected ($2.50)
Seat 3: nastja336 folded before Flop (didn't bet)
Seat 4: AIien Hand (button) folded before Flop (didn't bet)
Seat 5: GuigaMan (small blind) folded before Flop
Seat 6: Kristo 914 (big blind) folded before Flop



PokerStars Hand #254402693836:  Hold'em No Limit ($0.50/$1.00 USD) - 2025/01/16 19:28:44 WET [2025/01/16 14:28:44 ET]
Table 'Eurydome IV' 6-max Seat #5 is the button
Seat 1: chinokevin13 ($104.38 in chips) 
Seat 4: AIien Hand ($125 in chips) 
Seat 5: GuigaMan ($103.50 in chips) 
Seat 6: Kristo 914 ($100 in chips) 
Kristo 914: posts small blind $0.50
chinokevin13: posts big blind $1
*** HOLE CARDS ***
AIien Hand: folds 
GuigaMan: folds 
MoRsCeReBruM joins the table at seat #3 
mertisor joins the table at seat #2 
Kristo 914: folds 
Uncalled bet ($0.50) returned to chinokevin13
mertisor is disconnected 
chinokevin13 collected $1 from pot
chinokevin13: doesn't show hand 
*** SUMMARY ***
Total pot $1 | Rake $0 
Seat 1: chinokevin13 (big blind) collected ($1)
Seat 4: AIien Hand folded before Flop (didn't bet)
Seat 5: GuigaMan (button) folded before Flop (didn't bet)
Seat 6: Kristo 914 (small blind) folded before Flop



PokerStars Hand #254402700037:  Hold'em No Limit ($0.50/$1.00 USD) - 2025/01/16 19:29:05 WET [2025/01/16 14:29:05 ET]
Table 'Eurydome IV' 6-max Seat #6 is the button
Seat 3: MoRsCeReBruM ($100 in chips) is sitting out
Seat 1: chinokevin13 ($104.88 in chips) 
Seat 2: mertisor ($80 in chips) 
Seat 4: AIien Hand ($125 in chips) 
Seat 5: GuigaMan ($103.50 in chips) 
Seat 6: Kristo 914 ($100 in chips) 
chinokevin13: posts small blind $0.50
mertisor: posts big blind $1
MoRsCeReBruM: sits out 
*** HOLE CARDS ***
AIien Hand: raises $2 to $3
GuigaMan: folds 
Kristo 914: folds 
chinokevin13: folds 
mertisor: calls $2
*** FLOP *** [4c 6s 8h]
mertisor: checks 
AIien Hand: bets $5.50
mertisor: folds 
Uncalled bet ($5.50) returned to AIien Hand
AIien Hand collected $6.18 from pot
AIien Hand: doesn't show hand 
*** SUMMARY ***
Total pot $6.50 | Rake $0.32 
Board [4c 6s 8h]
Seat 3: MoRsCeReBruM
Seat 1: chinokevin13 (small blind) folded before Flop
Seat 2: mertisor (big blind) folded on the Flop
Seat 4: AIien Hand collected ($6.18)
Seat 5: GuigaMan folded before Flop (didn't bet)
Seat 6: Kristo 914 (button) folded before Flop (didn't bet)



PokerStars Hand #254402711203:  Hold'em No Limit ($0.50/$1.00 USD) - 2025/01/16 19:29:44 WET [2025/01/16 14:29:44 ET]
Table 'Eurydome IV' 6-max Seat #1 is the button
Seat 1: chinokevin13 ($104.38 in chips) 
Seat 2: mertisor ($77 in chips) 
Seat 3: MoRsCeReBruM ($100 in chips) 
Seat 4: AIien Hand ($128.18 in chips) 
Seat 5: GuigaMan ($103.50 in chips) 
Seat 6: Kristo 914 ($100 in chips) 
mertisor: posts small blind $0.50
MoRsCeReBruM: posts big blind $1
*** HOLE CARDS ***
AIien Hand: folds 
GuigaMan: folds 
Kristo 914: raises $1.40 to $2.40
chinokevin13: folds 
mertisor: raises $5.80 to $8.20
MoRsCeReBruM: folds 
Kristo 914: calls $5.80
*** FLOP *** [Jc Kh 5s]
mertisor: checks 
Kristo 914: checks 
*** TURN *** [Jc Kh 5s] [Jh]
mertisor: bets $8.27
Kristo 914: calls $8.27
*** RIVER *** [Jc Kh 5s Jh] [7h]
mertisor: bets $16.12
Kristo 914: folds 
Uncalled bet ($16.12) returned to mertisor
mertisor collected $32.24 from pot
*** SUMMARY ***
Total pot $33.94 | Rake $1.70 
Board [Jc Kh 5s Jh 7h]
Seat 1: chinokevin13 (button) folded before Flop (didn't bet)
Seat 2: mertisor (small blind) collected ($32.24)
Seat 3: MoRsCeReBruM (big blind) folded before Flop
Seat 4: AIien Hand folded before Flop (didn't bet)
Seat 5: GuigaMan folded before Flop (didn't bet)
Seat 6: Kristo 914 folded on the River



PokerStars Hand #254402723158:  Hold'em No Limit ($0.50/$1.00 USD) - 2025/01/16 19:30:27 WET [2025/01/16 14:30:27 ET]
Table 'Eurydome IV' 6-max Seat #2 is the button
Seat 1: chinokevin13 ($104.38 in chips) 
Seat 2: mertisor ($92.77 in chips) 
Seat 3: MoRsCeReBruM ($100 in chips) 
Seat 4: AIien Hand ($128.18 in chips) 
Seat 5: GuigaMan ($103.50 in chips) 
Seat 6: Kristo 914 ($100 in chips) 
MoRsCeReBruM: posts small blind $0.50
AIien Hand: posts big blind $1
*** HOLE CARDS ***
GuigaMan: folds 
Kristo 914: folds 
chinokevin13: raises $3 to $4
mertisor: calls $4
MoRsCeReBruM: folds 
AIien Hand: folds 
*** FLOP *** [9d 4s 6c]
chinokevin13: checks 
mertisor: bets $4.51
chinokevin13: calls $4.51
*** TURN *** [9d 4s 6c] [4c]
chinokevin13: checks 
mertisor: checks 
*** RIVER *** [9d 4s 6c 4c] [7c]
chinokevin13: checks 
mertisor: checks 
*** SHOW DOWN ***
chinokevin13: shows [Ad Kd] (a pair of Fours)
mertisor: shows [6d As] (two pair, Sixes and Fours)
mertisor collected $17.59 from pot
*** SUMMARY ***
Total pot $18.52 | Rake $0.93 
Board [9d 4s 6c 4c 7c]
Seat 1: chinokevin13 showed [Ad Kd] and lost with a pair of Fours
Seat 2: mertisor (button) showed [6d As] and won ($17.59) with two pair, Sixes and Fours
Seat 3: MoRsCeReBruM (small blind) folded before Flop
Seat 4: AIien Hand (big blind) folded before Flop
Seat 5: GuigaMan folded before Flop (didn't bet)
Seat 6: Kristo 914 folded before Flop (didn't bet)



PokerStars Hand #254402743750:  Hold'em No Limit ($0.50/$1.00 USD) - 2025/01/16 19:31:39 WET [2025/01/16 14:31:39 ET]
Table 'Eurydome IV' 6-max Seat #3 is the button
Seat 1: chinokevin13 ($100 in chips) 
Seat 2: mertisor ($101.85 in chips) 
Seat 3: MoRsCeReBruM ($100 in chips) 
Seat 4: AIien Hand ($127.18 in chips) 
Seat 5: GuigaMan ($103.50 in chips) 
Seat 6: Kristo 914 ($100 in chips) 
AIien Hand: posts small blind $0.50
GuigaMan: posts big blind $1
*** HOLE CARDS ***
Kristo 914: folds 
chinokevin13: folds 
mertisor: calls $1
MoRsCeReBruM: raises $2.50 to $3.50
AIien Hand: folds 
GuigaMan: raises $10.50 to $14
mertisor: folds 
MoRsCeReBruM: folds 
Uncalled bet ($10.50) returned to GuigaMan
GuigaMan collected $8.50 from pot
*** SUMMARY ***
Total pot $8.50 | Rake $0 
Seat 1: chinokevin13 folded before Flop (didn't bet)
Seat 2: mertisor folded before Flop
Seat 3: MoRsCeReBruM (button) folded before Flop
Seat 4: AIien Hand (small blind) folded before Flop
Seat 5: GuigaMan (big blind) collected ($8.50)
Seat 6: Kristo 914 folded before Flop (didn't bet)



PokerStars Hand #254402752190:  Hold'em No Limit ($0.50/$1.00 USD) - 2025/01/16 19:32:09 WET [2025/01/16 14:32:09 ET]
Table 'Eurydome IV' 6-max Seat #4 is the button
Seat 1: chinokevin13 ($100 in chips) 
Seat 2: mertisor ($100.85 in chips) 
Seat 3: MoRsCeReBruM ($100 in chips) 
Seat 4: AIien Hand ($126.68 in chips) 
Seat 5: GuigaMan ($108.50 in chips) 
Seat 6: Kristo 914 ($100 in chips) 
GuigaMan: posts small blind $0.50
Kristo 914: posts big blind $1
*** HOLE CARDS ***
chinokevin13: raises $1.20 to $2.20
mertisor: calls $2.20
MoRsCeReBruM: raises $7.30 to $9.50
AIien Hand: folds 
GuigaMan: folds 
Kristo 914: folds 
chinokevin13: folds 
mertisor: folds 
Uncalled bet ($7.30) returned to MoRsCeReBruM
MoRsCeReBruM collected $8.10 from pot
MoRsCeReBruM: doesn't show hand 
*** SUMMARY ***
Total pot $8.10 | Rake $0 
Seat 1: chinokevin13 folded before Flop
Seat 2: mertisor folded before Flop
Seat 3: MoRsCeReBruM collected ($8.10)
Seat 4: AIien Hand (button) folded before Flop (didn't bet)
Seat 5: GuigaMan (small blind) folded before Flop
Seat 6: Kristo 914 (big blind) folded before Flop



PokerStars Hand #254402766732:  Hold'em No Limit ($0.50/$1.00 USD) - 2025/01/16 19:33:00 WET [2025/01/16 14:33:00 ET]
Table 'Eurydome IV' 6-max Seat #5 is the button
Seat 1: chinokevin13 ($100 in chips) 
Seat 2: mertisor ($98.65 in chips) 
Seat 3: MoRsCeReBruM ($105.90 in chips) 
Seat 4: AIien Hand ($126.68 in chips) 
Seat 5: GuigaMan ($108 in chips) 
Seat 6: Kristo 914 ($100 in chips) 
Kristo 914: posts small blind $0.50
chinokevin13: posts big blind $1
*** HOLE CARDS ***
mertisor: calls $1
MoRsCeReBruM: raises $2 to $3
AIien Hand: folds 
GuigaMan: folds 
Kristo 914: folds 
chinokevin13: folds 
mertisor: calls $2
*** FLOP *** [5s Kc 8d]
mertisor: checks 
MoRsCeReBruM: bets $2.35
mertisor: calls $2.35
*** TURN *** [5s Kc 8d] [7s]
mertisor: checks 
MoRsCeReBruM: checks 
*** RIVER *** [5s Kc 8d 7s] [8c]
mertisor: bets $5.80
MoRsCeReBruM: folds 
Uncalled bet ($5.80) returned to mertisor
mertisor collected $11.59 from pot
*** SUMMARY ***
Total pot $12.20 | Rake $0.61 
Board [5s Kc 8d 7s 8c]
Seat 1: chinokevin13 (big blind) folded before Flop
Seat 2: mertisor collected ($11.59)
Seat 3: MoRsCeReBruM folded on the River
Seat 4: AIien Hand folded before Flop (didn't bet)
Seat 5: GuigaMan (button) folded before Flop (didn't bet)
Seat 6: Kristo 914 (small blind) folded before Flop



PokerStars Hand #254402786077:  Hold'em No Limit ($0.50/$1.00 USD) - 2025/01/16 19:34:08 WET [2025/01/16 14:34:08 ET]
Table 'Eurydome IV' 6-max Seat #6 is the button
Seat 1: chinokevin13 ($100 in chips) 
Seat 2: mertisor ($104.89 in chips) 
Seat 3: MoRsCeReBruM ($100.55 in chips) 
Seat 4: AIien Hand ($126.68 in chips) 
Seat 5: GuigaMan ($108 in chips) 
Seat 6: Kristo 914 ($100 in chips) 
chinokevin13: posts small blind $0.50
mertisor: posts big blind $1
*** HOLE CARDS ***
MoRsCeReBruM: folds 
AIien Hand: folds 
GuigaMan: folds 
Kristo 914: folds 
chinokevin13: raises $2 to $3
mertisor: calls $2
*** FLOP *** [2s 9s 5d]
chinokevin13: bets $1.88
mertisor: raises $1.88 to $3.76
chinokevin13: calls $1.88
*** TURN *** [2s 9s 5d] [8h]
chinokevin13: checks 
mertisor: bets $12.84
chinokevin13: calls $12.84
*** RIVER *** [2s 9s 5d 8h] [Tc]
chinokevin13: checks 
mertisor: checks 
*** SHOW DOWN ***
chinokevin13: shows [Ad 5s] (a pair of Fives)
mertisor: shows [Qc 9h] (a pair of Nines)
mertisor collected $37.24 from pot
*** SUMMARY ***
Total pot $39.20 | Rake $1.96 
Board [2s 9s 5d 8h Tc]
Seat 1: chinokevin13 (small blind) showed [Ad 5s] and lost with a pair of Fives
Seat 2: mertisor (big blind) showed [Qc 9h] and won ($37.24) with a pair of Nines
Seat 3: MoRsCeReBruM folded before Flop (didn't bet)
Seat 4: AIien Hand folded before Flop (didn't bet)
Seat 5: GuigaMan folded before Flop (didn't bet)
Seat 6: Kristo 914 (button) folded before Flop (didn't bet)



PokerStars Hand #254402814283:  Hold'em No Limit ($0.50/$1.00 USD) - 2025/01/16 19:35:46 WET [2025/01/16 14:35:46 ET]
Table 'Eurydome IV' 6-max Seat #1 is the button
Seat 1: chinokevin13 ($100 in chips) 
Seat 2: mertisor ($122.53 in chips) 
Seat 3: MoRsCeReBruM ($100.55 in chips) 
Seat 4: AIien Hand ($126.68 in chips) 
Seat 5: GuigaMan ($108 in chips) 
Seat 6: Kristo 914 ($100 in chips) 
mertisor: posts small blind $0.50
MoRsCeReBruM: posts big blind $1
*** HOLE CARDS ***
AIien Hand: folds 
GuigaMan: folds 
Kristo 914: folds 
chinokevin13: raises $1.50 to $2.50
mertisor: calls $2
MoRsCeReBruM: folds 
*** FLOP *** [4h Ah 7s]
mertisor: checks 
chinokevin13: checks 
*** TURN *** [4h Ah 7s] [Qd]
mertisor: folds 
mertisor leaves the table
chinokevin13 collected $5.70 from pot
chinokevin13: doesn't show hand 
*** SUMMARY ***
Total pot $6 | Rake $0.30 
Board [4h Ah 7s Qd]
Seat 1: chinokevin13 (button) collected ($5.70)
Seat 2: mertisor (small blind) folded on the Turn
Seat 3: MoRsCeReBruM (big blind) folded before Flop
Seat 4: AIien Hand folded before Flop (didn't bet)
Seat 5: GuigaMan folded before Flop (didn't bet)
Seat 6: Kristo 914 folded before Flop (didn't bet)



PokerStars Hand #254402825505:  Hold'em No Limit ($0.50/$1.00 USD) - 2025/01/16 19:36:25 WET [2025/01/16 14:36:25 ET]
Table 'Eurydome IV' 6-max Seat #3 is the button
Seat 1: chinokevin13 ($103.20 in chips) 
Seat 3: MoRsCeReBruM ($100 in chips) 
Seat 4: AIien Hand ($126.68 in chips) 
Seat 5: GuigaMan ($108 in chips) 
Seat 6: Kristo 914 ($100 in chips) 
AIien Hand: posts small blind $0.50
GuigaMan: posts big blind $1
*** HOLE CARDS ***
Kristo 914: folds 
chinokevin13: folds 
MoRsCeReBruM: folds 
AIien Hand: folds 
Uncalled bet ($0.50) returned to GuigaMan
GuigaMan collected $1 from pot
*** SUMMARY ***
Total pot $1 | Rake $0 
Seat 1: chinokevin13 folded before Flop (didn't bet)
Seat 3: MoRsCeReBruM (button) folded before Flop (didn't bet)
Seat 4: AIien Hand (small blind) folded before Flop
Seat 5: GuigaMan (big blind) collected ($1)
Seat 6: Kristo 914 folded before Flop (didn't bet)



PokerStars Hand #254402828732:  Hold'em No Limit ($0.50/$1.00 USD) - 2025/01/16 19:36:36 WET [2025/01/16 14:36:36 ET]
Table 'Eurydome IV' 6-max Seat #4 is the button
Seat 1: chinokevin13 ($103.20 in chips) 
Seat 3: MoRsCeReBruM ($100 in chips) 
Seat 4: AIien Hand ($126.18 in chips) 
Seat 5: GuigaMan ($108.50 in chips) 
Seat 6: Kristo 914 ($100 in chips) 
GuigaMan: posts small blind $0.50
Kristo 914: posts big blind $1
*** HOLE CARDS ***
chinokevin13: folds 
MoRsCeReBruM: folds 
AIien Hand: raises $1.50 to $2.50
GuigaMan: folds 
Kristo 914: folds 
Uncalled bet ($1.50) returned to AIien Hand
AIien Hand collected $2.50 from pot
AIien Hand: doesn't show hand 
*** SUMMARY ***
Total pot $2.50 | Rake $0 
Seat 1: chinokevin13 folded before Flop (didn't bet)
Seat 3: MoRsCeReBruM folded before Flop (didn't bet)
Seat 4: AIien Hand (button) collected ($2.50)
Seat 5: GuigaMan (small blind) folded before Flop
Seat 6: Kristo 914 (big blind) folded before Flop



PokerStars Hand #254402835048:  Hold'em No Limit ($0.50/$1.00 USD) - 2025/01/16 19:36:58 WET [2025/01/16 14:36:58 ET]
Table 'Eurydome IV' 6-max Seat #5 is the button
Seat 1: chinokevin13 ($103.20 in chips) is sitting out
Seat 3: MoRsCeReBruM ($100 in chips) 
Seat 4: AIien Hand ($127.68 in chips) 
Seat 5: GuigaMan ($108 in chips) 
Seat 6: Kristo 914 ($100 in chips) 
Kristo 914: posts small blind $0.50
chinokevin13: is sitting out 
MoRsCeReBruM: posts big blind $1
*** HOLE CARDS ***
AIien Hand: raises $1.20 to $2.20
GuigaMan: folds 
Kristo 914: folds 
chinokevin13 leaves the table
MoRsCeReBruM: folds 
Uncalled bet ($1.20) returned to AIien Hand
AIien Hand collected $2.50 from pot
AIien Hand: doesn't show hand 
BoyLoc0 joins the table at seat #1 
*** SUMMARY ***
Total pot $2.50 | Rake $0 
Seat 1: chinokevin13
Seat 3: MoRsCeReBruM (big blind) folded before Flop
Seat 4: AIien Hand collected ($2.50)
Seat 5: GuigaMan (button) folded before Flop (didn't bet)
Seat 6: Kristo 914 (small blind) folded before Flop



PokerStars Hand #254402839110:  Hold'em No Limit ($0.50/$1.00 USD) - 2025/01/16 19:37:13 WET [2025/01/16 14:37:13 ET]
Table 'Eurydome IV' 6-max Seat #6 is the button
Seat 1: BoyLoc0 ($100 in chips) is sitting out
Seat 4: AIien Hand ($129.18 in chips) is sitting out
Seat 3: MoRsCeReBruM ($100 in chips) 
Seat 5: GuigaMan ($108 in chips) 
Seat 6: Kristo 914 ($100 in chips) 
MoRsCeReBruM: posts small blind $0.50
AIien Hand: is sitting out 
GuigaMan: posts big blind $1
*** HOLE CARDS ***
BoyLoc0 leaves the table
Kristo 914: folds 
MoRsCeReBruM: folds 
Uncalled bet ($0.50) returned to GuigaMan
Kristo 914 leaves the table
GuigaMan collected $1 from pot
AIien Hand leaves the table
*** SUMMARY ***
Total pot $1 | Rake $0 
Seat 1: BoyLoc0
Seat 4: AIien Hand
Seat 3: MoRsCeReBruM (small blind) folded before Flop
Seat 5: GuigaMan (big blind) collected ($1)
Seat 6: Kristo 914 (button) folded before Flop (didn't bet)



PokerStars Hand #254402845524:  Hold'em No Limit ($0.50/$1.00 USD) - 2025/01/16 19:37:35 WET [2025/01/16 14:37:35 ET]
Table 'Eurydome IV' 6-max Seat #5 is the button
Seat 3: MoRsCeReBruM ($100 in chips) 
Seat 5: GuigaMan ($108.50 in chips) 
GuigaMan: posts small blind $0.50
MoRsCeReBruM: posts big blind $1
*** HOLE CARDS ***
GuigaMan: folds 
Uncalled bet ($0.50) returned to MoRsCeReBruM
GuigaMan leaves the table
MoRsCeReBruM collected $1 from pot
MoRsCeReBruM: doesn't show hand 
*** SUMMARY ***
Total pot $1 | Rake $0 
Seat 3: MoRsCeReBruM (big blind) collected ($1)
Seat 5: GuigaMan (button) (small blind) folded before Flop



