PokerStars Hand #254404849020:  Hold'em No Limit ($0.50/$1.00 USD) - 2025/01/16 21:29:08 WET [2025/01/16 16:29:08 ET]
Table 'Eugenia IV' 6-max Seat #6 is the button
Seat 5: XneferX ($100 in chips) is sitting out
Seat 2: ptolejmus ($10 in chips) 
Seat 6: Mr_Dick666 ($100 in chips) 
Mr_Dick666: posts small blind $0.50
ptolejmus: posts big blind $1
*** HOLE CARDS ***
Mr_Dick666: raises $1 to $2
ptolejmus: calls $1
*** FLOP *** [5c Qd Qs]
ptolejmus: checks 
Mr_Dick666: bets $1
ptolejmus: calls $1
*** TURN *** [5c Qd Qs] [4c]
ptolejmus: checks 
Mr_Dick666: bets $1.88
ptolejmus: folds 
Uncalled bet ($1.88) returned to Mr_Dick666
Mr_Dick666 collected $5.70 from pot
Mr_Dick666: doesn't show hand 
*** SUMMARY ***
Total pot $6 | Rake $0.30 
Board [5c Qd Qs 4c]
Seat 5: XneferX
Seat 2: ptolejmus (big blind) folded on the Turn
Seat 6: Mr_Dick666 (button) (small blind) collected ($5.70)



PokerStars Hand #254404867473:  Hold'em No Limit ($0.50/$1.00 USD) - 2025/01/16 21:30:06 WET [2025/01/16 16:30:06 ET]
Table 'Eugenia IV' 6-max Seat #6 is the button
Seat 2: ptolejmus ($10 in chips) 
Seat 5: XneferX ($100 in chips) 
Seat 6: Mr_Dick666 ($102.70 in chips) 
ptolejmus: posts small blind $0.50
XneferX: posts big blind $1
*** HOLE CARDS ***
Mr_Dick666: folds 
ptolejmus: raises $1.50 to $2.50
XneferX: folds 
Uncalled bet ($1.50) returned to ptolejmus
ptolejmus collected $2 from pot
*** SUMMARY ***
Total pot $2 | Rake $0 
Seat 2: ptolejmus (small blind) collected ($2)
Seat 5: XneferX (big blind) folded before Flop
Seat 6: Mr_Dick666 (button) folded before Flop (didn't bet)



PokerStars Hand #254404874112:  Hold'em No Limit ($0.50/$1.00 USD) - 2025/01/16 21:30:27 WET [2025/01/16 16:30:27 ET]
Table 'Eugenia IV' 6-max Seat #2 is the button
Seat 2: ptolejmus ($11 in chips) 
Seat 5: XneferX ($100 in chips) 
Seat 6: Mr_Dick666 ($102.70 in chips) 
XneferX: posts small blind $0.50
Mr_Dick666: posts big blind $1
*** HOLE CARDS ***
ptolejmus: raises $10 to $11 and is all-in
XneferX: folds 
Kristo 914 joins the table at seat #4 
Mr_Dick666: folds 
Uncalled bet ($10) returned to ptolejmus
ptolejmus collected $2.50 from pot
*** SUMMARY ***
Total pot $2.50 | Rake $0 
Seat 2: ptolejmus (button) collected ($2.50)
Seat 5: XneferX (small blind) folded before Flop
Seat 6: Mr_Dick666 (big blind) folded before Flop



PokerStars Hand #254404881784:  Hold'em No Limit ($0.50/$1.00 USD) - 2025/01/16 21:30:51 WET [2025/01/16 16:30:51 ET]
Table 'Eugenia IV' 6-max Seat #5 is the button
Seat 4: Kristo 914 ($100 in chips) is sitting out
Seat 2: ptolejmus ($12.50 in chips) 
Seat 5: XneferX ($100 in chips) 
Seat 6: Mr_Dick666 ($101.70 in chips) 
Mr_Dick666: posts small blind $0.50
ptolejmus: posts big blind $1
Kristo 914: sits out 
*** HOLE CARDS ***
XneferX: folds 
Mr_Dick666: folds 
Uncalled bet ($0.50) returned to ptolejmus
ptolejmus collected $1 from pot
*** SUMMARY ***
Total pot $1 | Rake $0 
Seat 4: Kristo 914
Seat 2: ptolejmus (big blind) collected ($1)
Seat 5: XneferX (button) folded before Flop (didn't bet)
Seat 6: Mr_Dick666 (small blind) folded before Flop



PokerStars Hand #254404886113:  Hold'em No Limit ($0.50/$1.00 USD) - 2025/01/16 21:31:04 WET [2025/01/16 16:31:04 ET]
Table 'Eugenia IV' 6-max Seat #6 is the button
Seat 2: ptolejmus ($13 in chips) 
Seat 4: Kristo 914 ($100 in chips) 
Seat 5: XneferX ($100 in chips) 
Seat 6: Mr_Dick666 ($101.20 in chips) 
ptolejmus: posts small blind $0.50
Kristo 914: posts big blind $1
*** HOLE CARDS ***
XneferX: folds 
Mr_Dick666: folds 
ptolejmus: raises $12 to $13 and is all-in
Kristo 914: folds 
Uncalled bet ($12) returned to ptolejmus
ptolejmus collected $2 from pot
*** SUMMARY ***
Total pot $2 | Rake $0 
Seat 2: ptolejmus (small blind) collected ($2)
Seat 4: Kristo 914 (big blind) folded before Flop
Seat 5: XneferX folded before Flop (didn't bet)
Seat 6: Mr_Dick666 (button) folded before Flop (didn't bet)



PokerStars Hand #254404895219:  Hold'em No Limit ($0.50/$1.00 USD) - 2025/01/16 21:31:33 WET [2025/01/16 16:31:33 ET]
Table 'Eugenia IV' 6-max Seat #2 is the button
Seat 2: ptolejmus ($14 in chips) 
Seat 4: Kristo 914 ($100 in chips) 
Seat 5: XneferX ($100 in chips) 
Seat 6: Mr_Dick666 ($101.20 in chips) 
Kristo 914: posts small blind $0.50
XneferX: posts big blind $1
*** HOLE CARDS ***
Mr_Dick666: folds 
ptolejmus: folds 
Kristo 914: folds 
Uncalled bet ($0.50) returned to XneferX
XneferX collected $1 from pot
XneferX: doesn't show hand 
*** SUMMARY ***
Total pot $1 | Rake $0 
Seat 2: ptolejmus (button) folded before Flop (didn't bet)
Seat 4: Kristo 914 (small blind) folded before Flop
Seat 5: XneferX (big blind) collected ($1)
Seat 6: Mr_Dick666 folded before Flop (didn't bet)



PokerStars Hand #254404901028:  Hold'em No Limit ($0.50/$1.00 USD) - 2025/01/16 21:31:51 WET [2025/01/16 16:31:51 ET]
Table 'Eugenia IV' 6-max Seat #4 is the button
Seat 2: ptolejmus ($14 in chips) 
Seat 4: Kristo 914 ($100 in chips) 
Seat 5: XneferX ($100.50 in chips) 
Seat 6: Mr_Dick666 ($101.20 in chips) 
XneferX: posts small blind $0.50
Mr_Dick666: posts big blind $1
*** HOLE CARDS ***
ptolejmus: folds 
Kristo 914: folds 
XneferX: folds 
Uncalled bet ($0.50) returned to Mr_Dick666
Mr_Dick666 collected $1 from pot
Mr_Dick666: doesn't show hand 
*** SUMMARY ***
Total pot $1 | Rake $0 
Seat 2: ptolejmus folded before Flop (didn't bet)
Seat 4: Kristo 914 (button) folded before Flop (didn't bet)
Seat 5: XneferX (small blind) folded before Flop
Seat 6: Mr_Dick666 (big blind) collected ($1)



PokerStars Hand #254404903871:  Hold'em No Limit ($0.50/$1.00 USD) - 2025/01/16 21:32:00 WET [2025/01/16 16:32:00 ET]
Table 'Eugenia IV' 6-max Seat #5 is the button
Seat 2: ptolejmus ($14 in chips) 
Seat 4: Kristo 914 ($100 in chips) 
Seat 5: XneferX ($100 in chips) 
Seat 6: Mr_Dick666 ($101.70 in chips) 
Mr_Dick666: posts small blind $0.50
ptolejmus: posts big blind $1
*** HOLE CARDS ***
Kristo 914: folds 
XneferX: folds 
Mr_Dick666: folds 
Uncalled bet ($0.50) returned to ptolejmus
ptolejmus collected $1 from pot
*** SUMMARY ***
Total pot $1 | Rake $0 
Seat 2: ptolejmus (big blind) collected ($1)
Seat 4: Kristo 914 folded before Flop (didn't bet)
Seat 5: XneferX (button) folded before Flop (didn't bet)
Seat 6: Mr_Dick666 (small blind) folded before Flop



PokerStars Hand #254404907389:  Hold'em No Limit ($0.50/$1.00 USD) - 2025/01/16 21:32:10 WET [2025/01/16 16:32:10 ET]
Table 'Eugenia IV' 6-max Seat #6 is the button
Seat 2: ptolejmus ($14.50 in chips) 
Seat 4: Kristo 914 ($100 in chips) 
Seat 5: XneferX ($100 in chips) 
Seat 6: Mr_Dick666 ($101.20 in chips) 
ptolejmus: posts small blind $0.50
Kristo 914: posts big blind $1
*** HOLE CARDS ***
XneferX: raises $1.30 to $2.30
Mr_Dick666: raises $5.70 to $8
ptolejmus: folds 
Kristo 914: folds 
XneferX: calls $5.70
*** FLOP *** [9s 6c 9d]
XneferX: checks 
Mr_Dick666: bets $8.31
XneferX: calls $8.31
*** TURN *** [9s 6c 9d] [Td]
XneferX: checks 
Mr_Dick666: checks 
*** RIVER *** [9s 6c 9d Td] [5s]
Rookus2 joins the table at seat #1 
Rookus2 is disconnected 
z00mba joins the table at seat #3 
XneferX: checks 
Mr_Dick666: checks 
*** SHOW DOWN ***
XneferX: shows [Ac Qc] (a pair of Nines)
Mr_Dick666: shows [Jd Jh] (two pair, Jacks and Nines)
Mr_Dick666 collected $33.12 from pot
*** SUMMARY ***
Total pot $34.12 | Rake $1 
Board [9s 6c 9d Td 5s]
Seat 2: ptolejmus (small blind) folded before Flop
Seat 4: Kristo 914 (big blind) folded before Flop
Seat 5: XneferX showed [Ac Qc] and lost with a pair of Nines
Seat 6: Mr_Dick666 (button) showed [Jd Jh] and won ($33.12) with two pair, Jacks and Nines



PokerStars Hand #254404932696:  Hold'em No Limit ($0.50/$1.00 USD) - 2025/01/16 21:33:29 WET [2025/01/16 16:33:29 ET]
Table 'Eugenia IV' 6-max Seat #2 is the button
Seat 1: Rookus2 ($100 in chips) is sitting out
Seat 3: z00mba ($100 in chips) is sitting out
Seat 2: ptolejmus ($14 in chips) 
Seat 4: Kristo 914 ($100 in chips) 
Seat 5: XneferX ($100 in chips) 
Seat 6: Mr_Dick666 ($118.01 in chips) 
Kristo 914: posts small blind $0.50
XneferX: posts big blind $1
Rookus2: sits out 
*** HOLE CARDS ***
Mr_Dick666: raises $1.50 to $2.50
ptolejmus: folds 
Kristo 914: folds 
XneferX: folds 
Uncalled bet ($1.50) returned to Mr_Dick666
Mr_Dick666 collected $2.50 from pot
Mr_Dick666: doesn't show hand 
*** SUMMARY ***
Total pot $2.50 | Rake $0 
Seat 1: Rookus2
Seat 3: z00mba
Seat 2: ptolejmus (button) folded before Flop (didn't bet)
Seat 4: Kristo 914 (small blind) folded before Flop
Seat 5: XneferX (big blind) folded before Flop
Seat 6: Mr_Dick666 collected ($2.50)



PokerStars Hand #254404939485:  Hold'em No Limit ($0.50/$1.00 USD) - 2025/01/16 21:33:50 WET [2025/01/16 16:33:50 ET]
Table 'Eugenia IV' 6-max Seat #4 is the button
Seat 3: z00mba ($100 in chips) is sitting out
Seat 6: Mr_Dick666 ($119.51 in chips) is sitting out
Seat 1: Rookus2 ($100 in chips) 
Seat 2: ptolejmus ($14 in chips) 
Seat 4: Kristo 914 ($100 in chips) 
Seat 5: XneferX ($100 in chips) 
XneferX: posts small blind $0.50
Mr_Dick666: is sitting out 
Rookus2: posts big blind $1
z00mba: sits out 
*** HOLE CARDS ***
ptolejmus: raises $1 to $2
Mr_Dick666 leaves the table
Kristo 914: folds 
XneferX: raises $10 to $12
Rookus2: calls $11
ptolejmus: folds 
*** FLOP *** [6s 2h 9d]
GuigaMan joins the table at seat #6 
XneferX: checks 
Rookus2: bets $12.50
XneferX: calls $12.50
*** TURN *** [6s 2h 9d] [Ad]
XneferX: checks 
Rookus2: checks 
*** RIVER *** [6s 2h 9d Ad] [Qd]
XneferX: bets $75.50 and is all-in
Rookus2: folds 
Uncalled bet ($75.50) returned to XneferX
XneferX collected $50 from pot
XneferX: doesn't show hand 
*** SUMMARY ***
Total pot $51 | Rake $1 
Board [6s 2h 9d Ad Qd]
Seat 3: z00mba
Seat 6: Mr_Dick666
Seat 1: Rookus2 (big blind) folded on the River
Seat 2: ptolejmus folded before Flop
Seat 4: Kristo 914 (button) folded before Flop (didn't bet)
Seat 5: XneferX (small blind) collected ($50)



PokerStars Hand #254404964495:  Hold'em No Limit ($0.50/$1.00 USD) - 2025/01/16 21:35:08 WET [2025/01/16 16:35:08 ET]
Table 'Eugenia IV' 6-max Seat #5 is the button
Seat 3: z00mba ($100 in chips) is sitting out
Seat 6: GuigaMan ($100 in chips) is sitting out
Seat 1: Rookus2 ($100 in chips) 
Seat 2: ptolejmus ($12 in chips) 
Seat 4: Kristo 914 ($100 in chips) 
Seat 5: XneferX ($125.50 in chips) 
Rookus2: posts small blind $0.50
ptolejmus: posts big blind $1
z00mba: sits out 
*** HOLE CARDS ***
Kristo 914: folds 
XneferX: folds 
Rookus2: calls $0.50
ptolejmus: raises $2 to $3
Rookus2: calls $2
*** FLOP *** [3d 4c Qc]
Rookus2: checks 
ptolejmus: checks 
*** TURN *** [3d 4c Qc] [5s]
Rookus2: checks 
ptolejmus: bets $1.54
Rookus2: folds 
Uncalled bet ($1.54) returned to ptolejmus
ptolejmus collected $5.70 from pot
*** SUMMARY ***
Total pot $6 | Rake $0.30 
Board [3d 4c Qc 5s]
Seat 3: z00mba
Seat 6: GuigaMan
Seat 1: Rookus2 (small blind) folded on the Turn
Seat 2: ptolejmus (big blind) collected ($5.70)
Seat 4: Kristo 914 folded before Flop (didn't bet)
Seat 5: XneferX (button) folded before Flop (didn't bet)



PokerStars Hand #254404977397:  Hold'em No Limit ($0.50/$1.00 USD) - 2025/01/16 21:35:48 WET [2025/01/16 16:35:48 ET]
Table 'Eugenia IV' 6-max Seat #1 is the button
Seat 6: GuigaMan ($100 in chips) is sitting out
Seat 1: Rookus2 ($97 in chips) 
Seat 2: ptolejmus ($14.70 in chips) 
Seat 3: z00mba ($100 in chips) 
Seat 4: Kristo 914 ($100 in chips) 
Seat 5: XneferX ($125.50 in chips) 
ptolejmus: posts small blind $0.50
z00mba: posts big blind $1
GuigaMan: sits out 
*** HOLE CARDS ***
Kristo 914: folds 
XneferX: folds 
Rookus2: folds 
ptolejmus: raises $1 to $2
z00mba: calls $1
*** FLOP *** [6s 3s Kh]
ptolejmus: bets $1.94
z00mba: folds 
Uncalled bet ($1.94) returned to ptolejmus
ptolejmus collected $3.80 from pot
*** SUMMARY ***
Total pot $4 | Rake $0.20 
Board [6s 3s Kh]
Seat 6: GuigaMan
Seat 1: Rookus2 (button) folded before Flop (didn't bet)
Seat 2: ptolejmus (small blind) collected ($3.80)
Seat 3: z00mba (big blind) folded on the Flop
Seat 4: Kristo 914 folded before Flop (didn't bet)
Seat 5: XneferX folded before Flop (didn't bet)



PokerStars Hand #254404990817:  Hold'em No Limit ($0.50/$1.00 USD) - 2025/01/16 21:36:30 WET [2025/01/16 16:36:30 ET]
Table 'Eugenia IV' 6-max Seat #2 is the button
Seat 6: GuigaMan ($100 in chips) is sitting out
Seat 1: Rookus2 ($97 in chips) 
Seat 2: ptolejmus ($16.50 in chips) 
Seat 3: z00mba ($100 in chips) 
Seat 4: Kristo 914 ($100 in chips) 
Seat 5: XneferX ($125.50 in chips) 
z00mba: posts small blind $0.50
Kristo 914: posts big blind $1
GuigaMan: sits out 
*** HOLE CARDS ***
XneferX: raises $1.10 to $2.10
Rookus2: folds 
ptolejmus: folds 
z00mba: folds 
Kristo 914: folds 
Uncalled bet ($1.10) returned to XneferX
XneferX collected $2.50 from pot
XneferX: doesn't show hand 
*** SUMMARY ***
Total pot $2.50 | Rake $0 
Seat 6: GuigaMan
Seat 1: Rookus2 folded before Flop (didn't bet)
Seat 2: ptolejmus (button) folded before Flop (didn't bet)
Seat 3: z00mba (small blind) folded before Flop
Seat 4: Kristo 914 (big blind) folded before Flop
Seat 5: XneferX collected ($2.50)



PokerStars Hand #254404997953:  Hold'em No Limit ($0.50/$1.00 USD) - 2025/01/16 21:36:52 WET [2025/01/16 16:36:52 ET]
Table 'Eugenia IV' 6-max Seat #3 is the button
Seat 5: XneferX ($127 in chips) is sitting out
Seat 1: Rookus2 ($97 in chips) 
Seat 2: ptolejmus ($16.50 in chips) 
Seat 3: z00mba ($100 in chips) 
Seat 4: Kristo 914 ($100 in chips) 
Seat 6: GuigaMan ($100 in chips) 
Kristo 914: posts small blind $0.50
XneferX: is sitting out 
GuigaMan: posts big blind $1
*** HOLE CARDS ***
Rookus2: folds 
XneferX leaves the table
ptolejmus: raises $1 to $2
z00mba: folds 
Kristo 914: folds 
GuigaMan: folds 
Uncalled bet ($1) returned to ptolejmus
ptolejmus collected $2.50 from pot
*** SUMMARY ***
Total pot $2.50 | Rake $0 
Seat 5: XneferX
Seat 1: Rookus2 folded before Flop (didn't bet)
Seat 2: ptolejmus collected ($2.50)
Seat 3: z00mba (button) folded before Flop (didn't bet)
Seat 4: Kristo 914 (small blind) folded before Flop
Seat 6: GuigaMan (big blind) folded before Flop



PokerStars Hand #254405009771:  Hold'em No Limit ($0.50/$1.00 USD) - 2025/01/16 21:37:29 WET [2025/01/16 16:37:29 ET]
Table 'Eugenia IV' 6-max Seat #4 is the button
Seat 1: Rookus2 ($97 in chips) 
Seat 2: ptolejmus ($18 in chips) 
Seat 3: z00mba ($100 in chips) 
Seat 4: Kristo 914 ($100 in chips) 
Seat 6: GuigaMan ($100 in chips) 
GuigaMan: posts small blind $0.50
Rookus2: posts big blind $1
*** HOLE CARDS ***
ptolejmus: folds 
z00mba: folds 
Kristo 914: folds 
GuigaMan: raises $2 to $3
Rookus2: calls $2
*** FLOP *** [4s 4c Ks]
GuigaMan: checks 
Rookus2: bets $2.85
GuigaMan: folds 
Uncalled bet ($2.85) returned to Rookus2
Rookus2 collected $5.70 from pot
*** SUMMARY ***
Total pot $6 | Rake $0.30 
Board [4s 4c Ks]
Seat 1: Rookus2 (big blind) collected ($5.70)
Seat 2: ptolejmus folded before Flop (didn't bet)
Seat 3: z00mba folded before Flop (didn't bet)
Seat 4: Kristo 914 (button) folded before Flop (didn't bet)
Seat 6: GuigaMan (small blind) folded on the Flop



PokerStars Hand #254405017622:  Hold'em No Limit ($0.50/$1.00 USD) - 2025/01/16 21:37:55 WET [2025/01/16 16:37:55 ET]
Table 'Eugenia IV' 6-max Seat #6 is the button
Seat 1: Rookus2 ($99.70 in chips) 
Seat 2: ptolejmus ($18 in chips) 
Seat 3: z00mba ($100 in chips) 
Seat 4: Kristo 914 ($100 in chips) 
Seat 6: GuigaMan ($100 in chips) 
Rookus2: posts small blind $0.50
ptolejmus: posts big blind $1
*** HOLE CARDS ***
z00mba: folds 
Kristo 914: folds 
GuigaMan: folds 
Rookus2: calls $0.50
ptolejmus: raises $17 to $18 and is all-in
tico-tico331 joins the table at seat #5 
tico-tico331 is disconnected 
Rookus2: folds 
Uncalled bet ($17) returned to ptolejmus
ptolejmus collected $2 from pot
*** SUMMARY ***
Total pot $2 | Rake $0 
Seat 1: Rookus2 (small blind) folded before Flop
Seat 2: ptolejmus (big blind) collected ($2)
Seat 3: z00mba folded before Flop (didn't bet)
Seat 4: Kristo 914 folded before Flop (didn't bet)
Seat 6: GuigaMan (button) folded before Flop (didn't bet)



PokerStars Hand #254405024188:  Hold'em No Limit ($0.50/$1.00 USD) - 2025/01/16 21:38:15 WET [2025/01/16 16:38:15 ET]
Table 'Eugenia IV' 6-max Seat #1 is the button
Seat 1: Rookus2 ($98.70 in chips) 
Seat 2: ptolejmus ($19 in chips) 
Seat 3: z00mba ($100 in chips) 
Seat 4: Kristo 914 ($100 in chips) 
Seat 5: tico-tico331 ($34.08 in chips) 
Seat 6: GuigaMan ($100 in chips) 
ptolejmus: posts small blind $0.50
z00mba: posts big blind $1
tico-tico331: posts big blind $1
*** HOLE CARDS ***
Kristo 914: folds 
tico-tico331: raises $2 to $3
GuigaMan: folds 
Rookus2: folds 
ptolejmus: folds 
z00mba: folds 
Uncalled bet ($2) returned to tico-tico331
tico-tico331 collected $2.50 from pot
*** SUMMARY ***
Total pot $2.50 | Rake $0 
Seat 1: Rookus2 (button) folded before Flop (didn't bet)
Seat 2: ptolejmus (small blind) folded before Flop
Seat 3: z00mba (big blind) folded before Flop
Seat 4: Kristo 914 folded before Flop (didn't bet)
Seat 5: tico-tico331 collected ($2.50)
Seat 6: GuigaMan folded before Flop (didn't bet)



PokerStars Hand #254405034585:  Hold'em No Limit ($0.50/$1.00 USD) - 2025/01/16 21:38:48 WET [2025/01/16 16:38:48 ET]
Table 'Eugenia IV' 6-max Seat #2 is the button
Seat 1: Rookus2 ($98.70 in chips) 
Seat 2: ptolejmus ($18.50 in chips) 
Seat 3: z00mba ($100 in chips) 
Seat 4: Kristo 914 ($100 in chips) 
Seat 5: tico-tico331 ($35.58 in chips) 
Seat 6: GuigaMan ($100 in chips) 
z00mba: posts small blind $0.50
Kristo 914: posts big blind $1
*** HOLE CARDS ***
tico-tico331: calls $1
GuigaMan: raises $3 to $4
Rookus2: folds 
ptolejmus: folds 
z00mba: folds 
Kristo 914: folds 
tico-tico331: folds 
Uncalled bet ($3) returned to GuigaMan
GuigaMan collected $3.50 from pot
*** SUMMARY ***
Total pot $3.50 | Rake $0 
Seat 1: Rookus2 folded before Flop (didn't bet)
Seat 2: ptolejmus (button) folded before Flop (didn't bet)
Seat 3: z00mba (small blind) folded before Flop
Seat 4: Kristo 914 (big blind) folded before Flop
Seat 5: tico-tico331 folded before Flop
Seat 6: GuigaMan collected ($3.50)



PokerStars Hand #254405042245:  Hold'em No Limit ($0.50/$1.00 USD) - 2025/01/16 21:39:13 WET [2025/01/16 16:39:13 ET]
Table 'Eugenia IV' 6-max Seat #3 is the button
Seat 1: Rookus2 ($98.70 in chips) 
Seat 2: ptolejmus ($18.50 in chips) 
Seat 3: z00mba ($100 in chips) 
Seat 4: Kristo 914 ($100 in chips) 
Seat 5: tico-tico331 ($34.58 in chips) 
Seat 6: GuigaMan ($102.50 in chips) 
Kristo 914: posts small blind $0.50
tico-tico331: posts big blind $1
*** HOLE CARDS ***
GuigaMan: raises $1.10 to $2.10
Rookus2: folds 
ptolejmus: folds 
z00mba: folds 
Kristo 914: folds 
tico-tico331: calls $1.10
*** FLOP *** [2d 3d 7d]
tico-tico331: bets $4.46
GuigaMan: folds 
Uncalled bet ($4.46) returned to tico-tico331
tico-tico331 collected $4.46 from pot
*** SUMMARY ***
Total pot $4.70 | Rake $0.24 
Board [2d 3d 7d]
Seat 1: Rookus2 folded before Flop (didn't bet)
Seat 2: ptolejmus folded before Flop (didn't bet)
Seat 3: z00mba (button) folded before Flop (didn't bet)
Seat 4: Kristo 914 (small blind) folded before Flop
Seat 5: tico-tico331 (big blind) collected ($4.46)
Seat 6: GuigaMan folded on the Flop



PokerStars Hand #254405050195:  Hold'em No Limit ($0.50/$1.00 USD) - 2025/01/16 21:39:38 WET [2025/01/16 16:39:38 ET]
Table 'Eugenia IV' 6-max Seat #4 is the button
Seat 1: Rookus2 ($98.70 in chips) 
Seat 2: ptolejmus ($18.50 in chips) 
Seat 3: z00mba ($100 in chips) 
Seat 4: Kristo 914 ($100 in chips) 
Seat 5: tico-tico331 ($36.94 in chips) 
Seat 6: GuigaMan ($100.40 in chips) 
tico-tico331: posts small blind $0.50
GuigaMan: posts big blind $1
*** HOLE CARDS ***
Rookus2: calls $1
ptolejmus: folds 
z00mba: folds 
Kristo 914: folds 
tico-tico331: folds 
GuigaMan: checks 
*** FLOP *** [Kd 9d Jc]
GuigaMan: checks 
Rookus2: bets $2.38
GuigaMan: calls $2.38
*** TURN *** [Kd 9d Jc] [2d]
GuigaMan: checks 
Rookus2: checks 
*** RIVER *** [Kd 9d Jc 2d] [Kh]
GuigaMan: checks 
Rookus2: bets $3.45
GuigaMan: calls $3.45
*** SHOW DOWN ***
Rookus2: shows [Ts 8s] (a pair of Kings)
GuigaMan: shows [6c Kc] (three of a kind, Kings)
GuigaMan collected $13.45 from pot
*** SUMMARY ***
Total pot $14.16 | Rake $0.71 
Board [Kd 9d Jc 2d Kh]
Seat 1: Rookus2 showed [Ts 8s] and lost with a pair of Kings
Seat 2: ptolejmus folded before Flop (didn't bet)
Seat 3: z00mba folded before Flop (didn't bet)
Seat 4: Kristo 914 (button) folded before Flop (didn't bet)
Seat 5: tico-tico331 (small blind) folded before Flop
Seat 6: GuigaMan (big blind) showed [6c Kc] and won ($13.45) with three of a kind, Kings



PokerStars Hand #254405077019:  Hold'em No Limit ($0.50/$1.00 USD) - 2025/01/16 21:41:04 WET [2025/01/16 16:41:04 ET]
Table 'Eugenia IV' 6-max Seat #5 is the button
Seat 1: Rookus2 ($91.87 in chips) 
Seat 2: ptolejmus ($18.50 in chips) 
Seat 3: z00mba ($100 in chips) 
Seat 4: Kristo 914 ($100 in chips) 
Seat 5: tico-tico331 ($36.44 in chips) 
Seat 6: GuigaMan ($107.02 in chips) 
GuigaMan: posts small blind $0.50
Rookus2: posts big blind $1
*** HOLE CARDS ***
ptolejmus: raises $1 to $2
z00mba: raises $4 to $6
Kristo 914: folds 
tico-tico331: folds 
GuigaMan: folds 
Rookus2: folds 
ptolejmus: folds 
Uncalled bet ($4) returned to z00mba
z00mba collected $5.50 from pot
z00mba: doesn't show hand 
*** SUMMARY ***
Total pot $5.50 | Rake $0 
Seat 1: Rookus2 (big blind) folded before Flop
Seat 2: ptolejmus folded before Flop
Seat 3: z00mba collected ($5.50)
Seat 4: Kristo 914 folded before Flop (didn't bet)
Seat 5: tico-tico331 (button) folded before Flop (didn't bet)
Seat 6: GuigaMan (small blind) folded before Flop



PokerStars Hand #254405086933:  Hold'em No Limit ($0.50/$1.00 USD) - 2025/01/16 21:41:35 WET [2025/01/16 16:41:35 ET]
Table 'Eugenia IV' 6-max Seat #6 is the button
Seat 1: Rookus2 ($99 in chips) 
Seat 2: ptolejmus ($16.50 in chips) 
Seat 3: z00mba ($103.50 in chips) 
Seat 4: Kristo 914 ($100 in chips) 
Seat 5: tico-tico331 ($36.44 in chips) 
Seat 6: GuigaMan ($106.52 in chips) 
Rookus2: posts small blind $0.50
ptolejmus: posts big blind $1
*** HOLE CARDS ***
z00mba: raises $1.50 to $2.50
Kristo 914: folds 
tico-tico331: folds 
GuigaMan: folds 
Rookus2: folds 
ptolejmus: folds 
Uncalled bet ($1.50) returned to z00mba
z00mba collected $2.50 from pot
z00mba: doesn't show hand 
*** SUMMARY ***
Total pot $2.50 | Rake $0 
Seat 1: Rookus2 (small blind) folded before Flop
Seat 2: ptolejmus (big blind) folded before Flop
Seat 3: z00mba collected ($2.50)
Seat 4: Kristo 914 folded before Flop (didn't bet)
Seat 5: tico-tico331 folded before Flop (didn't bet)
Seat 6: GuigaMan (button) folded before Flop (didn't bet)



PokerStars Hand #254405092711:  Hold'em No Limit ($0.50/$1.00 USD) - 2025/01/16 21:41:54 WET [2025/01/16 16:41:54 ET]
Table 'Eugenia IV' 6-max Seat #1 is the button
Seat 1: Rookus2 ($98.50 in chips) 
Seat 2: ptolejmus ($15.50 in chips) 
Seat 3: z00mba ($105 in chips) 
Seat 4: Kristo 914 ($100 in chips) 
Seat 5: tico-tico331 ($36.44 in chips) 
Seat 6: GuigaMan ($106.52 in chips) 
ptolejmus: posts small blind $0.50
z00mba: posts big blind $1
*** HOLE CARDS ***
Kristo 914: folds 
tico-tico331: folds 
GuigaMan: raises $1.10 to $2.10
Rookus2: calls $2.10
ptolejmus: folds 
z00mba: calls $1.10
*** FLOP *** [7d Ad 7c]
z00mba: checks 
GuigaMan: bets $1.94
Rookus2: folds 
z00mba: raises $4.56 to $6.50
GuigaMan: calls $4.56
*** TURN *** [7d Ad 7c] [5c]
z00mba: bets $13.73
GuigaMan: calls $13.73
*** RIVER *** [7d Ad 7c 5c] [Kc]
z00mba: checks 
GuigaMan: checks 
*** SHOW DOWN ***
z00mba: shows [4h 7h] (three of a kind, Sevens)
GuigaMan: mucks hand 
z00mba collected $44.90 from pot
*** SUMMARY ***
Total pot $47.26 | Rake $2.36 
Board [7d Ad 7c 5c Kc]
Seat 1: Rookus2 (button) folded on the Flop
Seat 2: ptolejmus (small blind) folded before Flop
Seat 3: z00mba (big blind) showed [4h 7h] and won ($44.90) with three of a kind, Sevens
Seat 4: Kristo 914 folded before Flop (didn't bet)
Seat 5: tico-tico331 folded before Flop (didn't bet)
Seat 6: GuigaMan mucked



PokerStars Hand #254405112437:  Hold'em No Limit ($0.50/$1.00 USD) - 2025/01/16 21:42:57 WET [2025/01/16 16:42:57 ET]
Table 'Eugenia IV' 6-max Seat #2 is the button
Seat 1: Rookus2 ($96.40 in chips) 
Seat 2: ptolejmus ($15 in chips) 
Seat 3: z00mba ($127.57 in chips) 
Seat 4: Kristo 914 ($100 in chips) 
Seat 5: tico-tico331 ($36.44 in chips) 
Seat 6: GuigaMan ($100 in chips) 
z00mba: posts small blind $0.50
Kristo 914: posts big blind $1
*** HOLE CARDS ***
tico-tico331: folds 
GuigaMan: folds 
Rookus2: folds 
ptolejmus: raises $1 to $2
z00mba: folds 
Kristo 914: folds 
Uncalled bet ($1) returned to ptolejmus
ptolejmus collected $2.50 from pot
*** SUMMARY ***
Total pot $2.50 | Rake $0 
Seat 1: Rookus2 folded before Flop (didn't bet)
Seat 2: ptolejmus (button) collected ($2.50)
Seat 3: z00mba (small blind) folded before Flop
Seat 4: Kristo 914 (big blind) folded before Flop
Seat 5: tico-tico331 folded before Flop (didn't bet)
Seat 6: GuigaMan folded before Flop (didn't bet)



PokerStars Hand #254405119693:  Hold'em No Limit ($0.50/$1.00 USD) - 2025/01/16 21:43:21 WET [2025/01/16 16:43:21 ET]
Table 'Eugenia IV' 6-max Seat #3 is the button
Seat 1: Rookus2 ($96.40 in chips) 
Seat 2: ptolejmus ($16.50 in chips) 
Seat 3: z00mba ($127.07 in chips) 
Seat 4: Kristo 914 ($100 in chips) 
Seat 5: tico-tico331 ($36.44 in chips) 
Seat 6: GuigaMan ($100 in chips) 
Kristo 914: posts small blind $0.50
tico-tico331: posts big blind $1
*** HOLE CARDS ***
GuigaMan: folds 
Rookus2: folds 
ptolejmus: folds 
z00mba: raises $1.50 to $2.50
Kristo 914: raises $8.50 to $11
tico-tico331: folds 
z00mba: folds 
Uncalled bet ($8.50) returned to Kristo 914
Kristo 914 collected $6 from pot
Kristo 914: doesn't show hand 
*** SUMMARY ***
Total pot $6 | Rake $0 
Seat 1: Rookus2 folded before Flop (didn't bet)
Seat 2: ptolejmus folded before Flop (didn't bet)
Seat 3: z00mba (button) folded before Flop
Seat 4: Kristo 914 (small blind) collected ($6)
Seat 5: tico-tico331 (big blind) folded before Flop
Seat 6: GuigaMan folded before Flop (didn't bet)



PokerStars Hand #254405127587:  Hold'em No Limit ($0.50/$1.00 USD) - 2025/01/16 21:43:46 WET [2025/01/16 16:43:46 ET]
Table 'Eugenia IV' 6-max Seat #4 is the button
Seat 1: Rookus2 ($96.40 in chips) 
Seat 2: ptolejmus ($16.50 in chips) 
Seat 3: z00mba ($124.57 in chips) 
Seat 4: Kristo 914 ($103.50 in chips) 
Seat 5: tico-tico331 ($35.44 in chips) 
Seat 6: GuigaMan ($100 in chips) 
tico-tico331: posts small blind $0.50
GuigaMan: posts big blind $1
*** HOLE CARDS ***
Rookus2: calls $1
ptolejmus: folds 
z00mba: folds 
Kristo 914: folds 
tico-tico331: raises $2 to $3
GuigaMan: folds 
Rookus2: calls $2
*** FLOP *** [5c 8s 9c]
tico-tico331: bets $6.65
Rookus2: calls $6.65
*** TURN *** [5c 8s 9c] [8c]
tico-tico331: bets $19.28
Rookus2: raises $19.28 to $38.56
tico-tico331: calls $6.51 and is all-in
Uncalled bet ($12.77) returned to Rookus2
*** RIVER *** [5c 8s 9c 8c] [6d]
*** SHOW DOWN ***
tico-tico331: shows [Qd Ah] (a pair of Eights)
Rookus2: shows [8d Ad] (three of a kind, Eights)
Rookus2 collected $69.38 from pot
*** SUMMARY ***
Total pot $71.88 | Rake $2.50 
Board [5c 8s 9c 8c 6d]
Seat 1: Rookus2 showed [8d Ad] and won ($69.38) with three of a kind, Eights
Seat 2: ptolejmus folded before Flop (didn't bet)
Seat 3: z00mba folded before Flop (didn't bet)
Seat 4: Kristo 914 (button) folded before Flop (didn't bet)
Seat 5: tico-tico331 (small blind) showed [Qd Ah] and lost with a pair of Eights
Seat 6: GuigaMan (big blind) folded before Flop



PokerStars Hand #254405149567:  Hold'em No Limit ($0.50/$1.00 USD) - 2025/01/16 21:44:56 WET [2025/01/16 16:44:56 ET]
Table 'Eugenia IV' 6-max Seat #6 is the button
Seat 5: tico-tico331 ($0 in chips) is sitting out
Seat 1: Rookus2 ($130.34 in chips) 
Seat 2: ptolejmus ($16.50 in chips) 
Seat 3: z00mba ($124.57 in chips) 
Seat 4: Kristo 914 ($103.50 in chips) 
Seat 6: GuigaMan ($100 in chips) 
Rookus2: posts small blind $0.50
ptolejmus: posts big blind $1
*** HOLE CARDS ***
z00mba: folds 
Kristo 914: folds 
GuigaMan: folds 
Rookus2: calls $0.50
ptolejmus: checks 
*** FLOP *** [3c Kd 8s]
Rookus2: bets $1
ptolejmus: folds 
Uncalled bet ($1) returned to Rookus2
Rookus2 collected $1.90 from pot
*** SUMMARY ***
Total pot $2 | Rake $0.10 
Board [3c Kd 8s]
Seat 5: tico-tico331
Seat 1: Rookus2 (small blind) collected ($1.90)
Seat 2: ptolejmus (big blind) folded on the Flop
Seat 3: z00mba folded before Flop (didn't bet)
Seat 4: Kristo 914 folded before Flop (didn't bet)
Seat 6: GuigaMan (button) folded before Flop (didn't bet)



PokerStars Hand #254405161902:  Hold'em No Limit ($0.50/$1.00 USD) - 2025/01/16 21:45:36 WET [2025/01/16 16:45:36 ET]
Table 'Eugenia IV' 6-max Seat #1 is the button
Seat 1: Rookus2 ($131.24 in chips) 
Seat 2: ptolejmus ($15.50 in chips) 
Seat 3: z00mba ($124.57 in chips) 
Seat 4: Kristo 914 ($103.50 in chips) 
Seat 5: tico-tico331 ($53.02 in chips) 
Seat 6: GuigaMan ($100 in chips) 
ptolejmus: posts small blind $0.50
z00mba: posts big blind $1
*** HOLE CARDS ***
Kristo 914: folds 
tico-tico331: calls $1
GuigaMan: folds 
Rookus2: folds 
ptolejmus: raises $14.50 to $15.50 and is all-in
z00mba: folds 
tico-tico331: folds 
Uncalled bet ($14.50) returned to ptolejmus
ptolejmus collected $3 from pot
*** SUMMARY ***
Total pot $3 | Rake $0 
Seat 1: Rookus2 (button) folded before Flop (didn't bet)
Seat 2: ptolejmus (small blind) collected ($3)
Seat 3: z00mba (big blind) folded before Flop
Seat 4: Kristo 914 folded before Flop (didn't bet)
Seat 5: tico-tico331 folded before Flop
Seat 6: GuigaMan folded before Flop (didn't bet)



PokerStars Hand #254405174993:  Hold'em No Limit ($0.50/$1.00 USD) - 2025/01/16 21:46:17 WET [2025/01/16 16:46:17 ET]
Table 'Eugenia IV' 6-max Seat #2 is the button
Seat 1: Rookus2 ($131.24 in chips) 
Seat 2: ptolejmus ($17.50 in chips) 
Seat 3: z00mba ($123.57 in chips) 
Seat 4: Kristo 914 ($103.50 in chips) 
Seat 5: tico-tico331 ($52.02 in chips) 
Seat 6: GuigaMan ($100 in chips) 
z00mba: posts small blind $0.50
Kristo 914: posts big blind $1
*** HOLE CARDS ***
tico-tico331: raises $2 to $3
GuigaMan: folds 
Rookus2: folds 
ptolejmus: folds 
z00mba: folds 
Kristo 914: folds 
Uncalled bet ($2) returned to tico-tico331
tico-tico331 collected $2.50 from pot
*** SUMMARY ***
Total pot $2.50 | Rake $0 
Seat 1: Rookus2 folded before Flop (didn't bet)
Seat 2: ptolejmus (button) folded before Flop (didn't bet)
Seat 3: z00mba (small blind) folded before Flop
Seat 4: Kristo 914 (big blind) folded before Flop
Seat 5: tico-tico331 collected ($2.50)
Seat 6: GuigaMan folded before Flop (didn't bet)



PokerStars Hand #254405181555:  Hold'em No Limit ($0.50/$1.00 USD) - 2025/01/16 21:46:39 WET [2025/01/16 16:46:39 ET]
Table 'Eugenia IV' 6-max Seat #3 is the button
Seat 1: Rookus2 ($131.24 in chips) 
Seat 2: ptolejmus ($17.50 in chips) 
Seat 3: z00mba ($123.07 in chips) 
Seat 4: Kristo 914 ($102.50 in chips) 
Seat 5: tico-tico331 ($53.52 in chips) 
Seat 6: GuigaMan ($100 in chips) 
Kristo 914: posts small blind $0.50
tico-tico331: posts big blind $1
*** HOLE CARDS ***
GuigaMan: folds 
Rookus2: folds 
ptolejmus: raises $1 to $2
z00mba: folds 
Kristo 914: folds 
tico-tico331: folds 
Uncalled bet ($1) returned to ptolejmus
ptolejmus collected $2.50 from pot
*** SUMMARY ***
Total pot $2.50 | Rake $0 
Seat 1: Rookus2 folded before Flop (didn't bet)
Seat 2: ptolejmus collected ($2.50)
Seat 3: z00mba (button) folded before Flop (didn't bet)
Seat 4: Kristo 914 (small blind) folded before Flop
Seat 5: tico-tico331 (big blind) folded before Flop
Seat 6: GuigaMan folded before Flop (didn't bet)



PokerStars Hand #254405189999:  Hold'em No Limit ($0.50/$1.00 USD) - 2025/01/16 21:47:05 WET [2025/01/16 16:47:05 ET]
Table 'Eugenia IV' 6-max Seat #4 is the button
Seat 1: Rookus2 ($131.24 in chips) 
Seat 2: ptolejmus ($19 in chips) 
Seat 3: z00mba ($123.07 in chips) 
Seat 4: Kristo 914 ($102 in chips) 
Seat 5: tico-tico331 ($52.52 in chips) 
Seat 6: GuigaMan ($100 in chips) 
tico-tico331: posts small blind $0.50
GuigaMan: posts big blind $1
*** HOLE CARDS ***
Rookus2: raises $2 to $3
ptolejmus: folds 
z00mba: folds 
Kristo 914: folds 
tico-tico331: calls $2.50
GuigaMan: calls $2
*** FLOP *** [4d 8c 9h]
tico-tico331: checks 
GuigaMan: checks 
Rookus2: bets $4
tico-tico331: folds 
GuigaMan: folds 
Uncalled bet ($4) returned to Rookus2
Rookus2 collected $8.55 from pot
*** SUMMARY ***
Total pot $9 | Rake $0.45 
Board [4d 8c 9h]
Seat 1: Rookus2 collected ($8.55)
Seat 2: ptolejmus folded before Flop (didn't bet)
Seat 3: z00mba folded before Flop (didn't bet)
Seat 4: Kristo 914 (button) folded before Flop (didn't bet)
Seat 5: tico-tico331 (small blind) folded on the Flop
Seat 6: GuigaMan (big blind) folded on the Flop



PokerStars Hand #254405206306:  Hold'em No Limit ($0.50/$1.00 USD) - 2025/01/16 21:47:59 WET [2025/01/16 16:47:59 ET]
Table 'Eugenia IV' 6-max Seat #5 is the button
Seat 1: Rookus2 ($136.79 in chips) 
Seat 2: ptolejmus ($19 in chips) 
Seat 3: z00mba ($123.07 in chips) 
Seat 4: Kristo 914 ($102 in chips) 
Seat 5: tico-tico331 ($49.52 in chips) 
Seat 6: GuigaMan ($97 in chips) 
GuigaMan: posts small blind $0.50
Rookus2: posts big blind $1
*** HOLE CARDS ***
ptolejmus: folds 
z00mba: raises $1.50 to $2.50
Kristo 914: folds 
tico-tico331: calls $2.50
GuigaMan: folds 
Rookus2: folds 
*** FLOP *** [5c 3c 8d]
z00mba: checks 
tico-tico331: bets $6.18
z00mba: folds 
Uncalled bet ($6.18) returned to tico-tico331
tico-tico331 collected $6.18 from pot
*** SUMMARY ***
Total pot $6.50 | Rake $0.32 
Board [5c 3c 8d]
Seat 1: Rookus2 (big blind) folded before Flop
Seat 2: ptolejmus folded before Flop (didn't bet)
Seat 3: z00mba folded on the Flop
Seat 4: Kristo 914 folded before Flop (didn't bet)
Seat 5: tico-tico331 (button) collected ($6.18)
Seat 6: GuigaMan (small blind) folded before Flop



PokerStars Hand #254405219999:  Hold'em No Limit ($0.50/$1.00 USD) - 2025/01/16 21:48:43 WET [2025/01/16 16:48:43 ET]
Table 'Eugenia IV' 6-max Seat #6 is the button
Seat 1: Rookus2 ($135.79 in chips) 
Seat 2: ptolejmus ($19 in chips) 
Seat 3: z00mba ($120.57 in chips) 
Seat 4: Kristo 914 ($102 in chips) 
Seat 5: tico-tico331 ($53.20 in chips) 
Seat 6: GuigaMan ($100 in chips) 
Rookus2: posts small blind $0.50
ptolejmus: posts big blind $1
*** HOLE CARDS ***
z00mba: raises $1.50 to $2.50
Kristo 914: folds 
tico-tico331: calls $2.50
GuigaMan: raises $5.50 to $8
Rookus2: folds 
ptolejmus: folds 
z00mba: calls $5.50
tico-tico331: calls $5.50
*** FLOP *** [2c 5d 6s]
z00mba: checks 
tico-tico331: bets $45.20 and is all-in
GuigaMan: folds 
z00mba: folds 
Uncalled bet ($45.20) returned to tico-tico331
tico-tico331 collected $24.22 from pot
*** SUMMARY ***
Total pot $25.50 | Rake $1.28 
Board [2c 5d 6s]
Seat 1: Rookus2 (small blind) folded before Flop
Seat 2: ptolejmus (big blind) folded before Flop
Seat 3: z00mba folded on the Flop
Seat 4: Kristo 914 folded before Flop (didn't bet)
Seat 5: tico-tico331 collected ($24.22)
Seat 6: GuigaMan (button) folded on the Flop



PokerStars Hand #254405235803:  Hold'em No Limit ($0.50/$1.00 USD) - 2025/01/16 21:49:34 WET [2025/01/16 16:49:34 ET]
Table 'Eugenia IV' 6-max Seat #1 is the button
Seat 1: Rookus2 ($135.29 in chips) 
Seat 2: ptolejmus ($18 in chips) 
Seat 3: z00mba ($112.57 in chips) 
Seat 4: Kristo 914 ($102 in chips) 
Seat 5: tico-tico331 ($69.42 in chips) 
Seat 6: GuigaMan ($100 in chips) 
ptolejmus: posts small blind $0.50
z00mba: posts big blind $1
*** HOLE CARDS ***
Kristo 914: folds 
tico-tico331: folds 
GuigaMan: folds 
Rookus2: folds 
ptolejmus: raises $1.50 to $2.50
z00mba: raises $110.07 to $112.57 and is all-in
ptolejmus: folds 
Uncalled bet ($110.07) returned to z00mba
z00mba collected $5 from pot
z00mba: doesn't show hand 
*** SUMMARY ***
Total pot $5 | Rake $0 
Seat 1: Rookus2 (button) folded before Flop (didn't bet)
Seat 2: ptolejmus (small blind) folded before Flop
Seat 3: z00mba (big blind) collected ($5)
Seat 4: Kristo 914 folded before Flop (didn't bet)
Seat 5: tico-tico331 folded before Flop (didn't bet)
Seat 6: GuigaMan folded before Flop (didn't bet)



PokerStars Hand #254405244593:  Hold'em No Limit ($0.50/$1.00 USD) - 2025/01/16 21:50:03 WET [2025/01/16 16:50:03 ET]
Table 'Eugenia IV' 6-max Seat #2 is the button
Seat 1: Rookus2 ($135.29 in chips) 
Seat 2: ptolejmus ($15.50 in chips) 
Seat 3: z00mba ($115.07 in chips) 
Seat 4: Kristo 914 ($102 in chips) 
Seat 5: tico-tico331 ($69.42 in chips) 
Seat 6: GuigaMan ($100 in chips) 
z00mba: posts small blind $0.50
Kristo 914: posts big blind $1
*** HOLE CARDS ***
tico-tico331: folds 
GuigaMan: folds 
Rookus2: folds 
ptolejmus: folds 
z00mba: folds 
Uncalled bet ($0.50) returned to Kristo 914
Kristo 914 collected $1 from pot
Kristo 914: doesn't show hand 
*** SUMMARY ***
Total pot $1 | Rake $0 
Seat 1: Rookus2 folded before Flop (didn't bet)
Seat 2: ptolejmus (button) folded before Flop (didn't bet)
Seat 3: z00mba (small blind) folded before Flop
Seat 4: Kristo 914 (big blind) collected ($1)
Seat 5: tico-tico331 folded before Flop (didn't bet)
Seat 6: GuigaMan folded before Flop (didn't bet)



PokerStars Hand #254405252607:  Hold'em No Limit ($0.50/$1.00 USD) - 2025/01/16 21:50:29 WET [2025/01/16 16:50:29 ET]
Table 'Eugenia IV' 6-max Seat #3 is the button
Seat 1: Rookus2 ($135.29 in chips) 
Seat 2: ptolejmus ($15.50 in chips) 
Seat 3: z00mba ($114.57 in chips) 
Seat 4: Kristo 914 ($102.50 in chips) 
Seat 5: tico-tico331 ($69.42 in chips) 
Seat 6: GuigaMan ($100 in chips) 
Kristo 914: posts small blind $0.50
tico-tico331: posts big blind $1
*** HOLE CARDS ***
GuigaMan: folds 
Rookus2: calls $1
ptolejmus: folds 
z00mba: folds 
Kristo 914: folds 
tico-tico331: checks 
*** FLOP *** [3c Kh 8s]
tico-tico331: checks 
Rookus2: checks 
*** TURN *** [3c Kh 8s] [4d]
tico-tico331: bets $2.38
Rookus2: calls $2.38
*** RIVER *** [3c Kh 8s 4d] [2d]
tico-tico331: bets $6.90
Rookus2: calls $6.90
*** SHOW DOWN ***
tico-tico331: shows [Ks 7h] (a pair of Kings)
Rookus2: mucks hand 
tico-tico331 collected $20.01 from pot
*** SUMMARY ***
Total pot $21.06 | Rake $1.05 
Board [3c Kh 8s 4d 2d]
Seat 1: Rookus2 mucked
Seat 2: ptolejmus folded before Flop (didn't bet)
Seat 3: z00mba (button) folded before Flop (didn't bet)
Seat 4: Kristo 914 (small blind) folded before Flop
Seat 5: tico-tico331 (big blind) showed [Ks 7h] and won ($20.01) with a pair of Kings
Seat 6: GuigaMan folded before Flop (didn't bet)



PokerStars Hand #254405263646:  Hold'em No Limit ($0.50/$1.00 USD) - 2025/01/16 21:51:04 WET [2025/01/16 16:51:04 ET]
Table 'Eugenia IV' 6-max Seat #4 is the button
Seat 1: Rookus2 ($125.01 in chips) 
Seat 2: ptolejmus ($15.50 in chips) 
Seat 3: z00mba ($114.57 in chips) 
Seat 4: Kristo 914 ($102 in chips) 
Seat 5: tico-tico331 ($79.15 in chips) 
Seat 6: GuigaMan ($100 in chips) 
tico-tico331: posts small blind $0.50
GuigaMan: posts big blind $1
*** HOLE CARDS ***
Rookus2: calls $1
ptolejmus: raises $1.50 to $2.50
z00mba: folds 
Kristo 914: folds 
tico-tico331: calls $2
GuigaMan: folds 
Rookus2: calls $1.50
*** FLOP *** [4s 8h 3c]
tico-tico331: checks 
Rookus2: checks 
ptolejmus: bets $4.12
tico-tico331: calls $4.12
Rookus2: calls $4.12
*** TURN *** [4s 8h 3c] [7c]
tico-tico331: checks 
Rookus2: checks 
ptolejmus: bets $8.88 and is all-in
tico-tico331: folds 
Rookus2: calls $8.88
*** RIVER *** [4s 8h 3c 7c] [4h]
*** SHOW DOWN ***
Rookus2: shows [5d 7d] (two pair, Sevens and Fours)
ptolejmus: shows [Ts Th] (two pair, Tens and Fours)
ptolejmus collected $36.69 from pot
*** SUMMARY ***
Total pot $38.62 | Rake $1.93 
Board [4s 8h 3c 7c 4h]
Seat 1: Rookus2 showed [5d 7d] and lost with two pair, Sevens and Fours
Seat 2: ptolejmus showed [Ts Th] and won ($36.69) with two pair, Tens and Fours
Seat 3: z00mba folded before Flop (didn't bet)
Seat 4: Kristo 914 (button) folded before Flop (didn't bet)
Seat 5: tico-tico331 (small blind) folded on the Turn
Seat 6: GuigaMan (big blind) folded before Flop



PokerStars Hand #254405289274:  Hold'em No Limit ($0.50/$1.00 USD) - 2025/01/16 21:52:26 WET [2025/01/16 16:52:26 ET]
Table 'Eugenia IV' 6-max Seat #5 is the button
Seat 1: Rookus2 ($109.51 in chips) 
Seat 2: ptolejmus ($36.69 in chips) 
Seat 3: z00mba ($114.57 in chips) 
Seat 4: Kristo 914 ($102 in chips) 
Seat 5: tico-tico331 ($72.53 in chips) 
Seat 6: GuigaMan ($100 in chips) 
GuigaMan: posts small blind $0.50
Rookus2: posts big blind $1
*** HOLE CARDS ***
ptolejmus: folds 
z00mba: folds 
Kristo 914: raises $1.40 to $2.40
tico-tico331: raises $2.60 to $5
GuigaMan: folds 
Rookus2: folds 
Kristo 914: calls $2.60
*** FLOP *** [8d Tc 9c]
ptolejmus leaves the table
Kristo 914: checks 
tico-tico331: checks 
*** TURN *** [8d Tc 9c] [4d]
Kristo 914: checks 
tico-tico331: bets $5.46
Kristo 914: folds 
Uncalled bet ($5.46) returned to tico-tico331
tico-tico331 collected $10.92 from pot
*** SUMMARY ***
Total pot $11.50 | Rake $0.58 
Board [8d Tc 9c 4d]
Seat 1: Rookus2 (big blind) folded before Flop
Seat 2: ptolejmus folded before Flop (didn't bet)
Seat 3: z00mba folded before Flop (didn't bet)
Seat 4: Kristo 914 folded on the Turn
Seat 5: tico-tico331 (button) collected ($10.92)
Seat 6: GuigaMan (small blind) folded before Flop



PokerStars Hand #254405307964:  Hold'em No Limit ($0.50/$1.00 USD) - 2025/01/16 21:53:26 WET [2025/01/16 16:53:26 ET]
Table 'Eugenia IV' 6-max Seat #6 is the button
Seat 1: Rookus2 ($108.51 in chips) 
Seat 3: z00mba ($114.57 in chips) 
Seat 4: Kristo 914 ($100 in chips) 
Seat 5: tico-tico331 ($78.45 in chips) 
Seat 6: GuigaMan ($100 in chips) 
Rookus2: posts small blind $0.50
z00mba: posts big blind $1
*** HOLE CARDS ***
XneferX joins the table at seat #2 
Kristo 914: folds 
tico-tico331: folds 
GuigaMan: folds 
Rookus2: folds 
Uncalled bet ($0.50) returned to z00mba
z00mba collected $1 from pot
z00mba: doesn't show hand 
*** SUMMARY ***
Total pot $1 | Rake $0 
Seat 1: Rookus2 (small blind) folded before Flop
Seat 3: z00mba (big blind) collected ($1)
Seat 4: Kristo 914 folded before Flop (didn't bet)
Seat 5: tico-tico331 folded before Flop (didn't bet)
Seat 6: GuigaMan (button) folded before Flop (didn't bet)



PokerStars Hand #254405314354:  Hold'em No Limit ($0.50/$1.00 USD) - 2025/01/16 21:53:47 WET [2025/01/16 16:53:47 ET]
Table 'Eugenia IV' 6-max Seat #1 is the button
Seat 2: XneferX ($127 in chips) is sitting out
Seat 1: Rookus2 ($108.01 in chips) 
Seat 3: z00mba ($115.07 in chips) 
Seat 4: Kristo 914 ($100 in chips) 
Seat 5: tico-tico331 ($78.45 in chips) 
Seat 6: GuigaMan ($100 in chips) 
z00mba: posts small blind $0.50
Kristo 914: posts big blind $1
*** HOLE CARDS ***
tico-tico331: folds 
GuigaMan: folds 
Rookus2: folds 
z00mba: raises $2 to $3
Kristo 914: calls $2
*** FLOP *** [8d Jh 7c]
z00mba: checks 
Kristo 914: checks 
*** TURN *** [8d Jh 7c] [6s]
z00mba: bets $2.91
Kristo 914: folds 
Uncalled bet ($2.91) returned to z00mba
z00mba collected $5.70 from pot
z00mba: doesn't show hand 
*** SUMMARY ***
Total pot $6 | Rake $0.30 
Board [8d Jh 7c 6s]
Seat 2: XneferX
Seat 1: Rookus2 (button) folded before Flop (didn't bet)
Seat 3: z00mba (small blind) collected ($5.70)
Seat 4: Kristo 914 (big blind) folded on the Turn
Seat 5: tico-tico331 folded before Flop (didn't bet)
Seat 6: GuigaMan folded before Flop (didn't bet)



PokerStars Hand #254405328113:  Hold'em No Limit ($0.50/$1.00 USD) - 2025/01/16 21:54:31 WET [2025/01/16 16:54:31 ET]
Table 'Eugenia IV' 6-max Seat #3 is the button
Seat 2: XneferX ($127 in chips) is sitting out
Seat 1: Rookus2 ($108.01 in chips) 
Seat 3: z00mba ($117.77 in chips) 
Seat 4: Kristo 914 ($100 in chips) 
Seat 5: tico-tico331 ($78.45 in chips) 
Seat 6: GuigaMan ($100 in chips) 
Kristo 914: posts small blind $0.50
tico-tico331: posts big blind $1
XneferX: sits out 
*** HOLE CARDS ***
GuigaMan: folds 
Rookus2: raises $3 to $4
z00mba: folds 
Kristo 914: folds 
tico-tico331: folds 
Uncalled bet ($3) returned to Rookus2
Rookus2 collected $2.50 from pot
*** SUMMARY ***
Total pot $2.50 | Rake $0 
Seat 2: XneferX
Seat 1: Rookus2 collected ($2.50)
Seat 3: z00mba (button) folded before Flop (didn't bet)
Seat 4: Kristo 914 (small blind) folded before Flop
Seat 5: tico-tico331 (big blind) folded before Flop
Seat 6: GuigaMan folded before Flop (didn't bet)



PokerStars Hand #254405338560:  Hold'em No Limit ($0.50/$1.00 USD) - 2025/01/16 21:55:05 WET [2025/01/16 16:55:05 ET]
Table 'Eugenia IV' 6-max Seat #4 is the button
Seat 2: XneferX ($127 in chips) is sitting out
Seat 1: Rookus2 ($109.51 in chips) 
Seat 3: z00mba ($117.77 in chips) 
Seat 4: Kristo 914 ($100 in chips) 
Seat 5: tico-tico331 ($77.45 in chips) 
Seat 6: GuigaMan ($100 in chips) 
tico-tico331: posts small blind $0.50
GuigaMan: posts big blind $1
XneferX: sits out 
*** HOLE CARDS ***
Rookus2: raises $2 to $3
z00mba: folds 
Kristo 914: folds 
tico-tico331: folds 
GuigaMan: calls $2
*** FLOP *** [8c Qd Kh]
GuigaMan: checks 
Rookus2: bets $2
GuigaMan: folds 
Uncalled bet ($2) returned to Rookus2
Rookus2 collected $6.18 from pot
*** SUMMARY ***
Total pot $6.50 | Rake $0.32 
Board [8c Qd Kh]
Seat 2: XneferX
Seat 1: Rookus2 collected ($6.18)
Seat 3: z00mba folded before Flop (didn't bet)
Seat 4: Kristo 914 (button) folded before Flop (didn't bet)
Seat 5: tico-tico331 (small blind) folded before Flop
Seat 6: GuigaMan (big blind) folded on the Flop



PokerStars Hand #254405347016:  Hold'em No Limit ($0.50/$1.00 USD) - 2025/01/16 21:55:40 WET [2025/01/16 16:55:40 ET]
Table 'Eugenia IV' 6-max Seat #5 is the button
Seat 2: XneferX ($127 in chips) is sitting out
Seat 1: Rookus2 ($112.69 in chips) 
Seat 3: z00mba ($117.77 in chips) 
Seat 4: Kristo 914 ($100 in chips) 
Seat 5: tico-tico331 ($76.95 in chips) 
Seat 6: GuigaMan ($100 in chips) 
GuigaMan: posts small blind $0.50
Rookus2: posts big blind $1
XneferX: sits out 
*** HOLE CARDS ***
z00mba: folds 
Kristo 914: folds 
tico-tico331: raises $2 to $3
GuigaMan: raises $9 to $12
Rookus2: folds 
tico-tico331: calls $9
*** FLOP *** [5c Ts 3c]
GuigaMan: bets $7.13
tico-tico331: calls $7.13
*** TURN *** [5c Ts 3c] [7c]
GuigaMan: bets $9
tico-tico331: raises $48.82 to $57.82 and is all-in
GuigaMan: folds 
Uncalled bet ($48.82) returned to tico-tico331
tico-tico331 collected $54.76 from pot
*** SUMMARY ***
Total pot $57.26 | Rake $2.50 
Board [5c Ts 3c 7c]
Seat 2: XneferX
Seat 1: Rookus2 (big blind) folded before Flop
Seat 3: z00mba folded before Flop (didn't bet)
Seat 4: Kristo 914 folded before Flop (didn't bet)
Seat 5: tico-tico331 (button) collected ($54.76)
Seat 6: GuigaMan (small blind) folded on the Turn



PokerStars Hand #254405358566:  Hold'em No Limit ($0.50/$1.00 USD) - 2025/01/16 21:56:31 WET [2025/01/16 16:56:31 ET]
Table 'Eugenia IV' 6-max Seat #6 is the button
Seat 1: Rookus2 ($111.69 in chips) 
Seat 2: XneferX ($127 in chips) 
Seat 3: z00mba ($117.77 in chips) 
Seat 4: Kristo 914 ($100 in chips) 
Seat 5: tico-tico331 ($103.58 in chips) 
Seat 6: GuigaMan ($100 in chips) 
Rookus2: posts small blind $0.50
XneferX: posts big blind $1
*** HOLE CARDS ***
z00mba: folds 
Kristo 914: folds 
tico-tico331: raises $4 to $5
GuigaMan: calls $5
Rookus2: folds 
XneferX: folds 
*** FLOP *** [3d Qh Ts]
tico-tico331: checks 
GuigaMan: bets $3.28
tico-tico331: calls $3.28
*** TURN *** [3d Qh Ts] [Jc]
tico-tico331: bets $17.16
GuigaMan: calls $17.16
*** RIVER *** [3d Qh Ts Jc] [3c]
tico-tico331: bets $49.88
GuigaMan: folds 
Uncalled bet ($49.88) returned to tico-tico331
tico-tico331 collected $49.88 from pot
*** SUMMARY ***
Total pot $52.38 | Rake $2.50 
Board [3d Qh Ts Jc 3c]
Seat 1: Rookus2 (small blind) folded before Flop
Seat 2: XneferX (big blind) folded before Flop
Seat 3: z00mba folded before Flop (didn't bet)
Seat 4: Kristo 914 folded before Flop (didn't bet)
Seat 5: tico-tico331 collected ($49.88)
Seat 6: GuigaMan (button) folded on the River



PokerStars Hand #254405374609:  Hold'em No Limit ($0.50/$1.00 USD) - 2025/01/16 21:57:42 WET [2025/01/16 16:57:42 ET]
Table 'Eugenia IV' 6-max Seat #1 is the button
Seat 1: Rookus2 ($111.19 in chips) 
Seat 2: XneferX ($126 in chips) 
Seat 3: z00mba ($117.77 in chips) 
Seat 4: Kristo 914 ($100 in chips) 
Seat 5: tico-tico331 ($128.02 in chips) 
Seat 6: GuigaMan ($100 in chips) 
XneferX: posts small blind $0.50
z00mba: posts big blind $1
*** HOLE CARDS ***
Kristo 914: folds 
tico-tico331: folds 
GuigaMan: raises $1.10 to $2.10
Rookus2: calls $2.10
XneferX: folds 
z00mba: folds 
*** FLOP *** [Kc Kh 8c]
GuigaMan: checks 
Rookus2: bets $2
GuigaMan: folds 
Uncalled bet ($2) returned to Rookus2
Rookus2 collected $5.42 from pot
*** SUMMARY ***
Total pot $5.70 | Rake $0.28 
Board [Kc Kh 8c]
Seat 1: Rookus2 (button) collected ($5.42)
Seat 2: XneferX (small blind) folded before Flop
Seat 3: z00mba (big blind) folded before Flop
Seat 4: Kristo 914 folded before Flop (didn't bet)
Seat 5: tico-tico331 folded before Flop (didn't bet)
Seat 6: GuigaMan folded on the Flop



PokerStars Hand #254405383585:  Hold'em No Limit ($0.50/$1.00 USD) - 2025/01/16 21:58:22 WET [2025/01/16 16:58:22 ET]
Table 'Eugenia IV' 6-max Seat #2 is the button
Seat 1: Rookus2 ($114.51 in chips) 
Seat 2: XneferX ($125.50 in chips) 
Seat 3: z00mba ($116.77 in chips) 
Seat 4: Kristo 914 ($100 in chips) 
Seat 5: tico-tico331 ($128.02 in chips) 
Seat 6: GuigaMan ($100 in chips) 
z00mba: posts small blind $0.50
Kristo 914: posts big blind $1
*** HOLE CARDS ***
tico-tico331: folds 
GuigaMan: folds 
Rookus2: folds 
XneferX: raises $1.77 to $2.77
z00mba: folds 
Kristo 914: folds 
Uncalled bet ($1.77) returned to XneferX
XneferX collected $2.50 from pot
XneferX: doesn't show hand 
*** SUMMARY ***
Total pot $2.50 | Rake $0 
Seat 1: Rookus2 folded before Flop (didn't bet)
Seat 2: XneferX (button) collected ($2.50)
Seat 3: z00mba (small blind) folded before Flop
Seat 4: Kristo 914 (big blind) folded before Flop
Seat 5: tico-tico331 folded before Flop (didn't bet)
Seat 6: GuigaMan folded before Flop (didn't bet)



PokerStars Hand #254405453542:  Hold'em No Limit ($0.50/$1.00 USD) - 2025/01/16 22:02:54 WET [2025/01/16 17:02:54 ET]
Table 'Eugenia IV' 6-max Seat #2 is the button
Seat 1: Rookus2 ($110.01 in chips) 
Seat 2: XneferX ($118.44 in chips) 
Seat 3: z00mba ($118.47 in chips) 
Seat 4: Kristo 914 ($101.50 in chips) 
Seat 5: tico-tico331 ($133.85 in chips) 
Seat 6: GuigaMan ($103 in chips) 
z00mba: posts small blind $0.50
Kristo 914: posts big blind $1
*** HOLE CARDS ***
tico-tico331: calls $1
GuigaMan: folds 
Rookus2: folds 
XneferX: folds 
z00mba: raises $3.50 to $4.50
Kristo 914: folds 
tico-tico331: calls $3.50
*** FLOP *** [Tc 7s 7c]
z00mba: checks 
tico-tico331: checks 
*** TURN *** [Tc 7s 7c] [9c]
z00mba: checks 
tico-tico331: bets $9.50
z00mba: folds 
Uncalled bet ($9.50) returned to tico-tico331
tico-tico331 collected $9.50 from pot
*** SUMMARY ***
Total pot $10 | Rake $0.50 
Board [Tc 7s 7c 9c]
Seat 1: Rookus2 folded before Flop (didn't bet)
Seat 2: XneferX (button) folded before Flop (didn't bet)
Seat 3: z00mba (small blind) folded on the Turn
Seat 4: Kristo 914 (big blind) folded before Flop
Seat 5: tico-tico331 collected ($9.50)
Seat 6: GuigaMan folded before Flop (didn't bet)



PokerStars Hand #254405468665:  Hold'em No Limit ($0.50/$1.00 USD) - 2025/01/16 22:03:42 WET [2025/01/16 17:03:42 ET]
Table 'Eugenia IV' 6-max Seat #3 is the button
Seat 1: Rookus2 ($110.01 in chips) 
Seat 2: XneferX ($118.44 in chips) 
Seat 3: z00mba ($113.97 in chips) 
Seat 4: Kristo 914 ($100.50 in chips) 
Seat 5: tico-tico331 ($138.85 in chips) 
Seat 6: GuigaMan ($103 in chips) 
Kristo 914: posts small blind $0.50
tico-tico331: posts big blind $1
*** HOLE CARDS ***
GuigaMan: folds 
Rookus2: raises $3 to $4
XneferX: folds 
z00mba: folds 
Kristo 914: folds 
tico-tico331: raises $7 to $11
Rookus2: calls $7
*** FLOP *** [6s 3d 9d]
tico-tico331: bets $4
Rookus2: raises $14.69 to $18.69
tico-tico331: raises $14.69 to $33.38
Rookus2: calls $14.69
*** TURN *** [6s 3d 9d] [9s]
tico-tico331: bets $94.47 and is all-in
Rookus2: calls $65.63 and is all-in
Uncalled bet ($28.84) returned to tico-tico331
*** RIVER *** [6s 3d 9d 9s] [Kc]
*** SHOW DOWN ***
tico-tico331: shows [Ah Ad] (two pair, Aces and Nines)
Rookus2: shows [As Ks] (two pair, Kings and Nines)
tico-tico331 collected $218.02 from pot
*** SUMMARY ***
Total pot $220.52 | Rake $2.50 
Board [6s 3d 9d 9s Kc]
Seat 1: Rookus2 showed [As Ks] and lost with two pair, Kings and Nines
Seat 2: XneferX folded before Flop (didn't bet)
Seat 3: z00mba (button) folded before Flop (didn't bet)
Seat 4: Kristo 914 (small blind) folded before Flop
Seat 5: tico-tico331 (big blind) showed [Ah Ad] and won ($218.02) with two pair, Aces and Nines
Seat 6: GuigaMan folded before Flop (didn't bet)



PokerStars Hand #254405491924:  Hold'em No Limit ($0.50/$1.00 USD) - 2025/01/16 22:04:58 WET [2025/01/16 17:04:58 ET]
Table 'Eugenia IV' 6-max Seat #4 is the button
Seat 1: Rookus2 ($0 in chips) is sitting out
Seat 2: XneferX ($118.44 in chips) 
Seat 3: z00mba ($113.97 in chips) 
Seat 4: Kristo 914 ($100 in chips) 
Seat 5: tico-tico331 ($246.86 in chips) 
Seat 6: GuigaMan ($103 in chips) 
tico-tico331: posts small blind $0.50
GuigaMan: posts big blind $1
*** HOLE CARDS ***
XneferX: raises $1.10 to $2.10
z00mba: folds 
Kristo 914: folds 
tico-tico331: folds 
GuigaMan: calls $1.10
*** FLOP *** [Js 3c Qh]
GuigaMan: checks 
Rookus2 leaves the table
XneferX: bets $1.52
GuigaMan: folds 
Uncalled bet ($1.52) returned to XneferX
tukeiron joins the table at seat #1 
XneferX collected $4.46 from pot
XneferX: doesn't show hand 
*** SUMMARY ***
Total pot $4.70 | Rake $0.24 
Board [Js 3c Qh]
Seat 1: Rookus2
Seat 2: XneferX collected ($4.46)
Seat 3: z00mba folded before Flop (didn't bet)
Seat 4: Kristo 914 (button) folded before Flop (didn't bet)
Seat 5: tico-tico331 (small blind) folded before Flop
Seat 6: GuigaMan (big blind) folded on the Flop



PokerStars Hand #254405503261:  Hold'em No Limit ($0.50/$1.00 USD) - 2025/01/16 22:05:35 WET [2025/01/16 17:05:35 ET]
Table 'Eugenia IV' 6-max Seat #5 is the button
Seat 1: tukeiron ($100 in chips) 
Seat 2: XneferX ($120.80 in chips) 
Seat 3: z00mba ($113.97 in chips) 
Seat 4: Kristo 914 ($100 in chips) 
Seat 5: tico-tico331 ($246.36 in chips) 
Seat 6: GuigaMan ($100.90 in chips) 
GuigaMan: posts small blind $0.50
tukeiron: posts big blind $1
*** HOLE CARDS ***
XneferX: folds 
z00mba: folds 
Kristo 914: raises $1.40 to $2.40
tico-tico331: folds 
GuigaMan: folds 
tukeiron: folds 
Uncalled bet ($1.40) returned to Kristo 914
Kristo 914 collected $2.50 from pot
Kristo 914: doesn't show hand 
*** SUMMARY ***
Total pot $2.50 | Rake $0 
Seat 1: tukeiron (big blind) folded before Flop
Seat 2: XneferX folded before Flop (didn't bet)
Seat 3: z00mba folded before Flop (didn't bet)
Seat 4: Kristo 914 collected ($2.50)
Seat 5: tico-tico331 (button) folded before Flop (didn't bet)
Seat 6: GuigaMan (small blind) folded before Flop



PokerStars Hand #254405509683:  Hold'em No Limit ($0.50/$1.00 USD) - 2025/01/16 22:05:55 WET [2025/01/16 17:05:55 ET]
Table 'Eugenia IV' 6-max Seat #6 is the button
Seat 1: tukeiron ($100 in chips) 
Seat 2: XneferX ($120.80 in chips) 
Seat 3: z00mba ($113.97 in chips) 
Seat 4: Kristo 914 ($101.50 in chips) 
Seat 5: tico-tico331 ($246.36 in chips) 
Seat 6: GuigaMan ($100.40 in chips) 
tukeiron: posts small blind $0.50
XneferX: posts big blind $1
*** HOLE CARDS ***
z00mba: folds 
Kristo 914: folds 
tico-tico331: raises $2 to $3
GuigaMan: folds 
tukeiron: folds 
XneferX: folds 
Uncalled bet ($2) returned to tico-tico331
tico-tico331 collected $2.50 from pot
*** SUMMARY ***
Total pot $2.50 | Rake $0 
Seat 1: tukeiron (small blind) folded before Flop
Seat 2: XneferX (big blind) folded before Flop
Seat 3: z00mba folded before Flop (didn't bet)
Seat 4: Kristo 914 folded before Flop (didn't bet)
Seat 5: tico-tico331 collected ($2.50)
Seat 6: GuigaMan (button) folded before Flop (didn't bet)



PokerStars Hand #254405519277:  Hold'em No Limit ($0.50/$1.00 USD) - 2025/01/16 22:06:26 WET [2025/01/16 17:06:26 ET]
Table 'Eugenia IV' 6-max Seat #1 is the button
Seat 1: tukeiron ($100 in chips) 
Seat 2: XneferX ($119.80 in chips) 
Seat 3: z00mba ($113.97 in chips) 
Seat 4: Kristo 914 ($101.50 in chips) 
Seat 5: tico-tico331 ($247.86 in chips) 
Seat 6: GuigaMan ($100.40 in chips) 
XneferX: posts small blind $0.50
z00mba: posts big blind $1
*** HOLE CARDS ***
Kristo 914: folds 
tico-tico331: folds 
GuigaMan: folds 
tukeiron: raises $1.50 to $2.50
XneferX: raises $9.50 to $12
z00mba: folds 
tukeiron: calls $9.50
*** FLOP *** [9s Tc Ad]
XneferX: bets $6.17
tukeiron: calls $6.17
*** TURN *** [9s Tc Ad] [4h]
XneferX: bets $18.09
tukeiron: folds 
Uncalled bet ($18.09) returned to XneferX
XneferX collected $35.47 from pot
XneferX: doesn't show hand 
*** SUMMARY ***
Total pot $37.34 | Rake $1.87 
Board [9s Tc Ad 4h]
Seat 1: tukeiron (button) folded on the Turn
Seat 2: XneferX (small blind) collected ($35.47)
Seat 3: z00mba (big blind) folded before Flop
Seat 4: Kristo 914 folded before Flop (didn't bet)
Seat 5: tico-tico331 folded before Flop (didn't bet)
Seat 6: GuigaMan folded before Flop (didn't bet)



PokerStars Hand #254405548146:  Hold'em No Limit ($0.50/$1.00 USD) - 2025/01/16 22:08:01 WET [2025/01/16 17:08:01 ET]
Table 'Eugenia IV' 6-max Seat #2 is the button
Seat 1: tukeiron ($100 in chips) 
Seat 2: XneferX ($137.10 in chips) 
Seat 3: z00mba ($112.97 in chips) 
Seat 4: Kristo 914 ($101.50 in chips) 
Seat 5: tico-tico331 ($247.86 in chips) 
Seat 6: GuigaMan ($100.40 in chips) 
z00mba: posts small blind $0.50
Kristo 914: posts big blind $1
*** HOLE CARDS ***
tico-tico331: folds 
GuigaMan: folds 
tukeiron: folds 
tico-tico331 leaves the table
XneferX: folds 
z00mba: folds 
Uncalled bet ($0.50) returned to Kristo 914
GuigaMan leaves the table
Kristo 914 collected $1 from pot
Kristo 914: doesn't show hand 
*** SUMMARY ***
Total pot $1 | Rake $0 
Seat 1: tukeiron folded before Flop (didn't bet)
Seat 2: XneferX (button) folded before Flop (didn't bet)
Seat 3: z00mba (small blind) folded before Flop
Seat 4: Kristo 914 (big blind) collected ($1)
Seat 5: tico-tico331 folded before Flop (didn't bet)
Seat 6: GuigaMan folded before Flop (didn't bet)



PokerStars Hand #254405556733:  Hold'em No Limit ($0.50/$1.00 USD) - 2025/01/16 22:08:29 WET [2025/01/16 17:08:29 ET]
Table 'Eugenia IV' 6-max Seat #3 is the button
Seat 1: tukeiron ($100 in chips) 
Seat 2: XneferX ($137.10 in chips) 
Seat 3: z00mba ($112.47 in chips) 
Seat 4: Kristo 914 ($102 in chips) 
Kristo 914: posts small blind $0.50
tukeiron: posts big blind $1
*** HOLE CARDS ***
XneferX: folds 
z00mba: folds 
kars0n joins the table at seat #6 
Kristo 914: raises $2 to $3
tukeiron: calls $2
*** FLOP *** [5h Td Tc]
Kristo 914: checks 
tukeiron: checks 
*** TURN *** [5h Td Tc] [Kd]
Kristo 914: checks 
tukeiron: checks 
*** RIVER *** [5h Td Tc Kd] [9s]
Kristo 914: checks 
tukeiron: checks 
*** SHOW DOWN ***
Kristo 914: shows [Ad Js] (a pair of Tens)
tukeiron: mucks hand 
Kristo 914 collected $5.70 from pot
*** SUMMARY ***
Total pot $6 | Rake $0.30 
Board [5h Td Tc Kd 9s]
Seat 1: tukeiron (big blind) mucked
Seat 2: XneferX folded before Flop (didn't bet)
Seat 3: z00mba (button) folded before Flop (didn't bet)
Seat 4: Kristo 914 (small blind) showed [Ad Js] and won ($5.70) with a pair of Tens



PokerStars Hand #254405572743:  Hold'em No Limit ($0.50/$1.00 USD) - 2025/01/16 22:09:22 WET [2025/01/16 17:09:22 ET]
Table 'Eugenia IV' 6-max Seat #1 is the button
Seat 2: XneferX ($137.10 in chips) is sitting out
Seat 3: z00mba ($112.47 in chips) is sitting out
Seat 6: kars0n ($100 in chips) is sitting out
Seat 1: tukeiron ($100 in chips) 
Seat 4: Kristo 914 ($104.70 in chips) 
tukeiron: posts small blind $0.50
XneferX: is sitting out 
z00mba: is sitting out 
Kristo 914: posts big blind $1
*** HOLE CARDS ***
tukeiron: folds 
Uncalled bet ($0.50) returned to Kristo 914
Kristo 914 collected $1 from pot
Kristo 914: doesn't show hand 
tukeiron leaves the table
XneferX leaves the table
*** SUMMARY ***
Total pot $1 | Rake $0 
Seat 2: XneferX
Seat 3: z00mba
Seat 6: kars0n
Seat 1: tukeiron (button) (small blind) folded before Flop
Seat 4: Kristo 914 (big blind) collected ($1)



PokerStars Hand #254405575356:  Hold'em No Limit ($0.50/$1.00 USD) - 2025/01/16 22:09:30 WET [2025/01/16 17:09:30 ET]
Table 'Eugenia IV' 6-max Seat #4 is the button
Seat 3: z00mba ($112.47 in chips) is sitting out
Seat 4: Kristo 914 ($105.20 in chips) 
Seat 6: kars0n ($100 in chips) 
Kristo 914: posts small blind $0.50
kars0n: posts big blind $1
*** HOLE CARDS ***
Kristo 914: folds 
Uncalled bet ($0.50) returned to kars0n
Kristo 914 leaves the table
kars0n collected $1 from pot
kars0n: doesn't show hand 
*** SUMMARY ***
Total pot $1 | Rake $0 
Seat 3: z00mba
Seat 4: Kristo 914 (button) (small blind) folded before Flop
Seat 6: kars0n (big blind) collected ($1)



