PokerStars Hand #254398927936:  Hold'em No Limit ($0.50/$1.00 USD) - 2025/01/16 15:47:21 WET [2025/01/16 10:47:21 ET]
Table 'Pulcherrima III' 6-max Seat #4 is the button
Seat 1: worker0k ($100 in chips) 
Seat 2: Lopes2200 ($40.80 in chips) 
Seat 3: CallMeeeCraig ($100 in chips) 
Seat 4: Aescul@pius ($100 in chips) 
Seat 5: Cositorto ($100 in chips) 
Seat 6: app1e_j@ck ($104.27 in chips) 
Cositorto: posts small blind $0.50
app1e_j@ck: posts big blind $1
Lopes2200: posts big blind $1
*** HOLE CARDS ***
worker0k: folds 
Lopes2200: checks 
CallMeeeCraig: raises $2 to $3
Aescul@pius: folds 
Cositorto: folds 
app1e_j@ck: folds 
Lopes2200: calls $2
*** FLOP *** [6d 3c 2c]
Lopes2200: checks 
CallMeeeCraig: bets $2.35
Lopes2200: raises $2.35 to $4.70
CallMeeeCraig: calls $2.35
*** TURN *** [6d 3c 2c] [6c]
Lopes2200: bets $16.06
CallMeeeCraig: folds 
Uncalled bet ($16.06) returned to Lopes2200
Lopes2200 collected $16.06 from pot
*** SUMMARY ***
Total pot $16.90 | Rake $0.84 
Board [6d 3c 2c 6c]
Seat 1: worker0k folded before Flop (didn't bet)
Seat 2: Lopes2200 collected ($16.06)
Seat 3: CallMeeeCraig folded on the Turn
Seat 4: Aescul@pius (button) folded before Flop (didn't bet)
Seat 5: Cositorto (small blind) folded before Flop
Seat 6: app1e_j@ck (big blind) folded before Flop



PokerStars Hand #254398945747:  Hold'em No Limit ($0.50/$1.00 USD) - 2025/01/16 15:48:45 WET [2025/01/16 10:48:45 ET]
Table 'Pulcherrima III' 6-max Seat #5 is the button
Seat 1: worker0k ($100 in chips) 
Seat 2: Lopes2200 ($49.16 in chips) 
Seat 3: CallMeeeCraig ($100 in chips) 
Seat 4: Aescul@pius ($100 in chips) 
Seat 5: Cositorto ($100 in chips) 
Seat 6: app1e_j@ck ($103.27 in chips) 
app1e_j@ck: posts small blind $0.50
worker0k: posts big blind $1
*** HOLE CARDS ***
Lopes2200: folds 
CallMeeeCraig: folds 
Aescul@pius: folds 
Cositorto: folds 
app1e_j@ck: raises $2 to $3
worker0k: folds 
Uncalled bet ($2) returned to app1e_j@ck
app1e_j@ck collected $2 from pot
app1e_j@ck: doesn't show hand 
*** SUMMARY ***
Total pot $2 | Rake $0 
Seat 1: worker0k (big blind) folded before Flop
Seat 2: Lopes2200 folded before Flop (didn't bet)
Seat 3: CallMeeeCraig folded before Flop (didn't bet)
Seat 4: Aescul@pius folded before Flop (didn't bet)
Seat 5: Cositorto (button) folded before Flop (didn't bet)
Seat 6: app1e_j@ck (small blind) collected ($2)



PokerStars Hand #254398949839:  Hold'em No Limit ($0.50/$1.00 USD) - 2025/01/16 15:49:04 WET [2025/01/16 10:49:04 ET]
Table 'Pulcherrima III' 6-max Seat #6 is the button
Seat 1: worker0k ($100 in chips) 
Seat 2: Lopes2200 ($49.16 in chips) 
Seat 3: CallMeeeCraig ($100 in chips) 
Seat 4: Aescul@pius ($100 in chips) 
Seat 5: Cositorto ($100 in chips) 
Seat 6: app1e_j@ck ($104.27 in chips) 
worker0k: posts small blind $0.50
Lopes2200: posts big blind $1
*** HOLE CARDS ***
CallMeeeCraig: folds 
Aescul@pius: raises $1 to $2
Cositorto: folds 
app1e_j@ck: folds 
worker0k: folds 
Lopes2200: calls $1
*** FLOP *** [9d 6d 2d]
Lopes2200: bets $1
Aescul@pius: calls $1
*** TURN *** [9d 6d 2d] [5c]
Lopes2200: checks 
Aescul@pius: checks 
*** RIVER *** [9d 6d 2d 5c] [2c]
Lopes2200: checks 
Aescul@pius: checks 
*** SHOW DOWN ***
Lopes2200: shows [Th Jd] (a pair of Deuces)
Aescul@pius: shows [7d 7h] (two pair, Sevens and Deuces)
Aescul@pius collected $6.18 from pot
*** SUMMARY ***
Total pot $6.50 | Rake $0.32 
Board [9d 6d 2d 5c 2c]
Seat 1: worker0k (small blind) folded before Flop
Seat 2: Lopes2200 (big blind) showed [Th Jd] and lost with a pair of Deuces
Seat 3: CallMeeeCraig folded before Flop (didn't bet)
Seat 4: Aescul@pius showed [7d 7h] and won ($6.18) with two pair, Sevens and Deuces
Seat 5: Cositorto folded before Flop (didn't bet)
Seat 6: app1e_j@ck (button) folded before Flop (didn't bet)



PokerStars Hand #254398965655:  Hold'em No Limit ($0.50/$1.00 USD) - 2025/01/16 15:50:19 WET [2025/01/16 10:50:19 ET]
Table 'Pulcherrima III' 6-max Seat #1 is the button
Seat 1: worker0k ($100 in chips) 
Seat 2: Lopes2200 ($46.16 in chips) 
Seat 3: CallMeeeCraig ($100 in chips) 
Seat 4: Aescul@pius ($103.18 in chips) 
Seat 5: Cositorto ($100 in chips) 
Seat 6: app1e_j@ck ($104.27 in chips) 
Lopes2200: posts small blind $0.50
CallMeeeCraig: posts big blind $1
*** HOLE CARDS ***
Aescul@pius: raises $1 to $2
Cositorto: folds 
app1e_j@ck: folds 
worker0k: raises $5 to $7
Lopes2200: folds 
CallMeeeCraig: folds 
Aescul@pius: folds 
Uncalled bet ($5) returned to worker0k
worker0k collected $5.50 from pot
*** SUMMARY ***
Total pot $5.50 | Rake $0 
Seat 1: worker0k (button) collected ($5.50)
Seat 2: Lopes2200 (small blind) folded before Flop
Seat 3: CallMeeeCraig (big blind) folded before Flop
Seat 4: Aescul@pius folded before Flop
Seat 5: Cositorto folded before Flop (didn't bet)
Seat 6: app1e_j@ck folded before Flop (didn't bet)



PokerStars Hand #254398972186:  Hold'em No Limit ($0.50/$1.00 USD) - 2025/01/16 15:50:51 WET [2025/01/16 10:50:51 ET]
Table 'Pulcherrima III' 6-max Seat #2 is the button
Seat 1: worker0k ($103.50 in chips) 
Seat 2: Lopes2200 ($45.66 in chips) 
Seat 3: CallMeeeCraig ($100 in chips) 
Seat 4: Aescul@pius ($101.18 in chips) 
Seat 5: Cositorto ($100 in chips) 
Seat 6: app1e_j@ck ($104.27 in chips) 
CallMeeeCraig: posts small blind $0.50
Aescul@pius: posts big blind $1
*** HOLE CARDS ***
Cositorto: folds 
app1e_j@ck: folds 
worker0k: raises $1 to $2
Lopes2200: calls $2
CallMeeeCraig: folds 
Aescul@pius: folds 
*** FLOP *** [Kh Kd Th]
worker0k: bets $1.50
Lopes2200: calls $1.50
*** TURN *** [Kh Kd Th] [4s]
worker0k: checks 
Lopes2200: checks 
*** RIVER *** [Kh Kd Th 4s] [Qs]
worker0k: checks 
Lopes2200: checks 
*** SHOW DOWN ***
worker0k: shows [Js Tc] (two pair, Kings and Tens)
Lopes2200: mucks hand 
worker0k collected $8.08 from pot
*** SUMMARY ***
Total pot $8.50 | Rake $0.42 
Board [Kh Kd Th 4s Qs]
Seat 1: worker0k showed [Js Tc] and won ($8.08) with two pair, Kings and Tens
Seat 2: Lopes2200 (button) mucked
Seat 3: CallMeeeCraig (small blind) folded before Flop
Seat 4: Aescul@pius (big blind) folded before Flop
Seat 5: Cositorto folded before Flop (didn't bet)
Seat 6: app1e_j@ck folded before Flop (didn't bet)



PokerStars Hand #254398980874:  Hold'em No Limit ($0.50/$1.00 USD) - 2025/01/16 15:51:33 WET [2025/01/16 10:51:33 ET]
Table 'Pulcherrima III' 6-max Seat #3 is the button
Seat 1: worker0k ($108.08 in chips) 
Seat 2: Lopes2200 ($42.16 in chips) 
Seat 3: CallMeeeCraig ($100 in chips) 
Seat 4: Aescul@pius ($100.18 in chips) 
Seat 5: Cositorto ($100 in chips) 
Seat 6: app1e_j@ck ($104.27 in chips) 
Aescul@pius: posts small blind $0.50
Cositorto: posts big blind $1
*** HOLE CARDS ***
app1e_j@ck: raises $1.50 to $2.50
worker0k: folds 
Lopes2200: calls $2.50
CallMeeeCraig: folds 
Aescul@pius: folds 
Cositorto: folds 
*** FLOP *** [9h Kd Tc]
app1e_j@ck: checks 
Lopes2200: checks 
*** TURN *** [9h Kd Tc] [3h]
app1e_j@ck: checks 
Lopes2200: bets $3.09
app1e_j@ck: folds 
Uncalled bet ($3.09) returned to Lopes2200
Lopes2200 collected $6.18 from pot
*** SUMMARY ***
Total pot $6.50 | Rake $0.32 
Board [9h Kd Tc 3h]
Seat 1: worker0k folded before Flop (didn't bet)
Seat 2: Lopes2200 collected ($6.18)
Seat 3: CallMeeeCraig (button) folded before Flop (didn't bet)
Seat 4: Aescul@pius (small blind) folded before Flop
Seat 5: Cositorto (big blind) folded before Flop
Seat 6: app1e_j@ck folded on the Turn



PokerStars Hand #254398992054:  Hold'em No Limit ($0.50/$1.00 USD) - 2025/01/16 15:52:26 WET [2025/01/16 10:52:26 ET]
Table 'Pulcherrima III' 6-max Seat #4 is the button
Seat 1: worker0k ($108.08 in chips) 
Seat 2: Lopes2200 ($45.84 in chips) 
Seat 3: CallMeeeCraig ($100 in chips) 
Seat 4: Aescul@pius ($100 in chips) 
Seat 5: Cositorto ($100 in chips) 
Seat 6: app1e_j@ck ($101.77 in chips) 
Cositorto: posts small blind $0.50
app1e_j@ck: posts big blind $1
*** HOLE CARDS ***
worker0k: raises $1.30 to $2.30
Lopes2200: folds 
CallMeeeCraig: folds 
Aescul@pius: folds 
Cositorto: folds 
app1e_j@ck: folds 
Uncalled bet ($1.30) returned to worker0k
worker0k collected $2.50 from pot
*** SUMMARY ***
Total pot $2.50 | Rake $0 
Seat 1: worker0k collected ($2.50)
Seat 2: Lopes2200 folded before Flop (didn't bet)
Seat 3: CallMeeeCraig folded before Flop (didn't bet)
Seat 4: Aescul@pius (button) folded before Flop (didn't bet)
Seat 5: Cositorto (small blind) folded before Flop
Seat 6: app1e_j@ck (big blind) folded before Flop



PokerStars Hand #254398996026:  Hold'em No Limit ($0.50/$1.00 USD) - 2025/01/16 15:52:45 WET [2025/01/16 10:52:45 ET]
Table 'Pulcherrima III' 6-max Seat #5 is the button
Seat 1: worker0k ($109.58 in chips) is sitting out
Seat 2: Lopes2200 ($45.84 in chips) 
Seat 3: CallMeeeCraig ($100 in chips) 
Seat 4: Aescul@pius ($100 in chips) 
Seat 5: Cositorto ($100 in chips) 
Seat 6: app1e_j@ck ($100.77 in chips) 
app1e_j@ck: posts small blind $0.50
worker0k: is sitting out 
Lopes2200: posts big blind $1
*** HOLE CARDS ***
worker0k leaves the table
CallMeeeCraig: folds 
Aescul@pius: raises $1 to $2
Evelexy1 joins the table at seat #1 
Cositorto: calls $2
app1e_j@ck: folds 
Lopes2200: calls $1
*** FLOP *** [4h 3h Td]
Lopes2200: checks 
Aescul@pius: checks 
Cositorto: bets $3.09
Lopes2200: folds 
Aescul@pius: folds 
Uncalled bet ($3.09) returned to Cositorto
Cositorto collected $6.18 from pot
Cositorto: doesn't show hand 
*** SUMMARY ***
Total pot $6.50 | Rake $0.32 
Board [4h 3h Td]
Seat 1: worker0k
Seat 2: Lopes2200 (big blind) folded on the Flop
Seat 3: CallMeeeCraig folded before Flop (didn't bet)
Seat 4: Aescul@pius folded on the Flop
Seat 5: Cositorto (button) collected ($6.18)
Seat 6: app1e_j@ck (small blind) folded before Flop



PokerStars Hand #254399007803:  Hold'em No Limit ($0.50/$1.00 USD) - 2025/01/16 15:53:42 WET [2025/01/16 10:53:42 ET]
Table 'Pulcherrima III' 6-max Seat #6 is the button
Seat 1: Evelexy1 ($100 in chips) is sitting out
Seat 2: Lopes2200 ($43.84 in chips) 
Seat 3: CallMeeeCraig ($100 in chips) 
Seat 4: Aescul@pius ($100 in chips) 
Seat 5: Cositorto ($104.18 in chips) 
Seat 6: app1e_j@ck ($100.27 in chips) 
Lopes2200: posts small blind $0.50
CallMeeeCraig: posts big blind $1
*** HOLE CARDS ***
Aescul@pius: folds 
Cositorto: raises $1 to $2
app1e_j@ck: calls $2
Lopes2200: folds 
CallMeeeCraig: folds 
*** FLOP *** [7h 4h 9h]
Cositorto: checks 
app1e_j@ck: checks 
*** TURN *** [7h 4h 9h] [2h]
Cositorto: bets $1.41
app1e_j@ck: folds 
Uncalled bet ($1.41) returned to Cositorto
Cositorto collected $5.22 from pot
Cositorto: doesn't show hand 
*** SUMMARY ***
Total pot $5.50 | Rake $0.28 
Board [7h 4h 9h 2h]
Seat 1: Evelexy1
Seat 2: Lopes2200 (small blind) folded before Flop
Seat 3: CallMeeeCraig (big blind) folded before Flop
Seat 4: Aescul@pius folded before Flop (didn't bet)
Seat 5: Cositorto collected ($5.22)
Seat 6: app1e_j@ck (button) folded on the Turn



PokerStars Hand #254399016200:  Hold'em No Limit ($0.50/$1.00 USD) - 2025/01/16 15:54:23 WET [2025/01/16 10:54:23 ET]
Table 'Pulcherrima III' 6-max Seat #2 is the button
Seat 1: Evelexy1 ($100 in chips) is sitting out
Seat 2: Lopes2200 ($43.34 in chips) 
Seat 3: CallMeeeCraig ($100 in chips) 
Seat 4: Aescul@pius ($100 in chips) 
Seat 5: Cositorto ($107.40 in chips) 
Seat 6: app1e_j@ck ($100 in chips) 
CallMeeeCraig: posts small blind $0.50
Aescul@pius: posts big blind $1
Evelexy1: sits out 
*** HOLE CARDS ***
Cositorto: folds 
app1e_j@ck: folds 
Lopes2200: calls $1
CallMeeeCraig: folds 
Aescul@pius: checks 
*** FLOP *** [7c Qc As]
Aescul@pius: checks 
Lopes2200: checks 
*** TURN *** [7c Qc As] [3c]
Aescul@pius: bets $1.19
Lopes2200: calls $1.19
*** RIVER *** [7c Qc As 3c] [8d]
Aescul@pius: bets $3.43
Lopes2200: folds 
Uncalled bet ($3.43) returned to Aescul@pius
Aescul@pius collected $4.64 from pot
Aescul@pius: doesn't show hand 
*** SUMMARY ***
Total pot $4.88 | Rake $0.24 
Board [7c Qc As 3c 8d]
Seat 1: Evelexy1
Seat 2: Lopes2200 (button) folded on the River
Seat 3: CallMeeeCraig (small blind) folded before Flop
Seat 4: Aescul@pius (big blind) collected ($4.64)
Seat 5: Cositorto folded before Flop (didn't bet)
Seat 6: app1e_j@ck folded before Flop (didn't bet)



PokerStars Hand #254399028661:  Hold'em No Limit ($0.50/$1.00 USD) - 2025/01/16 15:55:28 WET [2025/01/16 10:55:28 ET]
Table 'Pulcherrima III' 6-max Seat #3 is the button
Seat 1: Evelexy1 ($100 in chips) is sitting out
Seat 2: Lopes2200 ($41.15 in chips) 
Seat 3: CallMeeeCraig ($100 in chips) 
Seat 4: Aescul@pius ($102.45 in chips) 
Seat 5: Cositorto ($107.40 in chips) 
Seat 6: app1e_j@ck ($100 in chips) 
Aescul@pius: posts small blind $0.50
Cositorto: posts big blind $1
Evelexy1: sits out 
*** HOLE CARDS ***
app1e_j@ck: folds 
Lopes2200: raises $2 to $3
CallMeeeCraig: folds 
Aescul@pius: calls $2.50
Cositorto: folds 
*** FLOP *** [Tc Qs Ks]
Aescul@pius: checks 
Lopes2200 is connected 
Lopes2200: bets $3.33
Aescul@pius: folds 
Uncalled bet ($3.33) returned to Lopes2200
Lopes2200 collected $6.65 from pot
*** SUMMARY ***
Total pot $7 | Rake $0.35 
Board [Tc Qs Ks]
Seat 1: Evelexy1
Seat 2: Lopes2200 collected ($6.65)
Seat 3: CallMeeeCraig (button) folded before Flop (didn't bet)
Seat 4: Aescul@pius (small blind) folded on the Flop
Seat 5: Cositorto (big blind) folded before Flop
Seat 6: app1e_j@ck folded before Flop (didn't bet)



PokerStars Hand #254399034029:  Hold'em No Limit ($0.50/$1.00 USD) - 2025/01/16 15:56:03 WET [2025/01/16 10:56:03 ET]
Table 'Pulcherrima III' 6-max Seat #4 is the button
Seat 1: Evelexy1 ($100 in chips) is sitting out
Seat 2: Lopes2200 ($44.80 in chips) 
Seat 3: CallMeeeCraig ($100 in chips) 
Seat 4: Aescul@pius ($100 in chips) 
Seat 5: Cositorto ($106.40 in chips) 
Seat 6: app1e_j@ck ($100 in chips) 
Cositorto: posts small blind $0.50
app1e_j@ck: posts big blind $1
Evelexy1: sits out 
*** HOLE CARDS ***
Lopes2200: raises $1 to $2
CallMeeeCraig: folds 
Aescul@pius: folds 
Cositorto: folds 
app1e_j@ck: folds 
Uncalled bet ($1) returned to Lopes2200
Lopes2200 collected $2.50 from pot
*** SUMMARY ***
Total pot $2.50 | Rake $0 
Seat 1: Evelexy1
Seat 2: Lopes2200 collected ($2.50)
Seat 3: CallMeeeCraig folded before Flop (didn't bet)
Seat 4: Aescul@pius (button) folded before Flop (didn't bet)
Seat 5: Cositorto (small blind) folded before Flop
Seat 6: app1e_j@ck (big blind) folded before Flop



PokerStars Hand #254399036737:  Hold'em No Limit ($0.50/$1.00 USD) - 2025/01/16 15:56:20 WET [2025/01/16 10:56:20 ET]
Table 'Pulcherrima III' 6-max Seat #5 is the button
Seat 1: Evelexy1 ($100 in chips) 
Seat 2: Lopes2200 ($46.30 in chips) 
Seat 3: CallMeeeCraig ($100 in chips) 
Seat 4: Aescul@pius ($100 in chips) 
Seat 5: Cositorto ($105.90 in chips) 
Seat 6: app1e_j@ck ($100 in chips) 
app1e_j@ck: posts small blind $0.50
Evelexy1: posts big blind $1
*** HOLE CARDS ***
Lopes2200: folds 
CallMeeeCraig: folds 
Aescul@pius: raises $1.20 to $2.20
Cositorto: folds 
app1e_j@ck: raises $10.30 to $12.50
Evelexy1: folds 
Aescul@pius: folds 
Uncalled bet ($10.30) returned to app1e_j@ck
app1e_j@ck collected $5.40 from pot
app1e_j@ck: doesn't show hand 
*** SUMMARY ***
Total pot $5.40 | Rake $0 
Seat 1: Evelexy1 (big blind) folded before Flop
Seat 2: Lopes2200 folded before Flop (didn't bet)
Seat 3: CallMeeeCraig folded before Flop (didn't bet)
Seat 4: Aescul@pius folded before Flop
Seat 5: Cositorto (button) folded before Flop (didn't bet)
Seat 6: app1e_j@ck (small blind) collected ($5.40)



PokerStars Hand #254399041628:  Hold'em No Limit ($0.50/$1.00 USD) - 2025/01/16 15:56:51 WET [2025/01/16 10:56:51 ET]
Table 'Pulcherrima III' 6-max Seat #6 is the button
Seat 1: Evelexy1 ($100 in chips) 
Seat 2: Lopes2200 ($46.30 in chips) 
Seat 3: CallMeeeCraig ($100 in chips) 
Seat 4: Aescul@pius ($100 in chips) 
Seat 5: Cositorto ($105.90 in chips) 
Seat 6: app1e_j@ck ($103.20 in chips) 
Evelexy1: posts small blind $0.50
Lopes2200: posts big blind $1
*** HOLE CARDS ***
CallMeeeCraig: folds 
Aescul@pius: raises $1.20 to $2.20
Cositorto: folds 
app1e_j@ck: folds 
Evelexy1: folds 
Lopes2200: raises $2.20 to $4.40
Aescul@pius: calls $2.20
*** FLOP *** [Jh 4s Qh]
Lopes2200: bets $8.84
Aescul@pius: raises $86.76 to $95.60 and is all-in
Lopes2200: calls $33.06 and is all-in
Uncalled bet ($53.70) returned to Aescul@pius
*** TURN *** [Jh 4s Qh] [5d]
*** RIVER *** [Jh 4s Qh 5d] [Ks]
*** SHOW DOWN ***
Lopes2200: shows [Kc Kh] (three of a kind, Kings)
Aescul@pius: shows [Ah 8h] (high card Ace)
Lopes2200 collected $90.60 from pot
*** SUMMARY ***
Total pot $93.10 | Rake $2.50 
Board [Jh 4s Qh 5d Ks]
Seat 1: Evelexy1 (small blind) folded before Flop
Seat 2: Lopes2200 (big blind) showed [Kc Kh] and won ($90.60) with three of a kind, Kings
Seat 3: CallMeeeCraig folded before Flop (didn't bet)
Seat 4: Aescul@pius showed [Ah 8h] and lost with high card Ace
Seat 5: Cositorto folded before Flop (didn't bet)
Seat 6: app1e_j@ck (button) folded before Flop (didn't bet)



PokerStars Hand #254399048154:  Hold'em No Limit ($0.50/$1.00 USD) - 2025/01/16 15:57:33 WET [2025/01/16 10:57:33 ET]
Table 'Pulcherrima III' 6-max Seat #1 is the button
Seat 1: Evelexy1 ($100 in chips) 
Seat 2: Lopes2200 ($90.60 in chips) 
Seat 3: CallMeeeCraig ($100 in chips) 
Seat 4: Aescul@pius ($100 in chips) 
Seat 5: Cositorto ($105.90 in chips) 
Seat 6: app1e_j@ck ($103.20 in chips) 
Lopes2200: posts small blind $0.50
CallMeeeCraig: posts big blind $1
*** HOLE CARDS ***
Aescul@pius: folds 
Aescul@pius leaves the table
Cositorto: folds 
app1e_j@ck: folds 
Evelexy1: folds 
Lopes2200: folds 
Uncalled bet ($0.50) returned to CallMeeeCraig
CallMeeeCraig collected $1 from pot
CallMeeeCraig: doesn't show hand 
*** SUMMARY ***
Total pot $1 | Rake $0 
Seat 1: Evelexy1 (button) folded before Flop (didn't bet)
Seat 2: Lopes2200 (small blind) folded before Flop
Seat 3: CallMeeeCraig (big blind) collected ($1)
Seat 4: Aescul@pius folded before Flop (didn't bet)
Seat 5: Cositorto folded before Flop (didn't bet)
Seat 6: app1e_j@ck folded before Flop (didn't bet)



PokerStars Hand #254399050225:  Hold'em No Limit ($0.50/$1.00 USD) - 2025/01/16 15:57:46 WET [2025/01/16 10:57:46 ET]
Table 'Pulcherrima III' 6-max Seat #2 is the button
Seat 1: Evelexy1 ($100 in chips) 
Seat 2: Lopes2200 ($90.10 in chips) 
Seat 3: CallMeeeCraig ($100.50 in chips) 
Seat 5: Cositorto ($105.90 in chips) 
Seat 6: app1e_j@ck ($103.20 in chips) 
CallMeeeCraig: posts small blind $0.50
Cositorto: posts big blind $1
*** HOLE CARDS ***
app1e_j@ck: folds 
Evelexy1: folds 
magzi777 joins the table at seat #4 
Lopes2200: calls $1
CallMeeeCraig: folds 
Cositorto: checks 
*** FLOP *** [4h 6c 9c]
Cositorto: checks 
Lopes2200: checks 
*** TURN *** [4h 6c 9c] [Qd]
Cositorto: checks 
Lopes2200: bets $1
Cositorto: folds 
Uncalled bet ($1) returned to Lopes2200
Lopes2200 collected $2.38 from pot
*** SUMMARY ***
Total pot $2.50 | Rake $0.12 
Board [4h 6c 9c Qd]
Seat 1: Evelexy1 folded before Flop (didn't bet)
Seat 2: Lopes2200 (button) collected ($2.38)
Seat 3: CallMeeeCraig (small blind) folded before Flop
Seat 5: Cositorto (big blind) folded on the Turn
Seat 6: app1e_j@ck folded before Flop (didn't bet)



PokerStars Hand #254399061201:  Hold'em No Limit ($0.50/$1.00 USD) - 2025/01/16 15:58:54 WET [2025/01/16 10:58:54 ET]
Table 'Pulcherrima III' 6-max Seat #3 is the button
Seat 4: magzi777 ($100 in chips) is sitting out
Seat 1: Evelexy1 ($100 in chips) 
Seat 2: Lopes2200 ($91.48 in chips) 
Seat 3: CallMeeeCraig ($100 in chips) 
Seat 5: Cositorto ($104.90 in chips) 
Seat 6: app1e_j@ck ($103.20 in chips) 
Cositorto: posts small blind $0.50
app1e_j@ck: posts big blind $1
*** HOLE CARDS ***
Evelexy1: folds 
Lopes2200: raises $2 to $3
CallMeeeCraig: folds 
Cositorto: raises $10.50 to $13.50
app1e_j@ck: folds 
Lopes2200: calls $10.50
*** FLOP *** [3d 2s 4d]
Cositorto: bets $19.95
Lopes2200: raises $58.03 to $77.98 and is all-in
Cositorto: calls $58.03
*** TURN *** [3d 2s 4d] [2c]
*** RIVER *** [3d 2s 4d 2c] [Th]
*** SHOW DOWN ***
Cositorto: shows [6s 6h] (two pair, Sixes and Deuces)
Lopes2200: shows [Js Jd] (two pair, Jacks and Deuces)
Lopes2200 collected $181.46 from pot
*** SUMMARY ***
Total pot $183.96 | Rake $2.50 
Board [3d 2s 4d 2c Th]
Seat 4: magzi777
Seat 1: Evelexy1 folded before Flop (didn't bet)
Seat 2: Lopes2200 showed [Js Jd] and won ($181.46) with two pair, Jacks and Deuces
Seat 3: CallMeeeCraig (button) folded before Flop (didn't bet)
Seat 5: Cositorto (small blind) showed [6s 6h] and lost with two pair, Sixes and Deuces
Seat 6: app1e_j@ck (big blind) folded before Flop



PokerStars Hand #254399073012:  Hold'em No Limit ($0.50/$1.00 USD) - 2025/01/16 16:00:06 WET [2025/01/16 11:00:06 ET]
Table 'Pulcherrima III' 6-max Seat #5 is the button
Seat 4: magzi777 ($100 in chips) is sitting out
Seat 1: Evelexy1 ($100 in chips) 
Seat 2: Lopes2200 ($181.46 in chips) 
Seat 3: CallMeeeCraig ($100 in chips) 
Seat 5: Cositorto ($100 in chips) 
Seat 6: app1e_j@ck ($102.20 in chips) 
app1e_j@ck: posts small blind $0.50
Evelexy1: posts big blind $1
magzi777: sits out 
*** HOLE CARDS ***
Lopes2200: calls $1
CallMeeeCraig: raises $1.05 to $2.05
Cositorto: folds 
app1e_j@ck: folds 
Evelexy1: raises $10.95 to $13
Lopes2200: folds 
CallMeeeCraig: folds 
Uncalled bet ($10.95) returned to Evelexy1
Evelexy1 collected $5.60 from pot
Evelexy1: doesn't show hand 
*** SUMMARY ***
Total pot $5.60 | Rake $0 
Seat 4: magzi777
Seat 1: Evelexy1 (big blind) collected ($5.60)
Seat 2: Lopes2200 folded before Flop
Seat 3: CallMeeeCraig folded before Flop
Seat 5: Cositorto (button) folded before Flop (didn't bet)
Seat 6: app1e_j@ck (small blind) folded before Flop



PokerStars Hand #254399082718:  Hold'em No Limit ($0.50/$1.00 USD) - 2025/01/16 16:01:02 WET [2025/01/16 11:01:02 ET]
Table 'Pulcherrima III' 6-max Seat #6 is the button
Seat 4: magzi777 ($100 in chips) is sitting out
Seat 1: Evelexy1 ($103.55 in chips) 
Seat 2: Lopes2200 ($180.46 in chips) 
Seat 3: CallMeeeCraig ($100 in chips) 
Seat 5: Cositorto ($100 in chips) 
Seat 6: app1e_j@ck ($101.70 in chips) 
Evelexy1: posts small blind $0.50
Lopes2200: posts big blind $1
magzi777: sits out 
*** HOLE CARDS ***
CallMeeeCraig: folds 
Cositorto: folds 
app1e_j@ck: raises $1.50 to $2.50
Evelexy1: folds 
Lopes2200: calls $1.50
*** FLOP *** [8c 6h 8s]
Lopes2200: checks 
app1e_j@ck: bets $1.72
Lopes2200: calls $1.72
*** TURN *** [8c 6h 8s] [7s]
Lopes2200: checks 
app1e_j@ck: bets $5.66
Lopes2200: folds 
Uncalled bet ($5.66) returned to app1e_j@ck
app1e_j@ck collected $8.49 from pot
app1e_j@ck: doesn't show hand 
*** SUMMARY ***
Total pot $8.94 | Rake $0.45 
Board [8c 6h 8s 7s]
Seat 4: magzi777
Seat 1: Evelexy1 (small blind) folded before Flop
Seat 2: Lopes2200 (big blind) folded on the Turn
Seat 3: CallMeeeCraig folded before Flop (didn't bet)
Seat 5: Cositorto folded before Flop (didn't bet)
Seat 6: app1e_j@ck (button) collected ($8.49)



PokerStars Hand #254399089190:  Hold'em No Limit ($0.50/$1.00 USD) - 2025/01/16 16:01:35 WET [2025/01/16 11:01:35 ET]
Table 'Pulcherrima III' 6-max Seat #1 is the button
Seat 4: magzi777 ($100 in chips) is sitting out
Seat 1: Evelexy1 ($103.05 in chips) 
Seat 2: Lopes2200 ($176.24 in chips) 
Seat 3: CallMeeeCraig ($100 in chips) 
Seat 5: Cositorto ($100 in chips) 
Seat 6: app1e_j@ck ($105.97 in chips) 
Lopes2200: posts small blind $0.50
CallMeeeCraig: posts big blind $1
magzi777: sits out 
*** HOLE CARDS ***
Cositorto: folds 
app1e_j@ck: folds 
Evelexy1: raises $1.50 to $2.50
Lopes2200: folds 
Lopes2200 is disconnected 
CallMeeeCraig: folds 
Uncalled bet ($1.50) returned to Evelexy1
Evelexy1 collected $2.50 from pot
Evelexy1: doesn't show hand 
*** SUMMARY ***
Total pot $2.50 | Rake $0 
Seat 4: magzi777
Seat 1: Evelexy1 (button) collected ($2.50)
Seat 2: Lopes2200 (small blind) folded before Flop
Seat 3: CallMeeeCraig (big blind) folded before Flop
Seat 5: Cositorto folded before Flop (didn't bet)
Seat 6: app1e_j@ck folded before Flop (didn't bet)



PokerStars Hand #254399092646:  Hold'em No Limit ($0.50/$1.00 USD) - 2025/01/16 16:01:52 WET [2025/01/16 11:01:52 ET]
Table 'Pulcherrima III' 6-max Seat #2 is the button
Seat 1: Evelexy1 ($104.55 in chips) 
Seat 2: Lopes2200 ($175.74 in chips) 
Seat 3: CallMeeeCraig ($100 in chips) 
Seat 4: magzi777 ($100 in chips) 
Seat 5: Cositorto ($100 in chips) 
Seat 6: app1e_j@ck ($105.97 in chips) 
CallMeeeCraig: posts small blind $0.50
magzi777: posts big blind $1
*** HOLE CARDS ***
Cositorto: raises $1 to $2
app1e_j@ck: folds 
Evelexy1: folds 
Lopes2200 has timed out while disconnected
Lopes2200: folds 
CallMeeeCraig: calls $1.50
magzi777: calls $1
*** FLOP *** [3d Th As]
CallMeeeCraig: checks 
magzi777: checks 
Cositorto: bets $5.50
CallMeeeCraig: folds 
magzi777: folds 
Uncalled bet ($5.50) returned to Cositorto
Cositorto collected $5.70 from pot
Cositorto: doesn't show hand 
*** SUMMARY ***
Total pot $6 | Rake $0.30 
Board [3d Th As]
Seat 1: Evelexy1 folded before Flop (didn't bet)
Seat 2: Lopes2200 (button) folded before Flop (didn't bet)
Seat 3: CallMeeeCraig (small blind) folded on the Flop
Seat 4: magzi777 (big blind) folded on the Flop
Seat 5: Cositorto collected ($5.70)
Seat 6: app1e_j@ck folded before Flop (didn't bet)



PokerStars Hand #254399108147:  Hold'em No Limit ($0.50/$1.00 USD) - 2025/01/16 16:03:06 WET [2025/01/16 11:03:06 ET]
Table 'Pulcherrima III' 6-max Seat #3 is the button
Seat 2: Lopes2200 ($175.74 in chips) is sitting out
Seat 1: Evelexy1 ($104.55 in chips) 
Seat 3: CallMeeeCraig ($100 in chips) 
Seat 4: magzi777 ($100 in chips) 
Seat 5: Cositorto ($103.70 in chips) 
Seat 6: app1e_j@ck ($105.97 in chips) 
magzi777: posts small blind $0.50
Cositorto: posts big blind $1
*** HOLE CARDS ***
app1e_j@ck: folds 
Evelexy1: folds 
CallMeeeCraig: raises $1.20 to $2.20
magzi777: folds 
Cositorto: folds 
Uncalled bet ($1.20) returned to CallMeeeCraig
CallMeeeCraig collected $2.50 from pot
CallMeeeCraig: doesn't show hand 
*** SUMMARY ***
Total pot $2.50 | Rake $0 
Seat 2: Lopes2200
Seat 1: Evelexy1 folded before Flop (didn't bet)
Seat 3: CallMeeeCraig (button) collected ($2.50)
Seat 4: magzi777 (small blind) folded before Flop
Seat 5: Cositorto (big blind) folded before Flop
Seat 6: app1e_j@ck folded before Flop (didn't bet)



PokerStars Hand #254399113550:  Hold'em No Limit ($0.50/$1.00 USD) - 2025/01/16 16:03:31 WET [2025/01/16 11:03:31 ET]
Table 'Pulcherrima III' 6-max Seat #4 is the button
Seat 2: Lopes2200 ($175.74 in chips) is sitting out
Seat 1: Evelexy1 ($104.55 in chips) 
Seat 3: CallMeeeCraig ($101.50 in chips) 
Seat 4: magzi777 ($100 in chips) 
Seat 5: Cositorto ($102.70 in chips) 
Seat 6: app1e_j@ck ($105.97 in chips) 
Cositorto: posts small blind $0.50
app1e_j@ck: posts big blind $1
*** HOLE CARDS ***
Evelexy1: folds 
CallMeeeCraig: folds 
magzi777: folds 
Cositorto: raises $2 to $3
app1e_j@ck: calls $2
*** FLOP *** [6h Th 5s]
Cositorto: checks 
app1e_j@ck: checks 
*** TURN *** [6h Th 5s] [3h]
Cositorto: bets $1.54
app1e_j@ck: calls $1.54
*** RIVER *** [6h Th 5s 3h] [9d]
Cositorto: checks 
app1e_j@ck: checks 
*** SHOW DOWN ***
Cositorto: shows [7s Ad] (high card Ace)
app1e_j@ck: shows [Tc 8h] (a pair of Tens)
app1e_j@ck collected $8.63 from pot
*** SUMMARY ***
Total pot $9.08 | Rake $0.45 
Board [6h Th 5s 3h 9d]
Seat 2: Lopes2200
Seat 1: Evelexy1 folded before Flop (didn't bet)
Seat 3: CallMeeeCraig folded before Flop (didn't bet)
Seat 4: magzi777 (button) folded before Flop (didn't bet)
Seat 5: Cositorto (small blind) showed [7s Ad] and lost with high card Ace
Seat 6: app1e_j@ck (big blind) showed [Tc 8h] and won ($8.63) with a pair of Tens



PokerStars Hand #254399136330:  Hold'em No Limit ($0.50/$1.00 USD) - 2025/01/16 16:05:19 WET [2025/01/16 11:05:19 ET]
Table 'Pulcherrima III' 6-max Seat #5 is the button
Seat 2: Lopes2200 ($175.74 in chips) is sitting out
Seat 1: Evelexy1 ($104.55 in chips) 
Seat 3: CallMeeeCraig ($101.50 in chips) 
Seat 4: magzi777 ($100 in chips) 
Seat 5: Cositorto ($100 in chips) 
Seat 6: app1e_j@ck ($110.06 in chips) 
app1e_j@ck: posts small blind $0.50
Evelexy1: posts big blind $1
*** HOLE CARDS ***
CallMeeeCraig: folds 
magzi777: raises $1.50 to $2.50
Cositorto: folds 
CallMeeeCraig leaves the table
Dearic99 joins the table at seat #3 
Dearic99 leaves the table
app1e_j@ck: folds 
Evelexy1: calls $1.50
*** FLOP *** [Qc Ah As]
mr.Jckpot joins the table at seat #3 
Evelexy1: checks 
magzi777: bets $1.50
Evelexy1: folds 
Uncalled bet ($1.50) returned to magzi777
magzi777 collected $5.22 from pot
*** SUMMARY ***
Total pot $5.50 | Rake $0.28 
Board [Qc Ah As]
Seat 2: Lopes2200
Seat 1: Evelexy1 (big blind) folded on the Flop
Seat 3: CallMeeeCraig folded before Flop (didn't bet)
Seat 4: magzi777 collected ($5.22)
Seat 5: Cositorto (button) folded before Flop (didn't bet)
Seat 6: app1e_j@ck (small blind) folded before Flop



PokerStars Hand #254399143073:  Hold'em No Limit ($0.50/$1.00 USD) - 2025/01/16 16:05:50 WET [2025/01/16 11:05:50 ET]
Table 'Pulcherrima III' 6-max Seat #6 is the button
Seat 2: Lopes2200 ($175.74 in chips) is sitting out
Seat 1: Evelexy1 ($102.05 in chips) 
Seat 3: mr.Jckpot ($100 in chips) 
Seat 4: magzi777 ($102.72 in chips) 
Seat 5: Cositorto ($100 in chips) 
Seat 6: app1e_j@ck ($109.56 in chips) 
Evelexy1: posts small blind $0.50
mr.Jckpot: posts big blind $1
*** HOLE CARDS ***
magzi777: folds 
Cositorto: folds 
app1e_j@ck: folds 
Evelexy1: folds 
Uncalled bet ($0.50) returned to mr.Jckpot
mr.Jckpot collected $1 from pot
mr.Jckpot: doesn't show hand 
*** SUMMARY ***
Total pot $1 | Rake $0 
Seat 2: Lopes2200
Seat 1: Evelexy1 (small blind) folded before Flop
Seat 3: mr.Jckpot (big blind) collected ($1)
Seat 4: magzi777 folded before Flop (didn't bet)
Seat 5: Cositorto folded before Flop (didn't bet)
Seat 6: app1e_j@ck (button) folded before Flop (didn't bet)



PokerStars Hand #254399145978:  Hold'em No Limit ($0.50/$1.00 USD) - 2025/01/16 16:06:04 WET [2025/01/16 11:06:04 ET]
Table 'Pulcherrima III' 6-max Seat #1 is the button
Seat 2: Lopes2200 ($175.74 in chips) is sitting out
Seat 1: Evelexy1 ($101.55 in chips) 
Seat 3: mr.Jckpot ($100.50 in chips) 
Seat 4: magzi777 ($102.72 in chips) 
Seat 5: Cositorto ($100 in chips) 
Seat 6: app1e_j@ck ($109.56 in chips) 
mr.Jckpot: posts small blind $0.50
magzi777: posts big blind $1
*** HOLE CARDS ***
Cositorto: folds 
app1e_j@ck: folds 
Evelexy1: folds 
mr.Jckpot: raises $2 to $3
magzi777: raises $6 to $9
mr.Jckpot: calls $6
*** FLOP *** [Jh 7c 4c]
mr.Jckpot: checks 
magzi777: checks 
*** TURN *** [Jh 7c 4c] [9c]
mr.Jckpot: checks 
magzi777: checks 
*** RIVER *** [Jh 7c 4c 9c] [9d]
mr.Jckpot: checks 
magzi777: checks 
*** SHOW DOWN ***
mr.Jckpot: shows [5d 5h] (two pair, Nines and Fives)
magzi777: mucks hand 
mr.Jckpot collected $17.10 from pot
*** SUMMARY ***
Total pot $18 | Rake $0.90 
Board [Jh 7c 4c 9c 9d]
Seat 2: Lopes2200
Seat 1: Evelexy1 (button) folded before Flop (didn't bet)
Seat 3: mr.Jckpot (small blind) showed [5d 5h] and won ($17.10) with two pair, Nines and Fives
Seat 4: magzi777 (big blind) mucked
Seat 5: Cositorto folded before Flop (didn't bet)
Seat 6: app1e_j@ck folded before Flop (didn't bet)



PokerStars Hand #254399154745:  Hold'em No Limit ($0.50/$1.00 USD) - 2025/01/16 16:06:45 WET [2025/01/16 11:06:45 ET]
Table 'Pulcherrima III' 6-max Seat #3 is the button
Seat 2: Lopes2200 ($175.74 in chips) is sitting out
Seat 1: Evelexy1 ($101.55 in chips) 
Seat 3: mr.Jckpot ($108.60 in chips) 
Seat 4: magzi777 ($100 in chips) 
Seat 5: Cositorto ($100 in chips) 
Seat 6: app1e_j@ck ($109.56 in chips) 
magzi777: posts small blind $0.50
Cositorto: posts big blind $1
*** HOLE CARDS ***
app1e_j@ck: folds 
Evelexy1: folds 
mr.Jckpot: folds 
magzi777: raises $2 to $3
Cositorto: calls $2
*** FLOP *** [Ac 4d 8s]
magzi777: checks 
Cositorto: bets $1.54
magzi777: calls $1.54
*** TURN *** [Ac 4d 8s] [8d]
magzi777: checks 
Cositorto: checks 
*** RIVER *** [Ac 4d 8s 8d] [2h]
magzi777: checks 
Cositorto: bets $1.73
magzi777: calls $1.73
*** SHOW DOWN ***
Cositorto: shows [2d Ad] (two pair, Aces and Eights)
magzi777: mucks hand 
Cositorto collected $11.91 from pot
*** SUMMARY ***
Total pot $12.54 | Rake $0.63 
Board [Ac 4d 8s 8d 2h]
Seat 2: Lopes2200
Seat 1: Evelexy1 folded before Flop (didn't bet)
Seat 3: mr.Jckpot (button) folded before Flop (didn't bet)
Seat 4: magzi777 (small blind) mucked
Seat 5: Cositorto (big blind) showed [2d Ad] and won ($11.91) with two pair, Aces and Eights
Seat 6: app1e_j@ck folded before Flop (didn't bet)



PokerStars Hand #254399167659:  Hold'em No Limit ($0.50/$1.00 USD) - 2025/01/16 16:07:46 WET [2025/01/16 11:07:46 ET]
Table 'Pulcherrima III' 6-max Seat #4 is the button
Seat 2: Lopes2200 ($175.74 in chips) is sitting out
Seat 3: mr.Jckpot ($108.60 in chips) is sitting out
Seat 6: app1e_j@ck ($109.56 in chips) is sitting out
Seat 1: Evelexy1 ($101.55 in chips) 
Seat 4: magzi777 ($100 in chips) 
Seat 5: Cositorto ($105.64 in chips) 
Cositorto: posts small blind $0.50
app1e_j@ck: is sitting out 
Evelexy1: posts big blind $1
*** HOLE CARDS ***
magzi777: raises $1.50 to $2.50
Cositorto: folds 
app1e_j@ck leaves the table
Evelexy1: calls $1.50
*** FLOP *** [Qd 2c 3c]
Evelexy1: checks 
magzi777: bets $1.50
Evelexy1: calls $1.50
*** TURN *** [Qd 2c 3c] [Ts]
Evelexy1: checks 
magzi777: bets $5.33
Evelexy1: folds 
Uncalled bet ($5.33) returned to magzi777
magzi777 collected $8.08 from pot
*** SUMMARY ***
Total pot $8.50 | Rake $0.42 
Board [Qd 2c 3c Ts]
Seat 2: Lopes2200
Seat 3: mr.Jckpot
Seat 6: app1e_j@ck
Seat 1: Evelexy1 (big blind) folded on the Turn
Seat 4: magzi777 (button) collected ($8.08)
Seat 5: Cositorto (small blind) folded before Flop



PokerStars Hand #254399174811:  Hold'em No Limit ($0.50/$1.00 USD) - 2025/01/16 16:08:19 WET [2025/01/16 11:08:19 ET]
Table 'Pulcherrima III' 6-max Seat #5 is the button
Seat 2: Lopes2200 ($175.74 in chips) is sitting out
Seat 3: mr.Jckpot ($108.60 in chips) is sitting out
Seat 1: Evelexy1 ($100 in chips) 
Seat 4: magzi777 ($104.08 in chips) 
Seat 5: Cositorto ($105.14 in chips) 
Evelexy1: posts small blind $0.50
magzi777: posts big blind $1
*** HOLE CARDS ***
Cositorto: raises $1.50 to $2.50
Evelexy1: raises $9.45 to $11.95
magzi777: folds 
Cositorto: raises $14.94 to $26.89
Evelexy1: folds 
Uncalled bet ($14.94) returned to Cositorto
Cositorto collected $24.90 from pot
Cositorto: doesn't show hand 
*** SUMMARY ***
Total pot $24.90 | Rake $0 
Seat 2: Lopes2200
Seat 3: mr.Jckpot
Seat 1: Evelexy1 (small blind) folded before Flop
Seat 4: magzi777 (big blind) folded before Flop
Seat 5: Cositorto (button) collected ($24.90)



PokerStars Hand #254399179925:  Hold'em No Limit ($0.50/$1.00 USD) - 2025/01/16 16:08:43 WET [2025/01/16 11:08:43 ET]
Table 'Pulcherrima III' 6-max Seat #1 is the button
Seat 2: Lopes2200 ($175.74 in chips) is sitting out
Seat 3: mr.Jckpot ($108.60 in chips) is sitting out
Seat 1: Evelexy1 ($100 in chips) 
Seat 4: magzi777 ($103.08 in chips) 
Seat 5: Cositorto ($118.09 in chips) 
magzi777: posts small blind $0.50
Cositorto: posts big blind $1
*** HOLE CARDS ***
Evelexy1: raises $1.50 to $2.50
magzi777: folds 
Cositorto: folds 
Uncalled bet ($1.50) returned to Evelexy1
Evelexy1 collected $2.50 from pot
Evelexy1: doesn't show hand 
*** SUMMARY ***
Total pot $2.50 | Rake $0 
Seat 2: Lopes2200
Seat 3: mr.Jckpot
Seat 1: Evelexy1 (button) collected ($2.50)
Seat 4: magzi777 (small blind) folded before Flop
Seat 5: Cositorto (big blind) folded before Flop



PokerStars Hand #254399182383:  Hold'em No Limit ($0.50/$1.00 USD) - 2025/01/16 16:08:55 WET [2025/01/16 11:08:55 ET]
Table 'Pulcherrima III' 6-max Seat #4 is the button
Seat 2: Lopes2200 ($175.74 in chips) is sitting out
Seat 3: mr.Jckpot ($108.60 in chips) is sitting out
Seat 1: Evelexy1 ($101.50 in chips) 
Seat 4: magzi777 ($102.58 in chips) 
Seat 5: Cositorto ($117.09 in chips) 
Cositorto: posts small blind $0.50
Evelexy1: posts big blind $1
mr.Jckpot: sits out 
*** HOLE CARDS ***
magzi777: folds 
Cositorto: raises $2 to $3
Evelexy1: calls $2
*** FLOP *** [Ac 3s 4h]
IREQO joins the table at seat #6 
Cositorto: checks 
Evelexy1: checks 
*** TURN *** [Ac 3s 4h] [9h]
Cositorto: checks 
Evelexy1: bets $4.28
Cositorto: calls $4.28
*** RIVER *** [Ac 3s 4h 9h] [Jd]
Cositorto: checks 
Evelexy1: bets $10.37
Cositorto: raises $16.63 to $27
Evelexy1: calls $16.63
*** SHOW DOWN ***
Cositorto: shows [7c 4c] (a pair of Fours)
Evelexy1: shows [6s Ah] (a pair of Aces)
Evelexy1 collected $67.56 from pot
*** SUMMARY ***
Total pot $68.56 | Rake $1 
Board [Ac 3s 4h 9h Jd]
Seat 2: Lopes2200
Seat 3: mr.Jckpot
Seat 1: Evelexy1 (big blind) showed [6s Ah] and won ($67.56) with a pair of Aces
Seat 4: magzi777 (button) folded before Flop (didn't bet)
Seat 5: Cositorto (small blind) showed [7c 4c] and lost with a pair of Fours



PokerStars Hand #254399196691:  Hold'em No Limit ($0.50/$1.00 USD) - 2025/01/16 16:10:02 WET [2025/01/16 11:10:02 ET]
Table 'Pulcherrima III' 6-max Seat #5 is the button
Seat 2: Lopes2200 ($175.74 in chips) is sitting out
Seat 6: IREQO ($100 in chips) is sitting out
Seat 1: Evelexy1 ($134.78 in chips) 
Seat 3: mr.Jckpot ($108.60 in chips) 
Seat 4: magzi777 ($102.58 in chips) 
Seat 5: Cositorto ($100 in chips) 
Evelexy1: posts small blind $0.50
mr.Jckpot: posts big blind $1
*** HOLE CARDS ***
magzi777: folds 
Cositorto: folds 
Evelexy1: raises $1.50 to $2.50
mr.Jckpot: folds 
Uncalled bet ($1.50) returned to Evelexy1
Evelexy1 collected $2 from pot
Evelexy1: doesn't show hand 
*** SUMMARY ***
Total pot $2 | Rake $0 
Seat 2: Lopes2200
Seat 6: IREQO
Seat 1: Evelexy1 (small blind) collected ($2)
Seat 3: mr.Jckpot (big blind) folded before Flop
Seat 4: magzi777 folded before Flop (didn't bet)
Seat 5: Cositorto (button) folded before Flop (didn't bet)



PokerStars Hand #254399201856:  Hold'em No Limit ($0.50/$1.00 USD) - 2025/01/16 16:10:25 WET [2025/01/16 11:10:25 ET]
Table 'Pulcherrima III' 6-max Seat #1 is the button
Seat 2: Lopes2200 ($175.74 in chips) is sitting out
Seat 6: IREQO ($100 in chips) is sitting out
Seat 1: Evelexy1 ($135.78 in chips) 
Seat 3: mr.Jckpot ($107.60 in chips) 
Seat 4: magzi777 ($102.58 in chips) 
Seat 5: Cositorto ($100 in chips) 
mr.Jckpot: posts small blind $0.50
magzi777: posts big blind $1
IREQO: sits out 
*** HOLE CARDS ***
Cositorto: folds 
Evelexy1: raises $1.50 to $2.50
mr.Jckpot: folds 
magzi777: raises $8.50 to $11
Evelexy1: folds 
Uncalled bet ($8.50) returned to magzi777
magzi777 collected $5.50 from pot
*** SUMMARY ***
Total pot $5.50 | Rake $0 
Seat 2: Lopes2200
Seat 6: IREQO
Seat 1: Evelexy1 (button) folded before Flop
Seat 3: mr.Jckpot (small blind) folded before Flop
Seat 4: magzi777 (big blind) collected ($5.50)
Seat 5: Cositorto folded before Flop (didn't bet)



PokerStars Hand #254399205229:  Hold'em No Limit ($0.50/$1.00 USD) - 2025/01/16 16:10:41 WET [2025/01/16 11:10:41 ET]
Table 'Pulcherrima III' 6-max Seat #3 is the button
Seat 2: Lopes2200 ($175.74 in chips) is sitting out
Seat 6: IREQO ($100 in chips) is sitting out
Seat 1: Evelexy1 ($133.28 in chips) 
Seat 3: mr.Jckpot ($107.10 in chips) 
Seat 4: magzi777 ($105.58 in chips) 
Seat 5: Cositorto ($100 in chips) 
magzi777: posts small blind $0.50
Cositorto: posts big blind $1
IREQO: sits out 
*** HOLE CARDS ***
Evelexy1: folds 
mr.Jckpot: folds 
magzi777: folds 
Uncalled bet ($0.50) returned to Cositorto
Cositorto collected $1 from pot
Cositorto: doesn't show hand 
*** SUMMARY ***
Total pot $1 | Rake $0 
Seat 2: Lopes2200
Seat 6: IREQO
Seat 1: Evelexy1 folded before Flop (didn't bet)
Seat 3: mr.Jckpot (button) folded before Flop (didn't bet)
Seat 4: magzi777 (small blind) folded before Flop
Seat 5: Cositorto (big blind) collected ($1)



PokerStars Hand #254399207042:  Hold'em No Limit ($0.50/$1.00 USD) - 2025/01/16 16:10:49 WET [2025/01/16 11:10:49 ET]
Table 'Pulcherrima III' 6-max Seat #4 is the button
Seat 2: Lopes2200 ($175.74 in chips) is sitting out
Seat 1: Evelexy1 ($133.28 in chips) 
Seat 3: mr.Jckpot ($107.10 in chips) 
Seat 4: magzi777 ($105.08 in chips) 
Seat 5: Cositorto ($100.50 in chips) 
Seat 6: IREQO ($100 in chips) 
Cositorto: posts small blind $0.50
IREQO: posts big blind $1
*** HOLE CARDS ***
Evelexy1: folds 
mr.Jckpot: folds 
magzi777: folds 
Cositorto: folds 
Uncalled bet ($0.50) returned to IREQO
IREQO collected $1 from pot
IREQO: doesn't show hand 
*** SUMMARY ***
Total pot $1 | Rake $0 
Seat 2: Lopes2200
Seat 1: Evelexy1 folded before Flop (didn't bet)
Seat 3: mr.Jckpot folded before Flop (didn't bet)
Seat 4: magzi777 (button) folded before Flop (didn't bet)
Seat 5: Cositorto (small blind) folded before Flop
Seat 6: IREQO (big blind) collected ($1)



PokerStars Hand #254399209343:  Hold'em No Limit ($0.50/$1.00 USD) - 2025/01/16 16:10:59 WET [2025/01/16 11:10:59 ET]
Table 'Pulcherrima III' 6-max Seat #5 is the button
Seat 2: Lopes2200 ($175.74 in chips) is sitting out
Seat 1: Evelexy1 ($133.28 in chips) 
Seat 3: mr.Jckpot ($107.10 in chips) 
Seat 4: magzi777 ($105.08 in chips) 
Seat 5: Cositorto ($100 in chips) 
Seat 6: IREQO ($100.50 in chips) 
IREQO: posts small blind $0.50
Evelexy1: posts big blind $1
*** HOLE CARDS ***
mr.Jckpot: raises $1.50 to $2.50
magzi777: folds 
Cositorto: folds 
IREQO: folds 
Evelexy1: folds 
Uncalled bet ($1.50) returned to mr.Jckpot
mr.Jckpot collected $2.50 from pot
mr.Jckpot: doesn't show hand 
*** SUMMARY ***
Total pot $2.50 | Rake $0 
Seat 2: Lopes2200
Seat 1: Evelexy1 (big blind) folded before Flop
Seat 3: mr.Jckpot collected ($2.50)
Seat 4: magzi777 folded before Flop (didn't bet)
Seat 5: Cositorto (button) folded before Flop (didn't bet)
Seat 6: IREQO (small blind) folded before Flop



PokerStars Hand #254399214675:  Hold'em No Limit ($0.50/$1.00 USD) - 2025/01/16 16:11:24 WET [2025/01/16 11:11:24 ET]
Table 'Pulcherrima III' 6-max Seat #6 is the button
Seat 2: Lopes2200 ($175.74 in chips) is sitting out
Seat 1: Evelexy1 ($132.28 in chips) 
Seat 3: mr.Jckpot ($108.60 in chips) 
Seat 4: magzi777 ($105.08 in chips) 
Seat 5: Cositorto ($100 in chips) 
Seat 6: IREQO ($100 in chips) 
Evelexy1: posts small blind $0.50
mr.Jckpot: posts big blind $1
*** HOLE CARDS ***
magzi777: folds 
Cositorto: folds 
IREQO: folds 
Evelexy1: folds 
Uncalled bet ($0.50) returned to mr.Jckpot
mr.Jckpot collected $1 from pot
Lopes2200 leaves the table
mr.Jckpot: doesn't show hand 
*** SUMMARY ***
Total pot $1 | Rake $0 
Seat 2: Lopes2200
Seat 1: Evelexy1 (small blind) folded before Flop
Seat 3: mr.Jckpot (big blind) collected ($1)
Seat 4: magzi777 folded before Flop (didn't bet)
Seat 5: Cositorto folded before Flop (didn't bet)
Seat 6: IREQO (button) folded before Flop (didn't bet)



PokerStars Hand #254399216931:  Hold'em No Limit ($0.50/$1.00 USD) - 2025/01/16 16:11:34 WET [2025/01/16 11:11:34 ET]
Table 'Pulcherrima III' 6-max Seat #1 is the button
Seat 1: Evelexy1 ($131.78 in chips) 
Seat 3: mr.Jckpot ($109.10 in chips) 
Seat 4: magzi777 ($105.08 in chips) 
Seat 5: Cositorto ($100 in chips) 
Seat 6: IREQO ($100 in chips) 
mr.Jckpot: posts small blind $0.50
magzi777: posts big blind $1
*** HOLE CARDS ***
Cositorto: folds 
IREQO: folds 
Evelexy1: raises $1.50 to $2.50
mr.Jckpot: raises $9.50 to $12
magzi777: folds 
Evelexy1: folds 
Uncalled bet ($9.50) returned to mr.Jckpot
Mariuoos joins the table at seat #2 
mr.Jckpot collected $6 from pot
mr.Jckpot: doesn't show hand 
*** SUMMARY ***
Total pot $6 | Rake $0 
Seat 1: Evelexy1 (button) folded before Flop
Seat 3: mr.Jckpot (small blind) collected ($6)
Seat 4: magzi777 (big blind) folded before Flop
Seat 5: Cositorto folded before Flop (didn't bet)
Seat 6: IREQO folded before Flop (didn't bet)



PokerStars Hand #254399220620:  Hold'em No Limit ($0.50/$1.00 USD) - 2025/01/16 16:11:51 WET [2025/01/16 11:11:51 ET]
Table 'Pulcherrima III' 6-max Seat #3 is the button
Seat 2: Mariuoos ($100 in chips) is sitting out
Seat 1: Evelexy1 ($129.28 in chips) 
Seat 3: mr.Jckpot ($112.60 in chips) 
Seat 4: magzi777 ($104.08 in chips) 
Seat 5: Cositorto ($100 in chips) 
Seat 6: IREQO ($100 in chips) 
magzi777: posts small blind $0.50
Cositorto: posts big blind $1
Mariuoos: sits out 
*** HOLE CARDS ***
IREQO: folds 
Evelexy1: folds 
IREQO leaves the table
mr.Jckpot: raises $1.50 to $2.50
magzi777: folds 
Cositorto: raises $8.75 to $11.25
mr.Jckpot: folds 
Uncalled bet ($8.75) returned to Cositorto
Cositorto collected $5.50 from pot
Cositorto: doesn't show hand 
*** SUMMARY ***
Total pot $5.50 | Rake $0 
Seat 2: Mariuoos
Seat 1: Evelexy1 folded before Flop (didn't bet)
Seat 3: mr.Jckpot (button) folded before Flop
Seat 4: magzi777 (small blind) folded before Flop
Seat 5: Cositorto (big blind) collected ($5.50)
Seat 6: IREQO folded before Flop (didn't bet)



PokerStars Hand #254399225389:  Hold'em No Limit ($0.50/$1.00 USD) - 2025/01/16 16:12:12 WET [2025/01/16 11:12:12 ET]
Table 'Pulcherrima III' 6-max Seat #4 is the button
Seat 2: Mariuoos ($100 in chips) is sitting out
Seat 1: Evelexy1 ($129.28 in chips) 
Seat 3: mr.Jckpot ($110.10 in chips) 
Seat 4: magzi777 ($103.58 in chips) 
Seat 5: Cositorto ($103 in chips) 
Cositorto: posts small blind $0.50
Evelexy1: posts big blind $1
Mariuoos: sits out 
*** HOLE CARDS ***
mr.Jckpot: folds 
magzi777: folds 
Cositorto: folds 
Uncalled bet ($0.50) returned to Evelexy1
Evelexy1 collected $1 from pot
Evelexy1: doesn't show hand 
*** SUMMARY ***
Total pot $1 | Rake $0 
Seat 2: Mariuoos
Seat 1: Evelexy1 (big blind) collected ($1)
Seat 3: mr.Jckpot folded before Flop (didn't bet)
Seat 4: magzi777 (button) folded before Flop (didn't bet)
Seat 5: Cositorto (small blind) folded before Flop



PokerStars Hand #254399227649:  Hold'em No Limit ($0.50/$1.00 USD) - 2025/01/16 16:12:23 WET [2025/01/16 11:12:23 ET]
Table 'Pulcherrima III' 6-max Seat #5 is the button
Seat 1: Evelexy1 ($129.78 in chips) 
Seat 2: Mariuoos ($100 in chips) 
Seat 3: mr.Jckpot ($110.10 in chips) 
Seat 4: magzi777 ($103.58 in chips) 
Seat 5: Cositorto ($102.50 in chips) 
Evelexy1: posts small blind $0.50
Mariuoos: posts big blind $1
*** HOLE CARDS ***
mr.Jckpot: folds 
magzi777: folds 
Cositorto: folds 
Evelexy1: raises $1.50 to $2.50
Mariuoos: raises $5.50 to $8
Evelexy1: calls $5.50
*** FLOP *** [Qc 3s Kd]
Evelexy1: checks 
Mariuoos: bets $3.80
Evelexy1: calls $3.80
*** TURN *** [Qc 3s Kd] [Jc]
Evelexy1: checks 
Mariuoos: bets $15.02
Evelexy1: calls $15.02
*** RIVER *** [Qc 3s Kd Jc] [9h]
Evelexy1: checks 
Mariuoos: checks 
*** SHOW DOWN ***
Evelexy1: shows [Ts Td] (a straight, Nine to King)
Mariuoos: mucks hand 
Evelexy1 collected $51.14 from pot
*** SUMMARY ***
Total pot $53.64 | Rake $2.50 
Board [Qc 3s Kd Jc 9h]
Seat 1: Evelexy1 (small blind) showed [Ts Td] and won ($51.14) with a straight, Nine to King
Seat 2: Mariuoos (big blind) mucked
Seat 3: mr.Jckpot folded before Flop (didn't bet)
Seat 4: magzi777 folded before Flop (didn't bet)
Seat 5: Cositorto (button) folded before Flop (didn't bet)



PokerStars Hand #254399242788:  Hold'em No Limit ($0.50/$1.00 USD) - 2025/01/16 16:13:32 WET [2025/01/16 11:13:32 ET]
Table 'Pulcherrima III' 6-max Seat #1 is the button
Seat 3: mr.Jckpot ($110.10 in chips) is sitting out
Seat 4: magzi777 ($103.58 in chips) is sitting out
Seat 1: Evelexy1 ($154.10 in chips) 
Seat 2: Mariuoos ($83.63 in chips) 
Seat 5: Cositorto ($102.50 in chips) 
Mariuoos: posts small blind $0.50
mr.Jckpot: is sitting out 
magzi777: is sitting out 
Cositorto: posts big blind $1
*** HOLE CARDS ***
Evelexy1: folds 
magzi777 leaves the table
mr.Jckpot leaves the table
Mariuoos: folds 
Uncalled bet ($0.50) returned to Cositorto
Cositorto collected $1 from pot
Cositorto: doesn't show hand 
*** SUMMARY ***
Total pot $1 | Rake $0 
Seat 3: mr.Jckpot
Seat 4: magzi777
Seat 1: Evelexy1 (button) folded before Flop (didn't bet)
Seat 2: Mariuoos (small blind) folded before Flop
Seat 5: Cositorto (big blind) collected ($1)



PokerStars Hand #254399244733:  Hold'em No Limit ($0.50/$1.00 USD) - 2025/01/16 16:13:41 WET [2025/01/16 11:13:41 ET]
Table 'Pulcherrima III' 6-max Seat #2 is the button
Seat 1: Evelexy1 ($154.10 in chips) 
Seat 2: Mariuoos ($83.13 in chips) 
Seat 5: Cositorto ($103 in chips) 
Cositorto: posts small blind $0.50
Evelexy1: posts big blind $1
*** HOLE CARDS ***
Mariuoos: raises $1.50 to $2.50
Cositorto: raises $8.75 to $11.25
Evelexy1: folds 
Mariuoos: folds 
Uncalled bet ($8.75) returned to Cositorto
Cositorto collected $6 from pot
Cositorto: doesn't show hand 
*** SUMMARY ***
Total pot $6 | Rake $0 
Seat 1: Evelexy1 (big blind) folded before Flop
Seat 2: Mariuoos (button) folded before Flop
Seat 5: Cositorto (small blind) collected ($6)



PokerStars Hand #254399250206:  Hold'em No Limit ($0.50/$1.00 USD) - 2025/01/16 16:14:06 WET [2025/01/16 11:14:06 ET]
Table 'Pulcherrima III' 6-max Seat #5 is the button
Seat 1: Evelexy1 ($153.10 in chips) 
Seat 2: Mariuoos ($80.63 in chips) 
Seat 5: Cositorto ($106.50 in chips) 
Evelexy1: posts small blind $0.50
Mariuoos: posts big blind $1
*** HOLE CARDS ***
Cositorto: raises $1.50 to $2.50
Evelexy1: folds 
Mariuoos: folds 
Uncalled bet ($1.50) returned to Cositorto
Cositorto collected $2.50 from pot
Cositorto: doesn't show hand 
*** SUMMARY ***
Total pot $2.50 | Rake $0 
Seat 1: Evelexy1 (small blind) folded before Flop
Seat 2: Mariuoos (big blind) folded before Flop
Seat 5: Cositorto (button) collected ($2.50)



PokerStars Hand #254399252622:  Hold'em No Limit ($0.50/$1.00 USD) - 2025/01/16 16:14:17 WET [2025/01/16 11:14:17 ET]
Table 'Pulcherrima III' 6-max Seat #2 is the button
Seat 5: Cositorto ($108 in chips) is sitting out
Seat 1: Evelexy1 ($152.60 in chips) 
Seat 2: Mariuoos ($79.63 in chips) 
Mariuoos: posts small blind $0.50
Cositorto: is sitting out 
Evelexy1: posts big blind $1
*** HOLE CARDS ***
Mariuoos: folds 
Uncalled bet ($0.50) returned to Evelexy1
Evelexy1 collected $1 from pot
Evelexy1: doesn't show hand 
*** SUMMARY ***
Total pot $1 | Rake $0 
Seat 5: Cositorto
Seat 1: Evelexy1 (big blind) collected ($1)
Seat 2: Mariuoos (button) (small blind) folded before Flop



PokerStars Hand #254399254038:  Hold'em No Limit ($0.50/$1.00 USD) - 2025/01/16 16:14:24 WET [2025/01/16 11:14:24 ET]
Table 'Pulcherrima III' 6-max Seat #1 is the button
Seat 5: Cositorto ($108 in chips) is sitting out
Seat 1: Evelexy1 ($153.10 in chips) 
Seat 2: Mariuoos ($79.13 in chips) 
Evelexy1: posts small blind $0.50
Mariuoos: posts big blind $1
*** HOLE CARDS ***
Evelexy1: raises $60 to $61
Mariuoos: folds 
Uncalled bet ($60) returned to Evelexy1
Evelexy1 collected $2 from pot
Evelexy1: doesn't show hand 
*** SUMMARY ***
Total pot $2 | Rake $0 
Seat 5: Cositorto
Seat 1: Evelexy1 (button) (small blind) collected ($2)
Seat 2: Mariuoos (big blind) folded before Flop



PokerStars Hand #254399255837:  Hold'em No Limit ($0.50/$1.00 USD) - 2025/01/16 16:14:32 WET [2025/01/16 11:14:32 ET]
Table 'Pulcherrima III' 6-max Seat #2 is the button
Seat 5: Cositorto ($108 in chips) is sitting out
Seat 1: Evelexy1 ($154.10 in chips) 
Seat 2: Mariuoos ($78.13 in chips) 
Mariuoos: posts small blind $0.50
Evelexy1: posts big blind $1
*** HOLE CARDS ***
Mariuoos: raises $1.50 to $2.50
Evelexy1: raises $7.50 to $10
Mariuoos: calls $7.50
*** FLOP *** [Qc 9h 9d]
Evelexy1: checks 
Mariuoos: checks 
*** TURN *** [Qc 9h 9d] [Tc]
Evelexy1: bets $14.25
URL02T joins the table at seat #4 
z00mba joins the table at seat #6 
Mariuoos: calls $14.25
*** RIVER *** [Qc 9h 9d Tc] [6h]
gig.gyty joins the table at seat #3 
Evelexy1: bets $129.85 and is all-in
Mariuoos: calls $53.88 and is all-in
Uncalled bet ($75.97) returned to Evelexy1
*** SHOW DOWN ***
Evelexy1: shows [Kc Kd] (two pair, Kings and Nines)
Mariuoos: shows [Qs 4s] (two pair, Queens and Nines)
Evelexy1 collected $155.26 from pot
*** SUMMARY ***
Total pot $156.26 | Rake $1 
Board [Qc 9h 9d Tc 6h]
Seat 5: Cositorto
Seat 1: Evelexy1 (big blind) showed [Kc Kd] and won ($155.26) with two pair, Kings and Nines
Seat 2: Mariuoos (button) (small blind) showed [Qs 4s] and lost with two pair, Queens and Nines



PokerStars Hand #254399271572:  Hold'em No Limit ($0.50/$1.00 USD) - 2025/01/16 16:15:43 WET [2025/01/16 11:15:43 ET]
Table 'Pulcherrima III' 6-max Seat #3 is the button
Seat 2: Mariuoos ($0 in chips) is sitting out
Seat 1: Evelexy1 ($231.23 in chips) 
Seat 3: gig.gyty ($100 in chips) 
Seat 4: URL02T ($100 in chips) 
Seat 5: Cositorto ($108 in chips) 
Seat 6: z00mba ($100 in chips) 
URL02T: posts small blind $0.50
Cositorto: posts big blind $1
*** HOLE CARDS ***
z00mba: raises $1.50 to $2.50
Evelexy1: folds 
gig.gyty: folds 
URL02T: folds 
Cositorto: folds 
Uncalled bet ($1.50) returned to z00mba
z00mba collected $2.50 from pot
z00mba: doesn't show hand 
*** SUMMARY ***
Total pot $2.50 | Rake $0 
Seat 2: Mariuoos
Seat 1: Evelexy1 folded before Flop (didn't bet)
Seat 3: gig.gyty (button) folded before Flop (didn't bet)
Seat 4: URL02T (small blind) folded before Flop
Seat 5: Cositorto (big blind) folded before Flop
Seat 6: z00mba collected ($2.50)



PokerStars Hand #254399274656:  Hold'em No Limit ($0.50/$1.00 USD) - 2025/01/16 16:15:57 WET [2025/01/16 11:15:57 ET]
Table 'Pulcherrima III' 6-max Seat #4 is the button
Seat 2: Mariuoos ($0 in chips) is sitting out
Seat 1: Evelexy1 ($231.23 in chips) 
Seat 3: gig.gyty ($100 in chips) 
Seat 4: URL02T ($99.50 in chips) 
Seat 5: Cositorto ($107 in chips) 
Seat 6: z00mba ($101.50 in chips) 
Cositorto: posts small blind $0.50
z00mba: posts big blind $1
*** HOLE CARDS ***
Evelexy1: folds 
gig.gyty: folds 
URL02T: raises $2 to $3
Cositorto: folds 
z00mba: folds 
Uncalled bet ($2) returned to URL02T
URL02T collected $2.50 from pot
URL02T: doesn't show hand 
*** SUMMARY ***
Total pot $2.50 | Rake $0 
Seat 2: Mariuoos
Seat 1: Evelexy1 folded before Flop (didn't bet)
Seat 3: gig.gyty folded before Flop (didn't bet)
Seat 4: URL02T (button) collected ($2.50)
Seat 5: Cositorto (small blind) folded before Flop
Seat 6: z00mba (big blind) folded before Flop



PokerStars Hand #254399281247:  Hold'em No Limit ($0.50/$1.00 USD) - 2025/01/16 16:16:26 WET [2025/01/16 11:16:26 ET]
Table 'Pulcherrima III' 6-max Seat #5 is the button
Seat 2: Mariuoos ($0 in chips) is sitting out
Seat 1: Evelexy1 ($231.23 in chips) 
Seat 3: gig.gyty ($100 in chips) 
Seat 4: URL02T ($101 in chips) 
Seat 5: Cositorto ($106.50 in chips) 
Seat 6: z00mba ($100.50 in chips) 
z00mba: posts small blind $0.50
Evelexy1: posts big blind $1
*** HOLE CARDS ***
gig.gyty: raises $1.25 to $2.25
URL02T: folds 
Cositorto: folds 
z00mba: folds 
Evelexy1: folds 
Uncalled bet ($1.25) returned to gig.gyty
gig.gyty collected $2.50 from pot
gig.gyty: doesn't show hand 
*** SUMMARY ***
Total pot $2.50 | Rake $0 
Seat 2: Mariuoos
Seat 1: Evelexy1 (big blind) folded before Flop
Seat 3: gig.gyty collected ($2.50)
Seat 4: URL02T folded before Flop (didn't bet)
Seat 5: Cositorto (button) folded before Flop (didn't bet)
Seat 6: z00mba (small blind) folded before Flop



PokerStars Hand #254399284281:  Hold'em No Limit ($0.50/$1.00 USD) - 2025/01/16 16:16:40 WET [2025/01/16 11:16:40 ET]
Table 'Pulcherrima III' 6-max Seat #6 is the button
Seat 2: Mariuoos ($0 in chips) is sitting out
Seat 1: Evelexy1 ($230.23 in chips) 
Seat 3: gig.gyty ($101.50 in chips) 
Seat 4: URL02T ($101 in chips) 
Seat 5: Cositorto ($106.50 in chips) 
Seat 6: z00mba ($100 in chips) 
Evelexy1: posts small blind $0.50
gig.gyty: posts big blind $1
*** HOLE CARDS ***
URL02T: raises $2 to $3
Cositorto: folds 
z00mba: folds 
Evelexy1: raises $9 to $12
gig.gyty: folds 
URL02T: folds 
Uncalled bet ($9) returned to Evelexy1
Evelexy1 collected $7 from pot
Evelexy1: doesn't show hand 
*** SUMMARY ***
Total pot $7 | Rake $0 
Seat 2: Mariuoos
Seat 1: Evelexy1 (small blind) collected ($7)
Seat 3: gig.gyty (big blind) folded before Flop
Seat 4: URL02T folded before Flop
Seat 5: Cositorto folded before Flop (didn't bet)
Seat 6: z00mba (button) folded before Flop (didn't bet)



PokerStars Hand #254399290553:  Hold'em No Limit ($0.50/$1.00 USD) - 2025/01/16 16:17:08 WET [2025/01/16 11:17:08 ET]
Table 'Pulcherrima III' 6-max Seat #1 is the button
Seat 2: Mariuoos ($0 in chips) is sitting out
Seat 1: Evelexy1 ($234.23 in chips) 
Seat 3: gig.gyty ($100.50 in chips) 
Seat 4: URL02T ($98 in chips) 
Seat 5: Cositorto ($106.50 in chips) 
Seat 6: z00mba ($100 in chips) 
gig.gyty: posts small blind $0.50
URL02T: posts big blind $1
*** HOLE CARDS ***
Cositorto: folds 
Mariuoos leaves the table
z00mba: raises $1.50 to $2.50
Evelexy1: folds 
gig.gyty: folds 
URL02T: calls $1.50
*** FLOP *** [Js 5h 4h]
URL02T: bets $5.22
z00mba: folds 
Uncalled bet ($5.22) returned to URL02T
URL02T collected $5.22 from pot
URL02T: doesn't show hand 
*** SUMMARY ***
Total pot $5.50 | Rake $0.28 
Board [Js 5h 4h]
Seat 2: Mariuoos
Seat 1: Evelexy1 (button) folded before Flop (didn't bet)
Seat 3: gig.gyty (small blind) folded before Flop
Seat 4: URL02T (big blind) collected ($5.22)
Seat 5: Cositorto folded before Flop (didn't bet)
Seat 6: z00mba folded on the Flop



PokerStars Hand #254399295986:  Hold'em No Limit ($0.50/$1.00 USD) - 2025/01/16 16:17:32 WET [2025/01/16 11:17:32 ET]
Table 'Pulcherrima III' 6-max Seat #3 is the button
Seat 1: Evelexy1 ($234.23 in chips) 
Seat 3: gig.gyty ($100 in chips) 
Seat 4: URL02T ($100.72 in chips) 
Seat 5: Cositorto ($106.50 in chips) 
Seat 6: z00mba ($100 in chips) 
URL02T: posts small blind $0.50
Cositorto: posts big blind $1
*** HOLE CARDS ***
z00mba: raises $1.50 to $2.50
Evelexy1: folds 
gig.gyty: folds 
URL02T: folds 
Cositorto: folds 
Uncalled bet ($1.50) returned to z00mba
z00mba collected $2.50 from pot
z00mba: doesn't show hand 
*** SUMMARY ***
Total pot $2.50 | Rake $0 
Seat 1: Evelexy1 folded before Flop (didn't bet)
Seat 3: gig.gyty (button) folded before Flop (didn't bet)
Seat 4: URL02T (small blind) folded before Flop
Seat 5: Cositorto (big blind) folded before Flop
Seat 6: z00mba collected ($2.50)



PokerStars Hand #254399298721:  Hold'em No Limit ($0.50/$1.00 USD) - 2025/01/16 16:17:44 WET [2025/01/16 11:17:44 ET]
Table 'Pulcherrima III' 6-max Seat #4 is the button
Seat 1: Evelexy1 ($234.23 in chips) 
Seat 3: gig.gyty ($100 in chips) 
Seat 4: URL02T ($100.22 in chips) 
Seat 5: Cositorto ($105.50 in chips) 
Seat 6: z00mba ($101.50 in chips) 
Cositorto: posts small blind $0.50
z00mba: posts big blind $1
*** HOLE CARDS ***
Evelexy1: folds 
Lucastitos joins the table at seat #2 
gig.gyty: raises $1.25 to $2.25
URL02T: folds 
Cositorto: folds 
z00mba: folds 
Uncalled bet ($1.25) returned to gig.gyty
gig.gyty collected $2.50 from pot
gig.gyty: doesn't show hand 
*** SUMMARY ***
Total pot $2.50 | Rake $0 
Seat 1: Evelexy1 folded before Flop (didn't bet)
Seat 3: gig.gyty collected ($2.50)
Seat 4: URL02T (button) folded before Flop (didn't bet)
Seat 5: Cositorto (small blind) folded before Flop
Seat 6: z00mba (big blind) folded before Flop



PokerStars Hand #254399304177:  Hold'em No Limit ($0.50/$1.00 USD) - 2025/01/16 16:18:08 WET [2025/01/16 11:18:08 ET]
Table 'Pulcherrima III' 6-max Seat #5 is the button
Seat 2: Lucastitos ($100 in chips) is sitting out
Seat 1: Evelexy1 ($234.23 in chips) 
Seat 3: gig.gyty ($101.50 in chips) 
Seat 4: URL02T ($100.22 in chips) 
Seat 5: Cositorto ($105 in chips) 
Seat 6: z00mba ($100.50 in chips) 
z00mba: posts small blind $0.50
Evelexy1: posts big blind $1
Lucastitos: sits out 
*** HOLE CARDS ***
gig.gyty: raises $1.25 to $2.25
URL02T: folds 
Cositorto: folds 
z00mba: folds 
Evelexy1: calls $1.25
*** FLOP *** [8s Td 2d]
Evelexy1: checks 
gig.gyty: bets $2.38
Evelexy1: folds 
Uncalled bet ($2.38) returned to gig.gyty
gig.gyty collected $4.75 from pot
gig.gyty: doesn't show hand 
*** SUMMARY ***
Total pot $5 | Rake $0.25 
Board [8s Td 2d]
Seat 2: Lucastitos
Seat 1: Evelexy1 (big blind) folded on the Flop
Seat 3: gig.gyty collected ($4.75)
Seat 4: URL02T folded before Flop (didn't bet)
Seat 5: Cositorto (button) folded before Flop (didn't bet)
Seat 6: z00mba (small blind) folded before Flop



PokerStars Hand #254399314921:  Hold'em No Limit ($0.50/$1.00 USD) - 2025/01/16 16:18:57 WET [2025/01/16 11:18:57 ET]
Table 'Pulcherrima III' 6-max Seat #6 is the button
Seat 1: Evelexy1 ($231.98 in chips) 
Seat 2: Lucastitos ($100 in chips) 
Seat 3: gig.gyty ($104 in chips) 
Seat 4: URL02T ($100.22 in chips) 
Seat 5: Cositorto ($105 in chips) 
Seat 6: z00mba ($100 in chips) 
Evelexy1: posts small blind $0.50
Lucastitos: posts big blind $1
*** HOLE CARDS ***
gig.gyty: folds 
URL02T: folds 
Cositorto: folds 
z00mba: folds 
Evelexy1: folds 
Uncalled bet ($0.50) returned to Lucastitos
Lucastitos collected $1 from pot
Lucastitos: doesn't show hand 
*** SUMMARY ***
Total pot $1 | Rake $0 
Seat 1: Evelexy1 (small blind) folded before Flop
Seat 2: Lucastitos (big blind) collected ($1)
Seat 3: gig.gyty folded before Flop (didn't bet)
Seat 4: URL02T folded before Flop (didn't bet)
Seat 5: Cositorto folded before Flop (didn't bet)
Seat 6: z00mba (button) folded before Flop (didn't bet)



PokerStars Hand #254399317625:  Hold'em No Limit ($0.50/$1.00 USD) - 2025/01/16 16:19:08 WET [2025/01/16 11:19:08 ET]
Table 'Pulcherrima III' 6-max Seat #1 is the button
Seat 1: Evelexy1 ($231.48 in chips) 
Seat 2: Lucastitos ($100.50 in chips) 
Seat 3: gig.gyty ($104 in chips) 
Seat 4: URL02T ($100.22 in chips) 
Seat 5: Cositorto ($105 in chips) 
Seat 6: z00mba ($100 in chips) 
Lucastitos: posts small blind $0.50
gig.gyty: posts big blind $1
*** HOLE CARDS ***
URL02T: raises $2 to $3
Cositorto: folds 
z00mba: folds 
Evelexy1: folds 
Lucastitos: raises $8 to $11
gig.gyty: folds 
URL02T: folds 
Uncalled bet ($8) returned to Lucastitos
Lucastitos collected $7 from pot
Lucastitos: doesn't show hand 
*** SUMMARY ***
Total pot $7 | Rake $0 
Seat 1: Evelexy1 (button) folded before Flop (didn't bet)
Seat 2: Lucastitos (small blind) collected ($7)
Seat 3: gig.gyty (big blind) folded before Flop
Seat 4: URL02T folded before Flop
Seat 5: Cositorto folded before Flop (didn't bet)
Seat 6: z00mba folded before Flop (didn't bet)



PokerStars Hand #254399322486:  Hold'em No Limit ($0.50/$1.00 USD) - 2025/01/16 16:19:30 WET [2025/01/16 11:19:30 ET]
Table 'Pulcherrima III' 6-max Seat #2 is the button
Seat 1: Evelexy1 ($231.48 in chips) 
Seat 2: Lucastitos ($104.50 in chips) 
Seat 3: gig.gyty ($103 in chips) 
Seat 4: URL02T ($97.22 in chips) 
Seat 5: Cositorto ($105 in chips) 
Seat 6: z00mba ($100 in chips) 
gig.gyty: posts small blind $0.50
URL02T: posts big blind $1
*** HOLE CARDS ***
Cositorto: folds 
z00mba: folds 
Evelexy1: folds 
Lucastitos: folds 
gig.gyty: folds 
Uncalled bet ($0.50) returned to URL02T
URL02T collected $1 from pot
URL02T: doesn't show hand 
*** SUMMARY ***
Total pot $1 | Rake $0 
Seat 1: Evelexy1 folded before Flop (didn't bet)
Seat 2: Lucastitos (button) folded before Flop (didn't bet)
Seat 3: gig.gyty (small blind) folded before Flop
Seat 4: URL02T (big blind) collected ($1)
Seat 5: Cositorto folded before Flop (didn't bet)
Seat 6: z00mba folded before Flop (didn't bet)



PokerStars Hand #254399325678:  Hold'em No Limit ($0.50/$1.00 USD) - 2025/01/16 16:19:44 WET [2025/01/16 11:19:44 ET]
Table 'Pulcherrima III' 6-max Seat #3 is the button
Seat 1: Evelexy1 ($231.48 in chips) 
Seat 2: Lucastitos ($104.50 in chips) 
Seat 3: gig.gyty ($102.50 in chips) 
Seat 4: URL02T ($97.72 in chips) 
Seat 5: Cositorto ($105 in chips) 
Seat 6: z00mba ($100 in chips) 
URL02T: posts small blind $0.50
Cositorto: posts big blind $1
*** HOLE CARDS ***
z00mba: raises $1.50 to $2.50
Evelexy1: folds 
Lucastitos: folds 
gig.gyty: folds 
URL02T has timed out
URL02T: folds 
Cositorto: folds 
Uncalled bet ($1.50) returned to z00mba
z00mba collected $2.50 from pot
z00mba: doesn't show hand 
*** SUMMARY ***
Total pot $2.50 | Rake $0 
Seat 1: Evelexy1 folded before Flop (didn't bet)
Seat 2: Lucastitos folded before Flop (didn't bet)
Seat 3: gig.gyty (button) folded before Flop (didn't bet)
Seat 4: URL02T (small blind) folded before Flop
Seat 5: Cositorto (big blind) folded before Flop
Seat 6: z00mba collected ($2.50)



PokerStars Hand #254399337028:  Hold'em No Limit ($0.50/$1.00 USD) - 2025/01/16 16:20:35 WET [2025/01/16 11:20:35 ET]
Table 'Pulcherrima III' 6-max Seat #5 is the button
Seat 4: URL02T ($97.22 in chips) is sitting out
Seat 1: Evelexy1 ($231.48 in chips) 
Seat 2: Lucastitos ($104.50 in chips) 
Seat 3: gig.gyty ($102.50 in chips) 
Seat 5: Cositorto ($104 in chips) 
Seat 6: z00mba ($101.50 in chips) 
z00mba: posts small blind $0.50
Evelexy1: posts big blind $1
*** HOLE CARDS ***
Lucastitos: folds 
gig.gyty: raises $1.25 to $2.25
Cositorto: folds 
z00mba: folds 
Evelexy1: folds 
Uncalled bet ($1.25) returned to gig.gyty
gig.gyty collected $2.50 from pot
gig.gyty: doesn't show hand 
*** SUMMARY ***
Total pot $2.50 | Rake $0 
Seat 4: URL02T
Seat 1: Evelexy1 (big blind) folded before Flop
Seat 2: Lucastitos folded before Flop (didn't bet)
Seat 3: gig.gyty collected ($2.50)
Seat 5: Cositorto (button) folded before Flop (didn't bet)
Seat 6: z00mba (small blind) folded before Flop



PokerStars Hand #254399340787:  Hold'em No Limit ($0.50/$1.00 USD) - 2025/01/16 16:20:51 WET [2025/01/16 11:20:51 ET]
Table 'Pulcherrima III' 6-max Seat #6 is the button
Seat 1: Evelexy1 ($230.48 in chips) 
Seat 2: Lucastitos ($104.50 in chips) 
Seat 3: gig.gyty ($104 in chips) 
Seat 4: URL02T ($97.22 in chips) 
Seat 5: Cositorto ($104 in chips) 
Seat 6: z00mba ($101 in chips) 
Evelexy1: posts small blind $0.50
Lucastitos: posts big blind $1
*** HOLE CARDS ***
gig.gyty: folds 
URL02T: raises $2 to $3
Cositorto: folds 
z00mba: folds 
Evelexy1: folds 
Lucastitos: folds 
Uncalled bet ($2) returned to URL02T
Evelexy1 leaves the table
URL02T collected $2.50 from pot
URL02T: doesn't show hand 
*** SUMMARY ***
Total pot $2.50 | Rake $0 
Seat 1: Evelexy1 (small blind) folded before Flop
Seat 2: Lucastitos (big blind) folded before Flop
Seat 3: gig.gyty folded before Flop (didn't bet)
Seat 4: URL02T collected ($2.50)
Seat 5: Cositorto folded before Flop (didn't bet)
Seat 6: z00mba (button) folded before Flop (didn't bet)



PokerStars Hand #254399346934:  Hold'em No Limit ($0.50/$1.00 USD) - 2025/01/16 16:21:19 WET [2025/01/16 11:21:19 ET]
Table 'Pulcherrima III' 6-max Seat #2 is the button
Seat 2: Lucastitos ($103.50 in chips) 
Seat 3: gig.gyty ($104 in chips) 
Seat 4: URL02T ($98.72 in chips) 
Seat 5: Cositorto ($104 in chips) 
Seat 6: z00mba ($101 in chips) 
gig.gyty: posts small blind $0.50
URL02T: posts big blind $1
*** HOLE CARDS ***
Cositorto: folds 
z00mba: folds 
Lucastitos: raises $1.40 to $2.40
gig.gyty: folds 
URL02T: raises $5.30 to $7.70
Lucastitos: calls $5.30
*** FLOP *** [Jc 4h 4c]
URL02T: bets $12
Pippa83 joins the table at seat #1 
Lucastitos: calls $12
*** TURN *** [Jc 4h 4c] [Jh]
URL02T: checks 
Lucastitos: checks 
*** RIVER *** [Jc 4h 4c Jh] [2h]
URL02T: bets $14.95
Lucastitos: calls $14.95
*** SHOW DOWN ***
URL02T: shows [Ah Qs] (two pair, Jacks and Fours)
Lucastitos: shows [4s As] (a full house, Fours full of Jacks)
Lucastitos collected $67.30 from pot
*** SUMMARY ***
Total pot $69.80 | Rake $2.50 
Board [Jc 4h 4c Jh 2h]
Seat 2: Lucastitos (button) showed [4s As] and won ($67.30) with a full house, Fours full of Jacks
Seat 3: gig.gyty (small blind) folded before Flop
Seat 4: URL02T (big blind) showed [Ah Qs] and lost with two pair, Jacks and Fours
Seat 5: Cositorto folded before Flop (didn't bet)
Seat 6: z00mba folded before Flop (didn't bet)



PokerStars Hand #254399362206:  Hold'em No Limit ($0.50/$1.00 USD) - 2025/01/16 16:22:27 WET [2025/01/16 11:22:27 ET]
Table 'Pulcherrima III' 6-max Seat #3 is the button
Seat 1: Pippa83 ($100 in chips) is sitting out
Seat 5: Cositorto ($104 in chips) is sitting out
Seat 2: Lucastitos ($136.15 in chips) 
Seat 3: gig.gyty ($103.50 in chips) 
Seat 4: URL02T ($64.07 in chips) 
Seat 6: z00mba ($101 in chips) 
URL02T: posts small blind $0.50
Cositorto: is sitting out 
z00mba: posts big blind $1
Pippa83: sits out 
*** HOLE CARDS ***
Lucastitos: folds 
gig.gyty: folds 
URL02T: folds 
Uncalled bet ($0.50) returned to z00mba
z00mba collected $1 from pot
z00mba: doesn't show hand 
*** SUMMARY ***
Total pot $1 | Rake $0 
Seat 1: Pippa83
Seat 5: Cositorto
Seat 2: Lucastitos folded before Flop (didn't bet)
Seat 3: gig.gyty (button) folded before Flop (didn't bet)
Seat 4: URL02T (small blind) folded before Flop
Seat 6: z00mba (big blind) collected ($1)



PokerStars Hand #254399365076:  Hold'em No Limit ($0.50/$1.00 USD) - 2025/01/16 16:22:40 WET [2025/01/16 11:22:40 ET]
Table 'Pulcherrima III' 6-max Seat #4 is the button
Seat 5: Cositorto ($104 in chips) is sitting out
Seat 1: Pippa83 ($100 in chips) 
Seat 2: Lucastitos ($136.15 in chips) 
Seat 3: gig.gyty ($103.50 in chips) 
Seat 4: URL02T ($63.57 in chips) 
Seat 6: z00mba ($101.50 in chips) 
z00mba: posts small blind $0.50
Pippa83: posts big blind $1
*** HOLE CARDS ***
Lucastitos: raises $1.10 to $2.10
gig.gyty: folds 
URL02T: folds 
z00mba: folds 
Pippa83: folds 
Uncalled bet ($1.10) returned to Lucastitos
Lucastitos collected $2.50 from pot
Lucastitos: doesn't show hand 
*** SUMMARY ***
Total pot $2.50 | Rake $0 
Seat 5: Cositorto
Seat 1: Pippa83 (big blind) folded before Flop
Seat 2: Lucastitos collected ($2.50)
Seat 3: gig.gyty folded before Flop (didn't bet)
Seat 4: URL02T (button) folded before Flop (didn't bet)
Seat 6: z00mba (small blind) folded before Flop



PokerStars Hand #254399369020:  Hold'em No Limit ($0.50/$1.00 USD) - 2025/01/16 16:22:57 WET [2025/01/16 11:22:57 ET]
Table 'Pulcherrima III' 6-max Seat #6 is the button
Seat 5: Cositorto ($104 in chips) is sitting out
Seat 1: Pippa83 ($100 in chips) 
Seat 2: Lucastitos ($137.65 in chips) 
Seat 3: gig.gyty ($103.50 in chips) 
Seat 4: URL02T ($63.57 in chips) 
Seat 6: z00mba ($101 in chips) 
Pippa83: posts small blind $0.50
Lucastitos: posts big blind $1
*** HOLE CARDS ***
gig.gyty: folds 
URL02T: raises $2 to $3
z00mba: folds 
Pippa83: folds 
Lucastitos: folds 
Uncalled bet ($2) returned to URL02T
URL02T collected $2.50 from pot
URL02T: doesn't show hand 
*** SUMMARY ***
Total pot $2.50 | Rake $0 
Seat 5: Cositorto
Seat 1: Pippa83 (small blind) folded before Flop
Seat 2: Lucastitos (big blind) folded before Flop
Seat 3: gig.gyty folded before Flop (didn't bet)
Seat 4: URL02T collected ($2.50)
Seat 6: z00mba (button) folded before Flop (didn't bet)



PokerStars Hand #254399372974:  Hold'em No Limit ($0.50/$1.00 USD) - 2025/01/16 16:23:15 WET [2025/01/16 11:23:15 ET]
Table 'Pulcherrima III' 6-max Seat #1 is the button
Seat 5: Cositorto ($104 in chips) is sitting out
Seat 1: Pippa83 ($100 in chips) 
Seat 2: Lucastitos ($136.65 in chips) 
Seat 3: gig.gyty ($103.50 in chips) 
Seat 4: URL02T ($65.07 in chips) 
Seat 6: z00mba ($101 in chips) 
Lucastitos: posts small blind $0.50
gig.gyty: posts big blind $1
*** HOLE CARDS ***
URL02T has timed out
URL02T: folds 
z00mba: raises $1.50 to $2.50
Pippa83: folds 
Lucastitos: folds 
gig.gyty: calls $1.50
*** FLOP *** [8s Ks Th]
gig.gyty: checks 
z00mba: checks 
*** TURN *** [8s Ks Th] [Ac]
gig.gyty: checks 
z00mba: checks 
*** RIVER *** [8s Ks Th Ac] [Ad]
gig.gyty: checks 
z00mba: bets $2
gig.gyty: calls $2
*** SHOW DOWN ***
z00mba: shows [5d Kd] (two pair, Aces and Kings)
gig.gyty: mucks hand 
z00mba collected $9.02 from pot
*** SUMMARY ***
Total pot $9.50 | Rake $0.48 
Board [8s Ks Th Ac Ad]
Seat 5: Cositorto
Seat 1: Pippa83 (button) folded before Flop (didn't bet)
Seat 2: Lucastitos (small blind) folded before Flop
Seat 3: gig.gyty (big blind) mucked
Seat 4: URL02T folded before Flop (didn't bet)
Seat 6: z00mba showed [5d Kd] and won ($9.02) with two pair, Aces and Kings



PokerStars Hand #254399388280:  Hold'em No Limit ($0.50/$1.00 USD) - 2025/01/16 16:24:23 WET [2025/01/16 11:24:23 ET]
Table 'Pulcherrima III' 6-max Seat #2 is the button
Seat 5: Cositorto ($104 in chips) is sitting out
Seat 1: Pippa83 ($100 in chips) 
Seat 2: Lucastitos ($136.15 in chips) 
Seat 3: gig.gyty ($100 in chips) 
Seat 4: URL02T ($65.07 in chips) 
Seat 6: z00mba ($105.52 in chips) 
gig.gyty: posts small blind $0.50
URL02T: posts big blind $1
*** HOLE CARDS ***
z00mba: folds 
Pippa83: raises $1.50 to $2.50
Lucastitos: folds 
gig.gyty: folds 
URL02T: folds 
Uncalled bet ($1.50) returned to Pippa83
Pippa83 collected $2.50 from pot
Pippa83: doesn't show hand 
*** SUMMARY ***
Total pot $2.50 | Rake $0 
Seat 5: Cositorto
Seat 1: Pippa83 collected ($2.50)
Seat 2: Lucastitos (button) folded before Flop (didn't bet)
Seat 3: gig.gyty (small blind) folded before Flop
Seat 4: URL02T (big blind) folded before Flop
Seat 6: z00mba folded before Flop (didn't bet)



PokerStars Hand #254399392490:  Hold'em No Limit ($0.50/$1.00 USD) - 2025/01/16 16:24:42 WET [2025/01/16 11:24:42 ET]
Table 'Pulcherrima III' 6-max Seat #3 is the button
Seat 5: Cositorto ($104 in chips) is sitting out
Seat 1: Pippa83 ($101.50 in chips) 
Seat 2: Lucastitos ($136.15 in chips) 
Seat 3: gig.gyty ($100 in chips) 
Seat 4: URL02T ($64.07 in chips) 
Seat 6: z00mba ($105.52 in chips) 
URL02T: posts small blind $0.50
z00mba: posts big blind $1
*** HOLE CARDS ***
Pippa83: folds 
Lucastitos: folds 
gig.gyty: raises $1.50 to $2.50
URL02T: folds 
z00mba: folds 
Uncalled bet ($1.50) returned to gig.gyty
gig.gyty collected $2.50 from pot
gig.gyty: doesn't show hand 
*** SUMMARY ***
Total pot $2.50 | Rake $0 
Seat 5: Cositorto
Seat 1: Pippa83 folded before Flop (didn't bet)
Seat 2: Lucastitos folded before Flop (didn't bet)
Seat 3: gig.gyty (button) collected ($2.50)
Seat 4: URL02T (small blind) folded before Flop
Seat 6: z00mba (big blind) folded before Flop



PokerStars Hand #254399396376:  Hold'em No Limit ($0.50/$1.00 USD) - 2025/01/16 16:25:00 WET [2025/01/16 11:25:00 ET]
Table 'Pulcherrima III' 6-max Seat #4 is the button
Seat 5: Cositorto ($104 in chips) is sitting out
Seat 1: Pippa83 ($101.50 in chips) 
Seat 2: Lucastitos ($136.15 in chips) 
Seat 3: gig.gyty ($101.50 in chips) 
Seat 4: URL02T ($63.57 in chips) 
Seat 6: z00mba ($104.52 in chips) 
z00mba: posts small blind $0.50
Pippa83: posts big blind $1
*** HOLE CARDS ***
Lucastitos: folds 
gig.gyty: folds 
URL02T: folds 
z00mba: folds 
Uncalled bet ($0.50) returned to Pippa83
Pippa83 collected $1 from pot
Pippa83: doesn't show hand 
*** SUMMARY ***
Total pot $1 | Rake $0 
Seat 5: Cositorto
Seat 1: Pippa83 (big blind) collected ($1)
Seat 2: Lucastitos folded before Flop (didn't bet)
Seat 3: gig.gyty folded before Flop (didn't bet)
Seat 4: URL02T (button) folded before Flop (didn't bet)
Seat 6: z00mba (small blind) folded before Flop



PokerStars Hand #254399399078:  Hold'em No Limit ($0.50/$1.00 USD) - 2025/01/16 16:25:12 WET [2025/01/16 11:25:12 ET]
Table 'Pulcherrima III' 6-max Seat #6 is the button
Seat 5: Cositorto ($104 in chips) is sitting out
Seat 1: Pippa83 ($102 in chips) 
Seat 2: Lucastitos ($136.15 in chips) 
Seat 3: gig.gyty ($101.50 in chips) 
Seat 4: URL02T ($63.57 in chips) 
Seat 6: z00mba ($104.02 in chips) 
Pippa83: posts small blind $0.50
Lucastitos: posts big blind $1
*** HOLE CARDS ***
gig.gyty: folds 
URL02T: folds 
z00mba: raises $1.50 to $2.50
Pippa83: folds 
Lucastitos: folds 
Uncalled bet ($1.50) returned to z00mba
z00mba collected $2.50 from pot
z00mba: doesn't show hand 
*** SUMMARY ***
Total pot $2.50 | Rake $0 
Seat 5: Cositorto
Seat 1: Pippa83 (small blind) folded before Flop
Seat 2: Lucastitos (big blind) folded before Flop
Seat 3: gig.gyty folded before Flop (didn't bet)
Seat 4: URL02T folded before Flop (didn't bet)
Seat 6: z00mba (button) collected ($2.50)



PokerStars Hand #254399401628:  Hold'em No Limit ($0.50/$1.00 USD) - 2025/01/16 16:25:23 WET [2025/01/16 11:25:23 ET]
Table 'Pulcherrima III' 6-max Seat #1 is the button
Seat 5: Cositorto ($104 in chips) is sitting out
Seat 1: Pippa83 ($101.50 in chips) 
Seat 2: Lucastitos ($135.15 in chips) 
Seat 3: gig.gyty ($101.50 in chips) 
Seat 4: URL02T ($63.57 in chips) 
Seat 6: z00mba ($105.52 in chips) 
Lucastitos: posts small blind $0.50
gig.gyty: posts big blind $1
*** HOLE CARDS ***
URL02T: folds 
z00mba: raises $1.50 to $2.50
Pippa83: folds 
Lucastitos: folds 
gig.gyty: folds 
Uncalled bet ($1.50) returned to z00mba
z00mba collected $2.50 from pot
z00mba: doesn't show hand 
*** SUMMARY ***
Total pot $2.50 | Rake $0 
Seat 5: Cositorto
Seat 1: Pippa83 (button) folded before Flop (didn't bet)
Seat 2: Lucastitos (small blind) folded before Flop
Seat 3: gig.gyty (big blind) folded before Flop
Seat 4: URL02T folded before Flop (didn't bet)
Seat 6: z00mba collected ($2.50)



PokerStars Hand #254399405739:  Hold'em No Limit ($0.50/$1.00 USD) - 2025/01/16 16:25:41 WET [2025/01/16 11:25:41 ET]
Table 'Pulcherrima III' 6-max Seat #2 is the button
Seat 5: Cositorto ($104 in chips) is sitting out
Seat 1: Pippa83 ($101.50 in chips) 
Seat 2: Lucastitos ($134.65 in chips) 
Seat 3: gig.gyty ($100.50 in chips) 
Seat 4: URL02T ($63.57 in chips) 
Seat 6: z00mba ($107.02 in chips) 
gig.gyty: posts small blind $0.50
URL02T: posts big blind $1
*** HOLE CARDS ***
z00mba: folds 
Pippa83: folds 
Lucastitos: raises $1.40 to $2.40
gig.gyty: folds 
URL02T: raises $5.30 to $7.70
Lucastitos: folds 
Uncalled bet ($5.30) returned to URL02T
URL02T collected $5.30 from pot
URL02T: doesn't show hand 
*** SUMMARY ***
Total pot $5.30 | Rake $0 
Seat 5: Cositorto
Seat 1: Pippa83 folded before Flop (didn't bet)
Seat 2: Lucastitos (button) folded before Flop
Seat 3: gig.gyty (small blind) folded before Flop
Seat 4: URL02T (big blind) collected ($5.30)
Seat 6: z00mba folded before Flop (didn't bet)



PokerStars Hand #254399410222:  Hold'em No Limit ($0.50/$1.00 USD) - 2025/01/16 16:26:01 WET [2025/01/16 11:26:01 ET]
Table 'Pulcherrima III' 6-max Seat #3 is the button
Seat 5: Cositorto ($104 in chips) is sitting out
Seat 1: Pippa83 ($101.50 in chips) 
Seat 2: Lucastitos ($132.25 in chips) 
Seat 3: gig.gyty ($100 in chips) 
Seat 4: URL02T ($66.47 in chips) 
Seat 6: z00mba ($107.02 in chips) 
URL02T: posts small blind $0.50
z00mba: posts big blind $1
*** HOLE CARDS ***
Pippa83: folds 
Lucastitos: folds 
gig.gyty: folds 
URL02T: raises $2 to $3
z00mba: calls $2
*** FLOP *** [6h 4s 5h]
URL02T: bets $5.70
z00mba: calls $5.70
*** TURN *** [6h 4s 5h] [Kc]
URL02T: checks 
z00mba: bets $5
URL02T: calls $5
*** RIVER *** [6h 4s 5h Kc] [Ad]
URL02T: checks 
z00mba: bets $26.03
URL02T: folds 
Uncalled bet ($26.03) returned to z00mba
z00mba collected $26.03 from pot
z00mba: doesn't show hand 
*** SUMMARY ***
Total pot $27.40 | Rake $1.37 
Board [6h 4s 5h Kc Ad]
Seat 5: Cositorto
Seat 1: Pippa83 folded before Flop (didn't bet)
Seat 2: Lucastitos folded before Flop (didn't bet)
Seat 3: gig.gyty (button) folded before Flop (didn't bet)
Seat 4: URL02T (small blind) folded on the River
Seat 6: z00mba (big blind) collected ($26.03)



PokerStars Hand #254399429250:  Hold'em No Limit ($0.50/$1.00 USD) - 2025/01/16 16:27:25 WET [2025/01/16 11:27:25 ET]
Table 'Pulcherrima III' 6-max Seat #4 is the button
Seat 5: Cositorto ($104 in chips) is sitting out
Seat 1: Pippa83 ($101.50 in chips) 
Seat 2: Lucastitos ($132.25 in chips) 
Seat 3: gig.gyty ($100 in chips) 
Seat 4: URL02T ($52.77 in chips) 
Seat 6: z00mba ($119.35 in chips) 
z00mba: posts small blind $0.50
Pippa83: posts big blind $1
*** HOLE CARDS ***
Lucastitos: raises $1.10 to $2.10
gig.gyty: folds 
URL02T: folds 
z00mba: folds 
Pippa83: folds 
Uncalled bet ($1.10) returned to Lucastitos
Lucastitos collected $2.50 from pot
Lucastitos: doesn't show hand 
*** SUMMARY ***
Total pot $2.50 | Rake $0 
Seat 5: Cositorto
Seat 1: Pippa83 (big blind) folded before Flop
Seat 2: Lucastitos collected ($2.50)
Seat 3: gig.gyty folded before Flop (didn't bet)
Seat 4: URL02T (button) folded before Flop (didn't bet)
Seat 6: z00mba (small blind) folded before Flop



PokerStars Hand #254399436643:  Hold'em No Limit ($0.50/$1.00 USD) - 2025/01/16 16:27:58 WET [2025/01/16 11:27:58 ET]
Table 'Pulcherrima III' 6-max Seat #6 is the button
Seat 5: Cositorto ($104 in chips) is sitting out
Seat 1: Pippa83 ($100.50 in chips) 
Seat 2: Lucastitos ($133.75 in chips) 
Seat 3: gig.gyty ($100 in chips) 
Seat 4: URL02T ($52.77 in chips) 
Seat 6: z00mba ($118.85 in chips) 
Pippa83: posts small blind $0.50
Lucastitos: posts big blind $1
*** HOLE CARDS ***
gig.gyty: folds 
URL02T: raises $2 to $3
z00mba: folds 
Pippa83: folds 
Lucastitos: calls $2
*** FLOP *** [2d Ah 5h]
Lucastitos: checks 
URL02T: bets $6.18
Lucastitos: raises $11.82 to $18
URL02T: calls $11.82
*** TURN *** [2d Ah 5h] [Ks]
Lucastitos: checks 
URL02T: checks 
*** RIVER *** [2d Ah 5h Ks] [8s]
Lucastitos: checks 
URL02T: checks 
*** SHOW DOWN ***
Lucastitos: shows [4d 3d] (a straight, Ace to Five)
URL02T: mucks hand 
Lucastitos collected $40.38 from pot
*** SUMMARY ***
Total pot $42.50 | Rake $2.12 
Board [2d Ah 5h Ks 8s]
Seat 5: Cositorto
Seat 1: Pippa83 (small blind) folded before Flop
Seat 2: Lucastitos (big blind) showed [4d 3d] and won ($40.38) with a straight, Ace to Five
Seat 3: gig.gyty folded before Flop (didn't bet)
Seat 4: URL02T mucked
Seat 6: z00mba (button) folded before Flop (didn't bet)



PokerStars Hand #254399450850:  Hold'em No Limit ($0.50/$1.00 USD) - 2025/01/16 16:29:00 WET [2025/01/16 11:29:00 ET]
Table 'Pulcherrima III' 6-max Seat #1 is the button
Seat 5: Cositorto ($104 in chips) is sitting out
Seat 1: Pippa83 ($100 in chips) 
Seat 2: Lucastitos ($153.13 in chips) 
Seat 3: gig.gyty ($100 in chips) 
Seat 4: URL02T ($31.77 in chips) 
Seat 6: z00mba ($118.85 in chips) 
Lucastitos: posts small blind $0.50
gig.gyty: posts big blind $1
*** HOLE CARDS ***
URL02T: folds 
URL02T leaves the table
z00mba: folds 
Pippa83: folds 
Lucastitos: folds 
Uncalled bet ($0.50) returned to gig.gyty
gig.gyty collected $1 from pot
gig.gyty: doesn't show hand 
*** SUMMARY ***
Total pot $1 | Rake $0 
Seat 5: Cositorto
Seat 1: Pippa83 (button) folded before Flop (didn't bet)
Seat 2: Lucastitos (small blind) folded before Flop
Seat 3: gig.gyty (big blind) collected ($1)
Seat 4: URL02T folded before Flop (didn't bet)
Seat 6: z00mba folded before Flop (didn't bet)



PokerStars Hand #254399455650:  Hold'em No Limit ($0.50/$1.00 USD) - 2025/01/16 16:29:22 WET [2025/01/16 11:29:22 ET]
Table 'Pulcherrima III' 6-max Seat #2 is the button
Seat 5: Cositorto ($104 in chips) is sitting out
Seat 1: Pippa83 ($100 in chips) 
Seat 2: Lucastitos ($152.63 in chips) 
Seat 3: gig.gyty ($100.50 in chips) 
Seat 6: z00mba ($118.85 in chips) 
gig.gyty: posts small blind $0.50
z00mba: posts big blind $1
*** HOLE CARDS ***
Pippa83: folds 
Lucastitos: folds 
Pippa83 leaves the table
gig.gyty: folds 
Uncalled bet ($0.50) returned to z00mba
z00mba collected $1 from pot
z00mba: doesn't show hand 
*** SUMMARY ***
Total pot $1 | Rake $0 
Seat 5: Cositorto
Seat 1: Pippa83 folded before Flop (didn't bet)
Seat 2: Lucastitos (button) folded before Flop (didn't bet)
Seat 3: gig.gyty (small blind) folded before Flop
Seat 6: z00mba (big blind) collected ($1)



PokerStars Hand #254399755791:  Hold'em No Limit ($0.50/$1.00 USD) - 2025/01/16 16:50:59 WET [2025/01/16 11:50:59 ET]
Table 'Pulcherrima III' 6-max Seat #1 is the button
Seat 5: worker0k ($109.58 in chips) is sitting out
Seat 1: nastja336 ($100 in chips) 
Seat 2: blistein ($105.77 in chips) 
Seat 3: pmeade1977 ($74.43 in chips) 
Seat 4: Pippa83 ($100 in chips) 
Seat 6: perketti ($100 in chips) 
blistein: posts small blind $0.50
pmeade1977: posts big blind $1
worker0k: sits out 
perketti: posts big blind $1
*** HOLE CARDS ***
Pippa83: folds 
perketti: raises $3 to $4
nastja336: calls $4
blistein: folds 
pmeade1977: folds 
*** FLOP *** [3h As 7d]
perketti: checks 
nastja336: checks 
*** TURN *** [3h As 7d] [7c]
perketti: checks 
nastja336: checks 
*** RIVER *** [3h As 7d 7c] [Jh]
perketti: checks 
nastja336: checks 
*** SHOW DOWN ***
perketti: shows [Kc 6s] (a pair of Sevens)
nastja336: shows [4s 4c] (two pair, Sevens and Fours)
nastja336 collected $9.02 from pot
*** SUMMARY ***
Total pot $9.50 | Rake $0.48 
Board [3h As 7d 7c Jh]
Seat 5: worker0k
Seat 1: nastja336 (button) showed [4s 4c] and won ($9.02) with two pair, Sevens and Fours
Seat 2: blistein (small blind) folded before Flop
Seat 3: pmeade1977 (big blind) folded before Flop
Seat 4: Pippa83 folded before Flop (didn't bet)
Seat 6: perketti showed [Kc 6s] and lost with a pair of Sevens



PokerStars Hand #254399766932:  Hold'em No Limit ($0.50/$1.00 USD) - 2025/01/16 16:51:47 WET [2025/01/16 11:51:47 ET]
Table 'Pulcherrima III' 6-max Seat #2 is the button
Seat 5: worker0k ($109.58 in chips) is sitting out
Seat 1: nastja336 ($105.02 in chips) 
Seat 2: blistein ($105.27 in chips) 
Seat 3: pmeade1977 ($73.43 in chips) 
Seat 4: Pippa83 ($100 in chips) 
Seat 6: perketti ($96 in chips) 
pmeade1977: posts small blind $0.50
Pippa83: posts big blind $1
worker0k: sits out 
*** HOLE CARDS ***
perketti: folds 
nastja336: raises $1.50 to $2.50
blistein: folds 
pmeade1977: calls $2
Pippa83: folds 
*** FLOP *** [2d 9c 5d]
pmeade1977: checks 
nastja336: bets $1.88
pmeade1977: calls $1.88
*** TURN *** [2d 9c 5d] [Jc]
pmeade1977: checks 
nastja336: bets $7.20
pmeade1977: folds 
Uncalled bet ($7.20) returned to nastja336
nastja336 collected $9.27 from pot
nastja336: doesn't show hand 
*** SUMMARY ***
Total pot $9.76 | Rake $0.49 
Board [2d 9c 5d Jc]
Seat 5: worker0k
Seat 1: nastja336 collected ($9.27)
Seat 2: blistein (button) folded before Flop (didn't bet)
Seat 3: pmeade1977 (small blind) folded on the Turn
Seat 4: Pippa83 (big blind) folded before Flop
Seat 6: perketti folded before Flop (didn't bet)



PokerStars Hand #254399781843:  Hold'em No Limit ($0.50/$1.00 USD) - 2025/01/16 16:52:52 WET [2025/01/16 11:52:52 ET]
Table 'Pulcherrima III' 6-max Seat #3 is the button
Seat 1: nastja336 ($109.91 in chips) 
Seat 2: blistein ($105.27 in chips) 
Seat 3: pmeade1977 ($69.05 in chips) 
Seat 4: Pippa83 ($100 in chips) 
Seat 5: worker0k ($109.58 in chips) 
Seat 6: perketti ($96 in chips) 
Pippa83: posts small blind $0.50
worker0k: posts big blind $1
*** HOLE CARDS ***
perketti: folds 
nastja336: folds 
perketti leaves the table
blistein: raises $1.30 to $2.30
pmeade1977: folds 
Pippa83: raises $9.20 to $11.50
worker0k: folds 
blistein: folds 
Uncalled bet ($9.20) returned to Pippa83
Valberti joins the table at seat #6 
Pippa83 collected $5.60 from pot
Pippa83: doesn't show hand 
Valberti is disconnected 
*** SUMMARY ***
Total pot $5.60 | Rake $0 
Seat 1: nastja336 folded before Flop (didn't bet)
Seat 2: blistein folded before Flop
Seat 3: pmeade1977 (button) folded before Flop (didn't bet)
Seat 4: Pippa83 (small blind) collected ($5.60)
Seat 5: worker0k (big blind) folded before Flop
Seat 6: perketti folded before Flop (didn't bet)



PokerStars Hand #254399787313:  Hold'em No Limit ($0.50/$1.00 USD) - 2025/01/16 16:53:16 WET [2025/01/16 11:53:16 ET]
Table 'Pulcherrima III' 6-max Seat #4 is the button
Seat 1: nastja336 ($109.91 in chips) 
Seat 2: blistein ($102.97 in chips) 
Seat 3: pmeade1977 ($69.05 in chips) 
Seat 4: Pippa83 ($103.30 in chips) 
Seat 5: worker0k ($108.58 in chips) 
Seat 6: Valberti ($46.25 in chips) 
worker0k: posts small blind $0.50
Valberti: posts big blind $1
*** HOLE CARDS ***
nastja336: folds 
blistein: raises $1.20 to $2.20
pmeade1977: folds 
Pippa83: raises $5.30 to $7.50
worker0k: folds 
Valberti: folds 
blistein: folds 
Uncalled bet ($5.30) returned to Pippa83
Pippa83 collected $5.90 from pot
Pippa83: doesn't show hand 
*** SUMMARY ***
Total pot $5.90 | Rake $0 
Seat 1: nastja336 folded before Flop (didn't bet)
Seat 2: blistein folded before Flop
Seat 3: pmeade1977 folded before Flop (didn't bet)
Seat 4: Pippa83 (button) collected ($5.90)
Seat 5: worker0k (small blind) folded before Flop
Seat 6: Valberti (big blind) folded before Flop



PokerStars Hand #254399791927:  Hold'em No Limit ($0.50/$1.00 USD) - 2025/01/16 16:53:36 WET [2025/01/16 11:53:36 ET]
Table 'Pulcherrima III' 6-max Seat #5 is the button
Seat 1: nastja336 ($109.91 in chips) 
Seat 2: blistein ($100.77 in chips) 
Seat 3: pmeade1977 ($69.05 in chips) 
Seat 4: Pippa83 ($107 in chips) 
Seat 5: worker0k ($108.08 in chips) 
Seat 6: Valberti ($45.25 in chips) 
Valberti: posts small blind $0.50
nastja336: posts big blind $1
*** HOLE CARDS ***
blistein: folds 
pmeade1977: raises $1 to $2
Pippa83: folds 
worker0k: folds 
Valberti: calls $1.50
nastja336: calls $1
*** FLOP *** [Ad As 9d]
Valberti: checks 
nastja336: checks 
pmeade1977: bets $3
Valberti: folds 
nastja336: folds 
Uncalled bet ($3) returned to pmeade1977
pmeade1977 collected $5.70 from pot
*** SUMMARY ***
Total pot $6 | Rake $0.30 
Board [Ad As 9d]
Seat 1: nastja336 (big blind) folded on the Flop
Seat 2: blistein folded before Flop (didn't bet)
Seat 3: pmeade1977 collected ($5.70)
Seat 4: Pippa83 folded before Flop (didn't bet)
Seat 5: worker0k (button) folded before Flop (didn't bet)
Seat 6: Valberti (small blind) folded on the Flop



PokerStars Hand #254399803806:  Hold'em No Limit ($0.50/$1.00 USD) - 2025/01/16 16:54:28 WET [2025/01/16 11:54:28 ET]
Table 'Pulcherrima III' 6-max Seat #6 is the button
Seat 1: nastja336 ($107.91 in chips) 
Seat 2: blistein ($100.77 in chips) 
Seat 3: pmeade1977 ($72.75 in chips) 
Seat 4: Pippa83 ($107 in chips) 
Seat 5: worker0k ($108.08 in chips) 
Seat 6: Valberti ($43.25 in chips) 
nastja336: posts small blind $0.50
blistein: posts big blind $1
*** HOLE CARDS ***
pmeade1977: raises $1 to $2
Pippa83: folds 
worker0k: folds 
Valberti: folds 
nastja336: folds 
blistein: calls $1
*** FLOP *** [2c Js Td]
blistein: checks 
pmeade1977: bets $1
blistein: folds 
Uncalled bet ($1) returned to pmeade1977
pmeade1977 collected $4.28 from pot
*** SUMMARY ***
Total pot $4.50 | Rake $0.22 
Board [2c Js Td]
Seat 1: nastja336 (small blind) folded before Flop
Seat 2: blistein (big blind) folded on the Flop
Seat 3: pmeade1977 collected ($4.28)
Seat 4: Pippa83 folded before Flop (didn't bet)
Seat 5: worker0k folded before Flop (didn't bet)
Seat 6: Valberti (button) folded before Flop (didn't bet)



PokerStars Hand #254399811745:  Hold'em No Limit ($0.50/$1.00 USD) - 2025/01/16 16:55:03 WET [2025/01/16 11:55:03 ET]
Table 'Pulcherrima III' 6-max Seat #1 is the button
Seat 1: nastja336 ($107.41 in chips) 
Seat 2: blistein ($100 in chips) 
Seat 3: pmeade1977 ($75.03 in chips) 
Seat 4: Pippa83 ($107 in chips) 
Seat 5: worker0k ($108.08 in chips) 
Seat 6: Valberti ($43.25 in chips) 
blistein: posts small blind $0.50
pmeade1977: posts big blind $1
*** HOLE CARDS ***
Pippa83: folds 
worker0k: folds 
Valberti: folds 
nastja336: raises $1.50 to $2.50
blistein: raises $9.50 to $12
pmeade1977: folds 
nastja336: folds 
Uncalled bet ($9.50) returned to blistein
blistein collected $6 from pot
blistein: doesn't show hand 
*** SUMMARY ***
Total pot $6 | Rake $0 
Seat 1: nastja336 (button) folded before Flop
Seat 2: blistein (small blind) collected ($6)
Seat 3: pmeade1977 (big blind) folded before Flop
Seat 4: Pippa83 folded before Flop (didn't bet)
Seat 5: worker0k folded before Flop (didn't bet)
Seat 6: Valberti folded before Flop (didn't bet)



PokerStars Hand #254399817452:  Hold'em No Limit ($0.50/$1.00 USD) - 2025/01/16 16:55:33 WET [2025/01/16 11:55:33 ET]
Table 'Pulcherrima III' 6-max Seat #2 is the button
Seat 1: nastja336 ($104.91 in chips) 
Seat 2: blistein ($103.50 in chips) 
Seat 3: pmeade1977 ($74.03 in chips) 
Seat 4: Pippa83 ($107 in chips) 
Seat 5: worker0k ($108.08 in chips) 
Seat 6: Valberti ($43.25 in chips) 
pmeade1977: posts small blind $0.50
Pippa83: posts big blind $1
*** HOLE CARDS ***
worker0k: folds 
worker0k leaves the table
Valberti: calls $1
nastja336: folds 
Joe_Li7 joins the table at seat #5 
blistein: raises $2.50 to $3.50
pmeade1977: folds 
Pippa83: raises $11.50 to $15
Valberti: folds 
blistein: folds 
Uncalled bet ($11.50) returned to Pippa83
Pippa83 collected $8.50 from pot
Pippa83: doesn't show hand 
*** SUMMARY ***
Total pot $8.50 | Rake $0 
Seat 1: nastja336 folded before Flop (didn't bet)
Seat 2: blistein (button) folded before Flop
Seat 3: pmeade1977 (small blind) folded before Flop
Seat 4: Pippa83 (big blind) collected ($8.50)
Seat 5: worker0k folded before Flop (didn't bet)
Seat 6: Valberti folded before Flop



PokerStars Hand #254399826110:  Hold'em No Limit ($0.50/$1.00 USD) - 2025/01/16 16:56:22 WET [2025/01/16 11:56:22 ET]
Table 'Pulcherrima III' 6-max Seat #3 is the button
Seat 1: nastja336 ($104.91 in chips) 
Seat 2: blistein ($100 in chips) 
Seat 3: pmeade1977 ($73.53 in chips) 
Seat 4: Pippa83 ($112 in chips) 
Seat 5: Joe_Li7 ($100 in chips) 
Seat 6: Valberti ($42.25 in chips) 
Pippa83: posts small blind $0.50
Joe_Li7: posts big blind $1
*** HOLE CARDS ***
Valberti: calls $1
nastja336: folds 
blistein: folds 
pmeade1977: raises $4 to $5
Pippa83: folds 
Joe_Li7: folds 
Valberti: raises $37.25 to $42.25 and is all-in
pmeade1977: calls $37.25
*** FLOP *** [3c Qd 5h]
*** TURN *** [3c Qd 5h] [4h]
*** RIVER *** [3c Qd 5h 4h] [Jc]
*** SHOW DOWN ***
Valberti: shows [Ah Qh] (a pair of Queens)
pmeade1977: shows [9d 9h] (a pair of Nines)
Valberti collected $83.50 from pot
*** SUMMARY ***
Total pot $86 | Rake $2.50 
Board [3c Qd 5h 4h Jc]
Seat 1: nastja336 folded before Flop (didn't bet)
Seat 2: blistein folded before Flop (didn't bet)
Seat 3: pmeade1977 (button) showed [9d 9h] and lost with a pair of Nines
Seat 4: Pippa83 (small blind) folded before Flop
Seat 5: Joe_Li7 (big blind) folded before Flop
Seat 6: Valberti showed [Ah Qh] and won ($83.50) with a pair of Queens



PokerStars Hand #254399835250:  Hold'em No Limit ($0.50/$1.00 USD) - 2025/01/16 16:57:13 WET [2025/01/16 11:57:13 ET]
Table 'Pulcherrima III' 6-max Seat #4 is the button
Seat 1: nastja336 ($104.91 in chips) 
Seat 2: blistein ($100 in chips) 
Seat 3: pmeade1977 ($31.28 in chips) 
Seat 4: Pippa83 ($111.50 in chips) 
Seat 5: Joe_Li7 ($100 in chips) 
Seat 6: Valberti ($83.50 in chips) 
Joe_Li7: posts small blind $0.50
Valberti: posts big blind $1
*** HOLE CARDS ***
nastja336: folds 
blistein: raises $1.20 to $2.20
pmeade1977: folds 
Pippa83: folds 
Joe_Li7: folds 
Valberti: calls $1.20
*** FLOP *** [2s 2c As]
Valberti: checks 
blistein: bets $2.33
Valberti: folds 
Uncalled bet ($2.33) returned to blistein
blistein collected $4.66 from pot
blistein: doesn't show hand 
*** SUMMARY ***
Total pot $4.90 | Rake $0.24 
Board [2s 2c As]
Seat 1: nastja336 folded before Flop (didn't bet)
Seat 2: blistein collected ($4.66)
Seat 3: pmeade1977 folded before Flop (didn't bet)
Seat 4: Pippa83 (button) folded before Flop (didn't bet)
Seat 5: Joe_Li7 (small blind) folded before Flop
Seat 6: Valberti (big blind) folded on the Flop



PokerStars Hand #254399845461:  Hold'em No Limit ($0.50/$1.00 USD) - 2025/01/16 16:58:10 WET [2025/01/16 11:58:10 ET]
Table 'Pulcherrima III' 6-max Seat #5 is the button
Seat 1: nastja336 ($104.91 in chips) is sitting out
Seat 2: blistein ($102.46 in chips) 
Seat 3: pmeade1977 ($31.28 in chips) 
Seat 4: Pippa83 ($111.50 in chips) 
Seat 5: Joe_Li7 ($100 in chips) 
Seat 6: Valberti ($81.30 in chips) 
Valberti: posts small blind $0.50
nastja336: is sitting out 
blistein: posts big blind $1
*** HOLE CARDS ***
nastja336 leaves the table
gig.gyty joins the table at seat #1 
pmeade1977: folds 
Pippa83: folds 
Joe_Li7: folds 
Valberti: folds 
Uncalled bet ($0.50) returned to blistein
blistein collected $1 from pot
blistein: doesn't show hand 
*** SUMMARY ***
Total pot $1 | Rake $0 
Seat 1: nastja336
Seat 2: blistein (big blind) collected ($1)
Seat 3: pmeade1977 folded before Flop (didn't bet)
Seat 4: Pippa83 folded before Flop (didn't bet)
Seat 5: Joe_Li7 (button) folded before Flop (didn't bet)
Seat 6: Valberti (small blind) folded before Flop



PokerStars Hand #254399847939:  Hold'em No Limit ($0.50/$1.00 USD) - 2025/01/16 16:58:24 WET [2025/01/16 11:58:24 ET]
Table 'Pulcherrima III' 6-max Seat #6 is the button
Seat 1: gig.gyty ($100 in chips) is sitting out
Seat 2: blistein ($102.96 in chips) 
Seat 3: pmeade1977 ($31.28 in chips) 
Seat 4: Pippa83 ($111.50 in chips) 
Seat 5: Joe_Li7 ($100 in chips) 
Seat 6: Valberti ($80.80 in chips) 
blistein: posts small blind $0.50
pmeade1977: posts big blind $1
*** HOLE CARDS ***
Pippa83: folds 
Joe_Li7: folds 
Valberti has timed out
Valberti: folds 
blistein: folds 
Uncalled bet ($0.50) returned to pmeade1977
pmeade1977 collected $1 from pot
*** SUMMARY ***
Total pot $1 | Rake $0 
Seat 1: gig.gyty
Seat 2: blistein (small blind) folded before Flop
Seat 3: pmeade1977 (big blind) collected ($1)
Seat 4: Pippa83 folded before Flop (didn't bet)
Seat 5: Joe_Li7 folded before Flop (didn't bet)
Seat 6: Valberti (button) folded before Flop (didn't bet)



PokerStars Hand #254399853217:  Hold'em No Limit ($0.50/$1.00 USD) - 2025/01/16 16:58:54 WET [2025/01/16 11:58:54 ET]
Table 'Pulcherrima III' 6-max Seat #2 is the button
Seat 1: gig.gyty ($100 in chips) is sitting out
Seat 6: Valberti ($80.80 in chips) is sitting out
Seat 2: blistein ($102.46 in chips) 
Seat 3: pmeade1977 ($31.78 in chips) 
Seat 4: Pippa83 ($111.50 in chips) 
Seat 5: Joe_Li7 ($100 in chips) 
pmeade1977: posts small blind $0.50
Pippa83: posts big blind $1
gig.gyty: sits out 
*** HOLE CARDS ***
Joe_Li7: folds 
blistein: folds 
Valberti leaves the table
pmeade1977: folds 
Uncalled bet ($0.50) returned to Pippa83
Pippa83 collected $1 from pot
Pippa83: doesn't show hand 
*** SUMMARY ***
Total pot $1 | Rake $0 
Seat 1: gig.gyty
Seat 6: Valberti
Seat 2: blistein (button) folded before Flop (didn't bet)
Seat 3: pmeade1977 (small blind) folded before Flop
Seat 4: Pippa83 (big blind) collected ($1)
Seat 5: Joe_Li7 folded before Flop (didn't bet)



PokerStars Hand #254399855697:  Hold'em No Limit ($0.50/$1.00 USD) - 2025/01/16 16:59:08 WET [2025/01/16 11:59:08 ET]
Table 'Pulcherrima III' 6-max Seat #3 is the button
Seat 1: gig.gyty ($100 in chips) is sitting out
Seat 2: blistein ($102.46 in chips) 
Seat 3: pmeade1977 ($31.28 in chips) 
Seat 4: Pippa83 ($112 in chips) 
Seat 5: Joe_Li7 ($100 in chips) 
Pippa83: posts small blind $0.50
Joe_Li7: posts big blind $1
gig.gyty: sits out 
*** HOLE CARDS ***
blistein: raises $1.30 to $2.30
dreimis190 joins the table at seat #6 
pmeade1977: calls $2.30
Pippa83: folds 
Joe_Li7: folds 
*** FLOP *** [Td 7c 5h]
blistein: checks 
pmeade1977: checks 
*** TURN *** [Td 7c 5h] [2c]
blistein: checks 
pmeade1977: bets $2
blistein: folds 
Uncalled bet ($2) returned to pmeade1977
pmeade1977 collected $5.80 from pot
*** SUMMARY ***
Total pot $6.10 | Rake $0.30 
Board [Td 7c 5h 2c]
Seat 1: gig.gyty
Seat 2: blistein folded on the Turn
Seat 3: pmeade1977 (button) collected ($5.80)
Seat 4: Pippa83 (small blind) folded before Flop
Seat 5: Joe_Li7 (big blind) folded before Flop



PokerStars Hand #254399870824:  Hold'em No Limit ($0.50/$1.00 USD) - 2025/01/16 17:00:30 WET [2025/01/16 12:00:30 ET]
Table 'Pulcherrima III' 6-max Seat #4 is the button
Seat 1: gig.gyty ($100 in chips) is sitting out
Seat 2: blistein ($100.16 in chips) 
Seat 3: pmeade1977 ($34.78 in chips) 
Seat 4: Pippa83 ($111.50 in chips) 
Seat 5: Joe_Li7 ($100 in chips) 
Seat 6: dreimis190 ($100 in chips) 
Joe_Li7: posts small blind $0.50
dreimis190: posts big blind $1
gig.gyty: sits out 
*** HOLE CARDS ***
blistein: folds 
pmeade1977: folds 
Pippa83: folds 
Joe_Li7: raises $2 to $3
dreimis190: folds 
Uncalled bet ($2) returned to Joe_Li7
Joe_Li7 collected $2 from pot
*** SUMMARY ***
Total pot $2 | Rake $0 
Seat 1: gig.gyty
Seat 2: blistein folded before Flop (didn't bet)
Seat 3: pmeade1977 folded before Flop (didn't bet)
Seat 4: Pippa83 (button) folded before Flop (didn't bet)
Seat 5: Joe_Li7 (small blind) collected ($2)
Seat 6: dreimis190 (big blind) folded before Flop



PokerStars Hand #254399873694:  Hold'em No Limit ($0.50/$1.00 USD) - 2025/01/16 17:00:45 WET [2025/01/16 12:00:45 ET]
Table 'Pulcherrima III' 6-max Seat #5 is the button
Seat 1: gig.gyty ($100 in chips) 
Seat 2: blistein ($100.16 in chips) 
Seat 3: pmeade1977 ($34.78 in chips) 
Seat 4: Pippa83 ($111.50 in chips) 
Seat 5: Joe_Li7 ($101 in chips) 
Seat 6: dreimis190 ($100 in chips) 
dreimis190: posts small blind $0.50
gig.gyty: posts big blind $1
*** HOLE CARDS ***
blistein: folds 
pmeade1977: folds 
Pippa83: folds 
blistein leaves the table
Joe_Li7: raises $1.50 to $2.50
dreimis190: raises $8.50 to $11
gig.gyty: folds 
Joe_Li7: folds 
Uncalled bet ($8.50) returned to dreimis190
dreimis190 collected $6 from pot
dreimis190: doesn't show hand 
*** SUMMARY ***
Total pot $6 | Rake $0 
Seat 1: gig.gyty (big blind) folded before Flop
Seat 2: blistein folded before Flop (didn't bet)
Seat 3: pmeade1977 folded before Flop (didn't bet)
Seat 4: Pippa83 folded before Flop (didn't bet)
Seat 5: Joe_Li7 (button) folded before Flop
Seat 6: dreimis190 (small blind) collected ($6)



PokerStars Hand #254399878401:  Hold'em No Limit ($0.50/$1.00 USD) - 2025/01/16 17:01:08 WET [2025/01/16 12:01:08 ET]
Table 'Pulcherrima III' 6-max Seat #6 is the button
Seat 1: gig.gyty ($100 in chips) 
Seat 3: pmeade1977 ($34.78 in chips) 
Seat 4: Pippa83 ($111.50 in chips) 
Seat 5: Joe_Li7 ($100 in chips) 
Seat 6: dreimis190 ($103.50 in chips) 
gig.gyty: posts small blind $0.50
pmeade1977: posts big blind $1
*** HOLE CARDS ***
Pippa83: folds 
Joe_Li7: raises $1.20 to $2.20
dreimis190: folds 
gig.gyty: folds 
Pippa83 leaves the table
pmeade1977: calls $1.20
*** FLOP *** [8d 2d Ad]
pmeade1977: checks 
blistein joins the table at seat #4 
Joe_Li7: bets $1.26
pmeade1977: raises $31.32 to $32.58 and is all-in
Joe_Li7: calls $31.32
*** TURN *** [8d 2d Ad] [7h]
*** RIVER *** [8d 2d Ad 7h] [Ks]
*** SHOW DOWN ***
pmeade1977: shows [8s Ac] (two pair, Aces and Eights)
Joe_Li7: shows [Kd 5d] (a flush, Ace high)
Joe_Li7 collected $67.56 from pot
*** SUMMARY ***
Total pot $70.06 | Rake $2.50 
Board [8d 2d Ad 7h Ks]
Seat 1: gig.gyty (small blind) folded before Flop
Seat 3: pmeade1977 (big blind) showed [8s Ac] and lost with two pair, Aces and Eights
Seat 4: Pippa83 folded before Flop (didn't bet)
Seat 5: Joe_Li7 showed [Kd 5d] and won ($67.56) with a flush, Ace high
Seat 6: dreimis190 (button) folded before Flop (didn't bet)



PokerStars Hand #254399890226:  Hold'em No Limit ($0.50/$1.00 USD) - 2025/01/16 17:02:03 WET [2025/01/16 12:02:03 ET]
Table 'Pulcherrima III' 6-max Seat #1 is the button
Seat 3: pmeade1977 ($0 in chips) is sitting out
Seat 4: blistein ($100.16 in chips) is sitting out
Seat 1: gig.gyty ($100 in chips) 
Seat 5: Joe_Li7 ($132.78 in chips) 
Seat 6: dreimis190 ($103.50 in chips) 
Joe_Li7: posts small blind $0.50
dreimis190: posts big blind $1
*** HOLE CARDS ***
gig.gyty: raises $1.50 to $2.50
Joe_Li7: folds 
dreimis190: folds 
Uncalled bet ($1.50) returned to gig.gyty
gig.gyty collected $2.50 from pot
gig.gyty: doesn't show hand 
*** SUMMARY ***
Total pot $2.50 | Rake $0 
Seat 3: pmeade1977
Seat 4: blistein
Seat 1: gig.gyty (button) collected ($2.50)
Seat 5: Joe_Li7 (small blind) folded before Flop
Seat 6: dreimis190 (big blind) folded before Flop



PokerStars Hand #254399892098:  Hold'em No Limit ($0.50/$1.00 USD) - 2025/01/16 17:02:12 WET [2025/01/16 12:02:12 ET]
Table 'Pulcherrima III' 6-max Seat #5 is the button
Seat 1: gig.gyty ($101.50 in chips) is sitting out
Seat 3: pmeade1977 ($0 in chips) is sitting out
Seat 4: blistein ($100.16 in chips) 
Seat 5: Joe_Li7 ($132.28 in chips) 
Seat 6: dreimis190 ($102.50 in chips) 
dreimis190: posts small blind $0.50
gig.gyty: is sitting out 
blistein: posts big blind $1
*** HOLE CARDS ***
Joe_Li7: folds 
gig.gyty leaves the table
dreimis190: raises $2 to $3
blistein: raises $7 to $10
dreimis190: raises $12.50 to $22.50
blistein: raises $77.66 to $100.16 and is all-in
dreimis190: calls $77.66
*** FIRST FLOP *** [Jd 8c 7h]
*** FIRST TURN *** [Jd 8c 7h] [7c]
*** FIRST RIVER *** [Jd 8c 7h 7c] [8d]
*** SECOND FLOP *** [Tc 9d 2s]
*** SECOND TURN *** [Tc 9d 2s] [9c]
*** SECOND RIVER *** [Tc 9d 2s 9c] [Ts]
*** FIRST SHOW DOWN ***
dreimis190: shows [Ac Qc] (two pair, Eights and Sevens)
blistein: shows [Ad Kd] (two pair, Eights and Sevens)
dreimis190 collected $49.83 from pot
blistein collected $49.83 from pot
*** SECOND SHOW DOWN ***
dreimis190: shows [Ac Qc] (two pair, Tens and Nines)
blistein: shows [Ad Kd] (two pair, Tens and Nines)
dreimis190 collected $49.83 from pot
blistein collected $49.83 from pot
pmeade1977 is disconnected 
*** SUMMARY ***
Total pot $200.32 | Rake $1 
Hand was run twice
FIRST Board [Jd 8c 7h 7c 8d]
SECOND Board [Tc 9d 2s 9c Ts]
Seat 1: gig.gyty
Seat 3: pmeade1977
Seat 4: blistein (big blind) showed [Ad Kd] and won ($49.83) with two pair, Eights and Sevens, and won ($49.83) with two pair, Tens and Nines
Seat 5: Joe_Li7 (button) folded before Flop (didn't bet)
Seat 6: dreimis190 (small blind) showed [Ac Qc] and won ($49.83) with two pair, Eights and Sevens, and won ($49.83) with two pair, Tens and Nines



PokerStars Hand #254400046234:  Hold'em No Limit ($0.50/$1.00 USD) - 2025/01/16 17:13:04 WET [2025/01/16 12:13:04 ET]
Table 'Pulcherrima III' 6-max Seat #1 is the button
Seat 3: pmeade1977 ($0 in chips) is sitting out
Seat 1: I am Anux! ($100 in chips) 
Seat 5: MaikonAll ($100 in chips) 
I am Anux!: posts small blind $0.50
MaikonAll: posts big blind $1
*** HOLE CARDS ***
pmeade1977 leaves the table
I am Anux!: folds 
Uncalled bet ($0.50) returned to MaikonAll
MaikonAll collected $1 from pot
MaikonAll: doesn't show hand 
*** SUMMARY ***
Total pot $1 | Rake $0 
Seat 3: pmeade1977
Seat 1: I am Anux! (button) (small blind) folded before Flop
Seat 5: MaikonAll (big blind) collected ($1)



PokerStars Hand #254400050470:  Hold'em No Limit ($0.50/$1.00 USD) - 2025/01/16 17:13:21 WET [2025/01/16 12:13:21 ET]
Table 'Pulcherrima III' 6-max Seat #5 is the button
Seat 1: I am Anux! ($100 in chips) 
Seat 5: MaikonAll ($100.50 in chips) 
MaikonAll: posts small blind $0.50
I am Anux!: posts big blind $1
*** HOLE CARDS ***
MaikonAll: raises $1.50 to $2.50
I am Anux!: calls $1.50
*** FLOP *** [7d 2s 2h]
I am Anux!: checks 
MaikonAll: bets $1.19
I am Anux!: calls $1.19
*** TURN *** [7d 2s 2h] [Qh]
I am Anux!: checks 
MaikonAll: bets $5.26
I am Anux!: folds 
Uncalled bet ($5.26) returned to MaikonAll
MaikonAll collected $7.01 from pot
MaikonAll: doesn't show hand 
*** SUMMARY ***
Total pot $7.38 | Rake $0.37 
Board [7d 2s 2h Qh]
Seat 1: I am Anux! (big blind) folded on the Turn
Seat 5: MaikonAll (button) (small blind) collected ($7.01)



