PokerStars Hand #254396797359:  Hold'em No Limit ($0.50/$1.00 USD) - 2025/01/16 12:19:46 WET [2025/01/16 7:19:46 ET]
Table 'Pawlowia III' 6-max Seat #2 is the button
Seat 2: Inoue19 ($14.62 in chips) 
Seat 5: Rysiff ($116.03 in chips) 
Inoue19: posts small blind $0.50
Rysiff: posts big blind $1
*** HOLE CARDS ***
Inoue19: calls $0.50
Rysiff: checks 
*** FLOP *** [Ts 3s 5d]
Rysiff: checks 
Inoue19: checks 
*** TURN *** [Ts 3s 5d] [Ks]
fobot21 joins the table at seat #3 
Rysiff: checks 
Inoue19: checks 
*** RIVER *** [Ts 3s 5d Ks] [Kc]
Rysiff: checks 
Inoue19: checks 
*** SHOW DOWN ***
Rysiff: shows [Qh 6c] (a pair of Kings)
Inoue19: shows [6d 5h] (two pair, Kings and Fives)
Inoue19 collected $1.88 from pot
*** SUMMARY ***
Total pot $2 | Rake $0.12 
Board [Ts 3s 5d Ks Kc]
Seat 2: Inoue19 (button) (small blind) showed [6d 5h] and won ($1.88) with two pair, Kings and Fives
Seat 5: Rysiff (big blind) showed [Qh 6c] and lost with a pair of Kings



PokerStars Hand #254396799867:  Hold'em No Limit ($0.50/$1.00 USD) - 2025/01/16 12:20:04 WET [2025/01/16 7:20:04 ET]
Table 'Pawlowia III' 6-max Seat #5 is the button
Seat 2: Inoue19 ($15.50 in chips) 
Seat 3: fobot21 ($100 in chips) 
Seat 5: Rysiff ($115.03 in chips) 
Inoue19: posts small blind $0.50
fobot21: posts big blind $1
*** HOLE CARDS ***
Rysiff: raises $1.50 to $2.50
Inoue19: folds 
fobot21: folds 
Uncalled bet ($1.50) returned to Rysiff
Rysiff collected $2.50 from pot
Rysiff: doesn't show hand 
*** SUMMARY ***
Total pot $2.50 | Rake $0 
Seat 2: Inoue19 (small blind) folded before Flop
Seat 3: fobot21 (big blind) folded before Flop
Seat 5: Rysiff (button) collected ($2.50)



PokerStars Hand #254396801486:  Hold'em No Limit ($0.50/$1.00 USD) - 2025/01/16 12:20:16 WET [2025/01/16 7:20:16 ET]
Table 'Pawlowia III' 6-max Seat #2 is the button
Seat 2: Inoue19 ($15 in chips) 
Seat 3: fobot21 ($100 in chips) 
Seat 5: Rysiff ($116.53 in chips) 
fobot21: posts small blind $0.50
Rysiff: posts big blind $1
*** HOLE CARDS ***
Inoue19: calls $1
fobot21: folds 
Rysiff: checks 
*** FLOP *** [7h Qh 2h]
Rysiff: checks 
Inoue19: checks 
*** TURN *** [7h Qh 2h] [Qd]
Rysiff: bets $1
Inoue19: calls $1
*** RIVER *** [7h Qh 2h Qd] [Th]
Rysiff: checks 
Inoue19: bets $1
Rysiff: folds 
Uncalled bet ($1) returned to Inoue19
Inoue19 collected $4.22 from pot
*** SUMMARY ***
Total pot $4.50 | Rake $0.28 
Board [7h Qh 2h Qd Th]
Seat 2: Inoue19 (button) collected ($4.22)
Seat 3: fobot21 (small blind) folded before Flop
Seat 5: Rysiff (big blind) folded on the River



PokerStars Hand #254396805110:  Hold'em No Limit ($0.50/$1.00 USD) - 2025/01/16 12:20:43 WET [2025/01/16 7:20:43 ET]
Table 'Pawlowia III' 6-max Seat #3 is the button
Seat 2: Inoue19 ($17.22 in chips) 
Seat 3: fobot21 ($100 in chips) 
Seat 5: Rysiff ($114.53 in chips) 
Rysiff: posts small blind $0.50
Inoue19: posts big blind $1
*** HOLE CARDS ***
fobot21: raises $1.50 to $2.50
Rysiff: folds 
Inoue19: calls $1.50
*** FLOP *** [Qc 7h 9h]
Inoue19: checks 
fobot21: checks 
*** TURN *** [Qc 7h 9h] [7s]
Inoue19: checks 
fobot21: checks 
*** RIVER *** [Qc 7h 9h 7s] [9s]
Inoue19: bets $3
fobot21: calls $3
*** SHOW DOWN ***
Inoue19: shows [9c 4c] (a full house, Nines full of Sevens)
fobot21: mucks hand 
Inoue19 collected $10.78 from pot
*** SUMMARY ***
Total pot $11.50 | Rake $0.72 
Board [Qc 7h 9h 7s 9s]
Seat 2: Inoue19 (big blind) showed [9c 4c] and won ($10.78) with a full house, Nines full of Sevens
Seat 3: fobot21 (button) mucked
Seat 5: Rysiff (small blind) folded before Flop



PokerStars Hand #254396809265:  Hold'em No Limit ($0.50/$1.00 USD) - 2025/01/16 12:21:14 WET [2025/01/16 7:21:14 ET]
Table 'Pawlowia III' 6-max Seat #5 is the button
Seat 2: Inoue19 ($22.50 in chips) 
Seat 3: fobot21 ($100 in chips) 
Seat 5: Rysiff ($114.03 in chips) 
Inoue19: posts small blind $0.50
fobot21: posts big blind $1
*** HOLE CARDS ***
Rysiff: folds 
Inoue19: calls $0.50
fobot21: checks 
*** FLOP *** [7d Jc 4h]
Inoue19: checks 
fobot21: bets $1.27
Inoue19: calls $1.27
*** TURN *** [7d Jc 4h] [4c]
Inoue19: checks 
Nicedaymybro joins the table at seat #4 
fobot21: bets $2.33
Inoue19: calls $2.33
*** RIVER *** [7d Jc 4h 4c] [Kh]
Inoue19: checks 
fobot21: bets $6.64
Inoue19: calls $6.64
*** SHOW DOWN ***
fobot21: shows [5d Ks] (two pair, Kings and Fours)
Inoue19: mucks hand 
fobot21 collected $21.48 from pot
*** SUMMARY ***
Total pot $22.48 | Rake $1 
Board [7d Jc 4h 4c Kh]
Seat 2: Inoue19 (small blind) mucked
Seat 3: fobot21 (big blind) showed [5d Ks] and won ($21.48) with two pair, Kings and Fours
Seat 5: Rysiff (button) folded before Flop (didn't bet)



PokerStars Hand #254396815901:  Hold'em No Limit ($0.50/$1.00 USD) - 2025/01/16 12:22:03 WET [2025/01/16 7:22:03 ET]
Table 'Pawlowia III' 6-max Seat #2 is the button
Seat 2: Inoue19 ($11.26 in chips) 
Seat 3: fobot21 ($110.24 in chips) 
Seat 4: Nicedaymybro ($100 in chips) 
Seat 5: Rysiff ($114.03 in chips) 
fobot21: posts small blind $0.50
Nicedaymybro: posts big blind $1
*** HOLE CARDS ***
Rysiff: folds 
Inoue19: folds 
fobot21: folds 
Uncalled bet ($0.50) returned to Nicedaymybro
Nicedaymybro collected $1 from pot
Nicedaymybro: doesn't show hand 
*** SUMMARY ***
Total pot $1 | Rake $0 
Seat 2: Inoue19 (button) folded before Flop (didn't bet)
Seat 3: fobot21 (small blind) folded before Flop
Seat 4: Nicedaymybro (big blind) collected ($1)
Seat 5: Rysiff folded before Flop (didn't bet)



PokerStars Hand #254396818011:  Hold'em No Limit ($0.50/$1.00 USD) - 2025/01/16 12:22:19 WET [2025/01/16 7:22:19 ET]
Table 'Pawlowia III' 6-max Seat #3 is the button
Seat 2: Inoue19 ($11.26 in chips) 
Seat 3: fobot21 ($109.74 in chips) 
Seat 4: Nicedaymybro ($100.50 in chips) 
Seat 5: Rysiff ($114.03 in chips) 
Nicedaymybro: posts small blind $0.50
Rysiff: posts big blind $1
*** HOLE CARDS ***
Inoue19: calls $1
fobot21: folds 
value_ftw joins the table at seat #1 
Nicedaymybro: folds 
Rysiff: checks 
*** FLOP *** [8c 3d 2h]
Rysiff: checks 
Inoue19: checks 
*** TURN *** [8c 3d 2h] [8s]
Rysiff: checks 
Inoue19: checks 
*** RIVER *** [8c 3d 2h 8s] [7s]
Rysiff: checks 
Inoue19: checks 
*** SHOW DOWN ***
Rysiff: shows [Ks 6s] (a pair of Eights)
Inoue19: shows [Js Kd] (a pair of Eights - King+Jack kicker)
Inoue19 collected $2.35 from pot
*** SUMMARY ***
Total pot $2.50 | Rake $0.15 
Board [8c 3d 2h 8s 7s]
Seat 2: Inoue19 showed [Js Kd] and won ($2.35) with a pair of Eights
Seat 3: fobot21 (button) folded before Flop (didn't bet)
Seat 4: Nicedaymybro (small blind) folded before Flop
Seat 5: Rysiff (big blind) showed [Ks 6s] and lost with a pair of Eights



PokerStars Hand #254396821211:  Hold'em No Limit ($0.50/$1.00 USD) - 2025/01/16 12:22:42 WET [2025/01/16 7:22:42 ET]
Table 'Pawlowia III' 6-max Seat #4 is the button
Seat 1: value_ftw ($100 in chips) 
Seat 2: Inoue19 ($12.61 in chips) 
Seat 3: fobot21 ($109.74 in chips) 
Seat 4: Nicedaymybro ($100 in chips) 
Seat 5: Rysiff ($113.03 in chips) 
Rysiff: posts small blind $0.50
value_ftw: posts big blind $1
*** HOLE CARDS ***
Inoue19: folds 
fobot21: folds 
Nicedaymybro: folds 
Rysiff: raises $2 to $3
value_ftw: raises $6 to $9
Rysiff: raises $13 to $22
value_ftw: calls $13
*** FLOP *** [6c Qd 5c]
Rysiff: bets $10
value_ftw: calls $10
*** TURN *** [6c Qd 5c] [Ks]
kasandra1301 joins the table at seat #6 
kasandra1301 is disconnected 
Rysiff: bets $81.03 and is all-in
value_ftw: folds 
Uncalled bet ($81.03) returned to Rysiff
Rysiff collected $61.50 from pot
Rysiff: doesn't show hand 
*** SUMMARY ***
Total pot $64 | Rake $2.50 
Board [6c Qd 5c Ks]
Seat 1: value_ftw (big blind) folded on the Turn
Seat 2: Inoue19 folded before Flop (didn't bet)
Seat 3: fobot21 folded before Flop (didn't bet)
Seat 4: Nicedaymybro (button) folded before Flop (didn't bet)
Seat 5: Rysiff (small blind) collected ($61.50)



PokerStars Hand #254396832973:  Hold'em No Limit ($0.50/$1.00 USD) - 2025/01/16 12:24:08 WET [2025/01/16 7:24:08 ET]
Table 'Pawlowia III' 6-max Seat #5 is the button
Seat 6: kasandra1301 ($10 in chips) is sitting out
Seat 1: value_ftw ($100 in chips) 
Seat 2: Inoue19 ($12.61 in chips) 
Seat 3: fobot21 ($109.74 in chips) 
Seat 4: Nicedaymybro ($100 in chips) 
Seat 5: Rysiff ($142.53 in chips) 
value_ftw: posts small blind $0.50
Inoue19: posts big blind $1
*** HOLE CARDS ***
fobot21: folds 
Nicedaymybro: folds 
Rysiff: folds 
value_ftw: folds 
Uncalled bet ($0.50) returned to Inoue19
Inoue19 collected $1 from pot
*** SUMMARY ***
Total pot $1 | Rake $0 
Seat 6: kasandra1301
Seat 1: value_ftw (small blind) folded before Flop
Seat 2: Inoue19 (big blind) collected ($1)
Seat 3: fobot21 folded before Flop (didn't bet)
Seat 4: Nicedaymybro folded before Flop (didn't bet)
Seat 5: Rysiff (button) folded before Flop (didn't bet)



PokerStars Hand #254396834202:  Hold'em No Limit ($0.50/$1.00 USD) - 2025/01/16 12:24:16 WET [2025/01/16 7:24:16 ET]
Table 'Pawlowia III' 6-max Seat #1 is the button
Seat 1: value_ftw ($100 in chips) 
Seat 2: Inoue19 ($13.11 in chips) 
Seat 3: fobot21 ($109.74 in chips) 
Seat 4: Nicedaymybro ($100 in chips) 
Seat 5: Rysiff ($142.53 in chips) 
Seat 6: kasandra1301 ($10 in chips) 
Inoue19: posts small blind $0.50
fobot21: posts big blind $1
kasandra1301: posts big blind $1
*** HOLE CARDS ***
Nicedaymybro: folds 
Rysiff: folds 
kasandra1301: checks 
value_ftw: raises $3.50 to $4.50
Inoue19: folds 
fobot21: folds 
kasandra1301: folds 
Uncalled bet ($3.50) returned to value_ftw
value_ftw collected $3.50 from pot
value_ftw: doesn't show hand 
*** SUMMARY ***
Total pot $3.50 | Rake $0 
Seat 1: value_ftw (button) collected ($3.50)
Seat 2: Inoue19 (small blind) folded before Flop
Seat 3: fobot21 (big blind) folded before Flop
Seat 4: Nicedaymybro folded before Flop (didn't bet)
Seat 5: Rysiff folded before Flop (didn't bet)
Seat 6: kasandra1301 folded before Flop (didn't bet)



PokerStars Hand #254396837229:  Hold'em No Limit ($0.50/$1.00 USD) - 2025/01/16 12:24:38 WET [2025/01/16 7:24:38 ET]
Table 'Pawlowia III' 6-max Seat #2 is the button
Seat 1: value_ftw ($102.50 in chips) 
Seat 2: Inoue19 ($12.61 in chips) 
Seat 3: fobot21 ($108.74 in chips) 
Seat 4: Nicedaymybro ($100 in chips) 
Seat 5: Rysiff ($142.53 in chips) 
Seat 6: kasandra1301 ($9 in chips) 
fobot21: posts small blind $0.50
Nicedaymybro: posts big blind $1
*** HOLE CARDS ***
Rysiff: folds 
kasandra1301: folds 
value_ftw: folds 
Inoue19: folds 
fobot21: folds 
Uncalled bet ($0.50) returned to Nicedaymybro
Nicedaymybro collected $1 from pot
Nicedaymybro: doesn't show hand 
*** SUMMARY ***
Total pot $1 | Rake $0 
Seat 1: value_ftw folded before Flop (didn't bet)
Seat 2: Inoue19 (button) folded before Flop (didn't bet)
Seat 3: fobot21 (small blind) folded before Flop
Seat 4: Nicedaymybro (big blind) collected ($1)
Seat 5: Rysiff folded before Flop (didn't bet)
Seat 6: kasandra1301 folded before Flop (didn't bet)



PokerStars Hand #254396840516:  Hold'em No Limit ($0.50/$1.00 USD) - 2025/01/16 12:25:01 WET [2025/01/16 7:25:01 ET]
Table 'Pawlowia III' 6-max Seat #3 is the button
Seat 1: value_ftw ($102.50 in chips) 
Seat 2: Inoue19 ($12.61 in chips) 
Seat 3: fobot21 ($108.24 in chips) 
Seat 4: Nicedaymybro ($100.50 in chips) 
Seat 5: Rysiff ($142.53 in chips) 
Seat 6: kasandra1301 ($9 in chips) 
Nicedaymybro: posts small blind $0.50
Rysiff: posts big blind $1
*** HOLE CARDS ***
kasandra1301: folds 
value_ftw: raises $1.20 to $2.20
Inoue19: folds 
fobot21: folds 
Nicedaymybro: folds 
Rysiff: folds 
Uncalled bet ($1.20) returned to value_ftw
value_ftw collected $2.50 from pot
value_ftw: doesn't show hand 
*** SUMMARY ***
Total pot $2.50 | Rake $0 
Seat 1: value_ftw collected ($2.50)
Seat 2: Inoue19 folded before Flop (didn't bet)
Seat 3: fobot21 (button) folded before Flop (didn't bet)
Seat 4: Nicedaymybro (small blind) folded before Flop
Seat 5: Rysiff (big blind) folded before Flop
Seat 6: kasandra1301 folded before Flop (didn't bet)



PokerStars Hand #254396842334:  Hold'em No Limit ($0.50/$1.00 USD) - 2025/01/16 12:25:15 WET [2025/01/16 7:25:15 ET]
Table 'Pawlowia III' 6-max Seat #4 is the button
Seat 1: value_ftw ($104 in chips) 
Seat 2: Inoue19 ($12.61 in chips) 
Seat 3: fobot21 ($108.24 in chips) 
Seat 4: Nicedaymybro ($100 in chips) 
Seat 5: Rysiff ($141.53 in chips) 
Seat 6: kasandra1301 ($9 in chips) 
Rysiff: posts small blind $0.50
kasandra1301: posts big blind $1
*** HOLE CARDS ***
value_ftw: raises $1.20 to $2.20
Inoue19: folds 
fobot21: folds 
Nicedaymybro: folds 
Rysiff: folds 
kasandra1301: raises $6.80 to $9 and is all-in
value_ftw: calls $6.80
kasandra1301 has timed out
*** FLOP *** [7d 8s Qc]
*** TURN *** [7d 8s Qc] [4s]
*** RIVER *** [7d 8s Qc 4s] [Jh]
*** SHOW DOWN ***
kasandra1301: shows [Kd Jc] (a pair of Jacks)
value_ftw: shows [Jd Td] (a pair of Jacks - lower kicker)
kasandra1301 collected $17.58 from pot
*** SUMMARY ***
Total pot $18.50 | Rake $0.92 
Board [7d 8s Qc 4s Jh]
Seat 1: value_ftw showed [Jd Td] and lost with a pair of Jacks
Seat 2: Inoue19 folded before Flop (didn't bet)
Seat 3: fobot21 folded before Flop (didn't bet)
Seat 4: Nicedaymybro (button) folded before Flop (didn't bet)
Seat 5: Rysiff (small blind) folded before Flop
Seat 6: kasandra1301 (big blind) showed [Kd Jc] and won ($17.58) with a pair of Jacks



PokerStars Hand #254396848117:  Hold'em No Limit ($0.50/$1.00 USD) - 2025/01/16 12:25:56 WET [2025/01/16 7:25:56 ET]
Table 'Pawlowia III' 6-max Seat #5 is the button
Seat 1: value_ftw ($100 in chips) 
Seat 2: Inoue19 ($12.61 in chips) 
Seat 3: fobot21 ($108.24 in chips) 
Seat 4: Nicedaymybro ($100 in chips) 
Seat 5: Rysiff ($141.03 in chips) 
Seat 6: kasandra1301 ($17.58 in chips) 
kasandra1301: posts small blind $0.50
value_ftw: posts big blind $1
*** HOLE CARDS ***
Inoue19: calls $1
fobot21: folds 
Nicedaymybro: folds 
Rysiff: folds 
kasandra1301: calls $0.50
value_ftw: raises $3.50 to $4.50
Inoue19: folds 
kasandra1301: folds 
Uncalled bet ($3.50) returned to value_ftw
value_ftw collected $3 from pot
value_ftw: doesn't show hand 
*** SUMMARY ***
Total pot $3 | Rake $0 
Seat 1: value_ftw (big blind) collected ($3)
Seat 2: Inoue19 folded before Flop
Seat 3: fobot21 folded before Flop (didn't bet)
Seat 4: Nicedaymybro folded before Flop (didn't bet)
Seat 5: Rysiff (button) folded before Flop (didn't bet)
Seat 6: kasandra1301 (small blind) folded before Flop



PokerStars Hand #254396851209:  Hold'em No Limit ($0.50/$1.00 USD) - 2025/01/16 12:26:19 WET [2025/01/16 7:26:19 ET]
Table 'Pawlowia III' 6-max Seat #6 is the button
Seat 1: value_ftw ($102 in chips) 
Seat 2: Inoue19 ($11.61 in chips) 
Seat 3: fobot21 ($108.24 in chips) 
Seat 4: Nicedaymybro ($100 in chips) 
Seat 5: Rysiff ($141.03 in chips) 
Seat 6: kasandra1301 ($16.58 in chips) 
value_ftw: posts small blind $0.50
Inoue19: posts big blind $1
*** HOLE CARDS ***
fobot21: folds 
Nicedaymybro: raises $1.50 to $2.50
Rysiff: folds 
kasandra1301: folds 
value_ftw: folds 
Inoue19: folds 
Uncalled bet ($1.50) returned to Nicedaymybro
Nicedaymybro collected $2.50 from pot
Nicedaymybro: doesn't show hand 
*** SUMMARY ***
Total pot $2.50 | Rake $0 
Seat 1: value_ftw (small blind) folded before Flop
Seat 2: Inoue19 (big blind) folded before Flop
Seat 3: fobot21 folded before Flop (didn't bet)
Seat 4: Nicedaymybro collected ($2.50)
Seat 5: Rysiff folded before Flop (didn't bet)
Seat 6: kasandra1301 (button) folded before Flop (didn't bet)



PokerStars Hand #254396853828:  Hold'em No Limit ($0.50/$1.00 USD) - 2025/01/16 12:26:37 WET [2025/01/16 7:26:37 ET]
Table 'Pawlowia III' 6-max Seat #1 is the button
Seat 1: value_ftw ($101.50 in chips) 
Seat 2: Inoue19 ($10.61 in chips) 
Seat 3: fobot21 ($108.24 in chips) 
Seat 4: Nicedaymybro ($101.50 in chips) 
Seat 5: Rysiff ($141.03 in chips) 
Seat 6: kasandra1301 ($16.58 in chips) 
Inoue19: posts small blind $0.50
fobot21: posts big blind $1
*** HOLE CARDS ***
Nicedaymybro: folds 
Rysiff: raises $1.50 to $2.50
kasandra1301: folds 
value_ftw: folds 
Inoue19: folds 
fobot21: folds 
Uncalled bet ($1.50) returned to Rysiff
Rysiff collected $2.50 from pot
Rysiff: doesn't show hand 
*** SUMMARY ***
Total pot $2.50 | Rake $0 
Seat 1: value_ftw (button) folded before Flop (didn't bet)
Seat 2: Inoue19 (small blind) folded before Flop
Seat 3: fobot21 (big blind) folded before Flop
Seat 4: Nicedaymybro folded before Flop (didn't bet)
Seat 5: Rysiff collected ($2.50)
Seat 6: kasandra1301 folded before Flop (didn't bet)



PokerStars Hand #254396855446:  Hold'em No Limit ($0.50/$1.00 USD) - 2025/01/16 12:26:49 WET [2025/01/16 7:26:49 ET]
Table 'Pawlowia III' 6-max Seat #2 is the button
Seat 1: value_ftw ($101.50 in chips) 
Seat 2: Inoue19 ($10.11 in chips) 
Seat 3: fobot21 ($107.24 in chips) 
Seat 4: Nicedaymybro ($101.50 in chips) 
Seat 5: Rysiff ($142.53 in chips) 
Seat 6: kasandra1301 ($16.58 in chips) 
fobot21: posts small blind $0.50
Nicedaymybro: posts big blind $1
*** HOLE CARDS ***
Rysiff: folds 
kasandra1301: calls $1
value_ftw: folds 
Inoue19: folds 
fobot21: raises $3.50 to $4.50
Nicedaymybro: folds 
kasandra1301: calls $3.50
*** FLOP *** [5h 2d Ah]
fobot21: bets $85.74
kasandra1301: folds 
Uncalled bet ($85.74) returned to fobot21
fobot21 collected $9.50 from pot
fobot21: doesn't show hand 
*** SUMMARY ***
Total pot $10 | Rake $0.50 
Board [5h 2d Ah]
Seat 1: value_ftw folded before Flop (didn't bet)
Seat 2: Inoue19 (button) folded before Flop (didn't bet)
Seat 3: fobot21 (small blind) collected ($9.50)
Seat 4: Nicedaymybro (big blind) folded before Flop
Seat 5: Rysiff folded before Flop (didn't bet)
Seat 6: kasandra1301 folded on the Flop



PokerStars Hand #254396859002:  Hold'em No Limit ($0.50/$1.00 USD) - 2025/01/16 12:27:13 WET [2025/01/16 7:27:13 ET]
Table 'Pawlowia III' 6-max Seat #3 is the button
Seat 1: value_ftw ($101.50 in chips) 
Seat 2: Inoue19 ($10.11 in chips) 
Seat 3: fobot21 ($112.24 in chips) 
Seat 4: Nicedaymybro ($100.50 in chips) 
Seat 5: Rysiff ($142.53 in chips) 
Seat 6: kasandra1301 ($12.08 in chips) 
Nicedaymybro: posts small blind $0.50
Rysiff: posts big blind $1
*** HOLE CARDS ***
kasandra1301: calls $1
value_ftw: folds 
Inoue19: calls $1
fobot21: folds 
Nicedaymybro: folds 
Rysiff: checks 
*** FLOP *** [2c 8h Th]
Rysiff: checks 
kasandra1301: checks 
Inoue19: checks 
*** TURN *** [2c 8h Th] [4d]
Rysiff: checks 
kasandra1301: checks 
Inoue19: checks 
*** RIVER *** [2c 8h Th 4d] [2d]
Rysiff: bets $3
kasandra1301: folds 
Inoue19: folds 
Uncalled bet ($3) returned to Rysiff
Rysiff collected $3.32 from pot
Rysiff: doesn't show hand 
*** SUMMARY ***
Total pot $3.50 | Rake $0.18 
Board [2c 8h Th 4d 2d]
Seat 1: value_ftw folded before Flop (didn't bet)
Seat 2: Inoue19 folded on the River
Seat 3: fobot21 (button) folded before Flop (didn't bet)
Seat 4: Nicedaymybro (small blind) folded before Flop
Seat 5: Rysiff (big blind) collected ($3.32)
Seat 6: kasandra1301 folded on the River



PokerStars Hand #254396864074:  Hold'em No Limit ($0.50/$1.00 USD) - 2025/01/16 12:27:49 WET [2025/01/16 7:27:49 ET]
Table 'Pawlowia III' 6-max Seat #5 is the button
Seat 4: Nicedaymybro ($100 in chips) is sitting out
Seat 1: value_ftw ($101.50 in chips) 
Seat 2: Inoue19 ($9.11 in chips) 
Seat 3: fobot21 ($112.24 in chips) 
Seat 5: Rysiff ($144.85 in chips) 
Seat 6: kasandra1301 ($11.08 in chips) 
kasandra1301: posts small blind $0.50
value_ftw: posts big blind $1
*** HOLE CARDS ***
Inoue19: folds 
fobot21: folds 
Rysiff: folds 
kasandra1301: folds 
Uncalled bet ($0.50) returned to value_ftw
value_ftw collected $1 from pot
value_ftw: doesn't show hand 
*** SUMMARY ***
Total pot $1 | Rake $0 
Seat 4: Nicedaymybro
Seat 1: value_ftw (big blind) collected ($1)
Seat 2: Inoue19 folded before Flop (didn't bet)
Seat 3: fobot21 folded before Flop (didn't bet)
Seat 5: Rysiff (button) folded before Flop (didn't bet)
Seat 6: kasandra1301 (small blind) folded before Flop



PokerStars Hand #254396865445:  Hold'em No Limit ($0.50/$1.00 USD) - 2025/01/16 12:27:59 WET [2025/01/16 7:27:59 ET]
Table 'Pawlowia III' 6-max Seat #6 is the button
Seat 4: Nicedaymybro ($100 in chips) is sitting out
Seat 1: value_ftw ($102 in chips) 
Seat 2: Inoue19 ($9.11 in chips) 
Seat 3: fobot21 ($112.24 in chips) 
Seat 5: Rysiff ($144.85 in chips) 
Seat 6: kasandra1301 ($10.58 in chips) 
value_ftw: posts small blind $0.50
Inoue19: posts big blind $1
*** HOLE CARDS ***
fobot21: folds 
Rysiff: folds 
kasandra1301: raises $2 to $3
value_ftw: calls $2.50
Inoue19: folds 
*** FLOP *** [7s Qs Th]
value_ftw: checks 
kasandra1301: bets $7.58 and is all-in
value_ftw: calls $7.58
kasandra1301 has timed out
*** TURN *** [7s Qs Th] [5h]
*** RIVER *** [7s Qs Th 5h] [9c]
*** SHOW DOWN ***
value_ftw: shows [Ts 9s] (two pair, Tens and Nines)
kasandra1301: shows [Ks 5s] (a pair of Fives)
value_ftw collected $21.05 from pot
*** SUMMARY ***
Total pot $22.16 | Rake $1.11 
Board [7s Qs Th 5h 9c]
Seat 4: Nicedaymybro
Seat 1: value_ftw (small blind) showed [Ts 9s] and won ($21.05) with two pair, Tens and Nines
Seat 2: Inoue19 (big blind) folded before Flop
Seat 3: fobot21 folded before Flop (didn't bet)
Seat 5: Rysiff folded before Flop (didn't bet)
Seat 6: kasandra1301 (button) showed [Ks 5s] and lost with a pair of Fives



PokerStars Hand #254396870445:  Hold'em No Limit ($0.50/$1.00 USD) - 2025/01/16 12:28:34 WET [2025/01/16 7:28:34 ET]
Table 'Pawlowia III' 6-max Seat #1 is the button
Seat 4: Nicedaymybro ($100 in chips) is sitting out
Seat 6: kasandra1301 ($0 in chips) is sitting out
Seat 1: value_ftw ($112.47 in chips) 
Seat 2: Inoue19 ($8.11 in chips) 
Seat 3: fobot21 ($112.24 in chips) 
Seat 5: Rysiff ($144.85 in chips) 
Inoue19: posts small blind $0.50
fobot21: posts big blind $1
*** HOLE CARDS ***
Rysiff: folds 
value_ftw: raises $1.50 to $2.50
Inoue19: folds 
kasandra1301 leaves the table
fobot21: raises $9.50 to $12
value_ftw: calls $9.50
*** FLOP *** [6d 3h Qd]
fobot21: bets $7.99
value_ftw: raises $13.03 to $21.02
fobot21: folds 
Uncalled bet ($13.03) returned to value_ftw
value_ftw collected $39.48 from pot
value_ftw: doesn't show hand 
*** SUMMARY ***
Total pot $40.48 | Rake $1 
Board [6d 3h Qd]
Seat 4: Nicedaymybro
Seat 6: kasandra1301
Seat 1: value_ftw (button) collected ($39.48)
Seat 2: Inoue19 (small blind) folded before Flop
Seat 3: fobot21 (big blind) folded on the Flop
Seat 5: Rysiff folded before Flop (didn't bet)



PokerStars Hand #254396877380:  Hold'em No Limit ($0.50/$1.00 USD) - 2025/01/16 12:29:23 WET [2025/01/16 7:29:23 ET]
Table 'Pawlowia III' 6-max Seat #2 is the button
Seat 4: Nicedaymybro ($100 in chips) is sitting out
Seat 1: value_ftw ($131.96 in chips) 
Seat 2: Inoue19 ($7.61 in chips) 
Seat 3: fobot21 ($100 in chips) 
Seat 5: Rysiff ($144.85 in chips) 
fobot21: posts small blind $0.50
Rysiff: posts big blind $1
*** HOLE CARDS ***
value_ftw: folds 
Inoue19: folds 
fobot21: folds 
Uncalled bet ($0.50) returned to Rysiff
Rysiff collected $1 from pot
Rysiff: doesn't show hand 
*** SUMMARY ***
Total pot $1 | Rake $0 
Seat 4: Nicedaymybro
Seat 1: value_ftw folded before Flop (didn't bet)
Seat 2: Inoue19 (button) folded before Flop (didn't bet)
Seat 3: fobot21 (small blind) folded before Flop
Seat 5: Rysiff (big blind) collected ($1)



PokerStars Hand #254396878980:  Hold'em No Limit ($0.50/$1.00 USD) - 2025/01/16 12:29:34 WET [2025/01/16 7:29:34 ET]
Table 'Pawlowia III' 6-max Seat #3 is the button
Seat 4: Nicedaymybro ($100 in chips) is sitting out
Seat 1: value_ftw ($131.96 in chips) 
Seat 2: Inoue19 ($7.61 in chips) 
Seat 3: fobot21 ($100 in chips) 
Seat 5: Rysiff ($145.35 in chips) 
Rysiff: posts small blind $0.50
value_ftw: posts big blind $1
*** HOLE CARDS ***
Inoue19: calls $1
fobot21: folds 
Rysiff: folds 
value_ftw: checks 
*** FLOP *** [9s 6h Js]
value_ftw: checks 
Inoue19: bets $3
value_ftw: folds 
Uncalled bet ($3) returned to Inoue19
Inoue19 collected $2.35 from pot
*** SUMMARY ***
Total pot $2.50 | Rake $0.15 
Board [9s 6h Js]
Seat 4: Nicedaymybro
Seat 1: value_ftw (big blind) folded on the Flop
Seat 2: Inoue19 collected ($2.35)
Seat 3: fobot21 (button) folded before Flop (didn't bet)
Seat 5: Rysiff (small blind) folded before Flop



PokerStars Hand #254396882269:  Hold'em No Limit ($0.50/$1.00 USD) - 2025/01/16 12:29:57 WET [2025/01/16 7:29:57 ET]
Table 'Pawlowia III' 6-max Seat #5 is the button
Seat 4: Nicedaymybro ($100 in chips) is sitting out
Seat 1: value_ftw ($130.96 in chips) 
Seat 2: Inoue19 ($8.96 in chips) 
Seat 3: fobot21 ($100 in chips) 
Seat 5: Rysiff ($144.85 in chips) 
value_ftw: posts small blind $0.50
Inoue19: posts big blind $1
Nicedaymybro: sits out 
*** HOLE CARDS ***
fobot21: folds 
Rysiff: folds 
value_ftw: folds 
Uncalled bet ($0.50) returned to Inoue19
Inoue19 collected $1 from pot
*** SUMMARY ***
Total pot $1 | Rake $0 
Seat 4: Nicedaymybro
Seat 1: value_ftw (small blind) folded before Flop
Seat 2: Inoue19 (big blind) collected ($1)
Seat 3: fobot21 folded before Flop (didn't bet)
Seat 5: Rysiff (button) folded before Flop (didn't bet)



PokerStars Hand #254396883680:  Hold'em No Limit ($0.50/$1.00 USD) - 2025/01/16 12:30:06 WET [2025/01/16 7:30:06 ET]
Table 'Pawlowia III' 6-max Seat #1 is the button
Seat 4: Nicedaymybro ($100 in chips) is sitting out
Seat 1: value_ftw ($130.46 in chips) 
Seat 2: Inoue19 ($9.46 in chips) 
Seat 3: fobot21 ($100 in chips) 
Seat 5: Rysiff ($144.85 in chips) 
Inoue19: posts small blind $0.50
fobot21: posts big blind $1
Nicedaymybro: sits out 
*** HOLE CARDS ***
Rysiff: folds 
value_ftw: raises $1.50 to $2.50
Inoue19: calls $2
fobot21: folds 
*** FLOP *** [5h 2s Ks]
Inoue19: checks 
value_ftw: bets $127.96 and is all-in
Inoue19: folds 
Uncalled bet ($127.96) returned to value_ftw
value_ftw collected $5.70 from pot
value_ftw: doesn't show hand 
*** SUMMARY ***
Total pot $6 | Rake $0.30 
Board [5h 2s Ks]
Seat 4: Nicedaymybro
Seat 1: value_ftw (button) collected ($5.70)
Seat 2: Inoue19 (small blind) folded on the Flop
Seat 3: fobot21 (big blind) folded before Flop
Seat 5: Rysiff folded before Flop (didn't bet)



PokerStars Hand #254396886730:  Hold'em No Limit ($0.50/$1.00 USD) - 2025/01/16 12:30:27 WET [2025/01/16 7:30:27 ET]
Table 'Pawlowia III' 6-max Seat #2 is the button
Seat 1: value_ftw ($133.66 in chips) 
Seat 2: Inoue19 ($6.96 in chips) 
Seat 3: fobot21 ($100 in chips) 
Seat 4: Nicedaymybro ($100 in chips) 
Seat 5: Rysiff ($144.85 in chips) 
fobot21: posts small blind $0.50
Nicedaymybro: posts big blind $1
*** HOLE CARDS ***
Rysiff: folds 
value_ftw: folds 
Inoue19: calls $1
fobot21: folds 
Nicedaymybro: raises $10 to $11
Inoue19: calls $5.96 and is all-in
Uncalled bet ($4.04) returned to Nicedaymybro
*** FLOP *** [Ad 9d Jh]
*** TURN *** [Ad 9d Jh] [6s]
*** RIVER *** [Ad 9d Jh 6s] [Qs]
*** SHOW DOWN ***
Nicedaymybro: shows [8c Kd] (high card Ace)
Inoue19: shows [3d 3h] (a pair of Threes)
Inoue19 collected $13.52 from pot
*** SUMMARY ***
Total pot $14.42 | Rake $0.90 
Board [Ad 9d Jh 6s Qs]
Seat 1: value_ftw folded before Flop (didn't bet)
Seat 2: Inoue19 (button) showed [3d 3h] and won ($13.52) with a pair of Threes
Seat 3: fobot21 (small blind) folded before Flop
Seat 4: Nicedaymybro (big blind) showed [8c Kd] and lost with high card Ace
Seat 5: Rysiff folded before Flop (didn't bet)



PokerStars Hand #254396890963:  Hold'em No Limit ($0.50/$1.00 USD) - 2025/01/16 12:30:56 WET [2025/01/16 7:30:56 ET]
Table 'Pawlowia III' 6-max Seat #3 is the button
Seat 1: value_ftw ($133.66 in chips) 
Seat 2: Inoue19 ($13.52 in chips) 
Seat 3: fobot21 ($100 in chips) 
Seat 4: Nicedaymybro ($100 in chips) 
Seat 5: Rysiff ($144.85 in chips) 
Nicedaymybro: posts small blind $0.50
Rysiff: posts big blind $1
*** HOLE CARDS ***
value_ftw: folds 
Inoue19: calls $1
fobot21: folds 
Nicedaymybro: folds 
Rysiff: checks 
*** FLOP *** [5h 4d Ts]
Rysiff: checks 
Inoue19: checks 
*** TURN *** [5h 4d Ts] [5c]
Rysiff: bets $2
Inoue19: folds 
Uncalled bet ($2) returned to Rysiff
Rysiff collected $2.38 from pot
Rysiff: doesn't show hand 
*** SUMMARY ***
Total pot $2.50 | Rake $0.12 
Board [5h 4d Ts 5c]
Seat 1: value_ftw folded before Flop (didn't bet)
Seat 2: Inoue19 folded on the Turn
Seat 3: fobot21 (button) folded before Flop (didn't bet)
Seat 4: Nicedaymybro (small blind) folded before Flop
Seat 5: Rysiff (big blind) collected ($2.38)



PokerStars Hand #254396894812:  Hold'em No Limit ($0.50/$1.00 USD) - 2025/01/16 12:31:23 WET [2025/01/16 7:31:23 ET]
Table 'Pawlowia III' 6-max Seat #4 is the button
Seat 1: value_ftw ($133.66 in chips) 
Seat 2: Inoue19 ($12.52 in chips) 
Seat 3: fobot21 ($100 in chips) 
Seat 4: Nicedaymybro ($100 in chips) 
Seat 5: Rysiff ($146.23 in chips) 
Rysiff: posts small blind $0.50
value_ftw: posts big blind $1
*** HOLE CARDS ***
Inoue19: calls $1
fobot21: folds 
Nicedaymybro: folds 
Rysiff: folds 
value_ftw: checks 
*** FLOP *** [9h 7c Th]
value_ftw: checks 
Inoue19: checks 
*** TURN *** [9h 7c Th] [2s]
value_ftw: bets $2.70
Inoue19: calls $2.70
*** RIVER *** [9h 7c Th 2s] [2c]
value_ftw: bets $129.96 and is all-in
Inoue19: folds 
Uncalled bet ($129.96) returned to value_ftw
value_ftw collected $7.50 from pot
value_ftw: doesn't show hand 
*** SUMMARY ***
Total pot $7.90 | Rake $0.40 
Board [9h 7c Th 2s 2c]
Seat 1: value_ftw (big blind) collected ($7.50)
Seat 2: Inoue19 folded on the River
Seat 3: fobot21 folded before Flop (didn't bet)
Seat 4: Nicedaymybro (button) folded before Flop (didn't bet)
Seat 5: Rysiff (small blind) folded before Flop



PokerStars Hand #254396898860:  Hold'em No Limit ($0.50/$1.00 USD) - 2025/01/16 12:31:51 WET [2025/01/16 7:31:51 ET]
Table 'Pawlowia III' 6-max Seat #5 is the button
Seat 1: value_ftw ($137.46 in chips) 
Seat 2: Inoue19 ($8.82 in chips) 
Seat 3: fobot21 ($100 in chips) 
Seat 4: Nicedaymybro ($100 in chips) 
Seat 5: Rysiff ($145.73 in chips) 
value_ftw: posts small blind $0.50
Inoue19: posts big blind $1
*** HOLE CARDS ***
fobot21: folds 
Nicedaymybro: raises $1.50 to $2.50
Rysiff: folds 
avstero joins the table at seat #6 
value_ftw: folds 
Inoue19: calls $1.50
*** FLOP *** [Ad 8c 5d]
Inoue19: bets $6.32 and is all-in
Nicedaymybro: calls $6.32
*** TURN *** [Ad 8c 5d] [Qh]
*** RIVER *** [Ad 8c 5d Qh] [4c]
*** SHOW DOWN ***
Inoue19: shows [Qs Ks] (a pair of Queens)
Nicedaymybro: shows [As Jc] (a pair of Aces)
Nicedaymybro collected $17.23 from pot
*** SUMMARY ***
Total pot $18.14 | Rake $0.91 
Board [Ad 8c 5d Qh 4c]
Seat 1: value_ftw (small blind) folded before Flop
Seat 2: Inoue19 (big blind) showed [Qs Ks] and lost with a pair of Queens
Seat 3: fobot21 folded before Flop (didn't bet)
Seat 4: Nicedaymybro showed [As Jc] and won ($17.23) with a pair of Aces
Seat 5: Rysiff (button) folded before Flop (didn't bet)



PokerStars Hand #254396904083:  Hold'em No Limit ($0.50/$1.00 USD) - 2025/01/16 12:32:28 WET [2025/01/16 7:32:28 ET]
Table 'Pawlowia III' 6-max Seat #1 is the button
Seat 2: Inoue19 ($0 in chips) is sitting out
Seat 6: avstero ($100 in chips) is sitting out
Seat 1: value_ftw ($136.96 in chips) 
Seat 3: fobot21 ($100 in chips) 
Seat 4: Nicedaymybro ($108.41 in chips) 
Seat 5: Rysiff ($145.73 in chips) 
fobot21: posts small blind $0.50
Nicedaymybro: posts big blind $1
avstero: sits out 
*** HOLE CARDS ***
Rysiff: folds 
value_ftw: folds 
fobot21: raises $1.90 to $2.90
Inoue19 leaves the table
Nicedaymybro: calls $1.90
*** FLOP *** [3s 2h 7c]
fobot21: checks 
Nicedaymybro: bets $4.13
Rysiff leaves the table
fobot21: folds 
Uncalled bet ($4.13) returned to Nicedaymybro
Nicedaymybro collected $5.51 from pot
Nicedaymybro: doesn't show hand 
*** SUMMARY ***
Total pot $5.80 | Rake $0.29 
Board [3s 2h 7c]
Seat 2: Inoue19
Seat 6: avstero
Seat 1: value_ftw (button) folded before Flop (didn't bet)
Seat 3: fobot21 (small blind) folded on the Flop
Seat 4: Nicedaymybro (big blind) collected ($5.51)
Seat 5: Rysiff folded before Flop (didn't bet)



PokerStars Hand #254396910337:  Hold'em No Limit ($0.50/$1.00 USD) - 2025/01/16 12:33:12 WET [2025/01/16 7:33:12 ET]
Table 'Pawlowia III' 6-max Seat #3 is the button
Seat 1: value_ftw ($136.96 in chips) 
Seat 3: fobot21 ($100 in chips) 
Seat 4: Nicedaymybro ($111.02 in chips) 
Seat 6: avstero ($100 in chips) 
Nicedaymybro: posts small blind $0.50
avstero: posts big blind $1
*** HOLE CARDS ***
value_ftw: raises $1.20 to $2.20
fobot21: raises $5.30 to $7.50
Nicedaymybro: folds 
avstero: folds 
value_ftw: calls $5.30
*** FLOP *** [Jc 5c 9s]
value_ftw: checks 
fobot21: bets $5.33
value_ftw: folds 
Uncalled bet ($5.33) returned to fobot21
fobot21 collected $15.68 from pot
fobot21: doesn't show hand 
*** SUMMARY ***
Total pot $16.50 | Rake $0.82 
Board [Jc 5c 9s]
Seat 1: value_ftw folded on the Flop
Seat 3: fobot21 (button) collected ($15.68)
Seat 4: Nicedaymybro (small blind) folded before Flop
Seat 6: avstero (big blind) folded before Flop



PokerStars Hand #254396915263:  Hold'em No Limit ($0.50/$1.00 USD) - 2025/01/16 12:33:46 WET [2025/01/16 7:33:46 ET]
Table 'Pawlowia III' 6-max Seat #4 is the button
Seat 1: value_ftw ($129.46 in chips) is sitting out
Seat 3: fobot21 ($108.18 in chips) 
Seat 4: Nicedaymybro ($110.52 in chips) 
Seat 6: avstero ($99 in chips) 
avstero: posts small blind $0.50
value_ftw: is sitting out 
fobot21: posts big blind $1
*** HOLE CARDS ***
Nicedaymybro: folds 
Nicedaymybro leaves the table
value_ftw leaves the table
avstero: raises $1.80 to $2.80
fobot21: folds 
Uncalled bet ($1.80) returned to avstero
avstero collected $2 from pot
avstero: doesn't show hand 
*** SUMMARY ***
Total pot $2 | Rake $0 
Seat 1: value_ftw
Seat 3: fobot21 (big blind) folded before Flop
Seat 4: Nicedaymybro (button) folded before Flop (didn't bet)
Seat 6: avstero (small blind) collected ($2)



