PokerStars Hand #254402770873:  Hold'em No Limit ($0.50/$1.00 USD) - 2025/01/16 19:33:15 WET [2025/01/16 14:33:15 ET]
Table 'Cassini III' 6-max Seat #4 is the button
Seat 1: blackclan7 ($100 in chips) is sitting out
Seat 2: Alinyr ($100 in chips) is sitting out
Seat 3: EvilReality ($100 in chips) 
Seat 4: mariofcd ($100 in chips) 
Seat 5: yzuk ($100.50 in chips) 
Seat 6: Scottclarke97 ($50.04 in chips) 
yzuk: posts small blind $0.50
Scottclarke97: posts big blind $1
blackclan7: sits out 
Alinyr: sits out 
*** HOLE CARDS ***
EvilReality: folds 
mariofcd: folds 
yzuk: raises $2 to $3
Scottclarke97: calls $2
*** FLOP *** [Qc 3s 7h]
yzuk: bets $2.91
Scottclarke97: folds 
Uncalled bet ($2.91) returned to yzuk
yzuk collected $5.70 from pot
yzuk: doesn't show hand 
*** SUMMARY ***
Total pot $6 | Rake $0.30 
Board [Qc 3s 7h]
Seat 1: blackclan7
Seat 2: Alinyr
Seat 3: EvilReality folded before Flop (didn't bet)
Seat 4: mariofcd (button) folded before Flop (didn't bet)
Seat 5: yzuk (small blind) collected ($5.70)
Seat 6: Scottclarke97 (big blind) folded on the Flop



PokerStars Hand #254402781312:  Hold'em No Limit ($0.50/$1.00 USD) - 2025/01/16 19:33:51 WET [2025/01/16 14:33:51 ET]
Table 'Cassini III' 6-max Seat #5 is the button
Seat 2: Alinyr ($100 in chips) is sitting out
Seat 1: blackclan7 ($100 in chips) 
Seat 3: EvilReality ($100 in chips) 
Seat 4: mariofcd ($100 in chips) 
Seat 5: yzuk ($103.20 in chips) 
Seat 6: Scottclarke97 ($47.04 in chips) 
Scottclarke97: posts small blind $0.50
blackclan7: posts big blind $1
Alinyr: sits out 
*** HOLE CARDS ***
EvilReality: folds 
mariofcd: folds 
yzuk: folds 
Scottclarke97: raises $2 to $3
blackclan7: calls $2
*** FLOP *** [6c Qc 6s]
Scottclarke97: bets $1.85
blackclan7: folds 
Uncalled bet ($1.85) returned to Scottclarke97
Scottclarke97 collected $5.70 from pot
*** SUMMARY ***
Total pot $6 | Rake $0.30 
Board [6c Qc 6s]
Seat 2: Alinyr
Seat 1: blackclan7 (big blind) folded on the Flop
Seat 3: EvilReality folded before Flop (didn't bet)
Seat 4: mariofcd folded before Flop (didn't bet)
Seat 5: yzuk (button) folded before Flop (didn't bet)
Seat 6: Scottclarke97 (small blind) collected ($5.70)



PokerStars Hand #254402793383:  Hold'em No Limit ($0.50/$1.00 USD) - 2025/01/16 19:34:33 WET [2025/01/16 14:34:33 ET]
Table 'Cassini III' 6-max Seat #6 is the button
Seat 1: blackclan7 ($100 in chips) 
Seat 2: Alinyr ($100 in chips) 
Seat 3: EvilReality ($100 in chips) 
Seat 4: mariofcd ($100 in chips) 
Seat 5: yzuk ($103.20 in chips) 
Seat 6: Scottclarke97 ($49.74 in chips) 
blackclan7: posts small blind $0.50
Alinyr: posts big blind $1
*** HOLE CARDS ***
EvilReality: folds 
mariofcd: folds 
yzuk: folds 
Scottclarke97: folds 
blackclan7: raises $2 to $3
Alinyr: folds 
Uncalled bet ($2) returned to blackclan7
blackclan7 collected $2 from pot
blackclan7: doesn't show hand 
*** SUMMARY ***
Total pot $2 | Rake $0 
Seat 1: blackclan7 (small blind) collected ($2)
Seat 2: Alinyr (big blind) folded before Flop
Seat 3: EvilReality folded before Flop (didn't bet)
Seat 4: mariofcd folded before Flop (didn't bet)
Seat 5: yzuk folded before Flop (didn't bet)
Seat 6: Scottclarke97 (button) folded before Flop (didn't bet)



PokerStars Hand #254402797304:  Hold'em No Limit ($0.50/$1.00 USD) - 2025/01/16 19:34:47 WET [2025/01/16 14:34:47 ET]
Table 'Cassini III' 6-max Seat #1 is the button
Seat 1: blackclan7 ($101 in chips) 
Seat 2: Alinyr ($100 in chips) 
Seat 3: EvilReality ($100 in chips) 
Seat 4: mariofcd ($100 in chips) 
Seat 5: yzuk ($103.20 in chips) 
Seat 6: Scottclarke97 ($49.74 in chips) 
Alinyr: posts small blind $0.50
EvilReality: posts big blind $1
*** HOLE CARDS ***
mariofcd: raises $1.20 to $2.20
yzuk: folds 
Scottclarke97: raises $2.90 to $5.10
blackclan7: folds 
Alinyr: folds 
EvilReality: raises $9.90 to $15
mariofcd: folds 
Scottclarke97: raises $34.74 to $49.74 and is all-in
EvilReality: calls $34.74
*** FLOP *** [Jd Ac 2h]
*** TURN *** [Jd Ac 2h] [As]
*** RIVER *** [Jd Ac 2h As] [7d]
*** SHOW DOWN ***
EvilReality: shows [Qs Qd] (two pair, Aces and Queens)
Scottclarke97: shows [9d 9h] (two pair, Aces and Nines)
EvilReality collected $99.68 from pot
*** SUMMARY ***
Total pot $102.18 | Rake $2.50 
Board [Jd Ac 2h As 7d]
Seat 1: blackclan7 (button) folded before Flop (didn't bet)
Seat 2: Alinyr (small blind) folded before Flop
Seat 3: EvilReality (big blind) showed [Qs Qd] and won ($99.68) with two pair, Aces and Queens
Seat 4: mariofcd folded before Flop
Seat 5: yzuk folded before Flop (didn't bet)
Seat 6: Scottclarke97 showed [9d 9h] and lost with two pair, Aces and Nines



PokerStars Hand #254402819499:  Hold'em No Limit ($0.50/$1.00 USD) - 2025/01/16 19:36:04 WET [2025/01/16 14:36:04 ET]
Table 'Cassini III' 6-max Seat #2 is the button
Seat 6: Scottclarke97 ($0 in chips) is sitting out
Seat 1: blackclan7 ($101 in chips) 
Seat 2: Alinyr ($100 in chips) 
Seat 3: EvilReality ($149.94 in chips) 
Seat 4: mariofcd ($100 in chips) 
Seat 5: yzuk ($103.20 in chips) 
EvilReality: posts small blind $0.50
mariofcd: posts big blind $1
*** HOLE CARDS ***
yzuk: folds 
blackclan7: folds 
Alinyr: folds 
Scottclarke97 leaves the table
yzuk leaves the table
EvilReality: raises $2 to $3
mariofcd: folds 
Uncalled bet ($2) returned to EvilReality
EvilReality collected $2 from pot
EvilReality: doesn't show hand 
*** SUMMARY ***
Total pot $2 | Rake $0 
Seat 6: Scottclarke97
Seat 1: blackclan7 folded before Flop (didn't bet)
Seat 2: Alinyr (button) folded before Flop (didn't bet)
Seat 3: EvilReality (small blind) collected ($2)
Seat 4: mariofcd (big blind) folded before Flop
Seat 5: yzuk folded before Flop (didn't bet)



