PokerStars Hand #254398278941:  Hold'em No Limit ($0.50/$1.00 USD) - 2025/01/16 14:51:57 WET [2025/01/16 9:51:57 ET]
Table 'Gellivara II' 6-max Seat #1 is the button
Seat 1: Rysiff ($103.90 in chips) 
Seat 3: Pippa83 ($100 in chips) 
Seat 5: yzuk ($102.20 in chips) 
Pippa83: posts small blind $0.50
yzuk: posts big blind $1
*** HOLE CARDS ***
Rysiff: raises $1.50 to $2.50
Pippa83: folds 
yzuk: folds 
Uncalled bet ($1.50) returned to Rysiff
Rysiff collected $2.50 from pot
Rysiff: doesn't show hand 
*** SUMMARY ***
Total pot $2.50 | Rake $0 
Seat 1: Rysiff (button) collected ($2.50)
Seat 3: Pippa83 (small blind) folded before Flop
Seat 5: yzuk (big blind) folded before Flop



PokerStars Hand #254398280600:  Hold'em No Limit ($0.50/$1.00 USD) - 2025/01/16 14:52:06 WET [2025/01/16 9:52:06 ET]
Table 'Gellivara II' 6-max Seat #3 is the button
Seat 1: Rysiff ($105.40 in chips) 
Seat 3: Pippa83 ($100 in chips) 
Seat 5: yzuk ($101.20 in chips) 
yzuk: posts small blind $0.50
Rysiff: posts big blind $1
*** HOLE CARDS ***
Pippa83: folds 
yzuk: raises $2 to $3
Rysiff: folds 
Uncalled bet ($2) returned to yzuk
yzuk collected $2 from pot
yzuk: doesn't show hand 
*** SUMMARY ***
Total pot $2 | Rake $0 
Seat 1: Rysiff (big blind) folded before Flop
Seat 3: Pippa83 (button) folded before Flop (didn't bet)
Seat 5: yzuk (small blind) collected ($2)



PokerStars Hand #254398282164:  Hold'em No Limit ($0.50/$1.00 USD) - 2025/01/16 14:52:14 WET [2025/01/16 9:52:14 ET]
Table 'Gellivara II' 6-max Seat #5 is the button
Seat 1: Rysiff ($104.40 in chips) 
Seat 3: Pippa83 ($100 in chips) 
Seat 5: yzuk ($102.20 in chips) 
Rysiff: posts small blind $0.50
Pippa83: posts big blind $1
*** HOLE CARDS ***
yzuk: folds 
Rysiff: folds 
Uncalled bet ($0.50) returned to Pippa83
yzuk leaves the table
Pippa83 collected $1 from pot
Pippa83: doesn't show hand 
*** SUMMARY ***
Total pot $1 | Rake $0 
Seat 1: Rysiff (small blind) folded before Flop
Seat 3: Pippa83 (big blind) collected ($1)
Seat 5: yzuk (button) folded before Flop (didn't bet)



PokerStars Hand #254398283558:  Hold'em No Limit ($0.50/$1.00 USD) - 2025/01/16 14:52:21 WET [2025/01/16 9:52:21 ET]
Table 'Gellivara II' 6-max Seat #3 is the button
Seat 1: Rysiff ($103.90 in chips) 
Seat 3: Pippa83 ($100.50 in chips) 
Pippa83: posts small blind $0.50
Rysiff: posts big blind $1
*** HOLE CARDS ***
Pippa83: folds 
Uncalled bet ($0.50) returned to Rysiff
Rysiff collected $1 from pot
Rysiff: doesn't show hand 
*** SUMMARY ***
Total pot $1 | Rake $0 
Seat 1: Rysiff (big blind) collected ($1)
Seat 3: Pippa83 (button) (small blind) folded before Flop



