PokerStars Hand #254398626973:  Hold'em No Limit ($0.50/$1.00 USD) - 2025/01/16 15:23:09 WET [2025/01/16 10:23:09 ET]
Table 'McElroy III' 6-max Seat #3 is the button
Seat 2: tintin641 ($100 in chips) 
Seat 3: BadenBadenPH ($95.40 in chips) 
BadenBadenPH: posts small blind $0.50
tintin641: posts big blind $1
*** HOLE CARDS ***
BadenBadenPH: raises $1 to $2
tintin641: folds 
Uncalled bet ($1) returned to BadenBadenPH
BadenBadenPH collected $2 from pot
*** SUMMARY ***
Total pot $2 | Rake $0 
Seat 2: tintin641 (big blind) folded before Flop
Seat 3: BadenBadenPH (button) (small blind) collected ($2)



PokerStars Hand #254398630115:  Hold'em No Limit ($0.50/$1.00 USD) - 2025/01/16 15:23:25 WET [2025/01/16 10:23:25 ET]
Table 'McElroy III' 6-max Seat #2 is the button
Seat 2: tintin641 ($100 in chips) 
Seat 3: BadenBadenPH ($96.40 in chips) 
tintin641: posts small blind $0.50
BadenBadenPH: posts big blind $1
*** HOLE CARDS ***
tintin641: raises $1.50 to $2.50
habib beye joins the table at seat #4 
BadenBadenPH: calls $1.50
*** FLOP *** [4s Js Jh]
app1e_j@ck joins the table at seat #5 
BadenBadenPH: checks 
tintin641: bets $1.57
BadenBadenPH: calls $1.57
*** TURN *** [4s Js Jh] [3c]
BadenBadenPH: checks 
tintin641: checks 
*** RIVER *** [4s Js Jh 3c] [7h]
BadenBadenPH: checks 
tintin641: bets $5.80
BadenBadenPH: calls $5.80
*** SHOW DOWN ***
tintin641: shows [7s Th] (two pair, Jacks and Sevens)
BadenBadenPH: shows [Kd 7d] (two pair, Jacks and Sevens - King kicker)
BadenBadenPH collected $18.50 from pot
*** SUMMARY ***
Total pot $19.74 | Rake $1.24 
Board [4s Js Jh 3c 7h]
Seat 2: tintin641 (button) (small blind) showed [7s Th] and lost with two pair, Jacks and Sevens
Seat 3: BadenBadenPH (big blind) showed [Kd 7d] and won ($18.50) with two pair, Jacks and Sevens



PokerStars Hand #254398641197:  Hold'em No Limit ($0.50/$1.00 USD) - 2025/01/16 15:24:19 WET [2025/01/16 10:24:19 ET]
Table 'McElroy III' 6-max Seat #2 is the button
Seat 5: app1e_j@ck ($100 in chips) is sitting out
Seat 2: tintin641 ($100 in chips) 
Seat 3: BadenBadenPH ($105.03 in chips) 
Seat 4: habib beye ($100 in chips) 
BadenBadenPH: posts small blind $0.50
habib beye: posts big blind $1
app1e_j@ck: sits out 
*** HOLE CARDS ***
tintin641: folds 
BadenBadenPH: raises $1.50 to $2.50
habib beye: folds 
Uncalled bet ($1.50) returned to BadenBadenPH
BadenBadenPH collected $2 from pot
*** SUMMARY ***
Total pot $2 | Rake $0 
Seat 5: app1e_j@ck
Seat 2: tintin641 (button) folded before Flop (didn't bet)
Seat 3: BadenBadenPH (small blind) collected ($2)
Seat 4: habib beye (big blind) folded before Flop



PokerStars Hand #254398644002:  Hold'em No Limit ($0.50/$1.00 USD) - 2025/01/16 15:24:33 WET [2025/01/16 10:24:33 ET]
Table 'McElroy III' 6-max Seat #3 is the button
Seat 2: tintin641 ($100 in chips) 
Seat 3: BadenBadenPH ($106.03 in chips) 
Seat 4: habib beye ($100 in chips) 
Seat 5: app1e_j@ck ($100 in chips) 
habib beye: posts small blind $0.50
app1e_j@ck: posts big blind $1
*** HOLE CARDS ***
tintin641: raises $1.50 to $2.50
BadenBadenPH: folds 
habib beye: folds 
app1e_j@ck: folds 
Uncalled bet ($1.50) returned to tintin641
tintin641 collected $2.50 from pot
tintin641: doesn't show hand 
*** SUMMARY ***
Total pot $2.50 | Rake $0 
Seat 2: tintin641 collected ($2.50)
Seat 3: BadenBadenPH (button) folded before Flop (didn't bet)
Seat 4: habib beye (small blind) folded before Flop
Seat 5: app1e_j@ck (big blind) folded before Flop



PokerStars Hand #254398646240:  Hold'em No Limit ($0.50/$1.00 USD) - 2025/01/16 15:24:44 WET [2025/01/16 10:24:44 ET]
Table 'McElroy III' 6-max Seat #4 is the button
Seat 2: tintin641 ($101.50 in chips) is sitting out
Seat 3: BadenBadenPH ($106.03 in chips) 
Seat 4: habib beye ($100 in chips) 
Seat 5: app1e_j@ck ($100 in chips) 
app1e_j@ck: posts small blind $0.50
tintin641: is sitting out 
BadenBadenPH: posts big blind $1
*** HOLE CARDS ***
tintin641 leaves the table
habib beye: raises $1.50 to $2.50
app1e_j@ck: folds 
BadenBadenPH: raises $7.50 to $10
habib beye: calls $7.50
*** FLOP *** [8c Ad 2c]
BadenBadenPH: bets $6
Dearic99 joins the table at seat #6 
habib beye: raises $10.40 to $16.40
BadenBadenPH: calls $10.40
*** TURN *** [8c Ad 2c] [Jd]
BadenBadenPH: checks 
IREQO joins the table at seat #1 
habib beye: bets $12
BadenBadenPH: calls $12
*** RIVER *** [8c Ad 2c Jd] [Jc]
BadenBadenPH: checks 
habib beye: bets $61.60 and is all-in
BadenBadenPH: folds 
Uncalled bet ($61.60) returned to habib beye
habib beye collected $76.30 from pot
*** SUMMARY ***
Total pot $77.30 | Rake $1 
Board [8c Ad 2c Jd Jc]
Seat 2: tintin641
Seat 3: BadenBadenPH (big blind) folded on the River
Seat 4: habib beye (button) collected ($76.30)
Seat 5: app1e_j@ck (small blind) folded before Flop



PokerStars Hand #254398663041:  Hold'em No Limit ($0.50/$1.00 USD) - 2025/01/16 15:26:05 WET [2025/01/16 10:26:05 ET]
Table 'McElroy III' 6-max Seat #5 is the button
Seat 1: IREQO ($93.41 in chips) is sitting out
Seat 6: Dearic99 ($100 in chips) is sitting out
Seat 3: BadenBadenPH ($67.63 in chips) 
Seat 4: habib beye ($137.90 in chips) 
Seat 5: app1e_j@ck ($100 in chips) 
BadenBadenPH: posts small blind $0.50
habib beye: posts big blind $1
*** HOLE CARDS ***
app1e_j@ck: raises $1.50 to $2.50
BadenBadenPH: folds 
habib beye: folds 
Uncalled bet ($1.50) returned to app1e_j@ck
app1e_j@ck collected $2.50 from pot
app1e_j@ck: doesn't show hand 
*** SUMMARY ***
Total pot $2.50 | Rake $0 
Seat 1: IREQO
Seat 6: Dearic99
Seat 3: BadenBadenPH (small blind) folded before Flop
Seat 4: habib beye (big blind) folded before Flop
Seat 5: app1e_j@ck (button) collected ($2.50)



PokerStars Hand #254398882987:  Hold'em No Limit ($0.50/$1.00 USD) - 2025/01/16 15:43:48 WET [2025/01/16 10:43:48 ET]
Table 'McElroy III' 6-max Seat #2 is the button
Seat 1: Quahrino ($276.32 in chips) 
Seat 2: BGS013 ($100 in chips) 
Seat 3: BadenBadenPH ($74.17 in chips) 
Seat 4: habib beye ($100 in chips) 
Seat 5: Joe_Li7 ($100 in chips) 
Seat 6: Dearic99 ($104.99 in chips) 
BadenBadenPH: posts small blind $0.50
habib beye: posts big blind $1
*** HOLE CARDS ***
Joe_Li7: folds 
Dearic99: folds 
Quahrino: raises $1.30 to $2.30
BGS013: folds 
BadenBadenPH: folds 
habib beye: calls $1.30
*** FLOP *** [Js 5d 7h]
habib beye: checks 
Quahrino: bets $3.39
habib beye: folds 
Uncalled bet ($3.39) returned to Quahrino
Quahrino collected $4.84 from pot
Quahrino: doesn't show hand 
*** SUMMARY ***
Total pot $5.10 | Rake $0.26 
Board [Js 5d 7h]
Seat 1: Quahrino collected ($4.84)
Seat 2: BGS013 (button) folded before Flop (didn't bet)
Seat 3: BadenBadenPH (small blind) folded before Flop
Seat 4: habib beye (big blind) folded on the Flop
Seat 5: Joe_Li7 folded before Flop (didn't bet)
Seat 6: Dearic99 folded before Flop (didn't bet)



PokerStars Hand #254398889121:  Hold'em No Limit ($0.50/$1.00 USD) - 2025/01/16 15:44:17 WET [2025/01/16 10:44:17 ET]
Table 'McElroy III' 6-max Seat #3 is the button
Seat 1: Quahrino ($278.86 in chips) 
Seat 2: BGS013 ($100 in chips) 
Seat 3: BadenBadenPH ($73.67 in chips) 
Seat 4: habib beye ($100 in chips) 
Seat 5: Joe_Li7 ($100 in chips) 
Seat 6: Dearic99 ($104.99 in chips) 
habib beye: posts small blind $0.50
Joe_Li7: posts big blind $1
*** HOLE CARDS ***
Dearic99: raises $1.50 to $2.50
Quahrino: folds 
BGS013: folds 
BadenBadenPH: calls $2.50
habib beye: folds 
Joe_Li7: folds 
*** FLOP *** [Tc 2c 4s]
Dearic99: bets $3.09
BadenBadenPH: calls $3.09
*** TURN *** [Tc 2c 4s] [As]
Dearic99: checks 
BadenBadenPH: checks 
*** RIVER *** [Tc 2c 4s As] [Ts]
Dearic99: checks 
BadenBadenPH: bets $5.03
Dearic99: folds 
Uncalled bet ($5.03) returned to BadenBadenPH
BadenBadenPH collected $11.89 from pot
*** SUMMARY ***
Total pot $12.68 | Rake $0.79 
Board [Tc 2c 4s As Ts]
Seat 1: Quahrino folded before Flop (didn't bet)
Seat 2: BGS013 folded before Flop (didn't bet)
Seat 3: BadenBadenPH (button) collected ($11.89)
Seat 4: habib beye (small blind) folded before Flop
Seat 5: Joe_Li7 (big blind) folded before Flop
Seat 6: Dearic99 folded on the River



PokerStars Hand #254398899113:  Hold'em No Limit ($0.50/$1.00 USD) - 2025/01/16 15:45:05 WET [2025/01/16 10:45:05 ET]
Table 'McElroy III' 6-max Seat #4 is the button
Seat 1: Quahrino ($278.86 in chips) 
Seat 2: BGS013 ($100 in chips) 
Seat 3: BadenBadenPH ($79.97 in chips) 
Seat 4: habib beye ($100 in chips) 
Seat 5: Joe_Li7 ($100 in chips) 
Seat 6: Dearic99 ($100 in chips) 
Joe_Li7: posts small blind $0.50
Dearic99: posts big blind $1
*** HOLE CARDS ***
Quahrino: folds 
BGS013: folds 
BadenBadenPH: raises $1.50 to $2.50
habib beye: folds 
Joe_Li7: folds 
Dearic99: calls $1.50
*** FLOP *** [9c 8d 4s]
Dearic99: checks 
BadenBadenPH: bets $2.61
Dearic99: calls $2.61
*** TURN *** [9c 8d 4s] [Ac]
Dearic99: checks 
BadenBadenPH: checks 
*** RIVER *** [9c 8d 4s Ac] [Jc]
Dearic99: checks 
BadenBadenPH: checks 
*** SHOW DOWN ***
Dearic99: shows [Tc 9s] (a pair of Nines)
BadenBadenPH: shows [Qs Qh] (a pair of Queens)
BadenBadenPH collected $10.04 from pot
*** SUMMARY ***
Total pot $10.72 | Rake $0.68 
Board [9c 8d 4s Ac Jc]
Seat 1: Quahrino folded before Flop (didn't bet)
Seat 2: BGS013 folded before Flop (didn't bet)
Seat 3: BadenBadenPH showed [Qs Qh] and won ($10.04) with a pair of Queens
Seat 4: habib beye (button) folded before Flop (didn't bet)
Seat 5: Joe_Li7 (small blind) folded before Flop
Seat 6: Dearic99 (big blind) showed [Tc 9s] and lost with a pair of Nines



PokerStars Hand #254398908158:  Hold'em No Limit ($0.50/$1.00 USD) - 2025/01/16 15:45:48 WET [2025/01/16 10:45:48 ET]
Table 'McElroy III' 6-max Seat #5 is the button
Seat 1: Quahrino ($278.86 in chips) 
Seat 2: BGS013 ($100 in chips) 
Seat 3: BadenBadenPH ($84.90 in chips) 
Seat 4: habib beye ($100 in chips) 
Seat 5: Joe_Li7 ($100 in chips) 
Seat 6: Dearic99 ($100 in chips) 
Dearic99: posts small blind $0.50
Quahrino: posts big blind $1
*** HOLE CARDS ***
BGS013: folds 
BadenBadenPH: raises $1.20 to $2.20
habib beye: folds 
Joe_Li7: folds 
Dearic99: folds 
Quahrino: folds 
Uncalled bet ($1.20) returned to BadenBadenPH
BadenBadenPH collected $2.50 from pot
*** SUMMARY ***
Total pot $2.50 | Rake $0 
Seat 1: Quahrino (big blind) folded before Flop
Seat 2: BGS013 folded before Flop (didn't bet)
Seat 3: BadenBadenPH collected ($2.50)
Seat 4: habib beye folded before Flop (didn't bet)
Seat 5: Joe_Li7 (button) folded before Flop (didn't bet)
Seat 6: Dearic99 (small blind) folded before Flop



PokerStars Hand #254398912014:  Hold'em No Limit ($0.50/$1.00 USD) - 2025/01/16 15:46:06 WET [2025/01/16 10:46:06 ET]
Table 'McElroy III' 6-max Seat #6 is the button
Seat 1: Quahrino ($277.86 in chips) 
Seat 2: BGS013 ($100 in chips) 
Seat 3: BadenBadenPH ($86.40 in chips) 
Seat 4: habib beye ($100 in chips) 
Seat 5: Joe_Li7 ($100 in chips) 
Seat 6: Dearic99 ($100 in chips) 
Quahrino: posts small blind $0.50
BGS013: posts big blind $1
*** HOLE CARDS ***
BadenBadenPH: folds 
habib beye: raises $1.25 to $2.25
Joe_Li7: folds 
Dearic99: folds 
Quahrino: raises $8.75 to $11
BGS013: folds 
habib beye: calls $8.75
*** FLOP *** [Ac Ts 5s]
Quahrino: bets $7.21
habib beye: raises $11.97 to $19.18
Quahrino: calls $11.97
*** TURN *** [Ac Ts 5s] [3c]
Quahrino: checks 
habib beye: checks 
*** RIVER *** [Ac Ts 5s 3c] [6c]
Quahrino: bets $247.68 and is all-in
habib beye: folds 
Uncalled bet ($247.68) returned to Quahrino
Quahrino collected $58.86 from pot
Quahrino: doesn't show hand 
*** SUMMARY ***
Total pot $61.36 | Rake $2.50 
Board [Ac Ts 5s 3c 6c]
Seat 1: Quahrino (small blind) collected ($58.86)
Seat 2: BGS013 (big blind) folded before Flop
Seat 3: BadenBadenPH folded before Flop (didn't bet)
Seat 4: habib beye folded on the River
Seat 5: Joe_Li7 folded before Flop (didn't bet)
Seat 6: Dearic99 (button) folded before Flop (didn't bet)



PokerStars Hand #254398932443:  Hold'em No Limit ($0.50/$1.00 USD) - 2025/01/16 15:47:42 WET [2025/01/16 10:47:42 ET]
Table 'McElroy III' 6-max Seat #1 is the button
Seat 1: Quahrino ($306.54 in chips) 
Seat 2: BGS013 ($100 in chips) 
Seat 3: BadenBadenPH ($86.40 in chips) 
Seat 4: habib beye ($100 in chips) 
Seat 5: Joe_Li7 ($100 in chips) 
Seat 6: Dearic99 ($100 in chips) 
BGS013: posts small blind $0.50
BadenBadenPH: posts big blind $1
*** HOLE CARDS ***
habib beye: folds 
Joe_Li7: folds 
Dearic99: folds 
Quahrino: folds 
BGS013: folds 
Uncalled bet ($0.50) returned to BadenBadenPH
BadenBadenPH collected $1 from pot
*** SUMMARY ***
Total pot $1 | Rake $0 
Seat 1: Quahrino (button) folded before Flop (didn't bet)
Seat 2: BGS013 (small blind) folded before Flop
Seat 3: BadenBadenPH (big blind) collected ($1)
Seat 4: habib beye folded before Flop (didn't bet)
Seat 5: Joe_Li7 folded before Flop (didn't bet)
Seat 6: Dearic99 folded before Flop (didn't bet)



PokerStars Hand #254398934685:  Hold'em No Limit ($0.50/$1.00 USD) - 2025/01/16 15:47:52 WET [2025/01/16 10:47:52 ET]
Table 'McElroy III' 6-max Seat #2 is the button
Seat 1: Quahrino ($306.54 in chips) 
Seat 2: BGS013 ($100 in chips) 
Seat 3: BadenBadenPH ($86.90 in chips) 
Seat 4: habib beye ($100 in chips) 
Seat 5: Joe_Li7 ($100 in chips) 
Seat 6: Dearic99 ($100 in chips) 
BadenBadenPH: posts small blind $0.50
habib beye: posts big blind $1
*** HOLE CARDS ***
Joe_Li7: folds 
Dearic99: folds 
Quahrino: folds 
BGS013: raises $1.50 to $2.50
BadenBadenPH: folds 
habib beye: raises $8.50 to $11
BGS013: folds 
Uncalled bet ($8.50) returned to habib beye
habib beye collected $5.50 from pot
*** SUMMARY ***
Total pot $5.50 | Rake $0 
Seat 1: Quahrino folded before Flop (didn't bet)
Seat 2: BGS013 (button) folded before Flop
Seat 3: BadenBadenPH (small blind) folded before Flop
Seat 4: habib beye (big blind) collected ($5.50)
Seat 5: Joe_Li7 folded before Flop (didn't bet)
Seat 6: Dearic99 folded before Flop (didn't bet)



PokerStars Hand #254398939252:  Hold'em No Limit ($0.50/$1.00 USD) - 2025/01/16 15:48:14 WET [2025/01/16 10:48:14 ET]
Table 'McElroy III' 6-max Seat #3 is the button
Seat 1: Quahrino ($306.54 in chips) 
Seat 2: BGS013 ($100 in chips) 
Seat 3: BadenBadenPH ($86.40 in chips) 
Seat 4: habib beye ($103 in chips) 
Seat 5: Joe_Li7 ($100 in chips) 
Seat 6: Dearic99 ($100 in chips) 
habib beye: posts small blind $0.50
Joe_Li7: posts big blind $1
*** HOLE CARDS ***
Dearic99 has timed out
Dearic99: folds 
Quahrino: folds 
BGS013: folds 
BadenBadenPH: folds 
habib beye: raises $2 to $3
Joe_Li7: raises $6 to $9
habib beye: raises $12 to $21
Joe_Li7: folds 
Uncalled bet ($12) returned to habib beye
habib beye collected $18 from pot
habib beye: doesn't show hand 
*** SUMMARY ***
Total pot $18 | Rake $0 
Seat 1: Quahrino folded before Flop (didn't bet)
Seat 2: BGS013 folded before Flop (didn't bet)
Seat 3: BadenBadenPH (button) folded before Flop (didn't bet)
Seat 4: habib beye (small blind) collected ($18)
Seat 5: Joe_Li7 (big blind) folded before Flop
Seat 6: Dearic99 folded before Flop (didn't bet)



PokerStars Hand #254398948375:  Hold'em No Limit ($0.50/$1.00 USD) - 2025/01/16 15:48:57 WET [2025/01/16 10:48:57 ET]
Table 'McElroy III' 6-max Seat #4 is the button
Seat 1: Quahrino ($306.54 in chips) 
Seat 2: BGS013 ($100 in chips) 
Seat 3: BadenBadenPH ($86.40 in chips) 
Seat 4: habib beye ($112 in chips) 
Seat 5: Joe_Li7 ($100 in chips) 
Seat 6: Dearic99 ($100 in chips) 
Joe_Li7: posts small blind $0.50
Dearic99: posts big blind $1
*** HOLE CARDS ***
Quahrino: folds 
BGS013: folds 
BadenBadenPH: folds 
habib beye: raises $1.50 to $2.50
Joe_Li7: folds 
Dearic99: calls $1.50
*** FLOP *** [9c 5s Kc]
Dearic99: checks 
habib beye: bets $2.66
Dearic99: folds 
Uncalled bet ($2.66) returned to habib beye
habib beye collected $5.22 from pot
*** SUMMARY ***
Total pot $5.50 | Rake $0.28 
Board [9c 5s Kc]
Seat 1: Quahrino folded before Flop (didn't bet)
Seat 2: BGS013 folded before Flop (didn't bet)
Seat 3: BadenBadenPH folded before Flop (didn't bet)
Seat 4: habib beye (button) collected ($5.22)
Seat 5: Joe_Li7 (small blind) folded before Flop
Seat 6: Dearic99 (big blind) folded on the Flop



PokerStars Hand #254398954274:  Hold'em No Limit ($0.50/$1.00 USD) - 2025/01/16 15:49:25 WET [2025/01/16 10:49:25 ET]
Table 'McElroy III' 6-max Seat #5 is the button
Seat 1: Quahrino ($306.54 in chips) 
Seat 2: BGS013 ($100 in chips) 
Seat 3: BadenBadenPH ($86.40 in chips) 
Seat 4: habib beye ($114.72 in chips) 
Seat 5: Joe_Li7 ($100 in chips) 
Seat 6: Dearic99 ($100 in chips) 
Dearic99: posts small blind $0.50
Quahrino: posts big blind $1
*** HOLE CARDS ***
BGS013: raises $1 to $2
BadenBadenPH: folds 
habib beye: folds 
Joe_Li7: folds 
Dearic99: folds 
Quahrino: calls $1
*** FLOP *** [Qs Kc 3d]
Quahrino: checks 
BGS013: bets $1.11
Quahrino: calls $1.11
*** TURN *** [Qs Kc 3d] [As]
Quahrino: checks 
BGS013: bets $4.98
Quahrino: calls $4.98
*** RIVER *** [Qs Kc 3d As] [8d]
Quahrino: checks 
BGS013: bets $18.50
Quahrino: calls $18.50
*** SHOW DOWN ***
BGS013: shows [5h 5d] (a pair of Fives)
Quahrino: shows [Ac Qh] (two pair, Aces and Queens)
Quahrino collected $51.18 from pot
*** SUMMARY ***
Total pot $53.68 | Rake $2.50 
Board [Qs Kc 3d As 8d]
Seat 1: Quahrino (big blind) showed [Ac Qh] and won ($51.18) with two pair, Aces and Queens
Seat 2: BGS013 showed [5h 5d] and lost with a pair of Fives
Seat 3: BadenBadenPH folded before Flop (didn't bet)
Seat 4: habib beye folded before Flop (didn't bet)
Seat 5: Joe_Li7 (button) folded before Flop (didn't bet)
Seat 6: Dearic99 (small blind) folded before Flop



PokerStars Hand #254398968981:  Hold'em No Limit ($0.50/$1.00 USD) - 2025/01/16 15:50:36 WET [2025/01/16 10:50:36 ET]
Table 'McElroy III' 6-max Seat #6 is the button
Seat 1: Quahrino ($331.13 in chips) 
Seat 2: BGS013 ($100 in chips) 
Seat 3: BadenBadenPH ($86.40 in chips) 
Seat 4: habib beye ($114.72 in chips) 
Seat 5: Joe_Li7 ($100 in chips) 
Seat 6: Dearic99 ($100 in chips) 
Quahrino: posts small blind $0.50
BGS013: posts big blind $1
*** HOLE CARDS ***
BadenBadenPH: folds 
habib beye: folds 
Joe_Li7: folds 
Dearic99: folds 
Quahrino: folds 
Uncalled bet ($0.50) returned to BGS013
BGS013 collected $1 from pot
BGS013: doesn't show hand 
*** SUMMARY ***
Total pot $1 | Rake $0 
Seat 1: Quahrino (small blind) folded before Flop
Seat 2: BGS013 (big blind) collected ($1)
Seat 3: BadenBadenPH folded before Flop (didn't bet)
Seat 4: habib beye folded before Flop (didn't bet)
Seat 5: Joe_Li7 folded before Flop (didn't bet)
Seat 6: Dearic99 (button) folded before Flop (didn't bet)



PokerStars Hand #254398971977:  Hold'em No Limit ($0.50/$1.00 USD) - 2025/01/16 15:50:50 WET [2025/01/16 10:50:50 ET]
Table 'McElroy III' 6-max Seat #1 is the button
Seat 3: BadenBadenPH ($86.40 in chips) is sitting out
Seat 1: Quahrino ($330.63 in chips) 
Seat 2: BGS013 ($100.50 in chips) 
Seat 4: habib beye ($114.72 in chips) 
Seat 5: Joe_Li7 ($100 in chips) 
Seat 6: Dearic99 ($100 in chips) 
BGS013: posts small blind $0.50
BadenBadenPH: is sitting out 
habib beye: posts big blind $1
*** HOLE CARDS ***
Joe_Li7: folds 
Dearic99: folds 
BadenBadenPH is disconnected 
Quahrino: raises $1.50 to $2.50
BGS013: folds 
habib beye: raises $8.50 to $11
Quahrino: folds 
Uncalled bet ($8.50) returned to habib beye
habib beye collected $5.50 from pot
*** SUMMARY ***
Total pot $5.50 | Rake $0 
Seat 3: BadenBadenPH
Seat 1: Quahrino (button) folded before Flop
Seat 2: BGS013 (small blind) folded before Flop
Seat 4: habib beye (big blind) collected ($5.50)
Seat 5: Joe_Li7 folded before Flop (didn't bet)
Seat 6: Dearic99 folded before Flop (didn't bet)



PokerStars Hand #254398975417:  Hold'em No Limit ($0.50/$1.00 USD) - 2025/01/16 15:51:07 WET [2025/01/16 10:51:07 ET]
Table 'McElroy III' 6-max Seat #2 is the button
Seat 3: BadenBadenPH ($86.40 in chips) is sitting out
Seat 1: Quahrino ($328.13 in chips) 
Seat 2: BGS013 ($100 in chips) 
Seat 4: habib beye ($117.72 in chips) 
Seat 5: Joe_Li7 ($100 in chips) 
Seat 6: Dearic99 ($100 in chips) 
habib beye: posts small blind $0.50
Joe_Li7: posts big blind $1
*** HOLE CARDS ***
Dearic99: raises $1.50 to $2.50
Quahrino: folds 
BGS013: folds 
habib beye: folds 
Joe_Li7: calls $1.50
*** FLOP *** [9c 3h Qs]
Joe_Li7: checks 
Dearic99: bets $1.72
Joe_Li7: calls $1.72
*** TURN *** [9c 3h Qs] [8c]
Joe_Li7: checks 
Dearic99: bets $4.25
Joe_Li7: raises $11.36 to $15.61
Dearic99: calls $11.36
*** RIVER *** [9c 3h Qs 8c] [4c]
BadenBadenPH is disconnected 
Joe_Li7: bets $12.61
Dearic99: calls $12.61
*** SHOW DOWN ***
Joe_Li7: shows [Ah Th] (high card Ace)
Dearic99: shows [Qd Qh] (three of a kind, Queens)
Dearic99 collected $62.88 from pot
*** SUMMARY ***
Total pot $65.38 | Rake $2.50 
Board [9c 3h Qs 8c 4c]
Seat 3: BadenBadenPH
Seat 1: Quahrino folded before Flop (didn't bet)
Seat 2: BGS013 (button) folded before Flop (didn't bet)
Seat 4: habib beye (small blind) folded before Flop
Seat 5: Joe_Li7 (big blind) showed [Ah Th] and lost with high card Ace
Seat 6: Dearic99 showed [Qd Qh] and won ($62.88) with three of a kind, Queens



PokerStars Hand #254398992616:  Hold'em No Limit ($0.50/$1.00 USD) - 2025/01/16 15:52:29 WET [2025/01/16 10:52:29 ET]
Table 'McElroy III' 6-max Seat #4 is the button
Seat 3: BadenBadenPH ($86.40 in chips) is sitting out
Seat 1: Quahrino ($328.13 in chips) 
Seat 2: BGS013 ($100 in chips) 
Seat 4: habib beye ($117.22 in chips) 
Seat 5: Joe_Li7 ($100 in chips) 
Seat 6: Dearic99 ($130.44 in chips) 
Joe_Li7: posts small blind $0.50
Dearic99: posts big blind $1
*** HOLE CARDS ***
Quahrino: raises $1 to $2
BGS013: folds 
habib beye: folds 
Joe_Li7: folds 
Dearic99: folds 
Uncalled bet ($1) returned to Quahrino
Quahrino collected $2.50 from pot
Quahrino: doesn't show hand 
*** SUMMARY ***
Total pot $2.50 | Rake $0 
Seat 3: BadenBadenPH
Seat 1: Quahrino collected ($2.50)
Seat 2: BGS013 folded before Flop (didn't bet)
Seat 4: habib beye (button) folded before Flop (didn't bet)
Seat 5: Joe_Li7 (small blind) folded before Flop
Seat 6: Dearic99 (big blind) folded before Flop



PokerStars Hand #254398995723:  Hold'em No Limit ($0.50/$1.00 USD) - 2025/01/16 15:52:44 WET [2025/01/16 10:52:44 ET]
Table 'McElroy III' 6-max Seat #5 is the button
Seat 3: BadenBadenPH ($86.40 in chips) is sitting out
Seat 1: Quahrino ($329.63 in chips) 
Seat 2: BGS013 ($100 in chips) 
Seat 4: habib beye ($117.22 in chips) 
Seat 5: Joe_Li7 ($100 in chips) 
Seat 6: Dearic99 ($129.44 in chips) 
Dearic99: posts small blind $0.50
Quahrino: posts big blind $1
BadenBadenPH: sits out 
*** HOLE CARDS ***
BGS013: folds 
habib beye: folds 
Joe_Li7: raises $1.50 to $2.50
Dearic99: folds 
Quahrino: calls $1.50
*** FLOP *** [7d Qc Js]
Quahrino: checks 
Joe_Li7: bets $1.31
Quahrino: calls $1.31
*** TURN *** [7d Qc Js] [8h]
Quahrino: checks 
Joe_Li7: checks 
*** RIVER *** [7d Qc Js 8h] [3h]
Quahrino: checks 
Joe_Li7: checks 
*** SHOW DOWN ***
Quahrino: shows [Th 8d] (a pair of Eights)
Joe_Li7: mucks hand 
Quahrino collected $7.71 from pot
*** SUMMARY ***
Total pot $8.12 | Rake $0.41 
Board [7d Qc Js 8h 3h]
Seat 3: BadenBadenPH
Seat 1: Quahrino (big blind) showed [Th 8d] and won ($7.71) with a pair of Eights
Seat 2: BGS013 folded before Flop (didn't bet)
Seat 4: habib beye folded before Flop (didn't bet)
Seat 5: Joe_Li7 (button) mucked
Seat 6: Dearic99 (small blind) folded before Flop



PokerStars Hand #254399011766:  Hold'em No Limit ($0.50/$1.00 USD) - 2025/01/16 15:54:01 WET [2025/01/16 10:54:01 ET]
Table 'McElroy III' 6-max Seat #6 is the button
Seat 3: BadenBadenPH ($86.40 in chips) is sitting out
Seat 1: Quahrino ($333.53 in chips) 
Seat 2: BGS013 ($100 in chips) 
Seat 4: habib beye ($117.22 in chips) 
Seat 5: Joe_Li7 ($100 in chips) 
Seat 6: Dearic99 ($128.94 in chips) 
Quahrino: posts small blind $0.50
BGS013: posts big blind $1
BadenBadenPH: sits out 
*** HOLE CARDS ***
habib beye: folds 
Joe_Li7: raises $1.20 to $2.20
Dearic99: folds 
Quahrino: folds 
BGS013: calls $1.20
*** FLOP *** [Ah Td Jc]
BGS013: checks 
Joe_Li7: bets $1.17
BGS013: folds 
Uncalled bet ($1.17) returned to Joe_Li7
Joe_Li7 collected $4.66 from pot
*** SUMMARY ***
Total pot $4.90 | Rake $0.24 
Board [Ah Td Jc]
Seat 3: BadenBadenPH
Seat 1: Quahrino (small blind) folded before Flop
Seat 2: BGS013 (big blind) folded on the Flop
Seat 4: habib beye folded before Flop (didn't bet)
Seat 5: Joe_Li7 collected ($4.66)
Seat 6: Dearic99 (button) folded before Flop (didn't bet)



PokerStars Hand #254399017366:  Hold'em No Limit ($0.50/$1.00 USD) - 2025/01/16 15:54:29 WET [2025/01/16 10:54:29 ET]
Table 'McElroy III' 6-max Seat #1 is the button
Seat 1: Quahrino ($333.03 in chips) 
Seat 2: BGS013 ($100 in chips) 
Seat 3: BadenBadenPH ($86.40 in chips) 
Seat 4: habib beye ($117.22 in chips) 
Seat 5: Joe_Li7 ($102.46 in chips) 
Seat 6: Dearic99 ($128.94 in chips) 
BGS013: posts small blind $0.50
BadenBadenPH: posts big blind $1
*** HOLE CARDS ***
habib beye: raises $1.25 to $2.25
Joe_Li7: folds 
Dearic99: folds 
Quahrino: folds 
BGS013: calls $1.75
BadenBadenPH: folds 
*** FLOP *** [7h 9h 6h]
BGS013: checks 
habib beye: bets $1.72
BGS013: calls $1.72
*** TURN *** [7h 9h 6h] [8h]
BGS013: checks 
habib beye: checks 
*** RIVER *** [7h 9h 6h 8h] [9d]
BGS013: bets $2.21
habib beye: calls $2.21
*** SHOW DOWN ***
BGS013: shows [6s 6d] (a full house, Sixes full of Nines)
habib beye: mucks hand 
BGS013 collected $12.69 from pot
*** SUMMARY ***
Total pot $13.36 | Rake $0.67 
Board [7h 9h 6h 8h 9d]
Seat 1: Quahrino (button) folded before Flop (didn't bet)
Seat 2: BGS013 (small blind) showed [6s 6d] and won ($12.69) with a full house, Sixes full of Nines
Seat 3: BadenBadenPH (big blind) folded before Flop
Seat 4: habib beye mucked
Seat 5: Joe_Li7 folded before Flop (didn't bet)
Seat 6: Dearic99 folded before Flop (didn't bet)



PokerStars Hand #254399027820:  Hold'em No Limit ($0.50/$1.00 USD) - 2025/01/16 15:55:23 WET [2025/01/16 10:55:23 ET]
Table 'McElroy III' 6-max Seat #2 is the button
Seat 1: Quahrino ($333.03 in chips) 
Seat 2: BGS013 ($106.51 in chips) 
Seat 3: BadenBadenPH ($85.40 in chips) 
Seat 4: habib beye ($111.04 in chips) 
Seat 5: Joe_Li7 ($102.46 in chips) 
Seat 6: Dearic99 ($128.94 in chips) 
BadenBadenPH: posts small blind $0.50
habib beye: posts big blind $1
*** HOLE CARDS ***
Joe_Li7: folds 
Dearic99: folds 
Quahrino: folds 
BGS013: raises $1.50 to $2.50
BadenBadenPH: folds 
habib beye: folds 
Uncalled bet ($1.50) returned to BGS013
BGS013 collected $2.50 from pot
BGS013: doesn't show hand 
*** SUMMARY ***
Total pot $2.50 | Rake $0 
Seat 1: Quahrino folded before Flop (didn't bet)
Seat 2: BGS013 (button) collected ($2.50)
Seat 3: BadenBadenPH (small blind) folded before Flop
Seat 4: habib beye (big blind) folded before Flop
Seat 5: Joe_Li7 folded before Flop (didn't bet)
Seat 6: Dearic99 folded before Flop (didn't bet)



PokerStars Hand #254399030097:  Hold'em No Limit ($0.50/$1.00 USD) - 2025/01/16 15:55:38 WET [2025/01/16 10:55:38 ET]
Table 'McElroy III' 6-max Seat #3 is the button
Seat 1: Quahrino ($333.03 in chips) 
Seat 2: BGS013 ($108.01 in chips) 
Seat 3: BadenBadenPH ($84.90 in chips) 
Seat 4: habib beye ($110.04 in chips) 
Seat 5: Joe_Li7 ($102.46 in chips) 
Seat 6: Dearic99 ($128.94 in chips) 
habib beye: posts small blind $0.50
Joe_Li7: posts big blind $1
*** HOLE CARDS ***
Dearic99: folds 
Quahrino: folds 
BGS013: folds 
BadenBadenPH: folds 
habib beye: raises $2 to $3
Joe_Li7: folds 
Uncalled bet ($2) returned to habib beye
habib beye collected $2 from pot
*** SUMMARY ***
Total pot $2 | Rake $0 
Seat 1: Quahrino folded before Flop (didn't bet)
Seat 2: BGS013 folded before Flop (didn't bet)
Seat 3: BadenBadenPH (button) folded before Flop (didn't bet)
Seat 4: habib beye (small blind) collected ($2)
Seat 5: Joe_Li7 (big blind) folded before Flop
Seat 6: Dearic99 folded before Flop (didn't bet)



PokerStars Hand #254399032387:  Hold'em No Limit ($0.50/$1.00 USD) - 2025/01/16 15:55:53 WET [2025/01/16 10:55:53 ET]
Table 'McElroy III' 6-max Seat #4 is the button
Seat 1: Quahrino ($333.03 in chips) 
Seat 2: BGS013 ($108.01 in chips) 
Seat 3: BadenBadenPH ($84.90 in chips) 
Seat 4: habib beye ($111.04 in chips) 
Seat 5: Joe_Li7 ($101.46 in chips) 
Seat 6: Dearic99 ($128.94 in chips) 
Joe_Li7: posts small blind $0.50
Dearic99: posts big blind $1
*** HOLE CARDS ***
Quahrino: folds 
BGS013: folds 
BadenBadenPH: folds 
habib beye: raises $1.50 to $2.50
Joe_Li7: folds 
Dearic99: folds 
Uncalled bet ($1.50) returned to habib beye
habib beye collected $2.50 from pot
*** SUMMARY ***
Total pot $2.50 | Rake $0 
Seat 1: Quahrino folded before Flop (didn't bet)
Seat 2: BGS013 folded before Flop (didn't bet)
Seat 3: BadenBadenPH folded before Flop (didn't bet)
Seat 4: habib beye (button) collected ($2.50)
Seat 5: Joe_Li7 (small blind) folded before Flop
Seat 6: Dearic99 (big blind) folded before Flop



PokerStars Hand #254399035773:  Hold'em No Limit ($0.50/$1.00 USD) - 2025/01/16 15:56:14 WET [2025/01/16 10:56:14 ET]
Table 'McElroy III' 6-max Seat #5 is the button
Seat 1: Quahrino ($333.03 in chips) 
Seat 2: BGS013 ($108.01 in chips) 
Seat 3: BadenBadenPH ($84.90 in chips) 
Seat 4: habib beye ($112.54 in chips) 
Seat 5: Joe_Li7 ($100.96 in chips) 
Seat 6: Dearic99 ($127.94 in chips) 
Dearic99: posts small blind $0.50
Quahrino: posts big blind $1
*** HOLE CARDS ***
BGS013: folds 
BadenBadenPH: folds 
habib beye: folds 
Joe_Li7: folds 
Dearic99: raises $2 to $3
Quahrino: folds 
Uncalled bet ($2) returned to Dearic99
Dearic99 collected $2 from pot
Dearic99: doesn't show hand 
*** SUMMARY ***
Total pot $2 | Rake $0 
Seat 1: Quahrino (big blind) folded before Flop
Seat 2: BGS013 folded before Flop (didn't bet)
Seat 3: BadenBadenPH folded before Flop (didn't bet)
Seat 4: habib beye folded before Flop (didn't bet)
Seat 5: Joe_Li7 (button) folded before Flop (didn't bet)
Seat 6: Dearic99 (small blind) collected ($2)



PokerStars Hand #254399038843:  Hold'em No Limit ($0.50/$1.00 USD) - 2025/01/16 15:56:33 WET [2025/01/16 10:56:33 ET]
Table 'McElroy III' 6-max Seat #6 is the button
Seat 1: Quahrino ($332.03 in chips) 
Seat 2: BGS013 ($108.01 in chips) 
Seat 3: BadenBadenPH ($84.90 in chips) 
Seat 4: habib beye ($112.54 in chips) 
Seat 5: Joe_Li7 ($100.96 in chips) 
Seat 6: Dearic99 ($128.94 in chips) 
Quahrino: posts small blind $0.50
BGS013: posts big blind $1
*** HOLE CARDS ***
BadenBadenPH: folds 
habib beye: folds 
Joe_Li7: folds 
Dearic99: raises $1 to $2
Quahrino: folds 
BGS013: raises $9 to $11
Dearic99: folds 
Uncalled bet ($9) returned to BGS013
BGS013 collected $4.50 from pot
BGS013: doesn't show hand 
*** SUMMARY ***
Total pot $4.50 | Rake $0 
Seat 1: Quahrino (small blind) folded before Flop
Seat 2: BGS013 (big blind) collected ($4.50)
Seat 3: BadenBadenPH folded before Flop (didn't bet)
Seat 4: habib beye folded before Flop (didn't bet)
Seat 5: Joe_Li7 folded before Flop (didn't bet)
Seat 6: Dearic99 (button) folded before Flop



PokerStars Hand #254399041971:  Hold'em No Limit ($0.50/$1.00 USD) - 2025/01/16 15:56:53 WET [2025/01/16 10:56:53 ET]
Table 'McElroy III' 6-max Seat #1 is the button
Seat 3: BadenBadenPH ($84.90 in chips) is sitting out
Seat 1: Quahrino ($331.53 in chips) 
Seat 2: BGS013 ($110.51 in chips) 
Seat 4: habib beye ($112.54 in chips) 
Seat 5: Joe_Li7 ($100.96 in chips) 
Seat 6: Dearic99 ($126.94 in chips) 
BGS013: posts small blind $0.50
habib beye: posts big blind $1
*** HOLE CARDS ***
BadenBadenPH is disconnected 
Joe_Li7: folds 
Dearic99: raises $1.50 to $2.50
Quahrino: folds 
BGS013: folds 
habib beye: calls $1.50
*** FLOP *** [3h Ac 8c]
habib beye: checks 
Dearic99: bets $3
habib beye: calls $3
*** TURN *** [3h Ac 8c] [8h]
habib beye: checks 
Dearic99: bets $5.46
BadenBadenPH is disconnected 
habib beye: raises $16.60 to $22.06
Dearic99: calls $16.60
*** RIVER *** [3h Ac 8c 8h] [Js]
habib beye: bets $27.09
Dearic99: calls $27.09
*** SHOW DOWN ***
habib beye: shows [Jd 8d] (a full house, Eights full of Jacks)
Dearic99: mucks hand 
habib beye collected $107.30 from pot
*** SUMMARY ***
Total pot $109.80 | Rake $2.50 
Board [3h Ac 8c 8h Js]
Seat 3: BadenBadenPH
Seat 1: Quahrino (button) folded before Flop (didn't bet)
Seat 2: BGS013 (small blind) folded before Flop
Seat 4: habib beye (big blind) showed [Jd 8d] and won ($107.30) with a full house, Eights full of Jacks
Seat 5: Joe_Li7 folded before Flop (didn't bet)
Seat 6: Dearic99 mucked



PokerStars Hand #254399051188:  Hold'em No Limit ($0.50/$1.00 USD) - 2025/01/16 15:57:52 WET [2025/01/16 10:57:52 ET]
Table 'McElroy III' 6-max Seat #2 is the button
Seat 3: BadenBadenPH ($84.90 in chips) is sitting out
Seat 1: Quahrino ($331.53 in chips) 
Seat 2: BGS013 ($110.01 in chips) 
Seat 4: habib beye ($165.19 in chips) 
Seat 5: Joe_Li7 ($100.96 in chips) 
Seat 6: Dearic99 ($100 in chips) 
habib beye: posts small blind $0.50
Joe_Li7: posts big blind $1
*** HOLE CARDS ***
Dearic99: folds 
Quahrino: raises $1.30 to $2.30
BGS013: folds 
habib beye: calls $1.80
Joe_Li7: folds 
*** FLOP *** [As Th 2d]
habib beye: checks 
Quahrino: checks 
*** TURN *** [As Th 2d] [4d]
habib beye: bets $1.76
BadenBadenPH is disconnected 
Quahrino: calls $1.76
*** RIVER *** [As Th 2d 4d] [3h]
habib beye: bets $11.26
Quahrino: calls $11.26
*** SHOW DOWN ***
habib beye: shows [5s 5h] (a straight, Ace to Five)
Quahrino: mucks hand 
habib beye collected $30.06 from pot
*** SUMMARY ***
Total pot $31.64 | Rake $1.58 
Board [As Th 2d 4d 3h]
Seat 3: BadenBadenPH
Seat 1: Quahrino mucked
Seat 2: BGS013 (button) folded before Flop (didn't bet)
Seat 4: habib beye (small blind) showed [5s 5h] and won ($30.06) with a straight, Ace to Five
Seat 5: Joe_Li7 (big blind) folded before Flop
Seat 6: Dearic99 folded before Flop (didn't bet)



PokerStars Hand #254399059423:  Hold'em No Limit ($0.50/$1.00 USD) - 2025/01/16 15:58:43 WET [2025/01/16 10:58:43 ET]
Table 'McElroy III' 6-max Seat #4 is the button
Seat 3: BadenBadenPH ($84.90 in chips) is sitting out
Seat 6: Dearic99 ($100 in chips) is sitting out
Seat 1: Quahrino ($316.21 in chips) 
Seat 2: BGS013 ($110.01 in chips) 
Seat 4: habib beye ($179.93 in chips) 
Seat 5: Joe_Li7 ($100 in chips) 
Joe_Li7: posts small blind $0.50
Dearic99: is sitting out 
Quahrino: posts big blind $1
*** HOLE CARDS ***
Dearic99 leaves the table
BGS013: raises $1.50 to $2.50
habib beye: raises $5.30 to $7.80
Joe_Li7: folds 
Quahrino: folds 
BGS013: folds 
Uncalled bet ($5.30) returned to habib beye
habib beye collected $6.50 from pot
*** SUMMARY ***
Total pot $6.50 | Rake $0 
Seat 3: BadenBadenPH
Seat 6: Dearic99
Seat 1: Quahrino (big blind) folded before Flop
Seat 2: BGS013 folded before Flop
Seat 4: habib beye (button) collected ($6.50)
Seat 5: Joe_Li7 (small blind) folded before Flop



PokerStars Hand #254399062784:  Hold'em No Limit ($0.50/$1.00 USD) - 2025/01/16 15:59:04 WET [2025/01/16 10:59:04 ET]
Table 'McElroy III' 6-max Seat #5 is the button
Seat 2: BGS013 ($107.51 in chips) is sitting out
Seat 3: BadenBadenPH ($84.90 in chips) is sitting out
Seat 1: Quahrino ($315.21 in chips) 
Seat 4: habib beye ($183.93 in chips) 
Seat 5: Joe_Li7 ($100 in chips) 
Quahrino: posts small blind $0.50
BGS013: is sitting out 
habib beye: posts big blind $1
*** HOLE CARDS ***
Joe_Li7: folds 
BGS013 leaves the table
Quahrino: raises $2 to $3
habib beye: folds 
Uncalled bet ($2) returned to Quahrino
Quahrino collected $2 from pot
Quahrino: doesn't show hand 
*** SUMMARY ***
Total pot $2 | Rake $0 
Seat 2: BGS013
Seat 3: BadenBadenPH
Seat 1: Quahrino (small blind) collected ($2)
Seat 4: habib beye (big blind) folded before Flop
Seat 5: Joe_Li7 (button) folded before Flop (didn't bet)



PokerStars Hand #254399064292:  Hold'em No Limit ($0.50/$1.00 USD) - 2025/01/16 15:59:14 WET [2025/01/16 10:59:14 ET]
Table 'McElroy III' 6-max Seat #1 is the button
Seat 3: BadenBadenPH ($84.90 in chips) is sitting out
Seat 1: Quahrino ($316.21 in chips) 
Seat 4: habib beye ($182.93 in chips) 
Seat 5: Joe_Li7 ($100 in chips) 
habib beye: posts small blind $0.50
Joe_Li7: posts big blind $1
*** HOLE CARDS ***
Quahrino: raises $1.50 to $2.50
habib beye: folds 
Joe_Li7: folds 
Uncalled bet ($1.50) returned to Quahrino
Quahrino collected $2.50 from pot
Quahrino: doesn't show hand 
*** SUMMARY ***
Total pot $2.50 | Rake $0 
Seat 3: BadenBadenPH
Seat 1: Quahrino (button) collected ($2.50)
Seat 4: habib beye (small blind) folded before Flop
Seat 5: Joe_Li7 (big blind) folded before Flop



PokerStars Hand #254399066656:  Hold'em No Limit ($0.50/$1.00 USD) - 2025/01/16 15:59:28 WET [2025/01/16 10:59:28 ET]
Table 'McElroy III' 6-max Seat #4 is the button
Seat 3: BadenBadenPH ($84.90 in chips) is sitting out
Seat 1: Quahrino ($317.71 in chips) 
Seat 4: habib beye ($182.43 in chips) 
Seat 5: Joe_Li7 ($100 in chips) 
Joe_Li7: posts small blind $0.50
Quahrino: posts big blind $1
*** HOLE CARDS ***
habib beye: raises $1.50 to $2.50
Joe_Li7: folds 
Quahrino: calls $1.50
*** FLOP *** [7c 9s 7d]
Quahrino: checks 
habib beye: checks 
*** TURN *** [7c 9s 7d] [3h]
Quahrino: bets $1.72
habib beye: calls $1.72
*** RIVER *** [7c 9s 7d 3h] [Td]
Quahrino: bets $2.80
habib beye: calls $2.80
*** SHOW DOWN ***
Quahrino: shows [9d Tc] (two pair, Tens and Nines)
habib beye: mucks hand 
Quahrino collected $13.81 from pot
*** SUMMARY ***
Total pot $14.54 | Rake $0.73 
Board [7c 9s 7d 3h Td]
Seat 3: BadenBadenPH
Seat 1: Quahrino (big blind) showed [9d Tc] and won ($13.81) with two pair, Tens and Nines
Seat 4: habib beye (button) mucked
Seat 5: Joe_Li7 (small blind) folded before Flop



PokerStars Hand #254399074716:  Hold'em No Limit ($0.50/$1.00 USD) - 2025/01/16 16:00:17 WET [2025/01/16 11:00:17 ET]
Table 'McElroy III' 6-max Seat #5 is the button
Seat 3: BadenBadenPH ($84.90 in chips) is sitting out
Seat 1: Quahrino ($324.50 in chips) 
Seat 4: habib beye ($175.41 in chips) 
Seat 5: Joe_Li7 ($100 in chips) 
Quahrino: posts small blind $0.50
habib beye: posts big blind $1
*** HOLE CARDS ***
Joe_Li7: raises $1.50 to $2.50
Quahrino: folds 
habib beye: raises $10.50 to $13
Joe_Li7: calls $10.50
*** FLOP *** [Ad 4d 4h]
habib beye: bets $5.50
Joe_Li7: calls $5.50
*** TURN *** [Ad 4d 4h] [Jc]
habib beye: bets $18.62
Joe_Li7: calls $18.62
*** RIVER *** [Ad 4d 4h Jc] [5c]
habib beye: checks 
Joe_Li7: checks 
*** SHOW DOWN ***
habib beye: shows [Tc Kc] (a pair of Fours)
Joe_Li7: shows [Ac 8c] (two pair, Aces and Fours)
Joe_Li7 collected $73.74 from pot
*** SUMMARY ***
Total pot $74.74 | Rake $1 
Board [Ad 4d 4h Jc 5c]
Seat 3: BadenBadenPH
Seat 1: Quahrino (small blind) folded before Flop
Seat 4: habib beye (big blind) showed [Tc Kc] and lost with a pair of Fours
Seat 5: Joe_Li7 (button) showed [Ac 8c] and won ($73.74) with two pair, Aces and Fours



PokerStars Hand #254399098125:  Hold'em No Limit ($0.50/$1.00 USD) - 2025/01/16 16:02:17 WET [2025/01/16 11:02:17 ET]
Table 'McElroy III' 6-max Seat #1 is the button
Seat 3: BadenBadenPH ($84.90 in chips) is sitting out
Seat 1: Quahrino ($324 in chips) 
Seat 4: habib beye ($138.29 in chips) 
Seat 5: Joe_Li7 ($136.62 in chips) 
habib beye: posts small blind $0.50
Joe_Li7: posts big blind $1
*** HOLE CARDS ***
Quahrino: folds 
habib beye: folds 
Uncalled bet ($0.50) returned to Joe_Li7
Joe_Li7 collected $1 from pot
*** SUMMARY ***
Total pot $1 | Rake $0 
Seat 3: BadenBadenPH
Seat 1: Quahrino (button) folded before Flop (didn't bet)
Seat 4: habib beye (small blind) folded before Flop
Seat 5: Joe_Li7 (big blind) collected ($1)



PokerStars Hand #254399099410:  Hold'em No Limit ($0.50/$1.00 USD) - 2025/01/16 16:02:24 WET [2025/01/16 11:02:24 ET]
Table 'McElroy III' 6-max Seat #4 is the button
Seat 3: BadenBadenPH ($84.90 in chips) is sitting out
Seat 1: Quahrino ($324 in chips) 
Seat 4: habib beye ($137.79 in chips) 
Seat 5: Joe_Li7 ($137.12 in chips) 
Joe_Li7: posts small blind $0.50
Quahrino: posts big blind $1
*** HOLE CARDS ***
habib beye: folds 
Joe_Li7: folds 
Uncalled bet ($0.50) returned to Quahrino
Quahrino collected $1 from pot
Quahrino: doesn't show hand 
*** SUMMARY ***
Total pot $1 | Rake $0 
Seat 3: BadenBadenPH
Seat 1: Quahrino (big blind) collected ($1)
Seat 4: habib beye (button) folded before Flop (didn't bet)
Seat 5: Joe_Li7 (small blind) folded before Flop



PokerStars Hand #254399100821:  Hold'em No Limit ($0.50/$1.00 USD) - 2025/01/16 16:02:31 WET [2025/01/16 11:02:31 ET]
Table 'McElroy III' 6-max Seat #5 is the button
Seat 3: BadenBadenPH ($84.90 in chips) is sitting out
Seat 1: Quahrino ($324.50 in chips) 
Seat 4: habib beye ($137.79 in chips) 
Seat 5: Joe_Li7 ($136.62 in chips) 
Quahrino: posts small blind $0.50
habib beye: posts big blind $1
*** HOLE CARDS ***
Joe_Li7: folds 
Quahrino: folds 
Uncalled bet ($0.50) returned to habib beye
habib beye collected $1 from pot
BadenBadenPH leaves the table
*** SUMMARY ***
Total pot $1 | Rake $0 
Seat 3: BadenBadenPH
Seat 1: Quahrino (small blind) folded before Flop
Seat 4: habib beye (big blind) collected ($1)
Seat 5: Joe_Li7 (button) folded before Flop (didn't bet)



PokerStars Hand #254399102080:  Hold'em No Limit ($0.50/$1.00 USD) - 2025/01/16 16:02:37 WET [2025/01/16 11:02:37 ET]
Table 'McElroy III' 6-max Seat #4 is the button
Seat 5: Joe_Li7 ($136.62 in chips) is sitting out
Seat 1: Quahrino ($324 in chips) 
Seat 4: habib beye ($138.29 in chips) 
habib beye: posts small blind $0.50
Joe_Li7: is sitting out 
Quahrino: posts big blind $1
*** HOLE CARDS ***
Joe_Li7 leaves the table
habib beye: folds 
Uncalled bet ($0.50) returned to Quahrino
Quahrino collected $1 from pot
Quahrino: doesn't show hand 
*** SUMMARY ***
Total pot $1 | Rake $0 
Seat 5: Joe_Li7
Seat 1: Quahrino (big blind) collected ($1)
Seat 4: habib beye (button) (small blind) folded before Flop



PokerStars Hand #254398665193:  Hold'em No Limit ($0.50/$1.00 USD) - 2025/01/16 15:26:15 WET [2025/01/16 10:26:15 ET]
Table 'McElroy III' 6-max Seat #3 is the button
Seat 1: IREQO ($93.41 in chips) is sitting out
Seat 5: app1e_j@ck ($101.50 in chips) is sitting out
Seat 3: BadenBadenPH ($67.13 in chips) 
Seat 4: habib beye ($136.90 in chips) 
Seat 6: Dearic99 ($100 in chips) 
habib beye: posts small blind $0.50
app1e_j@ck: is sitting out 
Dearic99: posts big blind $1
IREQO: sits out 
*** HOLE CARDS ***
BadenBadenPH: raises $1.50 to $2.50
habib beye: folds 
Dearic99: folds 
Uncalled bet ($1.50) returned to BadenBadenPH
BadenBadenPH collected $2.50 from pot
app1e_j@ck leaves the table
*** SUMMARY ***
Total pot $2.50 | Rake $0 
Seat 1: IREQO
Seat 5: app1e_j@ck
Seat 3: BadenBadenPH (button) collected ($2.50)
Seat 4: habib beye (small blind) folded before Flop
Seat 6: Dearic99 (big blind) folded before Flop



PokerStars Hand #254398667707:  Hold'em No Limit ($0.50/$1.00 USD) - 2025/01/16 15:26:28 WET [2025/01/16 10:26:28 ET]
Table 'McElroy III' 6-max Seat #4 is the button
Seat 1: IREQO ($93.41 in chips) 
Seat 3: BadenBadenPH ($68.63 in chips) 
Seat 4: habib beye ($136.40 in chips) 
Seat 6: Dearic99 ($100 in chips) 
Dearic99: posts small blind $0.50
IREQO: posts big blind $1
*** HOLE CARDS ***
BadenBadenPH: folds 
habib beye: folds 
Dearic99: folds 
Uncalled bet ($0.50) returned to IREQO
IREQO collected $1 from pot
IREQO: doesn't show hand 
*** SUMMARY ***
Total pot $1 | Rake $0 
Seat 1: IREQO (big blind) collected ($1)
Seat 3: BadenBadenPH folded before Flop (didn't bet)
Seat 4: habib beye (button) folded before Flop (didn't bet)
Seat 6: Dearic99 (small blind) folded before Flop



PokerStars Hand #254398669696:  Hold'em No Limit ($0.50/$1.00 USD) - 2025/01/16 15:26:37 WET [2025/01/16 10:26:37 ET]
Table 'McElroy III' 6-max Seat #6 is the button
Seat 1: IREQO ($93.91 in chips) 
Seat 3: BadenBadenPH ($68.63 in chips) 
Seat 4: habib beye ($136.40 in chips) 
Seat 6: Dearic99 ($100 in chips) 
IREQO: posts small blind $0.50
BadenBadenPH: posts big blind $1
*** HOLE CARDS ***
Joe_Li7 joins the table at seat #5 
habib beye: raises $1.30 to $2.30
Dearic99: folds 
IREQO: folds 
BadenBadenPH: folds 
Uncalled bet ($1.30) returned to habib beye
habib beye collected $2.50 from pot
*** SUMMARY ***
Total pot $2.50 | Rake $0 
Seat 1: IREQO (small blind) folded before Flop
Seat 3: BadenBadenPH (big blind) folded before Flop
Seat 4: habib beye collected ($2.50)
Seat 6: Dearic99 (button) folded before Flop (didn't bet)



PokerStars Hand #254398673025:  Hold'em No Limit ($0.50/$1.00 USD) - 2025/01/16 15:26:54 WET [2025/01/16 10:26:54 ET]
Table 'McElroy III' 6-max Seat #1 is the button
Seat 5: Joe_Li7 ($100 in chips) is sitting out
Seat 1: IREQO ($93.41 in chips) 
Seat 3: BadenBadenPH ($67.63 in chips) 
Seat 4: habib beye ($137.90 in chips) 
Seat 6: Dearic99 ($100 in chips) 
BadenBadenPH: posts small blind $0.50
habib beye: posts big blind $1
Joe_Li7: sits out 
*** HOLE CARDS ***
Dearic99: folds 
IREQO: folds 
BadenBadenPH: raises $1.50 to $2.50
habib beye: folds 
Uncalled bet ($1.50) returned to BadenBadenPH
BadenBadenPH collected $2 from pot
*** SUMMARY ***
Total pot $2 | Rake $0 
Seat 5: Joe_Li7
Seat 1: IREQO (button) folded before Flop (didn't bet)
Seat 3: BadenBadenPH (small blind) collected ($2)
Seat 4: habib beye (big blind) folded before Flop
Seat 6: Dearic99 folded before Flop (didn't bet)



PokerStars Hand #254398676642:  Hold'em No Limit ($0.50/$1.00 USD) - 2025/01/16 15:27:11 WET [2025/01/16 10:27:11 ET]
Table 'McElroy III' 6-max Seat #3 is the button
Seat 1: IREQO ($93.41 in chips) 
Seat 3: BadenBadenPH ($68.63 in chips) 
Seat 4: habib beye ($136.90 in chips) 
Seat 5: Joe_Li7 ($100 in chips) 
Seat 6: Dearic99 ($100 in chips) 
habib beye: posts small blind $0.50
Joe_Li7: posts big blind $1
*** HOLE CARDS ***
Dearic99: folds 
IREQO: raises $1.50 to $2.50
BadenBadenPH: folds 
habib beye: folds 
Joe_Li7: raises $8.50 to $11
IREQO: calls $8.50
*** FLOP *** [3d 5s Ts]
Joe_Li7: bets $10.70
BGS013 joins the table at seat #2 
IREQO: calls $10.70
*** TURN *** [3d 5s Ts] [Kd]
Joe_Li7: checks 
IREQO: checks 
*** RIVER *** [3d 5s Ts Kd] [Tc]
Joe_Li7: bets $10.43
IREQO: raises $61.28 to $71.71 and is all-in
Joe_Li7: folds 
Uncalled bet ($61.28) returned to IREQO
IREQO collected $62.26 from pot
IREQO: doesn't show hand 
*** SUMMARY ***
Total pot $64.76 | Rake $2.50 
Board [3d 5s Ts Kd Tc]
Seat 1: IREQO collected ($62.26)
Seat 3: BadenBadenPH (button) folded before Flop (didn't bet)
Seat 4: habib beye (small blind) folded before Flop
Seat 5: Joe_Li7 (big blind) folded on the River
Seat 6: Dearic99 folded before Flop (didn't bet)



PokerStars Hand #254398708563:  Hold'em No Limit ($0.50/$1.00 USD) - 2025/01/16 15:29:47 WET [2025/01/16 10:29:47 ET]
Table 'McElroy III' 6-max Seat #4 is the button
Seat 2: BGS013 ($100 in chips) is sitting out
Seat 1: IREQO ($123.54 in chips) 
Seat 3: BadenBadenPH ($68.63 in chips) 
Seat 4: habib beye ($136.40 in chips) 
Seat 5: Joe_Li7 ($100 in chips) 
Seat 6: Dearic99 ($100 in chips) 
Joe_Li7: posts small blind $0.50
Dearic99: posts big blind $1
BGS013: sits out 
*** HOLE CARDS ***
IREQO: folds 
BadenBadenPH: folds 
habib beye: folds 
Joe_Li7: raises $2 to $3
Dearic99: calls $2
*** FLOP *** [Tc 8s 3c]
Joe_Li7: checks 
Dearic99: checks 
*** TURN *** [Tc 8s 3c] [7s]
Joe_Li7: bets $4.28
Dearic99: raises $7.72 to $12
Joe_Li7: calls $7.72
*** RIVER *** [Tc 8s 3c 7s] [6d]
Joe_Li7: checks 
Dearic99: checks 
*** SHOW DOWN ***
Joe_Li7: shows [Kc 4c] (high card King)
Dearic99: shows [8c 7d] (two pair, Eights and Sevens)
Dearic99 collected $28.50 from pot
*** SUMMARY ***
Total pot $30 | Rake $1.50 
Board [Tc 8s 3c 7s 6d]
Seat 2: BGS013
Seat 1: IREQO folded before Flop (didn't bet)
Seat 3: BadenBadenPH folded before Flop (didn't bet)
Seat 4: habib beye (button) folded before Flop (didn't bet)
Seat 5: Joe_Li7 (small blind) showed [Kc 4c] and lost with high card King
Seat 6: Dearic99 (big blind) showed [8c 7d] and won ($28.50) with two pair, Eights and Sevens



PokerStars Hand #254398724108:  Hold'em No Limit ($0.50/$1.00 USD) - 2025/01/16 15:31:03 WET [2025/01/16 10:31:03 ET]
Table 'McElroy III' 6-max Seat #5 is the button
Seat 2: BGS013 ($100 in chips) is sitting out
Seat 1: IREQO ($123.54 in chips) 
Seat 3: BadenBadenPH ($68.63 in chips) 
Seat 4: habib beye ($136.40 in chips) 
Seat 5: Joe_Li7 ($100 in chips) 
Seat 6: Dearic99 ($113.50 in chips) 
Dearic99: posts small blind $0.50
IREQO: posts big blind $1
BGS013: sits out 
*** HOLE CARDS ***
BadenBadenPH: folds 
habib beye: folds 
Joe_Li7: folds 
Dearic99: raises $2 to $3
IREQO: folds 
Uncalled bet ($2) returned to Dearic99
Dearic99 collected $2 from pot
Dearic99: doesn't show hand 
*** SUMMARY ***
Total pot $2 | Rake $0 
Seat 2: BGS013
Seat 1: IREQO (big blind) folded before Flop
Seat 3: BadenBadenPH folded before Flop (didn't bet)
Seat 4: habib beye folded before Flop (didn't bet)
Seat 5: Joe_Li7 (button) folded before Flop (didn't bet)
Seat 6: Dearic99 (small blind) collected ($2)



PokerStars Hand #254398726592:  Hold'em No Limit ($0.50/$1.00 USD) - 2025/01/16 15:31:16 WET [2025/01/16 10:31:16 ET]
Table 'McElroy III' 6-max Seat #6 is the button
Seat 1: IREQO ($122.54 in chips) 
Seat 2: BGS013 ($100 in chips) 
Seat 3: BadenBadenPH ($68.63 in chips) 
Seat 4: habib beye ($136.40 in chips) 
Seat 5: Joe_Li7 ($100 in chips) 
Seat 6: Dearic99 ($114.50 in chips) 
IREQO: posts small blind $0.50
BGS013: posts big blind $1
*** HOLE CARDS ***
BadenBadenPH: folds 
habib beye: folds 
Joe_Li7: folds 
Dearic99: folds 
IREQO: raises $1.32 to $2.32
BGS013: folds 
Uncalled bet ($1.32) returned to IREQO
IREQO collected $2 from pot
IREQO: doesn't show hand 
*** SUMMARY ***
Total pot $2 | Rake $0 
Seat 1: IREQO (small blind) collected ($2)
Seat 2: BGS013 (big blind) folded before Flop
Seat 3: BadenBadenPH folded before Flop (didn't bet)
Seat 4: habib beye folded before Flop (didn't bet)
Seat 5: Joe_Li7 folded before Flop (didn't bet)
Seat 6: Dearic99 (button) folded before Flop (didn't bet)



PokerStars Hand #254398730688:  Hold'em No Limit ($0.50/$1.00 USD) - 2025/01/16 15:31:36 WET [2025/01/16 10:31:36 ET]
Table 'McElroy III' 6-max Seat #1 is the button
Seat 1: IREQO ($123.54 in chips) 
Seat 2: BGS013 ($100 in chips) 
Seat 3: BadenBadenPH ($68.63 in chips) 
Seat 4: habib beye ($136.40 in chips) 
Seat 5: Joe_Li7 ($100 in chips) 
Seat 6: Dearic99 ($114.50 in chips) 
BGS013: posts small blind $0.50
BadenBadenPH: posts big blind $1
*** HOLE CARDS ***
habib beye: folds 
Joe_Li7: folds 
Dearic99: raises $1.50 to $2.50
IREQO: folds 
BGS013: folds 
BadenBadenPH: folds 
Uncalled bet ($1.50) returned to Dearic99
Dearic99 collected $2.50 from pot
Dearic99: doesn't show hand 
*** SUMMARY ***
Total pot $2.50 | Rake $0 
Seat 1: IREQO (button) folded before Flop (didn't bet)
Seat 2: BGS013 (small blind) folded before Flop
Seat 3: BadenBadenPH (big blind) folded before Flop
Seat 4: habib beye folded before Flop (didn't bet)
Seat 5: Joe_Li7 folded before Flop (didn't bet)
Seat 6: Dearic99 collected ($2.50)



PokerStars Hand #254398733427:  Hold'em No Limit ($0.50/$1.00 USD) - 2025/01/16 15:31:49 WET [2025/01/16 10:31:49 ET]
Table 'McElroy III' 6-max Seat #2 is the button
Seat 1: IREQO ($123.54 in chips) 
Seat 2: BGS013 ($100 in chips) 
Seat 3: BadenBadenPH ($67.63 in chips) 
Seat 4: habib beye ($136.40 in chips) 
Seat 5: Joe_Li7 ($100 in chips) 
Seat 6: Dearic99 ($116 in chips) 
BadenBadenPH: posts small blind $0.50
habib beye: posts big blind $1
*** HOLE CARDS ***
Joe_Li7: folds 
Dearic99: folds 
IREQO: raises $1.50 to $2.50
BGS013: folds 
BadenBadenPH: folds 
habib beye: folds 
Uncalled bet ($1.50) returned to IREQO
IREQO collected $2.50 from pot
IREQO: doesn't show hand 
*** SUMMARY ***
Total pot $2.50 | Rake $0 
Seat 1: IREQO collected ($2.50)
Seat 2: BGS013 (button) folded before Flop (didn't bet)
Seat 3: BadenBadenPH (small blind) folded before Flop
Seat 4: habib beye (big blind) folded before Flop
Seat 5: Joe_Li7 folded before Flop (didn't bet)
Seat 6: Dearic99 folded before Flop (didn't bet)



PokerStars Hand #254398737067:  Hold'em No Limit ($0.50/$1.00 USD) - 2025/01/16 15:32:07 WET [2025/01/16 10:32:07 ET]
Table 'McElroy III' 6-max Seat #3 is the button
Seat 1: IREQO ($125.04 in chips) 
Seat 2: BGS013 ($100 in chips) 
Seat 3: BadenBadenPH ($67.13 in chips) 
Seat 4: habib beye ($135.40 in chips) 
Seat 5: Joe_Li7 ($100 in chips) 
Seat 6: Dearic99 ($116 in chips) 
habib beye: posts small blind $0.50
Joe_Li7: posts big blind $1
*** HOLE CARDS ***
Dearic99: folds 
IREQO: folds 
BGS013: raises $1.50 to $2.50
BadenBadenPH: calls $2.50
habib beye: folds 
Joe_Li7: folds 
*** FLOP *** [9s Ad Js]
BGS013: checks 
BadenBadenPH: bets $2
BGS013: folds 
Uncalled bet ($2) returned to BadenBadenPH
BadenBadenPH collected $6.10 from pot
*** SUMMARY ***
Total pot $6.50 | Rake $0.40 
Board [9s Ad Js]
Seat 1: IREQO folded before Flop (didn't bet)
Seat 2: BGS013 folded on the Flop
Seat 3: BadenBadenPH (button) collected ($6.10)
Seat 4: habib beye (small blind) folded before Flop
Seat 5: Joe_Li7 (big blind) folded before Flop
Seat 6: Dearic99 folded before Flop (didn't bet)



PokerStars Hand #254398746794:  Hold'em No Limit ($0.50/$1.00 USD) - 2025/01/16 15:32:54 WET [2025/01/16 10:32:54 ET]
Table 'McElroy III' 6-max Seat #4 is the button
Seat 1: IREQO ($125.04 in chips) 
Seat 2: BGS013 ($100 in chips) 
Seat 3: BadenBadenPH ($70.73 in chips) 
Seat 4: habib beye ($134.90 in chips) 
Seat 5: Joe_Li7 ($100 in chips) 
Seat 6: Dearic99 ($116 in chips) 
Joe_Li7: posts small blind $0.50
Dearic99: posts big blind $1
*** HOLE CARDS ***
IREQO: folds 
BGS013: folds 
BadenBadenPH: folds 
habib beye: raises $1.50 to $2.50
Joe_Li7: folds 
Dearic99: raises $9.50 to $12
habib beye: folds 
Uncalled bet ($9.50) returned to Dearic99
Dearic99 collected $5.50 from pot
Dearic99: doesn't show hand 
*** SUMMARY ***
Total pot $5.50 | Rake $0 
Seat 1: IREQO folded before Flop (didn't bet)
Seat 2: BGS013 folded before Flop (didn't bet)
Seat 3: BadenBadenPH folded before Flop (didn't bet)
Seat 4: habib beye (button) folded before Flop
Seat 5: Joe_Li7 (small blind) folded before Flop
Seat 6: Dearic99 (big blind) collected ($5.50)



PokerStars Hand #254398751147:  Hold'em No Limit ($0.50/$1.00 USD) - 2025/01/16 15:33:15 WET [2025/01/16 10:33:15 ET]
Table 'McElroy III' 6-max Seat #5 is the button
Seat 1: IREQO ($125.04 in chips) 
Seat 2: BGS013 ($100 in chips) 
Seat 3: BadenBadenPH ($70.73 in chips) 
Seat 4: habib beye ($132.40 in chips) 
Seat 5: Joe_Li7 ($100 in chips) 
Seat 6: Dearic99 ($119 in chips) 
Dearic99: posts small blind $0.50
IREQO: posts big blind $1
*** HOLE CARDS ***
BGS013: folds 
BadenBadenPH: folds 
habib beye: folds 
Joe_Li7: raises $1.50 to $2.50
Dearic99: raises $8.50 to $11
IREQO: folds 
Joe_Li7: calls $8.50
*** FLOP *** [Qs 2s 6c]
Dearic99: bets $7.21
Joe_Li7: calls $7.21
*** TURN *** [Qs 2s 6c] [9h]
Dearic99: checks 
Joe_Li7: checks 
*** RIVER *** [Qs 2s 6c 9h] [3h]
Dearic99: checks 
Joe_Li7: bets $23.85
Dearic99: folds 
Uncalled bet ($23.85) returned to Joe_Li7
Joe_Li7 collected $35.55 from pot
*** SUMMARY ***
Total pot $37.42 | Rake $1.87 
Board [Qs 2s 6c 9h 3h]
Seat 1: IREQO (big blind) folded before Flop
Seat 2: BGS013 folded before Flop (didn't bet)
Seat 3: BadenBadenPH folded before Flop (didn't bet)
Seat 4: habib beye folded before Flop (didn't bet)
Seat 5: Joe_Li7 (button) collected ($35.55)
Seat 6: Dearic99 (small blind) folded on the River



PokerStars Hand #254398774701:  Hold'em No Limit ($0.50/$1.00 USD) - 2025/01/16 15:35:08 WET [2025/01/16 10:35:08 ET]
Table 'McElroy III' 6-max Seat #6 is the button
Seat 1: IREQO ($124.04 in chips) 
Seat 2: BGS013 ($100 in chips) 
Seat 3: BadenBadenPH ($70.73 in chips) 
Seat 4: habib beye ($132.40 in chips) 
Seat 5: Joe_Li7 ($117.34 in chips) 
Seat 6: Dearic99 ($100.79 in chips) 
IREQO: posts small blind $0.50
BGS013: posts big blind $1
*** HOLE CARDS ***
BadenBadenPH: folds 
habib beye: folds 
Joe_Li7: raises $1.20 to $2.20
Dearic99: folds 
IREQO: folds 
BGS013: folds 
Uncalled bet ($1.20) returned to Joe_Li7
Joe_Li7 collected $2.50 from pot
*** SUMMARY ***
Total pot $2.50 | Rake $0 
Seat 1: IREQO (small blind) folded before Flop
Seat 2: BGS013 (big blind) folded before Flop
Seat 3: BadenBadenPH folded before Flop (didn't bet)
Seat 4: habib beye folded before Flop (didn't bet)
Seat 5: Joe_Li7 collected ($2.50)
Seat 6: Dearic99 (button) folded before Flop (didn't bet)



PokerStars Hand #254398778727:  Hold'em No Limit ($0.50/$1.00 USD) - 2025/01/16 15:35:28 WET [2025/01/16 10:35:28 ET]
Table 'McElroy III' 6-max Seat #1 is the button
Seat 1: IREQO ($123.54 in chips) 
Seat 2: BGS013 ($100 in chips) 
Seat 3: BadenBadenPH ($70.73 in chips) 
Seat 4: habib beye ($132.40 in chips) 
Seat 5: Joe_Li7 ($118.84 in chips) 
Seat 6: Dearic99 ($100.79 in chips) 
BGS013: posts small blind $0.50
BadenBadenPH: posts big blind $1
*** HOLE CARDS ***
habib beye: folds 
Joe_Li7: folds 
Dearic99: folds 
IREQO: folds 
BGS013: raises $2 to $3
BadenBadenPH: folds 
Uncalled bet ($2) returned to BGS013
BGS013 collected $2 from pot
BGS013: doesn't show hand 
*** SUMMARY ***
Total pot $2 | Rake $0 
Seat 1: IREQO (button) folded before Flop (didn't bet)
Seat 2: BGS013 (small blind) collected ($2)
Seat 3: BadenBadenPH (big blind) folded before Flop
Seat 4: habib beye folded before Flop (didn't bet)
Seat 5: Joe_Li7 folded before Flop (didn't bet)
Seat 6: Dearic99 folded before Flop (didn't bet)



PokerStars Hand #254398781740:  Hold'em No Limit ($0.50/$1.00 USD) - 2025/01/16 15:35:42 WET [2025/01/16 10:35:42 ET]
Table 'McElroy III' 6-max Seat #2 is the button
Seat 1: IREQO ($123.54 in chips) 
Seat 2: BGS013 ($101 in chips) 
Seat 3: BadenBadenPH ($69.73 in chips) 
Seat 4: habib beye ($132.40 in chips) 
Seat 5: Joe_Li7 ($118.84 in chips) 
Seat 6: Dearic99 ($100.79 in chips) 
BadenBadenPH: posts small blind $0.50
habib beye: posts big blind $1
*** HOLE CARDS ***
Joe_Li7: folds 
Dearic99: folds 
IREQO: folds 
BGS013: folds 
BadenBadenPH: raises $1.50 to $2.50
habib beye: calls $1.50
*** FLOP *** [3c 2h 9s]
BadenBadenPH: checks 
habib beye: checks 
*** TURN *** [3c 2h 9s] [4h]
BadenBadenPH: bets $2
habib beye: calls $2
*** RIVER *** [3c 2h 9s 4h] [Kd]
BadenBadenPH: bets $4.28
habib beye: folds 
Uncalled bet ($4.28) returned to BadenBadenPH
BadenBadenPH collected $8.44 from pot
*** SUMMARY ***
Total pot $9 | Rake $0.56 
Board [3c 2h 9s 4h Kd]
Seat 1: IREQO folded before Flop (didn't bet)
Seat 2: BGS013 (button) folded before Flop (didn't bet)
Seat 3: BadenBadenPH (small blind) collected ($8.44)
Seat 4: habib beye (big blind) folded on the River
Seat 5: Joe_Li7 folded before Flop (didn't bet)
Seat 6: Dearic99 folded before Flop (didn't bet)



PokerStars Hand #254398793272:  Hold'em No Limit ($0.50/$1.00 USD) - 2025/01/16 15:36:37 WET [2025/01/16 10:36:37 ET]
Table 'McElroy III' 6-max Seat #3 is the button
Seat 1: IREQO ($123.54 in chips) 
Seat 2: BGS013 ($101 in chips) 
Seat 3: BadenBadenPH ($73.67 in chips) 
Seat 4: habib beye ($127.90 in chips) 
Seat 5: Joe_Li7 ($118.84 in chips) 
Seat 6: Dearic99 ($100.79 in chips) 
habib beye: posts small blind $0.50
Joe_Li7: posts big blind $1
*** HOLE CARDS ***
Dearic99: folds 
IREQO: folds 
BGS013: folds 
BadenBadenPH: folds 
habib beye: folds 
Uncalled bet ($0.50) returned to Joe_Li7
Joe_Li7 collected $1 from pot
*** SUMMARY ***
Total pot $1 | Rake $0 
Seat 1: IREQO folded before Flop (didn't bet)
Seat 2: BGS013 folded before Flop (didn't bet)
Seat 3: BadenBadenPH (button) folded before Flop (didn't bet)
Seat 4: habib beye (small blind) folded before Flop
Seat 5: Joe_Li7 (big blind) collected ($1)
Seat 6: Dearic99 folded before Flop (didn't bet)



PokerStars Hand #254398795665:  Hold'em No Limit ($0.50/$1.00 USD) - 2025/01/16 15:36:49 WET [2025/01/16 10:36:49 ET]
Table 'McElroy III' 6-max Seat #4 is the button
Seat 1: IREQO ($123.54 in chips) 
Seat 2: BGS013 ($101 in chips) 
Seat 3: BadenBadenPH ($73.67 in chips) 
Seat 4: habib beye ($127.40 in chips) 
Seat 5: Joe_Li7 ($119.34 in chips) 
Seat 6: Dearic99 ($100.79 in chips) 
Joe_Li7: posts small blind $0.50
Dearic99: posts big blind $1
*** HOLE CARDS ***
IREQO: folds 
BGS013: folds 
BadenBadenPH: folds 
IREQO leaves the table
habib beye: folds 
Joe_Li7: folds 
Uncalled bet ($0.50) returned to Dearic99
Dearic99 collected $1 from pot
Dearic99: doesn't show hand 
Quahrino joins the table at seat #1 
*** SUMMARY ***
Total pot $1 | Rake $0 
Seat 1: IREQO folded before Flop (didn't bet)
Seat 2: BGS013 folded before Flop (didn't bet)
Seat 3: BadenBadenPH folded before Flop (didn't bet)
Seat 4: habib beye (button) folded before Flop (didn't bet)
Seat 5: Joe_Li7 (small blind) folded before Flop
Seat 6: Dearic99 (big blind) collected ($1)



PokerStars Hand #254398799604:  Hold'em No Limit ($0.50/$1.00 USD) - 2025/01/16 15:37:07 WET [2025/01/16 10:37:07 ET]
Table 'McElroy III' 6-max Seat #5 is the button
Seat 1: Quahrino ($100 in chips) 
Seat 2: BGS013 ($101 in chips) 
Seat 3: BadenBadenPH ($73.67 in chips) 
Seat 4: habib beye ($127.40 in chips) 
Seat 5: Joe_Li7 ($118.84 in chips) 
Seat 6: Dearic99 ($101.29 in chips) 
Dearic99: posts small blind $0.50
Quahrino: posts big blind $1
*** HOLE CARDS ***
BGS013: folds 
BadenBadenPH: folds 
habib beye: folds 
Joe_Li7: folds 
Dearic99: folds 
Uncalled bet ($0.50) returned to Quahrino
Quahrino collected $1 from pot
Quahrino: doesn't show hand 
*** SUMMARY ***
Total pot $1 | Rake $0 
Seat 1: Quahrino (big blind) collected ($1)
Seat 2: BGS013 folded before Flop (didn't bet)
Seat 3: BadenBadenPH folded before Flop (didn't bet)
Seat 4: habib beye folded before Flop (didn't bet)
Seat 5: Joe_Li7 (button) folded before Flop (didn't bet)
Seat 6: Dearic99 (small blind) folded before Flop



PokerStars Hand #254398802732:  Hold'em No Limit ($0.50/$1.00 USD) - 2025/01/16 15:37:22 WET [2025/01/16 10:37:22 ET]
Table 'McElroy III' 6-max Seat #6 is the button
Seat 1: Quahrino ($100.50 in chips) 
Seat 2: BGS013 ($101 in chips) 
Seat 3: BadenBadenPH ($73.67 in chips) 
Seat 4: habib beye ($127.40 in chips) 
Seat 5: Joe_Li7 ($118.84 in chips) 
Seat 6: Dearic99 ($100.79 in chips) 
Quahrino: posts small blind $0.50
BGS013: posts big blind $1
*** HOLE CARDS ***
BadenBadenPH: folds 
habib beye: folds 
Joe_Li7: folds 
Dearic99: raises $1 to $2
Quahrino: folds 
BGS013: folds 
Uncalled bet ($1) returned to Dearic99
Dearic99 collected $2.50 from pot
Dearic99: doesn't show hand 
*** SUMMARY ***
Total pot $2.50 | Rake $0 
Seat 1: Quahrino (small blind) folded before Flop
Seat 2: BGS013 (big blind) folded before Flop
Seat 3: BadenBadenPH folded before Flop (didn't bet)
Seat 4: habib beye folded before Flop (didn't bet)
Seat 5: Joe_Li7 folded before Flop (didn't bet)
Seat 6: Dearic99 (button) collected ($2.50)



PokerStars Hand #254398805590:  Hold'em No Limit ($0.50/$1.00 USD) - 2025/01/16 15:37:36 WET [2025/01/16 10:37:36 ET]
Table 'McElroy III' 6-max Seat #1 is the button
Seat 1: Quahrino ($100 in chips) 
Seat 2: BGS013 ($100 in chips) 
Seat 3: BadenBadenPH ($73.67 in chips) 
Seat 4: habib beye ($127.40 in chips) 
Seat 5: Joe_Li7 ($118.84 in chips) 
Seat 6: Dearic99 ($102.29 in chips) 
BGS013: posts small blind $0.50
BadenBadenPH: posts big blind $1
*** HOLE CARDS ***
habib beye: folds 
Joe_Li7: folds 
Dearic99: folds 
Quahrino: folds 
BGS013: folds 
Uncalled bet ($0.50) returned to BadenBadenPH
BadenBadenPH collected $1 from pot
*** SUMMARY ***
Total pot $1 | Rake $0 
Seat 1: Quahrino (button) folded before Flop (didn't bet)
Seat 2: BGS013 (small blind) folded before Flop
Seat 3: BadenBadenPH (big blind) collected ($1)
Seat 4: habib beye folded before Flop (didn't bet)
Seat 5: Joe_Li7 folded before Flop (didn't bet)
Seat 6: Dearic99 folded before Flop (didn't bet)



PokerStars Hand #254398807639:  Hold'em No Limit ($0.50/$1.00 USD) - 2025/01/16 15:37:46 WET [2025/01/16 10:37:46 ET]
Table 'McElroy III' 6-max Seat #2 is the button
Seat 1: Quahrino ($100 in chips) 
Seat 2: BGS013 ($100 in chips) 
Seat 3: BadenBadenPH ($74.17 in chips) 
Seat 4: habib beye ($127.40 in chips) 
Seat 5: Joe_Li7 ($118.84 in chips) 
Seat 6: Dearic99 ($102.29 in chips) 
BadenBadenPH: posts small blind $0.50
habib beye: posts big blind $1
*** HOLE CARDS ***
Joe_Li7: folds 
Dearic99: folds 
Quahrino: folds 
BGS013: raises $1.50 to $2.50
BadenBadenPH: folds 
habib beye: folds 
Uncalled bet ($1.50) returned to BGS013
BGS013 collected $2.50 from pot
BGS013: doesn't show hand 
*** SUMMARY ***
Total pot $2.50 | Rake $0 
Seat 1: Quahrino folded before Flop (didn't bet)
Seat 2: BGS013 (button) collected ($2.50)
Seat 3: BadenBadenPH (small blind) folded before Flop
Seat 4: habib beye (big blind) folded before Flop
Seat 5: Joe_Li7 folded before Flop (didn't bet)
Seat 6: Dearic99 folded before Flop (didn't bet)



PokerStars Hand #254398810646:  Hold'em No Limit ($0.50/$1.00 USD) - 2025/01/16 15:38:00 WET [2025/01/16 10:38:00 ET]
Table 'McElroy III' 6-max Seat #3 is the button
Seat 1: Quahrino ($100 in chips) 
Seat 2: BGS013 ($101.50 in chips) 
Seat 3: BadenBadenPH ($73.67 in chips) 
Seat 4: habib beye ($126.40 in chips) 
Seat 5: Joe_Li7 ($118.84 in chips) 
Seat 6: Dearic99 ($102.29 in chips) 
habib beye: posts small blind $0.50
Joe_Li7: posts big blind $1
*** HOLE CARDS ***
Dearic99: folds 
Quahrino: raises $1 to $2
BGS013: folds 
BadenBadenPH: folds 
habib beye: folds 
Joe_Li7: calls $1
*** FLOP *** [7h Qc Ad]
Joe_Li7: checks 
Quahrino: checks 
*** TURN *** [7h Qc Ad] [6c]
Joe_Li7: checks 
Quahrino: bets $3
Joe_Li7: folds 
Uncalled bet ($3) returned to Quahrino
Quahrino collected $4.28 from pot
Quahrino: doesn't show hand 
*** SUMMARY ***
Total pot $4.50 | Rake $0.22 
Board [7h Qc Ad 6c]
Seat 1: Quahrino collected ($4.28)
Seat 2: BGS013 folded before Flop (didn't bet)
Seat 3: BadenBadenPH (button) folded before Flop (didn't bet)
Seat 4: habib beye (small blind) folded before Flop
Seat 5: Joe_Li7 (big blind) folded on the Turn
Seat 6: Dearic99 folded before Flop (didn't bet)



PokerStars Hand #254398823743:  Hold'em No Limit ($0.50/$1.00 USD) - 2025/01/16 15:39:03 WET [2025/01/16 10:39:03 ET]
Table 'McElroy III' 6-max Seat #4 is the button
Seat 1: Quahrino ($102.28 in chips) 
Seat 2: BGS013 ($101.50 in chips) 
Seat 3: BadenBadenPH ($73.67 in chips) 
Seat 4: habib beye ($125.90 in chips) 
Seat 5: Joe_Li7 ($116.84 in chips) 
Seat 6: Dearic99 ($102.29 in chips) 
Joe_Li7: posts small blind $0.50
Dearic99: posts big blind $1
*** HOLE CARDS ***
Quahrino: folds 
BGS013: folds 
BadenBadenPH: raises $1 to $2
habib beye: folds 
Joe_Li7: folds 
Dearic99: folds 
Uncalled bet ($1) returned to BadenBadenPH
BadenBadenPH collected $2.50 from pot
*** SUMMARY ***
Total pot $2.50 | Rake $0 
Seat 1: Quahrino folded before Flop (didn't bet)
Seat 2: BGS013 folded before Flop (didn't bet)
Seat 3: BadenBadenPH collected ($2.50)
Seat 4: habib beye (button) folded before Flop (didn't bet)
Seat 5: Joe_Li7 (small blind) folded before Flop
Seat 6: Dearic99 (big blind) folded before Flop



PokerStars Hand #254398827461:  Hold'em No Limit ($0.50/$1.00 USD) - 2025/01/16 15:39:21 WET [2025/01/16 10:39:21 ET]
Table 'McElroy III' 6-max Seat #5 is the button
Seat 1: Quahrino ($102.28 in chips) 
Seat 2: BGS013 ($101.50 in chips) 
Seat 3: BadenBadenPH ($75.17 in chips) 
Seat 4: habib beye ($125.90 in chips) 
Seat 5: Joe_Li7 ($116.34 in chips) 
Seat 6: Dearic99 ($101.29 in chips) 
Dearic99: posts small blind $0.50
Quahrino: posts big blind $1
*** HOLE CARDS ***
BGS013: folds 
BadenBadenPH: folds 
habib beye: folds 
Joe_Li7: raises $1.50 to $2.50
Dearic99: folds 
Quahrino: raises $9.50 to $12
Joe_Li7: raises $13 to $25
Quahrino: calls $13
*** FLOP *** [4h 7h Ac]
Quahrino: checks 
Joe_Li7: bets $4.80
Quahrino: raises $19.01 to $23.81
Joe_Li7: calls $19.01
*** TURN *** [4h 7h Ac] [4s]
Quahrino: bets $53.47 and is all-in
Joe_Li7: calls $53.47
*** FIRST RIVER *** [4h 7h Ac 4s] [9s]
*** SECOND RIVER *** [4h 7h Ac 4s] [Qs]
*** FIRST SHOW DOWN ***
Quahrino: shows [Jd Ad] (two pair, Aces and Fours)
Joe_Li7: shows [Ah 6h] (two pair, Aces and Fours - lower kicker)
Quahrino collected $101.28 from pot
*** SECOND SHOW DOWN ***
Quahrino: shows [Jd Ad] (two pair, Aces and Fours)
Joe_Li7: shows [Ah 6h] (two pair, Aces and Fours)
Quahrino collected $50.64 from pot
Joe_Li7 collected $50.64 from pot
*** SUMMARY ***
Total pot $205.06 | Rake $2.50 
Hand was run twice
FIRST Board [4h 7h Ac 4s 9s]
SECOND Board [4h 7h Ac 4s Qs]
Seat 1: Quahrino (big blind) showed [Jd Ad] and won ($101.28) with two pair, Aces and Fours, and won ($50.64) with two pair, Aces and Fours
Seat 2: BGS013 folded before Flop (didn't bet)
Seat 3: BadenBadenPH folded before Flop (didn't bet)
Seat 4: habib beye folded before Flop (didn't bet)
Seat 5: Joe_Li7 (button) showed [Ah 6h] and lost with two pair, Aces and Fours, and won ($50.64) with two pair, Aces and Fours
Seat 6: Dearic99 (small blind) folded before Flop



PokerStars Hand #254398852505:  Hold'em No Limit ($0.50/$1.00 USD) - 2025/01/16 15:41:21 WET [2025/01/16 10:41:21 ET]
Table 'McElroy III' 6-max Seat #6 is the button
Seat 1: Quahrino ($151.92 in chips) 
Seat 2: BGS013 ($101.50 in chips) 
Seat 3: BadenBadenPH ($75.17 in chips) 
Seat 4: habib beye ($125.90 in chips) 
Seat 5: Joe_Li7 ($100 in chips) 
Seat 6: Dearic99 ($100.79 in chips) 
Quahrino: posts small blind $0.50
BGS013: posts big blind $1
*** HOLE CARDS ***
BadenBadenPH: folds 
habib beye: folds 
Joe_Li7: folds 
Dearic99: raises $1 to $2
Quahrino: folds 
BGS013: calls $1
*** FLOP *** [4s 2d 8h]
BGS013: checks 
Dearic99: bets $2.14
BGS013: calls $2.14
*** TURN *** [4s 2d 8h] [Ad]
BGS013: checks 
Dearic99: bets $4.17
BGS013: folds 
Uncalled bet ($4.17) returned to Dearic99
Dearic99 collected $8.34 from pot
Dearic99: doesn't show hand 
*** SUMMARY ***
Total pot $8.78 | Rake $0.44 
Board [4s 2d 8h Ad]
Seat 1: Quahrino (small blind) folded before Flop
Seat 2: BGS013 (big blind) folded on the Turn
Seat 3: BadenBadenPH folded before Flop (didn't bet)
Seat 4: habib beye folded before Flop (didn't bet)
Seat 5: Joe_Li7 folded before Flop (didn't bet)
Seat 6: Dearic99 (button) collected ($8.34)



PokerStars Hand #254398863153:  Hold'em No Limit ($0.50/$1.00 USD) - 2025/01/16 15:42:13 WET [2025/01/16 10:42:13 ET]
Table 'McElroy III' 6-max Seat #1 is the button
Seat 1: Quahrino ($151.42 in chips) 
Seat 2: BGS013 ($100 in chips) 
Seat 3: BadenBadenPH ($75.17 in chips) 
Seat 4: habib beye ($125.90 in chips) 
Seat 5: Joe_Li7 ($100 in chips) 
Seat 6: Dearic99 ($104.99 in chips) 
BGS013: posts small blind $0.50
BadenBadenPH: posts big blind $1
*** HOLE CARDS ***
habib beye: raises $1 to $2
Joe_Li7: folds 
Dearic99: folds 
Quahrino: raises $5.50 to $7.50
BGS013: folds 
BadenBadenPH: folds 
habib beye: calls $5.50
*** FLOP *** [9s 7s 7d]
habib beye: checks 
Quahrino: bets $7.84
habib beye: calls $7.84
*** TURN *** [9s 7s 7d] [Kd]
habib beye: checks 
Quahrino: bets $30.57
habib beye: raises $79.99 to $110.56 and is all-in
Quahrino: calls $79.99
*** FIRST RIVER *** [9s 7s 7d Kd] [Js]
*** SECOND RIVER *** [9s 7s 7d Kd] [5h]
*** FIRST SHOW DOWN ***
habib beye: shows [Tc 9c] (two pair, Nines and Sevens)
Quahrino: shows [Ad Ah] (two pair, Aces and Sevens)
Quahrino collected $125.40 from pot
*** SECOND SHOW DOWN ***
habib beye: shows [Tc 9c] (two pair, Nines and Sevens)
Quahrino: shows [Ad Ah] (two pair, Aces and Sevens)
Quahrino collected $125.40 from pot
*** SUMMARY ***
Total pot $253.30 | Rake $2.50 
Hand was run twice
FIRST Board [9s 7s 7d Kd Js]
SECOND Board [9s 7s 7d Kd 5h]
Seat 1: Quahrino (button) showed [Ad Ah] and won ($125.40) with two pair, Aces and Sevens, and won ($125.40) with two pair, Aces and Sevens
Seat 2: BGS013 (small blind) folded before Flop
Seat 3: BadenBadenPH (big blind) folded before Flop
Seat 4: habib beye showed [Tc 9c] and lost with two pair, Nines and Sevens, and lost with two pair, Nines and Sevens
Seat 5: Joe_Li7 folded before Flop (didn't bet)
Seat 6: Dearic99 folded before Flop (didn't bet)



PokerStars Hand #254399153738:  Hold'em No Limit ($0.50/$1.00 USD) - 2025/01/16 16:06:40 WET [2025/01/16 11:06:40 ET]
Table 'McElroy III' 6-max Seat #6 is the button
Seat 1: I TAKE IT 85 ($100 in chips) 
Seat 3: Sergey.V90 ($100 in chips) 
Seat 4: blistein ($100 in chips) 
Seat 6: Slami4 ($100 in chips) 
I TAKE IT 85: posts small blind $0.50
Sergey.V90: posts big blind $1
*** HOLE CARDS ***
crist_89870 joins the table at seat #5 
blistein: folds 
Slami4: raises $1.50 to $2.50
I TAKE IT 85: folds 
IREQO joins the table at seat #2 
Sergey.V90: folds 
Uncalled bet ($1.50) returned to Slami4
Slami4 collected $2.50 from pot
Slami4: doesn't show hand 
*** SUMMARY ***
Total pot $2.50 | Rake $0 
Seat 1: I TAKE IT 85 (small blind) folded before Flop
Seat 3: Sergey.V90 (big blind) folded before Flop
Seat 4: blistein folded before Flop (didn't bet)
Seat 6: Slami4 (button) collected ($2.50)



PokerStars Hand #254399156600:  Hold'em No Limit ($0.50/$1.00 USD) - 2025/01/16 16:06:54 WET [2025/01/16 11:06:54 ET]
Table 'McElroy III' 6-max Seat #1 is the button
Seat 2: IREQO ($123.54 in chips) is sitting out
Seat 5: crist_89870 ($100 in chips) is sitting out
Seat 1: I TAKE IT 85 ($100 in chips) 
Seat 3: Sergey.V90 ($99 in chips) 
Seat 4: blistein ($100 in chips) 
Seat 6: Slami4 ($101.50 in chips) 
Sergey.V90: posts small blind $0.50
blistein: posts big blind $1
crist_89870: sits out 
*** HOLE CARDS ***
Slami4: raises $1.50 to $2.50
I TAKE IT 85: folds 
Sergey.V90: folds 
blistein: folds 
Uncalled bet ($1.50) returned to Slami4
Slami4 collected $2.50 from pot
Slami4: doesn't show hand 
*** SUMMARY ***
Total pot $2.50 | Rake $0 
Seat 2: IREQO
Seat 5: crist_89870
Seat 1: I TAKE IT 85 (button) folded before Flop (didn't bet)
Seat 3: Sergey.V90 (small blind) folded before Flop
Seat 4: blistein (big blind) folded before Flop
Seat 6: Slami4 collected ($2.50)



PokerStars Hand #254399159070:  Hold'em No Limit ($0.50/$1.00 USD) - 2025/01/16 16:07:05 WET [2025/01/16 11:07:05 ET]
Table 'McElroy III' 6-max Seat #3 is the button
Seat 2: IREQO ($123.54 in chips) is sitting out
Seat 1: I TAKE IT 85 ($100 in chips) 
Seat 3: Sergey.V90 ($98.50 in chips) 
Seat 4: blistein ($100 in chips) 
Seat 5: crist_89870 ($100 in chips) 
Seat 6: Slami4 ($103 in chips) 
blistein: posts small blind $0.50
crist_89870: posts big blind $1
IREQO: sits out 
*** HOLE CARDS ***
Slami4: folds 
I TAKE IT 85: folds 
Sergey.V90: folds 
blistein: raises $2 to $3
crist_89870: folds 
Uncalled bet ($2) returned to blistein
blistein collected $2 from pot
blistein: doesn't show hand 
*** SUMMARY ***
Total pot $2 | Rake $0 
Seat 2: IREQO
Seat 1: I TAKE IT 85 folded before Flop (didn't bet)
Seat 3: Sergey.V90 (button) folded before Flop (didn't bet)
Seat 4: blistein (small blind) collected ($2)
Seat 5: crist_89870 (big blind) folded before Flop
Seat 6: Slami4 folded before Flop (didn't bet)



PokerStars Hand #254399161953:  Hold'em No Limit ($0.50/$1.00 USD) - 2025/01/16 16:07:19 WET [2025/01/16 11:07:19 ET]
Table 'McElroy III' 6-max Seat #4 is the button
Seat 2: IREQO ($123.54 in chips) is sitting out
Seat 1: I TAKE IT 85 ($100 in chips) 
Seat 3: Sergey.V90 ($98.50 in chips) 
Seat 4: blistein ($101 in chips) 
Seat 5: crist_89870 ($100 in chips) 
Seat 6: Slami4 ($103 in chips) 
crist_89870: posts small blind $0.50
Slami4: posts big blind $1
IREQO: sits out 
*** HOLE CARDS ***
I TAKE IT 85: folds 
Sergey.V90: folds 
blistein: folds 
crist_89870: raises $2 to $3
Slami4: folds 
Uncalled bet ($2) returned to crist_89870
crist_89870 collected $2 from pot
crist_89870: doesn't show hand 
*** SUMMARY ***
Total pot $2 | Rake $0 
Seat 2: IREQO
Seat 1: I TAKE IT 85 folded before Flop (didn't bet)
Seat 3: Sergey.V90 folded before Flop (didn't bet)
Seat 4: blistein (button) folded before Flop (didn't bet)
Seat 5: crist_89870 (small blind) collected ($2)
Seat 6: Slami4 (big blind) folded before Flop



PokerStars Hand #254399165385:  Hold'em No Limit ($0.50/$1.00 USD) - 2025/01/16 16:07:35 WET [2025/01/16 11:07:35 ET]
Table 'McElroy III' 6-max Seat #5 is the button
Seat 2: IREQO ($123.54 in chips) is sitting out
Seat 1: I TAKE IT 85 ($100 in chips) 
Seat 3: Sergey.V90 ($98.50 in chips) 
Seat 4: blistein ($101 in chips) 
Seat 5: crist_89870 ($101 in chips) 
Seat 6: Slami4 ($102 in chips) 
Slami4: posts small blind $0.50
I TAKE IT 85: posts big blind $1
IREQO: sits out 
*** HOLE CARDS ***
Sergey.V90: folds 
blistein: folds 
crist_89870: folds 
Slami4: raises $2 to $3
I TAKE IT 85: folds 
Uncalled bet ($2) returned to Slami4
Slami4 collected $2 from pot
Slami4: doesn't show hand 
*** SUMMARY ***
Total pot $2 | Rake $0 
Seat 2: IREQO
Seat 1: I TAKE IT 85 (big blind) folded before Flop
Seat 3: Sergey.V90 folded before Flop (didn't bet)
Seat 4: blistein folded before Flop (didn't bet)
Seat 5: crist_89870 (button) folded before Flop (didn't bet)
Seat 6: Slami4 (small blind) collected ($2)



PokerStars Hand #254399169427:  Hold'em No Limit ($0.50/$1.00 USD) - 2025/01/16 16:07:54 WET [2025/01/16 11:07:54 ET]
Table 'McElroy III' 6-max Seat #6 is the button
Seat 1: I TAKE IT 85 ($100 in chips) 
Seat 2: IREQO ($123.54 in chips) 
Seat 3: Sergey.V90 ($98.50 in chips) 
Seat 4: blistein ($101 in chips) 
Seat 5: crist_89870 ($101 in chips) 
Seat 6: Slami4 ($103 in chips) 
I TAKE IT 85: posts small blind $0.50
IREQO: posts big blind $1
*** HOLE CARDS ***
Sergey.V90: folds 
blistein: raises $1.20 to $2.20
crist_89870: folds 
Slami4: folds 
I TAKE IT 85: folds 
IREQO: folds 
Uncalled bet ($1.20) returned to blistein
blistein collected $2.50 from pot
blistein: doesn't show hand 
*** SUMMARY ***
Total pot $2.50 | Rake $0 
Seat 1: I TAKE IT 85 (small blind) folded before Flop
Seat 2: IREQO (big blind) folded before Flop
Seat 3: Sergey.V90 folded before Flop (didn't bet)
Seat 4: blistein collected ($2.50)
Seat 5: crist_89870 folded before Flop (didn't bet)
Seat 6: Slami4 (button) folded before Flop (didn't bet)



PokerStars Hand #254399172095:  Hold'em No Limit ($0.50/$1.00 USD) - 2025/01/16 16:08:06 WET [2025/01/16 11:08:06 ET]
Table 'McElroy III' 6-max Seat #1 is the button
Seat 1: I TAKE IT 85 ($100 in chips) 
Seat 2: IREQO ($122.54 in chips) 
Seat 3: Sergey.V90 ($98.50 in chips) 
Seat 4: blistein ($102.50 in chips) 
Seat 5: crist_89870 ($101 in chips) 
Seat 6: Slami4 ($103 in chips) 
IREQO: posts small blind $0.50
Sergey.V90: posts big blind $1
*** HOLE CARDS ***
blistein: folds 
crist_89870: raises $1.50 to $2.50
Slami4: folds 
I TAKE IT 85: folds 
IREQO: folds 
Sergey.V90: calls $1.50
*** FLOP *** [7h Qc Kd]
Sergey.V90: checks 
crist_89870: bets $1.57
Sergey.V90: calls $1.57
*** TURN *** [7h Qc Kd] [9h]
Sergey.V90: checks 
crist_89870: checks 
*** RIVER *** [7h Qc Kd 9h] [4c]
Sergey.V90: bets $6.11
crist_89870: calls $6.11
*** SHOW DOWN ***
Sergey.V90: shows [7s Ah] (a pair of Sevens)
crist_89870: shows [Kc As] (a pair of Kings)
crist_89870 collected $19.82 from pot
*** SUMMARY ***
Total pot $20.86 | Rake $1.04 
Board [7h Qc Kd 9h 4c]
Seat 1: I TAKE IT 85 (button) folded before Flop (didn't bet)
Seat 2: IREQO (small blind) folded before Flop
Seat 3: Sergey.V90 (big blind) showed [7s Ah] and lost with a pair of Sevens
Seat 4: blistein folded before Flop (didn't bet)
Seat 5: crist_89870 showed [Kc As] and won ($19.82) with a pair of Kings
Seat 6: Slami4 folded before Flop (didn't bet)



PokerStars Hand #254399182825:  Hold'em No Limit ($0.50/$1.00 USD) - 2025/01/16 16:08:57 WET [2025/01/16 11:08:57 ET]
Table 'McElroy III' 6-max Seat #2 is the button
Seat 1: I TAKE IT 85 ($100 in chips) 
Seat 2: IREQO ($122.04 in chips) 
Seat 3: Sergey.V90 ($88.32 in chips) 
Seat 4: blistein ($102.50 in chips) 
Seat 5: crist_89870 ($110.64 in chips) 
Seat 6: Slami4 ($103 in chips) 
Sergey.V90: posts small blind $0.50
blistein: posts big blind $1
*** HOLE CARDS ***
crist_89870: raises $1.50 to $2.50
Slami4: folds 
I TAKE IT 85: folds 
IREQO: folds 
Sergey.V90: folds 
blistein: folds 
Uncalled bet ($1.50) returned to crist_89870
crist_89870 collected $2.50 from pot
crist_89870: doesn't show hand 
*** SUMMARY ***
Total pot $2.50 | Rake $0 
Seat 1: I TAKE IT 85 folded before Flop (didn't bet)
Seat 2: IREQO (button) folded before Flop (didn't bet)
Seat 3: Sergey.V90 (small blind) folded before Flop
Seat 4: blistein (big blind) folded before Flop
Seat 5: crist_89870 collected ($2.50)
Seat 6: Slami4 folded before Flop (didn't bet)



PokerStars Hand #254399185696:  Hold'em No Limit ($0.50/$1.00 USD) - 2025/01/16 16:09:11 WET [2025/01/16 11:09:11 ET]
Table 'McElroy III' 6-max Seat #3 is the button
Seat 1: I TAKE IT 85 ($100 in chips) 
Seat 2: IREQO ($122.04 in chips) 
Seat 3: Sergey.V90 ($87.82 in chips) 
Seat 4: blistein ($101.50 in chips) 
Seat 5: crist_89870 ($112.14 in chips) 
Seat 6: Slami4 ($103 in chips) 
blistein: posts small blind $0.50
crist_89870: posts big blind $1
*** HOLE CARDS ***
Slami4: folds 
I TAKE IT 85: folds 
IREQO: folds 
Sergey.V90: raises $1.50 to $2.50
blistein: raises $6.50 to $9
crist_89870: folds 
Sergey.V90: calls $6.50
*** FLOP *** [7h 3s 6h]
blistein: checks 
Sergey.V90: checks 
*** TURN *** [7h 3s 6h] [Jh]
blistein: checks 
Sergey.V90: checks 
*** RIVER *** [7h 3s 6h Jh] [Js]
blistein: checks 
Sergey.V90: checks 
*** SHOW DOWN ***
blistein: shows [Qc Ks] (a pair of Jacks)
Sergey.V90: shows [As 5s] (a pair of Jacks - Ace kicker)
Sergey.V90 collected $18.05 from pot
*** SUMMARY ***
Total pot $19 | Rake $0.95 
Board [7h 3s 6h Jh Js]
Seat 1: I TAKE IT 85 folded before Flop (didn't bet)
Seat 2: IREQO folded before Flop (didn't bet)
Seat 3: Sergey.V90 (button) showed [As 5s] and won ($18.05) with a pair of Jacks
Seat 4: blistein (small blind) showed [Qc Ks] and lost with a pair of Jacks
Seat 5: crist_89870 (big blind) folded before Flop
Seat 6: Slami4 folded before Flop (didn't bet)



PokerStars Hand #254399199301:  Hold'em No Limit ($0.50/$1.00 USD) - 2025/01/16 16:10:14 WET [2025/01/16 11:10:14 ET]
Table 'McElroy III' 6-max Seat #4 is the button
Seat 1: I TAKE IT 85 ($100 in chips) 
Seat 2: IREQO ($122.04 in chips) 
Seat 3: Sergey.V90 ($96.87 in chips) 
Seat 4: blistein ($100 in chips) 
Seat 5: crist_89870 ($111.14 in chips) 
Seat 6: Slami4 ($103 in chips) 
crist_89870: posts small blind $0.50
Slami4: posts big blind $1
*** HOLE CARDS ***
I TAKE IT 85: raises $1.05 to $2.05
IREQO: folds 
Sergey.V90: calls $2.05
blistein: raises $7.95 to $10
crist_89870: folds 
Slami4: folds 
I TAKE IT 85: folds 
Sergey.V90: calls $7.95
*** FLOP *** [2c 6c As]
Sergey.V90: checks 
blistein: bets $5.59
Sergey.V90: calls $5.59
*** TURN *** [2c 6c As] [Ah]
Sergey.V90: checks 
blistein: checks 
*** RIVER *** [2c 6c As Ah] [Ac]
Sergey.V90: checks 
blistein: bets $23.24
Sergey.V90: calls $23.24
*** SHOW DOWN ***
blistein: shows [9s 9c] (a full house, Aces full of Nines)
Sergey.V90: shows [3c 3s] (a full house, Aces full of Threes)
blistein collected $78.71 from pot
*** SUMMARY ***
Total pot $81.21 | Rake $2.50 
Board [2c 6c As Ah Ac]
Seat 1: I TAKE IT 85 folded before Flop
Seat 2: IREQO folded before Flop (didn't bet)
Seat 3: Sergey.V90 showed [3c 3s] and lost with a full house, Aces full of Threes
Seat 4: blistein (button) showed [9s 9c] and won ($78.71) with a full house, Aces full of Nines
Seat 5: crist_89870 (small blind) folded before Flop
Seat 6: Slami4 (big blind) folded before Flop



PokerStars Hand #254399216841:  Hold'em No Limit ($0.50/$1.00 USD) - 2025/01/16 16:11:34 WET [2025/01/16 11:11:34 ET]
Table 'McElroy III' 6-max Seat #5 is the button
Seat 1: I TAKE IT 85 ($100 in chips) 
Seat 2: IREQO ($122.04 in chips) 
Seat 3: Sergey.V90 ($58.04 in chips) 
Seat 4: blistein ($139.88 in chips) 
Seat 5: crist_89870 ($110.64 in chips) 
Seat 6: Slami4 ($102 in chips) 
Slami4: posts small blind $0.50
I TAKE IT 85: posts big blind $1
*** HOLE CARDS ***
IREQO: folds 
Sergey.V90: folds 
blistein: raises $1.30 to $2.30
crist_89870: folds 
Slami4: folds 
I TAKE IT 85: folds 
Uncalled bet ($1.30) returned to blistein
blistein collected $2.50 from pot
blistein: doesn't show hand 
*** SUMMARY ***
Total pot $2.50 | Rake $0 
Seat 1: I TAKE IT 85 (big blind) folded before Flop
Seat 2: IREQO folded before Flop (didn't bet)
Seat 3: Sergey.V90 folded before Flop (didn't bet)
Seat 4: blistein collected ($2.50)
Seat 5: crist_89870 (button) folded before Flop (didn't bet)
Seat 6: Slami4 (small blind) folded before Flop



PokerStars Hand #254399222095:  Hold'em No Limit ($0.50/$1.00 USD) - 2025/01/16 16:11:57 WET [2025/01/16 11:11:57 ET]
Table 'McElroy III' 6-max Seat #6 is the button
Seat 1: I TAKE IT 85 ($100 in chips) 
Seat 2: IREQO ($122.04 in chips) 
Seat 3: Sergey.V90 ($100 in chips) 
Seat 4: blistein ($141.38 in chips) 
Seat 5: crist_89870 ($110.64 in chips) 
Seat 6: Slami4 ($101.50 in chips) 
I TAKE IT 85: posts small blind $0.50
IREQO: posts big blind $1
*** HOLE CARDS ***
Sergey.V90: folds 
blistein: folds 
crist_89870: folds 
Slami4: raises $1.50 to $2.50
I TAKE IT 85: folds 
IREQO: folds 
Uncalled bet ($1.50) returned to Slami4
Slami4 collected $2.50 from pot
Slami4: doesn't show hand 
*** SUMMARY ***
Total pot $2.50 | Rake $0 
Seat 1: I TAKE IT 85 (small blind) folded before Flop
Seat 2: IREQO (big blind) folded before Flop
Seat 3: Sergey.V90 folded before Flop (didn't bet)
Seat 4: blistein folded before Flop (didn't bet)
Seat 5: crist_89870 folded before Flop (didn't bet)
Seat 6: Slami4 (button) collected ($2.50)



PokerStars Hand #254399227465:  Hold'em No Limit ($0.50/$1.00 USD) - 2025/01/16 16:12:22 WET [2025/01/16 11:12:22 ET]
Table 'McElroy III' 6-max Seat #1 is the button
Seat 1: I TAKE IT 85 ($100 in chips) 
Seat 2: IREQO ($121.04 in chips) 
Seat 3: Sergey.V90 ($100 in chips) 
Seat 4: blistein ($141.38 in chips) 
Seat 5: crist_89870 ($110.64 in chips) 
Seat 6: Slami4 ($103 in chips) 
IREQO: posts small blind $0.50
Sergey.V90: posts big blind $1
*** HOLE CARDS ***
blistein: folds 
crist_89870: folds 
Slami4: raises $1.50 to $2.50
I TAKE IT 85: folds 
IREQO: folds 
Sergey.V90: calls $1.50
*** FLOP *** [2h Ac 2s]
Sergey.V90: checks 
Slami4: checks 
*** TURN *** [2h Ac 2s] [6d]
Sergey.V90: checks 
Slami4: bets $1.72
Sergey.V90: folds 
Uncalled bet ($1.72) returned to Slami4
Slami4 collected $5.22 from pot
Slami4: doesn't show hand 
*** SUMMARY ***
Total pot $5.50 | Rake $0.28 
Board [2h Ac 2s 6d]
Seat 1: I TAKE IT 85 (button) folded before Flop (didn't bet)
Seat 2: IREQO (small blind) folded before Flop
Seat 3: Sergey.V90 (big blind) folded on the Turn
Seat 4: blistein folded before Flop (didn't bet)
Seat 5: crist_89870 folded before Flop (didn't bet)
Seat 6: Slami4 collected ($5.22)



PokerStars Hand #254399233902:  Hold'em No Limit ($0.50/$1.00 USD) - 2025/01/16 16:12:51 WET [2025/01/16 11:12:51 ET]
Table 'McElroy III' 6-max Seat #2 is the button
Seat 1: I TAKE IT 85 ($100 in chips) 
Seat 2: IREQO ($120.54 in chips) 
Seat 3: Sergey.V90 ($97.50 in chips) 
Seat 4: blistein ($141.38 in chips) 
Seat 5: crist_89870 ($110.64 in chips) 
Seat 6: Slami4 ($105.72 in chips) 
Sergey.V90: posts small blind $0.50
blistein: posts big blind $1
*** HOLE CARDS ***
crist_89870: folds 
Slami4: folds 
I TAKE IT 85: folds 
IREQO: folds 
Sergey.V90: folds 
Uncalled bet ($0.50) returned to blistein
blistein collected $1 from pot
blistein: doesn't show hand 
*** SUMMARY ***
Total pot $1 | Rake $0 
Seat 1: I TAKE IT 85 folded before Flop (didn't bet)
Seat 2: IREQO (button) folded before Flop (didn't bet)
Seat 3: Sergey.V90 (small blind) folded before Flop
Seat 4: blistein (big blind) collected ($1)
Seat 5: crist_89870 folded before Flop (didn't bet)
Seat 6: Slami4 folded before Flop (didn't bet)



PokerStars Hand #254399236958:  Hold'em No Limit ($0.50/$1.00 USD) - 2025/01/16 16:13:05 WET [2025/01/16 11:13:05 ET]
Table 'McElroy III' 6-max Seat #3 is the button
Seat 1: I TAKE IT 85 ($100 in chips) 
Seat 2: IREQO ($120.54 in chips) 
Seat 3: Sergey.V90 ($97 in chips) 
Seat 4: blistein ($141.88 in chips) 
Seat 5: crist_89870 ($110.64 in chips) 
Seat 6: Slami4 ($105.72 in chips) 
blistein: posts small blind $0.50
crist_89870: posts big blind $1
*** HOLE CARDS ***
Slami4: folds 
I TAKE IT 85: raises $1.05 to $2.05
IREQO: folds 
Sergey.V90: raises $5.60 to $7.65
blistein: folds 
crist_89870: folds 
I TAKE IT 85: folds 
Uncalled bet ($5.60) returned to Sergey.V90
Sergey.V90 collected $5.60 from pot
Sergey.V90: doesn't show hand 
*** SUMMARY ***
Total pot $5.60 | Rake $0 
Seat 1: I TAKE IT 85 folded before Flop
Seat 2: IREQO folded before Flop (didn't bet)
Seat 3: Sergey.V90 (button) collected ($5.60)
Seat 4: blistein (small blind) folded before Flop
Seat 5: crist_89870 (big blind) folded before Flop
Seat 6: Slami4 folded before Flop (didn't bet)



PokerStars Hand #254399241857:  Hold'em No Limit ($0.50/$1.00 USD) - 2025/01/16 16:13:28 WET [2025/01/16 11:13:28 ET]
Table 'McElroy III' 6-max Seat #4 is the button
Seat 1: I TAKE IT 85 ($100 in chips) 
Seat 2: IREQO ($120.54 in chips) 
Seat 3: Sergey.V90 ($100.55 in chips) 
Seat 4: blistein ($141.38 in chips) 
Seat 5: crist_89870 ($109.64 in chips) 
Seat 6: Slami4 ($105.72 in chips) 
crist_89870: posts small blind $0.50
Slami4: posts big blind $1
*** HOLE CARDS ***
I TAKE IT 85: folds 
IREQO: folds 
Sergey.V90: folds 
blistein: raises $1.50 to $2.50
crist_89870: folds 
Slami4: folds 
Uncalled bet ($1.50) returned to blistein
blistein collected $2.50 from pot
blistein: doesn't show hand 
*** SUMMARY ***
Total pot $2.50 | Rake $0 
Seat 1: I TAKE IT 85 folded before Flop (didn't bet)
Seat 2: IREQO folded before Flop (didn't bet)
Seat 3: Sergey.V90 folded before Flop (didn't bet)
Seat 4: blistein (button) collected ($2.50)
Seat 5: crist_89870 (small blind) folded before Flop
Seat 6: Slami4 (big blind) folded before Flop



PokerStars Hand #254399245128:  Hold'em No Limit ($0.50/$1.00 USD) - 2025/01/16 16:13:43 WET [2025/01/16 11:13:43 ET]
Table 'McElroy III' 6-max Seat #5 is the button
Seat 1: I TAKE IT 85 ($100 in chips) 
Seat 2: IREQO ($120.54 in chips) 
Seat 3: Sergey.V90 ($100.55 in chips) 
Seat 4: blistein ($142.88 in chips) 
Seat 5: crist_89870 ($109.14 in chips) 
Seat 6: Slami4 ($104.72 in chips) 
Slami4: posts small blind $0.50
I TAKE IT 85: posts big blind $1
*** HOLE CARDS ***
IREQO: folds 
Sergey.V90: raises $1.50 to $2.50
blistein: folds 
crist_89870: folds 
Slami4: folds 
I TAKE IT 85: raises $9.50 to $12
Sergey.V90: calls $9.50
*** FLOP *** [Qh Ks As]
I TAKE IT 85: bets $8.50
Sergey.V90: raises $16.14 to $24.64
I TAKE IT 85: folds 
Uncalled bet ($16.14) returned to Sergey.V90
Sergey.V90 collected $39.42 from pot
Sergey.V90: doesn't show hand 
*** SUMMARY ***
Total pot $41.50 | Rake $2.08 
Board [Qh Ks As]
Seat 1: I TAKE IT 85 (big blind) folded on the Flop
Seat 2: IREQO folded before Flop (didn't bet)
Seat 3: Sergey.V90 collected ($39.42)
Seat 4: blistein folded before Flop (didn't bet)
Seat 5: crist_89870 (button) folded before Flop (didn't bet)
Seat 6: Slami4 (small blind) folded before Flop



PokerStars Hand #254399254970:  Hold'em No Limit ($0.50/$1.00 USD) - 2025/01/16 16:14:28 WET [2025/01/16 11:14:28 ET]
Table 'McElroy III' 6-max Seat #6 is the button
Seat 1: I TAKE IT 85 ($100 in chips) 
Seat 2: IREQO ($120.54 in chips) 
Seat 3: Sergey.V90 ($119.47 in chips) 
Seat 4: blistein ($142.88 in chips) 
Seat 5: crist_89870 ($109.14 in chips) 
Seat 6: Slami4 ($104.22 in chips) 
I TAKE IT 85: posts small blind $0.50
IREQO: posts big blind $1
*** HOLE CARDS ***
Sergey.V90: folds 
blistein: folds 
crist_89870: folds 
Slami4: folds 
I TAKE IT 85: folds 
Uncalled bet ($0.50) returned to IREQO
IREQO collected $1 from pot
IREQO: doesn't show hand 
*** SUMMARY ***
Total pot $1 | Rake $0 
Seat 1: I TAKE IT 85 (small blind) folded before Flop
Seat 2: IREQO (big blind) collected ($1)
Seat 3: Sergey.V90 folded before Flop (didn't bet)
Seat 4: blistein folded before Flop (didn't bet)
Seat 5: crist_89870 folded before Flop (didn't bet)
Seat 6: Slami4 (button) folded before Flop (didn't bet)



PokerStars Hand #254399257055:  Hold'em No Limit ($0.50/$1.00 USD) - 2025/01/16 16:14:37 WET [2025/01/16 11:14:37 ET]
Table 'McElroy III' 6-max Seat #1 is the button
Seat 1: I TAKE IT 85 ($100 in chips) 
Seat 2: IREQO ($121.04 in chips) 
Seat 3: Sergey.V90 ($119.47 in chips) 
Seat 4: blistein ($142.88 in chips) 
Seat 5: crist_89870 ($109.14 in chips) 
Seat 6: Slami4 ($104.22 in chips) 
IREQO: posts small blind $0.50
Sergey.V90: posts big blind $1
*** HOLE CARDS ***
blistein: folds 
crist_89870: folds 
Slami4: raises $1.50 to $2.50
I TAKE IT 85: folds 
IREQO: folds 
Sergey.V90: calls $1.50
*** FLOP *** [Jd Kc Jh]
Sergey.V90: checks 
Slami4: checks 
*** TURN *** [Jd Kc Jh] [As]
Sergey.V90: bets $1.61
Slami4: folds 
Uncalled bet ($1.61) returned to Sergey.V90
Sergey.V90 collected $5.22 from pot
Sergey.V90: doesn't show hand 
*** SUMMARY ***
Total pot $5.50 | Rake $0.28 
Board [Jd Kc Jh As]
Seat 1: I TAKE IT 85 (button) folded before Flop (didn't bet)
Seat 2: IREQO (small blind) folded before Flop
Seat 3: Sergey.V90 (big blind) collected ($5.22)
Seat 4: blistein folded before Flop (didn't bet)
Seat 5: crist_89870 folded before Flop (didn't bet)
Seat 6: Slami4 folded on the Turn



PokerStars Hand #254399266450:  Hold'em No Limit ($0.50/$1.00 USD) - 2025/01/16 16:15:20 WET [2025/01/16 11:15:20 ET]
Table 'McElroy III' 6-max Seat #2 is the button
Seat 1: I TAKE IT 85 ($100 in chips) 
Seat 2: IREQO ($120.54 in chips) 
Seat 3: Sergey.V90 ($122.19 in chips) 
Seat 4: blistein ($142.88 in chips) 
Seat 5: crist_89870 ($109.14 in chips) 
Seat 6: Slami4 ($101.72 in chips) 
Sergey.V90: posts small blind $0.50
blistein: posts big blind $1
*** HOLE CARDS ***
crist_89870: raises $1.50 to $2.50
Slami4: folds 
I TAKE IT 85: folds 
IREQO: folds 
Sergey.V90: calls $2
blistein: folds 
*** FLOP *** [3d 9c 5h]
Sergey.V90: checks 
crist_89870: checks 
*** TURN *** [3d 9c 5h] [9d]
Sergey.V90: checks 
crist_89870: bets $2.85
Sergey.V90: calls $2.85
*** RIVER *** [3d 9c 5h 9d] [As]
Sergey.V90: checks 
crist_89870: checks 
*** SHOW DOWN ***
Sergey.V90: shows [9h Ac] (a full house, Nines full of Aces)
crist_89870: mucks hand 
Sergey.V90 collected $11.12 from pot
*** SUMMARY ***
Total pot $11.70 | Rake $0.58 
Board [3d 9c 5h 9d As]
Seat 1: I TAKE IT 85 folded before Flop (didn't bet)
Seat 2: IREQO (button) folded before Flop (didn't bet)
Seat 3: Sergey.V90 (small blind) showed [9h Ac] and won ($11.12) with a full house, Nines full of Aces
Seat 4: blistein (big blind) folded before Flop
Seat 5: crist_89870 mucked
Seat 6: Slami4 folded before Flop (didn't bet)



PokerStars Hand #254399276419:  Hold'em No Limit ($0.50/$1.00 USD) - 2025/01/16 16:16:05 WET [2025/01/16 11:16:05 ET]
Table 'McElroy III' 6-max Seat #3 is the button
Seat 1: I TAKE IT 85 ($100 in chips) 
Seat 2: IREQO ($120.54 in chips) 
Seat 3: Sergey.V90 ($127.96 in chips) 
Seat 4: blistein ($141.88 in chips) 
Seat 5: crist_89870 ($103.79 in chips) 
Seat 6: Slami4 ($101.72 in chips) 
blistein: posts small blind $0.50
crist_89870: posts big blind $1
*** HOLE CARDS ***
Slami4: folds 
I TAKE IT 85: folds 
IREQO: folds 
Sergey.V90: folds 
blistein: raises $2 to $3
crist_89870: calls $2
*** FLOP *** [2s Td 6d]
blistein: bets $1.94
crist_89870: calls $1.94
*** TURN *** [2s Td 6d] [2d]
blistein: checks 
crist_89870: checks 
*** RIVER *** [2s Td 6d 2d] [3c]
blistein: checks 
crist_89870: checks 
*** SHOW DOWN ***
blistein: shows [Qh 3h] (two pair, Threes and Deuces)
crist_89870: mucks hand 
blistein collected $9.39 from pot
*** SUMMARY ***
Total pot $9.88 | Rake $0.49 
Board [2s Td 6d 2d 3c]
Seat 1: I TAKE IT 85 folded before Flop (didn't bet)
Seat 2: IREQO folded before Flop (didn't bet)
Seat 3: Sergey.V90 (button) folded before Flop (didn't bet)
Seat 4: blistein (small blind) showed [Qh 3h] and won ($9.39) with two pair, Threes and Deuces
Seat 5: crist_89870 (big blind) mucked
Seat 6: Slami4 folded before Flop (didn't bet)



PokerStars Hand #254399290218:  Hold'em No Limit ($0.50/$1.00 USD) - 2025/01/16 16:17:07 WET [2025/01/16 11:17:07 ET]
Table 'McElroy III' 6-max Seat #4 is the button
Seat 1: I TAKE IT 85 ($100 in chips) 
Seat 2: IREQO ($120.54 in chips) 
Seat 3: Sergey.V90 ($127.96 in chips) 
Seat 4: blistein ($146.33 in chips) 
Seat 5: crist_89870 ($100 in chips) 
Seat 6: Slami4 ($101.72 in chips) 
crist_89870: posts small blind $0.50
Slami4: posts big blind $1
*** HOLE CARDS ***
I TAKE IT 85: folds 
IREQO: folds 
Sergey.V90: folds 
blistein: folds 
crist_89870: raises $2 to $3
Slami4: folds 
Uncalled bet ($2) returned to crist_89870
crist_89870 collected $2 from pot
crist_89870: doesn't show hand 
*** SUMMARY ***
Total pot $2 | Rake $0 
Seat 1: I TAKE IT 85 folded before Flop (didn't bet)
Seat 2: IREQO folded before Flop (didn't bet)
Seat 3: Sergey.V90 folded before Flop (didn't bet)
Seat 4: blistein (button) folded before Flop (didn't bet)
Seat 5: crist_89870 (small blind) collected ($2)
Seat 6: Slami4 (big blind) folded before Flop



PokerStars Hand #254399292869:  Hold'em No Limit ($0.50/$1.00 USD) - 2025/01/16 16:17:18 WET [2025/01/16 11:17:18 ET]
Table 'McElroy III' 6-max Seat #5 is the button
Seat 1: I TAKE IT 85 ($100 in chips) 
Seat 2: IREQO ($120.54 in chips) 
Seat 3: Sergey.V90 ($127.96 in chips) 
Seat 4: blistein ($146.33 in chips) 
Seat 5: crist_89870 ($101 in chips) 
Seat 6: Slami4 ($100.72 in chips) 
Slami4: posts small blind $0.50
I TAKE IT 85: posts big blind $1
*** HOLE CARDS ***
IREQO: raises $1.50 to $2.50
Sergey.V90: calls $2.50
blistein: raises $8.50 to $11
crist_89870: folds 
Slami4: folds 
I TAKE IT 85: folds 
IREQO: folds 
Sergey.V90: calls $8.50
*** FLOP *** [Ac 2d 3s]
Sergey.V90: checks 
blistein: checks 
*** TURN *** [Ac 2d 3s] [8d]
Sergey.V90: bets $12.35
blistein: calls $12.35
*** RIVER *** [Ac 2d 3s 8d] [4h]
Sergey.V90: checks 
blistein: bets $43.83
Sergey.V90: calls $43.83
*** SHOW DOWN ***
blistein: shows [Ad 5d] (a straight, Ace to Five)
Sergey.V90: mucks hand 
blistein collected $135.86 from pot
*** SUMMARY ***
Total pot $138.36 | Rake $2.50 
Board [Ac 2d 3s 8d 4h]
Seat 1: I TAKE IT 85 (big blind) folded before Flop
Seat 2: IREQO folded before Flop
Seat 3: Sergey.V90 mucked
Seat 4: blistein showed [Ad 5d] and won ($135.86) with a straight, Ace to Five
Seat 5: crist_89870 (button) folded before Flop (didn't bet)
Seat 6: Slami4 (small blind) folded before Flop



PokerStars Hand #254399316589:  Hold'em No Limit ($0.50/$1.00 USD) - 2025/01/16 16:19:04 WET [2025/01/16 11:19:04 ET]
Table 'McElroy III' 6-max Seat #6 is the button
Seat 1: I TAKE IT 85 ($100 in chips) 
Seat 2: IREQO ($118.04 in chips) 
Seat 3: Sergey.V90 ($60.78 in chips) 
Seat 4: blistein ($215.01 in chips) 
Seat 5: crist_89870 ($101 in chips) 
Seat 6: Slami4 ($100.22 in chips) 
I TAKE IT 85: posts small blind $0.50
IREQO: posts big blind $1
*** HOLE CARDS ***
Sergey.V90: raises $1.50 to $2.50
blistein: folds 
crist_89870: folds 
Slami4: folds 
I TAKE IT 85: folds 
IREQO: folds 
Uncalled bet ($1.50) returned to Sergey.V90
Sergey.V90 collected $2.50 from pot
Sergey.V90: doesn't show hand 
*** SUMMARY ***
Total pot $2.50 | Rake $0 
Seat 1: I TAKE IT 85 (small blind) folded before Flop
Seat 2: IREQO (big blind) folded before Flop
Seat 3: Sergey.V90 collected ($2.50)
Seat 4: blistein folded before Flop (didn't bet)
Seat 5: crist_89870 folded before Flop (didn't bet)
Seat 6: Slami4 (button) folded before Flop (didn't bet)



PokerStars Hand #254399319683:  Hold'em No Limit ($0.50/$1.00 USD) - 2025/01/16 16:19:17 WET [2025/01/16 11:19:17 ET]
Table 'McElroy III' 6-max Seat #1 is the button
Seat 1: I TAKE IT 85 ($100 in chips) 
Seat 2: IREQO ($117.04 in chips) 
Seat 3: Sergey.V90 ($62.28 in chips) 
Seat 4: blistein ($215.01 in chips) 
Seat 5: crist_89870 ($101 in chips) 
Seat 6: Slami4 ($100.22 in chips) 
IREQO: posts small blind $0.50
Sergey.V90: posts big blind $1
*** HOLE CARDS ***
blistein: raises $1.20 to $2.20
crist_89870: folds 
Slami4: folds 
I TAKE IT 85: folds 
IREQO: folds 
Sergey.V90: folds 
Uncalled bet ($1.20) returned to blistein
blistein collected $2.50 from pot
blistein: doesn't show hand 
*** SUMMARY ***
Total pot $2.50 | Rake $0 
Seat 1: I TAKE IT 85 (button) folded before Flop (didn't bet)
Seat 2: IREQO (small blind) folded before Flop
Seat 3: Sergey.V90 (big blind) folded before Flop
Seat 4: blistein collected ($2.50)
Seat 5: crist_89870 folded before Flop (didn't bet)
Seat 6: Slami4 folded before Flop (didn't bet)



PokerStars Hand #254399323603:  Hold'em No Limit ($0.50/$1.00 USD) - 2025/01/16 16:19:35 WET [2025/01/16 11:19:35 ET]
Table 'McElroy III' 6-max Seat #2 is the button
Seat 1: I TAKE IT 85 ($100 in chips) 
Seat 2: IREQO ($116.54 in chips) 
Seat 3: Sergey.V90 ($61.28 in chips) 
Seat 4: blistein ($216.51 in chips) 
Seat 5: crist_89870 ($101 in chips) 
Seat 6: Slami4 ($100.22 in chips) 
Sergey.V90: posts small blind $0.50
blistein: posts big blind $1
*** HOLE CARDS ***
crist_89870: folds 
Slami4: folds 
I TAKE IT 85: folds 
IREQO: raises $1.50 to $2.50
Sergey.V90: folds 
blistein: folds 
Uncalled bet ($1.50) returned to IREQO
IREQO collected $2.50 from pot
IREQO: doesn't show hand 
*** SUMMARY ***
Total pot $2.50 | Rake $0 
Seat 1: I TAKE IT 85 folded before Flop (didn't bet)
Seat 2: IREQO (button) collected ($2.50)
Seat 3: Sergey.V90 (small blind) folded before Flop
Seat 4: blistein (big blind) folded before Flop
Seat 5: crist_89870 folded before Flop (didn't bet)
Seat 6: Slami4 folded before Flop (didn't bet)



PokerStars Hand #254399328688:  Hold'em No Limit ($0.50/$1.00 USD) - 2025/01/16 16:19:57 WET [2025/01/16 11:19:57 ET]
Table 'McElroy III' 6-max Seat #3 is the button
Seat 1: I TAKE IT 85 ($100 in chips) 
Seat 2: IREQO ($118.04 in chips) 
Seat 3: Sergey.V90 ($60.78 in chips) 
Seat 4: blistein ($215.51 in chips) 
Seat 5: crist_89870 ($101 in chips) 
Seat 6: Slami4 ($100.22 in chips) 
blistein: posts small blind $0.50
crist_89870: posts big blind $1
*** HOLE CARDS ***
Slami4: folds 
I TAKE IT 85: folds 
IREQO: raises $1.50 to $2.50
Sergey.V90: folds 
blistein: folds 
crist_89870: calls $1.50
*** FLOP *** [3s As 8d]
crist_89870: checks 
IREQO: bets $1.72
crist_89870: raises $4.78 to $6.50
IREQO: folds 
Uncalled bet ($4.78) returned to crist_89870
crist_89870 collected $8.49 from pot
crist_89870: doesn't show hand 
*** SUMMARY ***
Total pot $8.94 | Rake $0.45 
Board [3s As 8d]
Seat 1: I TAKE IT 85 folded before Flop (didn't bet)
Seat 2: IREQO folded on the Flop
Seat 3: Sergey.V90 (button) folded before Flop (didn't bet)
Seat 4: blistein (small blind) folded before Flop
Seat 5: crist_89870 (big blind) collected ($8.49)
Seat 6: Slami4 folded before Flop (didn't bet)



PokerStars Hand #254399341979:  Hold'em No Limit ($0.50/$1.00 USD) - 2025/01/16 16:20:57 WET [2025/01/16 11:20:57 ET]
Table 'McElroy III' 6-max Seat #4 is the button
Seat 1: I TAKE IT 85 ($100 in chips) 
Seat 2: IREQO ($113.82 in chips) 
Seat 3: Sergey.V90 ($60.78 in chips) 
Seat 4: blistein ($215.01 in chips) 
Seat 5: crist_89870 ($105.27 in chips) 
Seat 6: Slami4 ($100.22 in chips) 
crist_89870: posts small blind $0.50
Slami4: posts big blind $1
*** HOLE CARDS ***
I TAKE IT 85: folds 
IREQO: folds 
Sergey.V90: folds 
blistein: raises $1.50 to $2.50
crist_89870: folds 
Slami4: calls $1.50
*** FLOP *** [6s Tc 3c]
Slami4: checks 
blistein: checks 
*** TURN *** [6s Tc 3c] [7d]
Slami4: bets $3.92
blistein: folds 
Uncalled bet ($3.92) returned to Slami4
Slami4 collected $5.22 from pot
Slami4: doesn't show hand 
*** SUMMARY ***
Total pot $5.50 | Rake $0.28 
Board [6s Tc 3c 7d]
Seat 1: I TAKE IT 85 folded before Flop (didn't bet)
Seat 2: IREQO folded before Flop (didn't bet)
Seat 3: Sergey.V90 folded before Flop (didn't bet)
Seat 4: blistein (button) folded on the Turn
Seat 5: crist_89870 (small blind) folded before Flop
Seat 6: Slami4 (big blind) collected ($5.22)



PokerStars Hand #254399352398:  Hold'em No Limit ($0.50/$1.00 USD) - 2025/01/16 16:21:43 WET [2025/01/16 11:21:43 ET]
Table 'McElroy III' 6-max Seat #5 is the button
Seat 1: I TAKE IT 85 ($100 in chips) 
Seat 2: IREQO ($113.82 in chips) 
Seat 3: Sergey.V90 ($60.78 in chips) 
Seat 4: blistein ($212.51 in chips) 
Seat 5: crist_89870 ($104.77 in chips) 
Seat 6: Slami4 ($102.94 in chips) 
Slami4: posts small blind $0.50
I TAKE IT 85: posts big blind $1
*** HOLE CARDS ***
IREQO: folds 
Sergey.V90: raises $1.50 to $2.50
blistein: folds 
crist_89870: folds 
Slami4: folds 
I TAKE IT 85: folds 
Uncalled bet ($1.50) returned to Sergey.V90
Sergey.V90 collected $2.50 from pot
Sergey.V90: doesn't show hand 
*** SUMMARY ***
Total pot $2.50 | Rake $0 
Seat 1: I TAKE IT 85 (big blind) folded before Flop
Seat 2: IREQO folded before Flop (didn't bet)
Seat 3: Sergey.V90 collected ($2.50)
Seat 4: blistein folded before Flop (didn't bet)
Seat 5: crist_89870 (button) folded before Flop (didn't bet)
Seat 6: Slami4 (small blind) folded before Flop



PokerStars Hand #254399355019:  Hold'em No Limit ($0.50/$1.00 USD) - 2025/01/16 16:21:55 WET [2025/01/16 11:21:55 ET]
Table 'McElroy III' 6-max Seat #6 is the button
Seat 1: I TAKE IT 85 ($100 in chips) 
Seat 2: IREQO ($113.82 in chips) 
Seat 3: Sergey.V90 ($62.28 in chips) 
Seat 4: blistein ($212.51 in chips) 
Seat 5: crist_89870 ($104.77 in chips) 
Seat 6: Slami4 ($102.44 in chips) 
I TAKE IT 85: posts small blind $0.50
IREQO: posts big blind $1
*** HOLE CARDS ***
Sergey.V90: folds 
blistein: folds 
crist_89870: raises $1.50 to $2.50
Slami4: folds 
I TAKE IT 85: folds 
IREQO: folds 
Uncalled bet ($1.50) returned to crist_89870
crist_89870 collected $2.50 from pot
crist_89870: doesn't show hand 
*** SUMMARY ***
Total pot $2.50 | Rake $0 
Seat 1: I TAKE IT 85 (small blind) folded before Flop
Seat 2: IREQO (big blind) folded before Flop
Seat 3: Sergey.V90 folded before Flop (didn't bet)
Seat 4: blistein folded before Flop (didn't bet)
Seat 5: crist_89870 collected ($2.50)
Seat 6: Slami4 (button) folded before Flop (didn't bet)



PokerStars Hand #254399360934:  Hold'em No Limit ($0.50/$1.00 USD) - 2025/01/16 16:22:21 WET [2025/01/16 11:22:21 ET]
Table 'McElroy III' 6-max Seat #1 is the button
Seat 1: I TAKE IT 85 ($100 in chips) 
Seat 2: IREQO ($112.82 in chips) 
Seat 3: Sergey.V90 ($62.28 in chips) 
Seat 4: blistein ($212.51 in chips) 
Seat 5: crist_89870 ($106.27 in chips) 
Seat 6: Slami4 ($102.44 in chips) 
IREQO: posts small blind $0.50
Sergey.V90: posts big blind $1
*** HOLE CARDS ***
blistein: folds 
crist_89870: folds 
Slami4: folds 
I TAKE IT 85: folds 
IREQO: folds 
Uncalled bet ($0.50) returned to Sergey.V90
Sergey.V90 collected $1 from pot
blistein leaves the table
Sergey.V90: doesn't show hand 
*** SUMMARY ***
Total pot $1 | Rake $0 
Seat 1: I TAKE IT 85 (button) folded before Flop (didn't bet)
Seat 2: IREQO (small blind) folded before Flop
Seat 3: Sergey.V90 (big blind) collected ($1)
Seat 4: blistein folded before Flop (didn't bet)
Seat 5: crist_89870 folded before Flop (didn't bet)
Seat 6: Slami4 folded before Flop (didn't bet)



PokerStars Hand #254399365140:  Hold'em No Limit ($0.50/$1.00 USD) - 2025/01/16 16:22:40 WET [2025/01/16 11:22:40 ET]
Table 'McElroy III' 6-max Seat #2 is the button
Seat 1: I TAKE IT 85 ($100 in chips) 
Seat 2: IREQO ($112.32 in chips) 
Seat 3: Sergey.V90 ($62.78 in chips) 
Seat 5: crist_89870 ($106.27 in chips) 
Seat 6: Slami4 ($102.44 in chips) 
Sergey.V90: posts small blind $0.50
crist_89870: posts big blind $1
*** HOLE CARDS ***
Slami4: folds 
I TAKE IT 85: raises $1.05 to $2.05
Slami4 leaves the table
IREQO: folds 
Sergey.V90: calls $1.55
crist_89870: folds 
*** FLOP *** [8d 2d 6d]
Sergey.V90: checks 
Joe_Li7 joins the table at seat #6 
I TAKE IT 85: bets $1.21
Sergey.V90: calls $1.21
*** TURN *** [8d 2d 6d] [3s]
Sergey.V90: checks 
PayTaxOrDie joins the table at seat #4 
Joe_Li7 leaves the table
I TAKE IT 85: checks 
*** RIVER *** [8d 2d 6d 3s] [6c]
Sergey.V90: checks 
I TAKE IT 85: checks 
*** SHOW DOWN ***
Sergey.V90: shows [Ac 9d] (a pair of Sixes)
I TAKE IT 85: shows [Ad Jc] (a pair of Sixes - Ace+Jack kicker)
I TAKE IT 85 collected $7.14 from pot
*** SUMMARY ***
Total pot $7.52 | Rake $0.38 
Board [8d 2d 6d 3s 6c]
Seat 1: I TAKE IT 85 showed [Ad Jc] and won ($7.14) with a pair of Sixes
Seat 2: IREQO (button) folded before Flop (didn't bet)
Seat 3: Sergey.V90 (small blind) showed [Ac 9d] and lost with a pair of Sixes
Seat 5: crist_89870 (big blind) folded before Flop
Seat 6: Slami4 folded before Flop (didn't bet)



PokerStars Hand #254399374526:  Hold'em No Limit ($0.50/$1.00 USD) - 2025/01/16 16:23:22 WET [2025/01/16 11:23:22 ET]
Table 'McElroy III' 6-max Seat #3 is the button
Seat 4: PayTaxOrDie ($100 in chips) is sitting out
Seat 1: I TAKE IT 85 ($103.88 in chips) 
Seat 2: IREQO ($112.32 in chips) 
Seat 3: Sergey.V90 ($59.52 in chips) 
Seat 5: crist_89870 ($105.27 in chips) 
crist_89870: posts small blind $0.50
I TAKE IT 85: posts big blind $1
*** HOLE CARDS ***
IREQO: folds 
Sergey.V90: folds 
crist_89870: raises $2 to $3
IREQO leaves the table
I TAKE IT 85: folds 
Uncalled bet ($2) returned to crist_89870
crist_89870 collected $2 from pot
crist_89870: doesn't show hand 
*** SUMMARY ***
Total pot $2 | Rake $0 
Seat 4: PayTaxOrDie
Seat 1: I TAKE IT 85 (big blind) folded before Flop
Seat 2: IREQO folded before Flop (didn't bet)
Seat 3: Sergey.V90 (button) folded before Flop (didn't bet)
Seat 5: crist_89870 (small blind) collected ($2)



PokerStars Hand #254399377018:  Hold'em No Limit ($0.50/$1.00 USD) - 2025/01/16 16:23:33 WET [2025/01/16 11:23:33 ET]
Table 'McElroy III' 6-max Seat #5 is the button
Seat 4: PayTaxOrDie ($100 in chips) is sitting out
Seat 1: I TAKE IT 85 ($102.88 in chips) 
Seat 3: Sergey.V90 ($59.52 in chips) 
Seat 5: crist_89870 ($106.27 in chips) 
I TAKE IT 85: posts small blind $0.50
Sergey.V90: posts big blind $1
PayTaxOrDie: sits out 
*** HOLE CARDS ***
crist_89870: folds 
I TAKE IT 85: folds 
Uncalled bet ($0.50) returned to Sergey.V90
Sergey.V90 collected $1 from pot
Sergey.V90: doesn't show hand 
*** SUMMARY ***
Total pot $1 | Rake $0 
Seat 4: PayTaxOrDie
Seat 1: I TAKE IT 85 (small blind) folded before Flop
Seat 3: Sergey.V90 (big blind) collected ($1)
Seat 5: crist_89870 (button) folded before Flop (didn't bet)



PokerStars Hand #254399378558:  Hold'em No Limit ($0.50/$1.00 USD) - 2025/01/16 16:23:40 WET [2025/01/16 11:23:40 ET]
Table 'McElroy III' 6-max Seat #1 is the button
Seat 1: I TAKE IT 85 ($102.38 in chips) 
Seat 3: Sergey.V90 ($60.02 in chips) 
Seat 4: PayTaxOrDie ($100 in chips) 
Seat 5: crist_89870 ($106.27 in chips) 
Sergey.V90: posts small blind $0.50
PayTaxOrDie: posts big blind $1
*** HOLE CARDS ***
crist_89870: folds 
I TAKE IT 85: folds 
Sergey.V90: folds 
Uncalled bet ($0.50) returned to PayTaxOrDie
PayTaxOrDie collected $1 from pot
PayTaxOrDie: doesn't show hand 
*** SUMMARY ***
Total pot $1 | Rake $0 
Seat 1: I TAKE IT 85 (button) folded before Flop (didn't bet)
Seat 3: Sergey.V90 (small blind) folded before Flop
Seat 4: PayTaxOrDie (big blind) collected ($1)
Seat 5: crist_89870 folded before Flop (didn't bet)



PokerStars Hand #254399380263:  Hold'em No Limit ($0.50/$1.00 USD) - 2025/01/16 16:23:48 WET [2025/01/16 11:23:48 ET]
Table 'McElroy III' 6-max Seat #3 is the button
Seat 1: I TAKE IT 85 ($102.38 in chips) 
Seat 3: Sergey.V90 ($59.52 in chips) 
Seat 4: PayTaxOrDie ($100.50 in chips) 
Seat 5: crist_89870 ($106.27 in chips) 
PayTaxOrDie: posts small blind $0.50
crist_89870: posts big blind $1
*** HOLE CARDS ***
I TAKE IT 85: folds 
Sergey.V90: raises $1.50 to $2.50
PayTaxOrDie: raises $8.50 to $11
crist_89870: folds 
Felipe$Andre joins the table at seat #6 
Sergey.V90: raises $14 to $25
tukeiron joins the table at seat #2 
PayTaxOrDie: folds 
Uncalled bet ($14) returned to Sergey.V90
Sergey.V90 collected $23 from pot
Sergey.V90: doesn't show hand 
*** SUMMARY ***
Total pot $23 | Rake $0 
Seat 1: I TAKE IT 85 folded before Flop (didn't bet)
Seat 3: Sergey.V90 (button) collected ($23)
Seat 4: PayTaxOrDie (small blind) folded before Flop
Seat 5: crist_89870 (big blind) folded before Flop



PokerStars Hand #254399388270:  Hold'em No Limit ($0.50/$1.00 USD) - 2025/01/16 16:24:23 WET [2025/01/16 11:24:23 ET]
Table 'McElroy III' 6-max Seat #4 is the button
Seat 2: tukeiron ($100 in chips) is sitting out
Seat 1: I TAKE IT 85 ($102.38 in chips) 
Seat 3: Sergey.V90 ($71.52 in chips) 
Seat 4: PayTaxOrDie ($100 in chips) 
Seat 5: crist_89870 ($105.27 in chips) 
Seat 6: Felipe$Andre ($100 in chips) 
crist_89870: posts small blind $0.50
Felipe$Andre: posts big blind $1
tukeiron: sits out 
*** HOLE CARDS ***
I TAKE IT 85: folds 
Sergey.V90: raises $1.50 to $2.50
PayTaxOrDie: folds 
crist_89870: folds 
Felipe$Andre: calls $1.50
*** FLOP *** [Jh 5c 6s]
Felipe$Andre: checks 
Sergey.V90: checks 
*** TURN *** [Jh 5c 6s] [9s]
Felipe$Andre: checks 
Sergey.V90: checks 
*** RIVER *** [Jh 5c 6s 9s] [3d]
Felipe$Andre: bets $1.74
Sergey.V90: folds 
Uncalled bet ($1.74) returned to Felipe$Andre
Felipe$Andre collected $5.22 from pot
Felipe$Andre: doesn't show hand 
*** SUMMARY ***
Total pot $5.50 | Rake $0.28 
Board [Jh 5c 6s 9s 3d]
Seat 2: tukeiron
Seat 1: I TAKE IT 85 folded before Flop (didn't bet)
Seat 3: Sergey.V90 folded on the River
Seat 4: PayTaxOrDie (button) folded before Flop (didn't bet)
Seat 5: crist_89870 (small blind) folded before Flop
Seat 6: Felipe$Andre (big blind) collected ($5.22)



PokerStars Hand #254399398471:  Hold'em No Limit ($0.50/$1.00 USD) - 2025/01/16 16:25:09 WET [2025/01/16 11:25:09 ET]
Table 'McElroy III' 6-max Seat #5 is the button
Seat 2: tukeiron ($100 in chips) is sitting out
Seat 1: I TAKE IT 85 ($102.38 in chips) 
Seat 3: Sergey.V90 ($69.02 in chips) 
Seat 4: PayTaxOrDie ($100 in chips) 
Seat 5: crist_89870 ($104.77 in chips) 
Seat 6: Felipe$Andre ($102.72 in chips) 
Felipe$Andre: posts small blind $0.50
I TAKE IT 85: posts big blind $1
tukeiron: sits out 
*** HOLE CARDS ***
Sergey.V90: folds 
PayTaxOrDie: raises $1.30 to $2.30
crist_89870: folds 
Felipe$Andre: raises $8.70 to $11
I TAKE IT 85: folds 
PayTaxOrDie: folds 
Uncalled bet ($8.70) returned to Felipe$Andre
Felipe$Andre collected $5.60 from pot
Felipe$Andre: doesn't show hand 
*** SUMMARY ***
Total pot $5.60 | Rake $0 
Seat 2: tukeiron
Seat 1: I TAKE IT 85 (big blind) folded before Flop
Seat 3: Sergey.V90 folded before Flop (didn't bet)
Seat 4: PayTaxOrDie folded before Flop
Seat 5: crist_89870 (button) folded before Flop (didn't bet)
Seat 6: Felipe$Andre (small blind) collected ($5.60)



PokerStars Hand #254399402774:  Hold'em No Limit ($0.50/$1.00 USD) - 2025/01/16 16:25:28 WET [2025/01/16 11:25:28 ET]
Table 'McElroy III' 6-max Seat #6 is the button
Seat 1: I TAKE IT 85 ($101.38 in chips) 
Seat 2: tukeiron ($100 in chips) 
Seat 3: Sergey.V90 ($69.02 in chips) 
Seat 4: PayTaxOrDie ($100 in chips) 
Seat 5: crist_89870 ($104.77 in chips) 
Seat 6: Felipe$Andre ($106.02 in chips) 
I TAKE IT 85: posts small blind $0.50
tukeiron: posts big blind $1
*** HOLE CARDS ***
Sergey.V90: raises $1.50 to $2.50
PayTaxOrDie: folds 
crist_89870: folds 
Felipe$Andre: raises $4.50 to $7
I TAKE IT 85: folds 
tukeiron: folds 
Sergey.V90: calls $4.50
*** FLOP *** [7d Qc 5c]
Sergey.V90: checks 
Felipe$Andre: bets $3.68
Sergey.V90: calls $3.68
*** TURN *** [7d Qc 5c] [Kd]
Sergey.V90: checks 
Felipe$Andre: checks 
*** RIVER *** [7d Qc 5c Kd] [6h]
Sergey.V90: checks 
Felipe$Andre: checks 
*** SHOW DOWN ***
Sergey.V90: shows [8d Jd] (high card King)
Felipe$Andre: shows [8s 7s] (a pair of Sevens)
Felipe$Andre collected $21.72 from pot
*** SUMMARY ***
Total pot $22.86 | Rake $1.14 
Board [7d Qc 5c Kd 6h]
Seat 1: I TAKE IT 85 (small blind) folded before Flop
Seat 2: tukeiron (big blind) folded before Flop
Seat 3: Sergey.V90 showed [8d Jd] and lost with high card King
Seat 4: PayTaxOrDie folded before Flop (didn't bet)
Seat 5: crist_89870 folded before Flop (didn't bet)
Seat 6: Felipe$Andre (button) showed [8s 7s] and won ($21.72) with a pair of Sevens



PokerStars Hand #254399417647:  Hold'em No Limit ($0.50/$1.00 USD) - 2025/01/16 16:26:34 WET [2025/01/16 11:26:34 ET]
Table 'McElroy III' 6-max Seat #1 is the button
Seat 1: I TAKE IT 85 ($100.88 in chips) 
Seat 2: tukeiron ($100 in chips) 
Seat 3: Sergey.V90 ($58.34 in chips) 
Seat 4: PayTaxOrDie ($100 in chips) 
Seat 5: crist_89870 ($104.77 in chips) 
Seat 6: Felipe$Andre ($117.06 in chips) 
tukeiron: posts small blind $0.50
Sergey.V90: posts big blind $1
*** HOLE CARDS ***
PayTaxOrDie: raises $1 to $2
crist_89870: folds 
Felipe$Andre: folds 
I TAKE IT 85: calls $2
tukeiron: folds 
Sergey.V90: calls $1
*** FLOP *** [Qs 2h 5h]
Sergey.V90: checks 
PayTaxOrDie: checks 
I TAKE IT 85: bets $3.09
Sergey.V90: folds 
PayTaxOrDie: calls $3.09
*** TURN *** [Qs 2h 5h] [8c]
PayTaxOrDie: checks 
I TAKE IT 85: bets $12.65
PayTaxOrDie: folds 
Uncalled bet ($12.65) returned to I TAKE IT 85
I TAKE IT 85 collected $12.05 from pot
I TAKE IT 85: doesn't show hand 
*** SUMMARY ***
Total pot $12.68 | Rake $0.63 
Board [Qs 2h 5h 8c]
Seat 1: I TAKE IT 85 (button) collected ($12.05)
Seat 2: tukeiron (small blind) folded before Flop
Seat 3: Sergey.V90 (big blind) folded on the Flop
Seat 4: PayTaxOrDie folded on the Turn
Seat 5: crist_89870 folded before Flop (didn't bet)
Seat 6: Felipe$Andre folded before Flop (didn't bet)



PokerStars Hand #254399433018:  Hold'em No Limit ($0.50/$1.00 USD) - 2025/01/16 16:27:42 WET [2025/01/16 11:27:42 ET]
Table 'McElroy III' 6-max Seat #2 is the button
Seat 1: I TAKE IT 85 ($107.84 in chips) 
Seat 2: tukeiron ($100 in chips) 
Seat 3: Sergey.V90 ($56.34 in chips) 
Seat 4: PayTaxOrDie ($100 in chips) 
Seat 5: crist_89870 ($104.77 in chips) 
Seat 6: Felipe$Andre ($117.06 in chips) 
Sergey.V90: posts small blind $0.50
PayTaxOrDie: posts big blind $1
*** HOLE CARDS ***
crist_89870: folds 
Felipe$Andre: folds 
I TAKE IT 85: folds 
tukeiron: folds 
Sergey.V90: raises $2 to $3
PayTaxOrDie: folds 
Uncalled bet ($2) returned to Sergey.V90
Sergey.V90 collected $2 from pot
Sergey.V90: doesn't show hand 
*** SUMMARY ***
Total pot $2 | Rake $0 
Seat 1: I TAKE IT 85 folded before Flop (didn't bet)
Seat 2: tukeiron (button) folded before Flop (didn't bet)
Seat 3: Sergey.V90 (small blind) collected ($2)
Seat 4: PayTaxOrDie (big blind) folded before Flop
Seat 5: crist_89870 folded before Flop (didn't bet)
Seat 6: Felipe$Andre folded before Flop (didn't bet)



PokerStars Hand #254399436432:  Hold'em No Limit ($0.50/$1.00 USD) - 2025/01/16 16:27:57 WET [2025/01/16 11:27:57 ET]
Table 'McElroy III' 6-max Seat #3 is the button
Seat 1: I TAKE IT 85 ($107.84 in chips) 
Seat 2: tukeiron ($100 in chips) 
Seat 3: Sergey.V90 ($57.34 in chips) 
Seat 4: PayTaxOrDie ($100 in chips) 
Seat 5: crist_89870 ($104.77 in chips) 
Seat 6: Felipe$Andre ($117.06 in chips) 
PayTaxOrDie: posts small blind $0.50
crist_89870: posts big blind $1
*** HOLE CARDS ***
Felipe$Andre: folds 
I TAKE IT 85: folds 
tukeiron: folds 
Sergey.V90: raises $1.50 to $2.50
PayTaxOrDie: raises $8.50 to $11
crist_89870: raises $10.50 to $21.50
Sergey.V90: folds 
PayTaxOrDie: calls $10.50
*** FLOP *** [5s 2s 8h]
PayTaxOrDie: checks 
crist_89870: bets $10.80
PayTaxOrDie: calls $10.80
*** TURN *** [5s 2s 8h] [7h]
PayTaxOrDie: checks 
crist_89870: checks 
*** RIVER *** [5s 2s 8h 7h] [Js]
PayTaxOrDie: bets $21.32
crist_89870: raises $51.15 to $72.47 and is all-in
PayTaxOrDie: calls $46.38 and is all-in
Uncalled bet ($4.77) returned to crist_89870
*** SHOW DOWN ***
crist_89870: shows [As Ks] (a flush, Ace high)
PayTaxOrDie: shows [Ac Ah] (a pair of Aces)
crist_89870 collected $200 from pot
*** SUMMARY ***
Total pot $202.50 | Rake $2.50 
Board [5s 2s 8h 7h Js]
Seat 1: I TAKE IT 85 folded before Flop (didn't bet)
Seat 2: tukeiron folded before Flop (didn't bet)
Seat 3: Sergey.V90 (button) folded before Flop
Seat 4: PayTaxOrDie (small blind) showed [Ac Ah] and lost with a pair of Aces
Seat 5: crist_89870 (big blind) showed [As Ks] and won ($200) with a flush, Ace high
Seat 6: Felipe$Andre folded before Flop (didn't bet)



PokerStars Hand #254399464348:  Hold'em No Limit ($0.50/$1.00 USD) - 2025/01/16 16:29:59 WET [2025/01/16 11:29:59 ET]
Table 'McElroy III' 6-max Seat #4 is the button
Seat 1: I TAKE IT 85 ($107.84 in chips) 
Seat 2: tukeiron ($100 in chips) 
Seat 3: Sergey.V90 ($54.84 in chips) 
Seat 4: PayTaxOrDie ($100 in chips) 
Seat 5: crist_89870 ($204.77 in chips) 
Seat 6: Felipe$Andre ($117.06 in chips) 
crist_89870: posts small blind $0.50
Felipe$Andre: posts big blind $1
*** HOLE CARDS ***
I TAKE IT 85: folds 
tukeiron: folds 
Sergey.V90: raises $1.50 to $2.50
PayTaxOrDie: folds 
crist_89870: calls $2
Felipe$Andre: raises $11.50 to $14
Sergey.V90: calls $11.50
crist_89870: folds 
*** FLOP *** [As Th Ac]
Felipe$Andre: bets $2.90
Sergey.V90: calls $2.90
*** TURN *** [As Th Ac] [7d]
Felipe$Andre: checks 
Sergey.V90: checks 
*** RIVER *** [As Th Ac 7d] [9d]
Felipe$Andre: bets $11.49
Sergey.V90: calls $11.49
*** SHOW DOWN ***
Felipe$Andre: shows [Ah Kd] (three of a kind, Aces)
Sergey.V90: mucks hand 
Felipe$Andre collected $56.78 from pot
*** SUMMARY ***
Total pot $59.28 | Rake $2.50 
Board [As Th Ac 7d 9d]
Seat 1: I TAKE IT 85 folded before Flop (didn't bet)
Seat 2: tukeiron folded before Flop (didn't bet)
Seat 3: Sergey.V90 mucked
Seat 4: PayTaxOrDie (button) folded before Flop (didn't bet)
Seat 5: crist_89870 (small blind) folded before Flop
Seat 6: Felipe$Andre (big blind) showed [Ah Kd] and won ($56.78) with three of a kind, Aces



PokerStars Hand #254399484847:  Hold'em No Limit ($0.50/$1.00 USD) - 2025/01/16 16:31:29 WET [2025/01/16 11:31:29 ET]
Table 'McElroy III' 6-max Seat #5 is the button
Seat 1: I TAKE IT 85 ($107.84 in chips) 
Seat 2: tukeiron ($100 in chips) 
Seat 3: Sergey.V90 ($26.45 in chips) 
Seat 4: PayTaxOrDie ($100 in chips) 
Seat 5: crist_89870 ($202.27 in chips) 
Seat 6: Felipe$Andre ($145.45 in chips) 
Felipe$Andre: posts small blind $0.50
I TAKE IT 85: posts big blind $1
*** HOLE CARDS ***
tukeiron: raises $2.50 to $3.50
Sergey.V90: raises $8.50 to $12
PayTaxOrDie: folds 
crist_89870: folds 
Felipe$Andre: folds 
I TAKE IT 85: folds 
tukeiron: calls $8.50
*** FLOP *** [Qd Jc 5d]
tukeiron: checks 
Sergey.V90: bets $14.45 and is all-in
tukeiron: folds 
Uncalled bet ($14.45) returned to Sergey.V90
Sergey.V90 collected $24.22 from pot
Sergey.V90: doesn't show hand 
*** SUMMARY ***
Total pot $25.50 | Rake $1.28 
Board [Qd Jc 5d]
Seat 1: I TAKE IT 85 (big blind) folded before Flop
Seat 2: tukeiron folded on the Flop
Seat 3: Sergey.V90 collected ($24.22)
Seat 4: PayTaxOrDie folded before Flop (didn't bet)
Seat 5: crist_89870 (button) folded before Flop (didn't bet)
Seat 6: Felipe$Andre (small blind) folded before Flop



PokerStars Hand #254399493880:  Hold'em No Limit ($0.50/$1.00 USD) - 2025/01/16 16:32:08 WET [2025/01/16 11:32:08 ET]
Table 'McElroy III' 6-max Seat #6 is the button
Seat 1: I TAKE IT 85 ($106.84 in chips) 
Seat 2: tukeiron ($100 in chips) 
Seat 3: Sergey.V90 ($38.67 in chips) 
Seat 4: PayTaxOrDie ($100 in chips) 
Seat 5: crist_89870 ($202.27 in chips) 
Seat 6: Felipe$Andre ($144.95 in chips) 
I TAKE IT 85: posts small blind $0.50
tukeiron: posts big blind $1
*** HOLE CARDS ***
Sergey.V90: raises $1.50 to $2.50
PayTaxOrDie: folds 
crist_89870: folds 
Felipe$Andre: folds 
I TAKE IT 85: folds 
tukeiron: raises $9 to $11.50
Sergey.V90: raises $27.17 to $38.67 and is all-in
tukeiron: calls $27.17
*** FLOP *** [2c 9s 2h]
*** TURN *** [2c 9s 2h] [Tc]
*** RIVER *** [2c 9s 2h Tc] [9d]
*** SHOW DOWN ***
tukeiron: shows [Ah As] (two pair, Aces and Nines)
Sergey.V90: shows [9c Ac] (a full house, Nines full of Deuces)
Sergey.V90 collected $75.34 from pot
*** SUMMARY ***
Total pot $77.84 | Rake $2.50 
Board [2c 9s 2h Tc 9d]
Seat 1: I TAKE IT 85 (small blind) folded before Flop
Seat 2: tukeiron (big blind) showed [Ah As] and lost with two pair, Aces and Nines
Seat 3: Sergey.V90 showed [9c Ac] and won ($75.34) with a full house, Nines full of Deuces
Seat 4: PayTaxOrDie folded before Flop (didn't bet)
Seat 5: crist_89870 folded before Flop (didn't bet)
Seat 6: Felipe$Andre (button) folded before Flop (didn't bet)



PokerStars Hand #254399501796:  Hold'em No Limit ($0.50/$1.00 USD) - 2025/01/16 16:32:43 WET [2025/01/16 11:32:43 ET]
Table 'McElroy III' 6-max Seat #1 is the button
Seat 1: I TAKE IT 85 ($106.34 in chips) 
Seat 2: tukeiron ($100 in chips) 
Seat 3: Sergey.V90 ($75.34 in chips) 
Seat 4: PayTaxOrDie ($100 in chips) 
Seat 5: crist_89870 ($202.27 in chips) 
Seat 6: Felipe$Andre ($144.95 in chips) 
tukeiron: posts small blind $0.50
Sergey.V90: posts big blind $1
*** HOLE CARDS ***
PayTaxOrDie: raises $1 to $2
crist_89870: folds 
Felipe$Andre: folds 
I TAKE IT 85: folds 
tukeiron: folds 
Sergey.V90: folds 
Uncalled bet ($1) returned to PayTaxOrDie
PayTaxOrDie collected $2.50 from pot
PayTaxOrDie: doesn't show hand 
*** SUMMARY ***
Total pot $2.50 | Rake $0 
Seat 1: I TAKE IT 85 (button) folded before Flop (didn't bet)
Seat 2: tukeiron (small blind) folded before Flop
Seat 3: Sergey.V90 (big blind) folded before Flop
Seat 4: PayTaxOrDie collected ($2.50)
Seat 5: crist_89870 folded before Flop (didn't bet)
Seat 6: Felipe$Andre folded before Flop (didn't bet)



PokerStars Hand #254399506146:  Hold'em No Limit ($0.50/$1.00 USD) - 2025/01/16 16:33:02 WET [2025/01/16 11:33:02 ET]
Table 'McElroy III' 6-max Seat #2 is the button
Seat 1: I TAKE IT 85 ($106.34 in chips) 
Seat 2: tukeiron ($100 in chips) 
Seat 3: Sergey.V90 ($74.34 in chips) 
Seat 4: PayTaxOrDie ($101.50 in chips) 
Seat 5: crist_89870 ($202.27 in chips) 
Seat 6: Felipe$Andre ($144.95 in chips) 
Sergey.V90: posts small blind $0.50
PayTaxOrDie: posts big blind $1
*** HOLE CARDS ***
crist_89870: folds 
Felipe$Andre: folds 
I TAKE IT 85: folds 
tukeiron: raises $1.50 to $2.50
Sergey.V90: folds 
PayTaxOrDie: folds 
Uncalled bet ($1.50) returned to tukeiron
tukeiron collected $2.50 from pot
*** SUMMARY ***
Total pot $2.50 | Rake $0 
Seat 1: I TAKE IT 85 folded before Flop (didn't bet)
Seat 2: tukeiron (button) collected ($2.50)
Seat 3: Sergey.V90 (small blind) folded before Flop
Seat 4: PayTaxOrDie (big blind) folded before Flop
Seat 5: crist_89870 folded before Flop (didn't bet)
Seat 6: Felipe$Andre folded before Flop (didn't bet)



PokerStars Hand #254399510467:  Hold'em No Limit ($0.50/$1.00 USD) - 2025/01/16 16:33:21 WET [2025/01/16 11:33:21 ET]
Table 'McElroy III' 6-max Seat #3 is the button
Seat 1: I TAKE IT 85 ($106.34 in chips) 
Seat 2: tukeiron ($101.50 in chips) 
Seat 3: Sergey.V90 ($73.84 in chips) 
Seat 4: PayTaxOrDie ($100.50 in chips) 
Seat 5: crist_89870 ($202.27 in chips) 
Seat 6: Felipe$Andre ($144.95 in chips) 
PayTaxOrDie: posts small blind $0.50
crist_89870: posts big blind $1
*** HOLE CARDS ***
Felipe$Andre: raises $1.20 to $2.20
I TAKE IT 85: folds 
tukeiron: folds 
Sergey.V90: folds 
PayTaxOrDie: folds 
crist_89870: folds 
Uncalled bet ($1.20) returned to Felipe$Andre
Felipe$Andre collected $2.50 from pot
Felipe$Andre: doesn't show hand 
*** SUMMARY ***
Total pot $2.50 | Rake $0 
Seat 1: I TAKE IT 85 folded before Flop (didn't bet)
Seat 2: tukeiron folded before Flop (didn't bet)
Seat 3: Sergey.V90 (button) folded before Flop (didn't bet)
Seat 4: PayTaxOrDie (small blind) folded before Flop
Seat 5: crist_89870 (big blind) folded before Flop
Seat 6: Felipe$Andre collected ($2.50)



PokerStars Hand #254399513981:  Hold'em No Limit ($0.50/$1.00 USD) - 2025/01/16 16:33:36 WET [2025/01/16 11:33:36 ET]
Table 'McElroy III' 6-max Seat #4 is the button
Seat 1: I TAKE IT 85 ($106.34 in chips) 
Seat 2: tukeiron ($101.50 in chips) 
Seat 3: Sergey.V90 ($73.84 in chips) 
Seat 4: PayTaxOrDie ($100 in chips) 
Seat 5: crist_89870 ($201.27 in chips) 
Seat 6: Felipe$Andre ($146.45 in chips) 
crist_89870: posts small blind $0.50
Felipe$Andre: posts big blind $1
*** HOLE CARDS ***
I TAKE IT 85: folds 
tukeiron: raises $4 to $5
Sergey.V90: raises $11.50 to $16.50
PayTaxOrDie: folds 
crist_89870: folds 
Felipe$Andre: folds 
tukeiron: raises $85 to $101.50 and is all-in
Sergey.V90: calls $57.34 and is all-in
Uncalled bet ($27.66) returned to tukeiron
*** FLOP *** [Jh 3h 5c]
*** TURN *** [Jh 3h 5c] [6c]
*** RIVER *** [Jh 3h 5c 6c] [5h]
*** SHOW DOWN ***
tukeiron: shows [Ac 9c] (a pair of Fives)
Sergey.V90: shows [As Ks] (a pair of Fives - Ace+King kicker)
Sergey.V90 collected $146.68 from pot
*** SUMMARY ***
Total pot $149.18 | Rake $2.50 
Board [Jh 3h 5c 6c 5h]
Seat 1: I TAKE IT 85 folded before Flop (didn't bet)
Seat 2: tukeiron showed [Ac 9c] and lost with a pair of Fives
Seat 3: Sergey.V90 showed [As Ks] and won ($146.68) with a pair of Fives
Seat 4: PayTaxOrDie (button) folded before Flop (didn't bet)
Seat 5: crist_89870 (small blind) folded before Flop
Seat 6: Felipe$Andre (big blind) folded before Flop



PokerStars Hand #254399523860:  Hold'em No Limit ($0.50/$1.00 USD) - 2025/01/16 16:34:19 WET [2025/01/16 11:34:19 ET]
Table 'McElroy III' 6-max Seat #5 is the button
Seat 1: I TAKE IT 85 ($106.34 in chips) 
Seat 2: tukeiron ($100 in chips) 
Seat 3: Sergey.V90 ($146.68 in chips) 
Seat 4: PayTaxOrDie ($100 in chips) 
Seat 5: crist_89870 ($200.77 in chips) 
Seat 6: Felipe$Andre ($145.45 in chips) 
Felipe$Andre: posts small blind $0.50
I TAKE IT 85: posts big blind $1
*** HOLE CARDS ***
tukeiron: folds 
Sergey.V90: folds 
PayTaxOrDie: folds 
crist_89870: folds 
Felipe$Andre: folds 
Uncalled bet ($0.50) returned to I TAKE IT 85
I TAKE IT 85 collected $1 from pot
I TAKE IT 85: doesn't show hand 
*** SUMMARY ***
Total pot $1 | Rake $0 
Seat 1: I TAKE IT 85 (big blind) collected ($1)
Seat 2: tukeiron folded before Flop (didn't bet)
Seat 3: Sergey.V90 folded before Flop (didn't bet)
Seat 4: PayTaxOrDie folded before Flop (didn't bet)
Seat 5: crist_89870 (button) folded before Flop (didn't bet)
Seat 6: Felipe$Andre (small blind) folded before Flop



PokerStars Hand #254399530119:  Hold'em No Limit ($0.50/$1.00 USD) - 2025/01/16 16:34:46 WET [2025/01/16 11:34:46 ET]
Table 'McElroy III' 6-max Seat #6 is the button
Seat 1: I TAKE IT 85 ($106.84 in chips) 
Seat 2: tukeiron ($100 in chips) 
Seat 3: Sergey.V90 ($146.68 in chips) 
Seat 4: PayTaxOrDie ($100 in chips) 
Seat 5: crist_89870 ($200.77 in chips) 
Seat 6: Felipe$Andre ($144.95 in chips) 
I TAKE IT 85: posts small blind $0.50
tukeiron: posts big blind $1
*** HOLE CARDS ***
Sergey.V90: folds 
PayTaxOrDie: folds 
crist_89870: raises $1.50 to $2.50
Felipe$Andre: folds 
I TAKE IT 85: folds 
tukeiron: raises $10.50 to $13
crist_89870: folds 
Uncalled bet ($10.50) returned to tukeiron
tukeiron collected $5.50 from pot
*** SUMMARY ***
Total pot $5.50 | Rake $0 
Seat 1: I TAKE IT 85 (small blind) folded before Flop
Seat 2: tukeiron (big blind) collected ($5.50)
Seat 3: Sergey.V90 folded before Flop (didn't bet)
Seat 4: PayTaxOrDie folded before Flop (didn't bet)
Seat 5: crist_89870 folded before Flop
Seat 6: Felipe$Andre (button) folded before Flop (didn't bet)



PokerStars Hand #254399536876:  Hold'em No Limit ($0.50/$1.00 USD) - 2025/01/16 16:35:15 WET [2025/01/16 11:35:15 ET]
Table 'McElroy III' 6-max Seat #1 is the button
Seat 1: I TAKE IT 85 ($106.34 in chips) 
Seat 2: tukeiron ($103 in chips) 
Seat 3: Sergey.V90 ($146.68 in chips) 
Seat 4: PayTaxOrDie ($100 in chips) 
Seat 5: crist_89870 ($198.27 in chips) 
Seat 6: Felipe$Andre ($144.95 in chips) 
tukeiron: posts small blind $0.50
Sergey.V90: posts big blind $1
*** HOLE CARDS ***
PayTaxOrDie: folds 
crist_89870: folds 
Felipe$Andre: folds 
I TAKE IT 85: raises $1.05 to $2.05
tukeiron: folds 
Sergey.V90: calls $1.05
*** FLOP *** [Jh Jd 4h]
Sergey.V90: checks 
I TAKE IT 85: bets $1.09
Sergey.V90: folds 
Uncalled bet ($1.09) returned to I TAKE IT 85
I TAKE IT 85 collected $4.37 from pot
I TAKE IT 85: doesn't show hand 
*** SUMMARY ***
Total pot $4.60 | Rake $0.23 
Board [Jh Jd 4h]
Seat 1: I TAKE IT 85 (button) collected ($4.37)
Seat 2: tukeiron (small blind) folded before Flop
Seat 3: Sergey.V90 (big blind) folded on the Flop
Seat 4: PayTaxOrDie folded before Flop (didn't bet)
Seat 5: crist_89870 folded before Flop (didn't bet)
Seat 6: Felipe$Andre folded before Flop (didn't bet)



PokerStars Hand #254399544378:  Hold'em No Limit ($0.50/$1.00 USD) - 2025/01/16 16:35:47 WET [2025/01/16 11:35:47 ET]
Table 'McElroy III' 6-max Seat #2 is the button
Seat 1: I TAKE IT 85 ($108.66 in chips) 
Seat 2: tukeiron ($102.50 in chips) 
Seat 3: Sergey.V90 ($144.63 in chips) 
Seat 4: PayTaxOrDie ($100 in chips) 
Seat 5: crist_89870 ($198.27 in chips) 
Seat 6: Felipe$Andre ($144.95 in chips) 
Sergey.V90: posts small blind $0.50
PayTaxOrDie: posts big blind $1
*** HOLE CARDS ***
crist_89870: raises $1.50 to $2.50
Felipe$Andre: folds 
I TAKE IT 85: folds 
tukeiron: folds 
Sergey.V90: folds 
PayTaxOrDie: folds 
Uncalled bet ($1.50) returned to crist_89870
crist_89870 collected $2.50 from pot
crist_89870: doesn't show hand 
*** SUMMARY ***
Total pot $2.50 | Rake $0 
Seat 1: I TAKE IT 85 folded before Flop (didn't bet)
Seat 2: tukeiron (button) folded before Flop (didn't bet)
Seat 3: Sergey.V90 (small blind) folded before Flop
Seat 4: PayTaxOrDie (big blind) folded before Flop
Seat 5: crist_89870 collected ($2.50)
Seat 6: Felipe$Andre folded before Flop (didn't bet)



PokerStars Hand #254399549865:  Hold'em No Limit ($0.50/$1.00 USD) - 2025/01/16 16:36:11 WET [2025/01/16 11:36:11 ET]
Table 'McElroy III' 6-max Seat #3 is the button
Seat 1: I TAKE IT 85 ($108.66 in chips) 
Seat 2: tukeiron ($102.50 in chips) 
Seat 3: Sergey.V90 ($144.13 in chips) 
Seat 4: PayTaxOrDie ($100 in chips) 
Seat 5: crist_89870 ($199.77 in chips) 
Seat 6: Felipe$Andre ($144.95 in chips) 
PayTaxOrDie: posts small blind $0.50
crist_89870: posts big blind $1
*** HOLE CARDS ***
Felipe$Andre: folds 
I TAKE IT 85: folds 
tukeiron: raises $1.50 to $2.50
Sergey.V90: folds 
PayTaxOrDie: folds 
crist_89870: folds 
Uncalled bet ($1.50) returned to tukeiron
tukeiron collected $2.50 from pot
*** SUMMARY ***
Total pot $2.50 | Rake $0 
Seat 1: I TAKE IT 85 folded before Flop (didn't bet)
Seat 2: tukeiron collected ($2.50)
Seat 3: Sergey.V90 (button) folded before Flop (didn't bet)
Seat 4: PayTaxOrDie (small blind) folded before Flop
Seat 5: crist_89870 (big blind) folded before Flop
Seat 6: Felipe$Andre folded before Flop (didn't bet)



PokerStars Hand #254399553173:  Hold'em No Limit ($0.50/$1.00 USD) - 2025/01/16 16:36:25 WET [2025/01/16 11:36:25 ET]
Table 'McElroy III' 6-max Seat #4 is the button
Seat 1: I TAKE IT 85 ($108.66 in chips) 
Seat 2: tukeiron ($104 in chips) 
Seat 3: Sergey.V90 ($144.13 in chips) 
Seat 4: PayTaxOrDie ($100 in chips) 
Seat 5: crist_89870 ($198.77 in chips) 
Seat 6: Felipe$Andre ($144.95 in chips) 
crist_89870: posts small blind $0.50
Felipe$Andre: posts big blind $1
*** HOLE CARDS ***
I TAKE IT 85: folds 
tukeiron: calls $1
Sergey.V90: folds 
PayTaxOrDie: raises $2.50 to $3.50
crist_89870: folds 
Felipe$Andre: raises $10.50 to $14
tukeiron: raises $90 to $104 and is all-in
PayTaxOrDie: folds 
Felipe$Andre: folds 
Uncalled bet ($90) returned to tukeiron
tukeiron collected $32 from pot
*** SUMMARY ***
Total pot $32 | Rake $0 
Seat 1: I TAKE IT 85 folded before Flop (didn't bet)
Seat 2: tukeiron collected ($32)
Seat 3: Sergey.V90 folded before Flop (didn't bet)
Seat 4: PayTaxOrDie (button) folded before Flop
Seat 5: crist_89870 (small blind) folded before Flop
Seat 6: Felipe$Andre (big blind) folded before Flop



PokerStars Hand #254399563931:  Hold'em No Limit ($0.50/$1.00 USD) - 2025/01/16 16:37:12 WET [2025/01/16 11:37:12 ET]
Table 'McElroy III' 6-max Seat #5 is the button
Seat 1: I TAKE IT 85 ($108.66 in chips) 
Seat 2: tukeiron ($122 in chips) 
Seat 3: Sergey.V90 ($144.13 in chips) 
Seat 4: PayTaxOrDie ($100 in chips) 
Seat 5: crist_89870 ($198.27 in chips) 
Seat 6: Felipe$Andre ($130.95 in chips) 
Felipe$Andre: posts small blind $0.50
I TAKE IT 85: posts big blind $1
*** HOLE CARDS ***
tukeiron: folds 
Sergey.V90: folds 
PayTaxOrDie: folds 
crist_89870: folds 
Felipe$Andre: raises $2 to $3
I TAKE IT 85: folds 
Uncalled bet ($2) returned to Felipe$Andre
Felipe$Andre collected $2 from pot
Felipe$Andre: doesn't show hand 
*** SUMMARY ***
Total pot $2 | Rake $0 
Seat 1: I TAKE IT 85 (big blind) folded before Flop
Seat 2: tukeiron folded before Flop (didn't bet)
Seat 3: Sergey.V90 folded before Flop (didn't bet)
Seat 4: PayTaxOrDie folded before Flop (didn't bet)
Seat 5: crist_89870 (button) folded before Flop (didn't bet)
Seat 6: Felipe$Andre (small blind) collected ($2)



PokerStars Hand #254399567466:  Hold'em No Limit ($0.50/$1.00 USD) - 2025/01/16 16:37:27 WET [2025/01/16 11:37:27 ET]
Table 'McElroy III' 6-max Seat #6 is the button
Seat 1: I TAKE IT 85 ($107.66 in chips) 
Seat 2: tukeiron ($122 in chips) 
Seat 3: Sergey.V90 ($144.13 in chips) 
Seat 4: PayTaxOrDie ($100 in chips) 
Seat 5: crist_89870 ($198.27 in chips) 
Seat 6: Felipe$Andre ($131.95 in chips) 
I TAKE IT 85: posts small blind $0.50
tukeiron: posts big blind $1
*** HOLE CARDS ***
Sergey.V90: folds 
PayTaxOrDie: folds 
crist_89870: folds 
Felipe$Andre: folds 
I TAKE IT 85: folds 
Uncalled bet ($0.50) returned to tukeiron
tukeiron collected $1 from pot
*** SUMMARY ***
Total pot $1 | Rake $0 
Seat 1: I TAKE IT 85 (small blind) folded before Flop
Seat 2: tukeiron (big blind) collected ($1)
Seat 3: Sergey.V90 folded before Flop (didn't bet)
Seat 4: PayTaxOrDie folded before Flop (didn't bet)
Seat 5: crist_89870 folded before Flop (didn't bet)
Seat 6: Felipe$Andre (button) folded before Flop (didn't bet)



PokerStars Hand #254399570350:  Hold'em No Limit ($0.50/$1.00 USD) - 2025/01/16 16:37:40 WET [2025/01/16 11:37:40 ET]
Table 'McElroy III' 6-max Seat #1 is the button
Seat 1: I TAKE IT 85 ($107.16 in chips) 
Seat 2: tukeiron ($122.50 in chips) 
Seat 3: Sergey.V90 ($144.13 in chips) 
Seat 4: PayTaxOrDie ($100 in chips) 
Seat 5: crist_89870 ($198.27 in chips) 
Seat 6: Felipe$Andre ($131.95 in chips) 
tukeiron: posts small blind $0.50
Sergey.V90: posts big blind $1
*** HOLE CARDS ***
PayTaxOrDie: folds 
crist_89870: folds 
Felipe$Andre: raises $1.30 to $2.30
I TAKE IT 85: folds 
tukeiron: folds 
Sergey.V90: folds 
Uncalled bet ($1.30) returned to Felipe$Andre
Felipe$Andre collected $2.50 from pot
Felipe$Andre: doesn't show hand 
*** SUMMARY ***
Total pot $2.50 | Rake $0 
Seat 1: I TAKE IT 85 (button) folded before Flop (didn't bet)
Seat 2: tukeiron (small blind) folded before Flop
Seat 3: Sergey.V90 (big blind) folded before Flop
Seat 4: PayTaxOrDie folded before Flop (didn't bet)
Seat 5: crist_89870 folded before Flop (didn't bet)
Seat 6: Felipe$Andre collected ($2.50)



PokerStars Hand #254399575049:  Hold'em No Limit ($0.50/$1.00 USD) - 2025/01/16 16:38:00 WET [2025/01/16 11:38:00 ET]
Table 'McElroy III' 6-max Seat #2 is the button
Seat 1: I TAKE IT 85 ($107.16 in chips) 
Seat 2: tukeiron ($122 in chips) 
Seat 3: Sergey.V90 ($143.13 in chips) 
Seat 4: PayTaxOrDie ($100 in chips) 
Seat 5: crist_89870 ($198.27 in chips) 
Seat 6: Felipe$Andre ($133.45 in chips) 
Sergey.V90: posts small blind $0.50
PayTaxOrDie: posts big blind $1
*** HOLE CARDS ***
crist_89870: folds 
Felipe$Andre: folds 
I TAKE IT 85: folds 
tukeiron: raises $1.50 to $2.50
Sergey.V90: folds 
PayTaxOrDie: calls $1.50
*** FLOP *** [Ad 7c Ts]
PayTaxOrDie: checks 
tukeiron: bets $5.22
PayTaxOrDie: calls $5.22
*** TURN *** [Ad 7c Ts] [3h]
PayTaxOrDie: checks 
tukeiron: bets $15.14
PayTaxOrDie: calls $15.14
*** RIVER *** [Ad 7c Ts 3h] [6c]
PayTaxOrDie: checks 
tukeiron: bets $99.14 and is all-in
PayTaxOrDie: folds 
Uncalled bet ($99.14) returned to tukeiron
tukeiron collected $43.91 from pot
tukeiron: doesn't show hand 
*** SUMMARY ***
Total pot $46.22 | Rake $2.31 
Board [Ad 7c Ts 3h 6c]
Seat 1: I TAKE IT 85 folded before Flop (didn't bet)
Seat 2: tukeiron (button) collected ($43.91)
Seat 3: Sergey.V90 (small blind) folded before Flop
Seat 4: PayTaxOrDie (big blind) folded on the River
Seat 5: crist_89870 folded before Flop (didn't bet)
Seat 6: Felipe$Andre folded before Flop (didn't bet)



PokerStars Hand #254399600364:  Hold'em No Limit ($0.50/$1.00 USD) - 2025/01/16 16:39:48 WET [2025/01/16 11:39:48 ET]
Table 'McElroy III' 6-max Seat #3 is the button
Seat 1: I TAKE IT 85 ($107.16 in chips) 
Seat 2: tukeiron ($143.05 in chips) 
Seat 3: Sergey.V90 ($142.63 in chips) 
Seat 4: PayTaxOrDie ($100 in chips) 
Seat 5: crist_89870 ($198.27 in chips) 
Seat 6: Felipe$Andre ($133.45 in chips) 
PayTaxOrDie: posts small blind $0.50
crist_89870: posts big blind $1
*** HOLE CARDS ***
Felipe$Andre: raises $1.20 to $2.20
I TAKE IT 85: folds 
tukeiron: folds 
Sergey.V90: folds 
PayTaxOrDie: folds 
crist_89870: folds 
Uncalled bet ($1.20) returned to Felipe$Andre
Felipe$Andre collected $2.50 from pot
Felipe$Andre: doesn't show hand 
*** SUMMARY ***
Total pot $2.50 | Rake $0 
Seat 1: I TAKE IT 85 folded before Flop (didn't bet)
Seat 2: tukeiron folded before Flop (didn't bet)
Seat 3: Sergey.V90 (button) folded before Flop (didn't bet)
Seat 4: PayTaxOrDie (small blind) folded before Flop
Seat 5: crist_89870 (big blind) folded before Flop
Seat 6: Felipe$Andre collected ($2.50)



PokerStars Hand #254399603485:  Hold'em No Limit ($0.50/$1.00 USD) - 2025/01/16 16:40:02 WET [2025/01/16 11:40:02 ET]
Table 'McElroy III' 6-max Seat #4 is the button
Seat 1: I TAKE IT 85 ($107.16 in chips) 
Seat 2: tukeiron ($143.05 in chips) 
Seat 3: Sergey.V90 ($142.63 in chips) 
Seat 4: PayTaxOrDie ($100 in chips) 
Seat 5: crist_89870 ($197.27 in chips) 
Seat 6: Felipe$Andre ($134.95 in chips) 
crist_89870: posts small blind $0.50
Felipe$Andre: posts big blind $1
*** HOLE CARDS ***
I TAKE IT 85: folds 
tukeiron: raises $1.10 to $2.10
Sergey.V90: folds 
PayTaxOrDie: folds 
crist_89870: folds 
Felipe$Andre: folds 
Uncalled bet ($1.10) returned to tukeiron
tukeiron collected $2.50 from pot
*** SUMMARY ***
Total pot $2.50 | Rake $0 
Seat 1: I TAKE IT 85 folded before Flop (didn't bet)
Seat 2: tukeiron collected ($2.50)
Seat 3: Sergey.V90 folded before Flop (didn't bet)
Seat 4: PayTaxOrDie (button) folded before Flop (didn't bet)
Seat 5: crist_89870 (small blind) folded before Flop
Seat 6: Felipe$Andre (big blind) folded before Flop



PokerStars Hand #254399607407:  Hold'em No Limit ($0.50/$1.00 USD) - 2025/01/16 16:40:18 WET [2025/01/16 11:40:18 ET]
Table 'McElroy III' 6-max Seat #5 is the button
Seat 1: I TAKE IT 85 ($107.16 in chips) 
Seat 2: tukeiron ($144.55 in chips) 
Seat 3: Sergey.V90 ($142.63 in chips) 
Seat 4: PayTaxOrDie ($100 in chips) 
Seat 5: crist_89870 ($196.77 in chips) 
Seat 6: Felipe$Andre ($133.95 in chips) 
Felipe$Andre: posts small blind $0.50
I TAKE IT 85: posts big blind $1
*** HOLE CARDS ***
tukeiron: raises $1.10 to $2.10
Sergey.V90: folds 
PayTaxOrDie: folds 
crist_89870: raises $5.70 to $7.80
Felipe$Andre: folds 
I TAKE IT 85: folds 
tukeiron: folds 
Uncalled bet ($5.70) returned to crist_89870
crist_89870 collected $5.70 from pot
crist_89870: doesn't show hand 
*** SUMMARY ***
Total pot $5.70 | Rake $0 
Seat 1: I TAKE IT 85 (big blind) folded before Flop
Seat 2: tukeiron folded before Flop
Seat 3: Sergey.V90 folded before Flop (didn't bet)
Seat 4: PayTaxOrDie folded before Flop (didn't bet)
Seat 5: crist_89870 (button) collected ($5.70)
Seat 6: Felipe$Andre (small blind) folded before Flop



PokerStars Hand #254399611584:  Hold'em No Limit ($0.50/$1.00 USD) - 2025/01/16 16:40:36 WET [2025/01/16 11:40:36 ET]
Table 'McElroy III' 6-max Seat #6 is the button
Seat 1: I TAKE IT 85 ($106.16 in chips) 
Seat 2: tukeiron ($142.45 in chips) 
Seat 3: Sergey.V90 ($142.63 in chips) 
Seat 4: PayTaxOrDie ($100 in chips) 
Seat 5: crist_89870 ($200.37 in chips) 
Seat 6: Felipe$Andre ($133.45 in chips) 
I TAKE IT 85: posts small blind $0.50
tukeiron: posts big blind $1
*** HOLE CARDS ***
Sergey.V90: folds 
PayTaxOrDie: folds 
Sergey.V90 leaves the table
crist_89870: raises $1.50 to $2.50
Felipe$Andre: folds 
I TAKE IT 85: raises $7.50 to $10
tukeiron: folds 
crist_89870: calls $7.50
*** FLOP *** [Qd 3h Ah]
I TAKE IT 85: bets $3.99
vpetriu joins the table at seat #3 
crist_89870: folds 
Uncalled bet ($3.99) returned to I TAKE IT 85
I TAKE IT 85 collected $19.95 from pot
I TAKE IT 85: doesn't show hand 
*** SUMMARY ***
Total pot $21 | Rake $1.05 
Board [Qd 3h Ah]
Seat 1: I TAKE IT 85 (small blind) collected ($19.95)
Seat 2: tukeiron (big blind) folded before Flop
Seat 3: Sergey.V90 folded before Flop (didn't bet)
Seat 4: PayTaxOrDie folded before Flop (didn't bet)
Seat 5: crist_89870 folded on the Flop
Seat 6: Felipe$Andre (button) folded before Flop (didn't bet)



PokerStars Hand #254399620310:  Hold'em No Limit ($0.50/$1.00 USD) - 2025/01/16 16:41:13 WET [2025/01/16 11:41:13 ET]
Table 'McElroy III' 6-max Seat #1 is the button
Seat 1: I TAKE IT 85 ($116.11 in chips) 
Seat 2: tukeiron ($141.45 in chips) 
Seat 3: vpetriu ($100 in chips) 
Seat 4: PayTaxOrDie ($100 in chips) 
Seat 5: crist_89870 ($190.37 in chips) 
Seat 6: Felipe$Andre ($133.45 in chips) 
tukeiron: posts small blind $0.50
vpetriu: posts big blind $1
*** HOLE CARDS ***
PayTaxOrDie: folds 
crist_89870: folds 
Felipe$Andre: raises $1.30 to $2.30
I TAKE IT 85: folds 
tukeiron: folds 
vpetriu: folds 
Uncalled bet ($1.30) returned to Felipe$Andre
Felipe$Andre collected $2.50 from pot
Felipe$Andre: doesn't show hand 
*** SUMMARY ***
Total pot $2.50 | Rake $0 
Seat 1: I TAKE IT 85 (button) folded before Flop (didn't bet)
Seat 2: tukeiron (small blind) folded before Flop
Seat 3: vpetriu (big blind) folded before Flop
Seat 4: PayTaxOrDie folded before Flop (didn't bet)
Seat 5: crist_89870 folded before Flop (didn't bet)
Seat 6: Felipe$Andre collected ($2.50)



PokerStars Hand #254399629407:  Hold'em No Limit ($0.50/$1.00 USD) - 2025/01/16 16:41:53 WET [2025/01/16 11:41:53 ET]
Table 'McElroy III' 6-max Seat #2 is the button
Seat 1: I TAKE IT 85 ($116.11 in chips) 
Seat 2: tukeiron ($140.95 in chips) 
Seat 3: vpetriu ($100 in chips) 
Seat 4: PayTaxOrDie ($100 in chips) 
Seat 5: crist_89870 ($190.37 in chips) 
Seat 6: Felipe$Andre ($134.95 in chips) 
vpetriu: posts small blind $0.50
PayTaxOrDie: posts big blind $1
*** HOLE CARDS ***
crist_89870: folds 
Felipe$Andre: folds 
I TAKE IT 85: raises $1.05 to $2.05
tukeiron: folds 
vpetriu: folds 
PayTaxOrDie: raises $9.95 to $12
I TAKE IT 85: raises $12.25 to $24.25
PayTaxOrDie: calls $12.25
*** FLOP *** [Td Jh 8s]
PayTaxOrDie: checks 
I TAKE IT 85: bets $91.86 and is all-in
PayTaxOrDie: calls $75.75 and is all-in
Uncalled bet ($16.11) returned to I TAKE IT 85
*** TURN *** [Td Jh 8s] [Th]
*** RIVER *** [Td Jh 8s Th] [Qc]
*** SHOW DOWN ***
PayTaxOrDie: shows [Js Jc] (a full house, Jacks full of Tens)
I TAKE IT 85: shows [As Qd] (two pair, Queens and Tens)
PayTaxOrDie collected $198 from pot
*** SUMMARY ***
Total pot $200.50 | Rake $2.50 
Board [Td Jh 8s Th Qc]
Seat 1: I TAKE IT 85 showed [As Qd] and lost with two pair, Queens and Tens
Seat 2: tukeiron (button) folded before Flop (didn't bet)
Seat 3: vpetriu (small blind) folded before Flop
Seat 4: PayTaxOrDie (big blind) showed [Js Jc] and won ($198) with a full house, Jacks full of Tens
Seat 5: crist_89870 folded before Flop (didn't bet)
Seat 6: Felipe$Andre folded before Flop (didn't bet)



PokerStars Hand #254399645433:  Hold'em No Limit ($0.50/$1.00 USD) - 2025/01/16 16:43:02 WET [2025/01/16 11:43:02 ET]
Table 'McElroy III' 6-max Seat #3 is the button
Seat 1: I TAKE IT 85 ($100 in chips) 
Seat 2: tukeiron ($140.95 in chips) 
Seat 3: vpetriu ($100 in chips) 
Seat 4: PayTaxOrDie ($198 in chips) 
Seat 5: crist_89870 ($190.37 in chips) 
Seat 6: Felipe$Andre ($134.95 in chips) 
PayTaxOrDie: posts small blind $0.50
crist_89870: posts big blind $1
*** HOLE CARDS ***
Felipe$Andre: raises $1.20 to $2.20
I TAKE IT 85: folds 
tukeiron: folds 
vpetriu: folds 
PayTaxOrDie: raises $9.80 to $12
crist_89870: folds 
Felipe$Andre: folds 
Uncalled bet ($9.80) returned to PayTaxOrDie
PayTaxOrDie collected $5.40 from pot
PayTaxOrDie: doesn't show hand 
*** SUMMARY ***
Total pot $5.40 | Rake $0 
Seat 1: I TAKE IT 85 folded before Flop (didn't bet)
Seat 2: tukeiron folded before Flop (didn't bet)
Seat 3: vpetriu (button) folded before Flop (didn't bet)
Seat 4: PayTaxOrDie (small blind) collected ($5.40)
Seat 5: crist_89870 (big blind) folded before Flop
Seat 6: Felipe$Andre folded before Flop



PokerStars Hand #254399650485:  Hold'em No Limit ($0.50/$1.00 USD) - 2025/01/16 16:43:24 WET [2025/01/16 11:43:24 ET]
Table 'McElroy III' 6-max Seat #4 is the button
Seat 6: Felipe$Andre ($132.75 in chips) is sitting out
Seat 1: I TAKE IT 85 ($100 in chips) 
Seat 2: tukeiron ($140.95 in chips) 
Seat 3: vpetriu ($100 in chips) 
Seat 4: PayTaxOrDie ($201.20 in chips) 
Seat 5: crist_89870 ($189.37 in chips) 
crist_89870: posts small blind $0.50
Felipe$Andre: is sitting out 
I TAKE IT 85: posts big blind $1
*** HOLE CARDS ***
Felipe$Andre leaves the table
tukeiron: folds 
vpetriu: folds 
PayTaxOrDie: folds 
crist_89870: raises $2 to $3
I TAKE IT 85: folds 
Uncalled bet ($2) returned to crist_89870
crist_89870 collected $2 from pot
crist_89870: doesn't show hand 
*** SUMMARY ***
Total pot $2 | Rake $0 
Seat 6: Felipe$Andre
Seat 1: I TAKE IT 85 (big blind) folded before Flop
Seat 2: tukeiron folded before Flop (didn't bet)
Seat 3: vpetriu folded before Flop (didn't bet)
Seat 4: PayTaxOrDie (button) folded before Flop (didn't bet)
Seat 5: crist_89870 (small blind) collected ($2)



