PokerStars Hand #254447044099:  Hold'em No Limit ($0.50/$1.00 USD) - 2025/01/19 14:04:55 WET [2025/01/19 9:04:55 ET]
Table 'Achilles IV' 6-max Seat #6 is the button
Seat 4: emimeth ($0 in chips) is sitting out
Seat 1: Nicedaymybro ($100.50 in chips) 
Seat 2: mr.Jckpot ($152.19 in chips) 
Seat 3: yzuk ($105 in chips) 
Seat 5: nastja336 ($116.98 in chips) 
Seat 6: CichiChanMarian ($111.69 in chips) 
Nicedaymybro: posts small blind $0.50
mr.Jckpot: posts big blind $1
*** HOLE CARDS ***
yzuk: folds 
nastja336: folds 
emimeth leaves the table
CichiChanMarian: folds 
Nicedaymybro: folds 
Uncalled bet ($0.50) returned to mr.Jckpot
mr.Jckpot collected $1 from pot
mr.Jckpot: doesn't show hand 
NikoPale joins the table at seat #4 
*** SUMMARY ***
Total pot $1 | Rake $0 
Seat 4: emimeth
Seat 1: Nicedaymybro (small blind) folded before Flop
Seat 2: mr.Jckpot (big blind) collected ($1)
Seat 3: yzuk folded before Flop (didn't bet)
Seat 5: nastja336 folded before Flop (didn't bet)
Seat 6: CichiChanMarian (button) folded before Flop (didn't bet)



PokerStars Hand #254447046642:  Hold'em No Limit ($0.50/$1.00 USD) - 2025/01/19 14:05:07 WET [2025/01/19 9:05:07 ET]
Table 'Achilles IV' 6-max Seat #1 is the button
Seat 3: yzuk ($105 in chips) is sitting out
Seat 1: Nicedaymybro ($100 in chips) 
Seat 2: mr.Jckpot ($152.69 in chips) 
Seat 4: NikoPale ($100 in chips) 
Seat 5: nastja336 ($116.98 in chips) 
Seat 6: CichiChanMarian ($111.69 in chips) 
mr.Jckpot: posts small blind $0.50
NikoPale: posts big blind $1
*** HOLE CARDS ***
nastja336: folds 
yzuk leaves the table
CichiChanMarian: folds 
Nicedaymybro: folds 
mr.Jckpot: folds 
Uncalled bet ($0.50) returned to NikoPale
NikoPale collected $1 from pot
NikoPale: doesn't show hand 
*** SUMMARY ***
Total pot $1 | Rake $0 
Seat 3: yzuk
Seat 1: Nicedaymybro (button) folded before Flop (didn't bet)
Seat 2: mr.Jckpot (small blind) folded before Flop
Seat 4: NikoPale (big blind) collected ($1)
Seat 5: nastja336 folded before Flop (didn't bet)
Seat 6: CichiChanMarian folded before Flop (didn't bet)



PokerStars Hand #254447049665:  Hold'em No Limit ($0.50/$1.00 USD) - 2025/01/19 14:05:21 WET [2025/01/19 9:05:21 ET]
Table 'Achilles IV' 6-max Seat #2 is the button
Seat 1: Nicedaymybro ($100 in chips) 
Seat 2: mr.Jckpot ($152.19 in chips) 
Seat 4: NikoPale ($100.50 in chips) 
Seat 5: nastja336 ($116.98 in chips) 
Seat 6: CichiChanMarian ($111.69 in chips) 
NikoPale: posts small blind $0.50
nastja336: posts big blind $1
*** HOLE CARDS ***
CichiChanMarian: raises $1.50 to $2.50
Nicedaymybro: folds 
mr.Jckpot: folds 
NikoPale: folds 
nastja336: folds 
Uncalled bet ($1.50) returned to CichiChanMarian
CichiChanMarian collected $2.50 from pot
CichiChanMarian: doesn't show hand 
*** SUMMARY ***
Total pot $2.50 | Rake $0 
Seat 1: Nicedaymybro folded before Flop (didn't bet)
Seat 2: mr.Jckpot (button) folded before Flop (didn't bet)
Seat 4: NikoPale (small blind) folded before Flop
Seat 5: nastja336 (big blind) folded before Flop
Seat 6: CichiChanMarian collected ($2.50)



PokerStars Hand #254447054138:  Hold'em No Limit ($0.50/$1.00 USD) - 2025/01/19 14:05:42 WET [2025/01/19 9:05:42 ET]
Table 'Achilles IV' 6-max Seat #4 is the button
Seat 1: Nicedaymybro ($100 in chips) 
Seat 2: mr.Jckpot ($152.19 in chips) 
Seat 4: NikoPale ($100 in chips) 
Seat 5: nastja336 ($115.98 in chips) 
Seat 6: CichiChanMarian ($113.19 in chips) 
nastja336: posts small blind $0.50
CichiChanMarian: posts big blind $1
*** HOLE CARDS ***
Nicedaymybro: raises $1.50 to $2.50
mr.Jckpot: folds 
NikoPale: folds 
nastja336: folds 
CichiChanMarian: folds 
Uncalled bet ($1.50) returned to Nicedaymybro
Nicedaymybro collected $2.50 from pot
Nicedaymybro: doesn't show hand 
*** SUMMARY ***
Total pot $2.50 | Rake $0 
Seat 1: Nicedaymybro collected ($2.50)
Seat 2: mr.Jckpot folded before Flop (didn't bet)
Seat 4: NikoPale (button) folded before Flop (didn't bet)
Seat 5: nastja336 (small blind) folded before Flop
Seat 6: CichiChanMarian (big blind) folded before Flop



PokerStars Hand #254447057883:  Hold'em No Limit ($0.50/$1.00 USD) - 2025/01/19 14:05:59 WET [2025/01/19 9:05:59 ET]
Table 'Achilles IV' 6-max Seat #6 is the button
Seat 1: Nicedaymybro ($101.50 in chips) is sitting out
Seat 2: mr.Jckpot ($152.19 in chips) is sitting out
Seat 4: NikoPale ($100 in chips) is sitting out
Seat 5: nastja336 ($115.48 in chips) 
Seat 6: CichiChanMarian ($112.19 in chips) 
CichiChanMarian: posts small blind $0.50
Nicedaymybro: is sitting out 
mr.Jckpot: is sitting out 
NikoPale: is sitting out 
nastja336: posts big blind $1
*** HOLE CARDS ***
Nicedaymybro leaves the table
CichiChanMarian: raises $2 to $3
nastja336: folds 
Uncalled bet ($2) returned to CichiChanMarian
CichiChanMarian collected $2 from pot
CichiChanMarian: doesn't show hand 
NikoPale leaves the table
*** SUMMARY ***
Total pot $2 | Rake $0 
Seat 1: Nicedaymybro
Seat 2: mr.Jckpot
Seat 4: NikoPale
Seat 5: nastja336 (big blind) folded before Flop
Seat 6: CichiChanMarian (button) (small blind) collected ($2)



PokerStars Hand #254446925131:  Hold'em No Limit ($0.50/$1.00 USD) - 2025/01/19 13:53:45 WET [2025/01/19 8:53:45 ET]
Table 'Achilles IV' 6-max Seat #5 is the button
Seat 1: Nicedaymybro ($100 in chips) 
Seat 2: mr.Jckpot ($100 in chips) 
Seat 3: yzuk ($100 in chips) 
Seat 4: emimeth ($44.25 in chips) 
Seat 5: nastja336 ($123 in chips) 
Seat 6: CichiChanMarian ($100 in chips) 
CichiChanMarian: posts small blind $0.50
Nicedaymybro: posts big blind $1
*** HOLE CARDS ***
mr.Jckpot: raises $1.50 to $2.50
yzuk: folds 
emimeth: calls $2.50
nastja336: folds 
CichiChanMarian: folds 
Nicedaymybro: folds 
*** FLOP *** [2h 3d Td]
mr.Jckpot: checks 
emimeth: checks 
*** TURN *** [2h 3d Td] [7d]
mr.Jckpot: checks 
emimeth: checks 
*** RIVER *** [2h 3d Td 7d] [6s]
mr.Jckpot: checks 
emimeth: checks 
*** SHOW DOWN ***
mr.Jckpot: shows [Ac Js] (high card Ace)
emimeth: shows [2d Ah] (a pair of Deuces)
emimeth collected $6.18 from pot
*** SUMMARY ***
Total pot $6.50 | Rake $0.32 
Board [2h 3d Td 7d 6s]
Seat 1: Nicedaymybro (big blind) folded before Flop
Seat 2: mr.Jckpot showed [Ac Js] and lost with high card Ace
Seat 3: yzuk folded before Flop (didn't bet)
Seat 4: emimeth showed [2d Ah] and won ($6.18) with a pair of Deuces
Seat 5: nastja336 (button) folded before Flop (didn't bet)
Seat 6: CichiChanMarian (small blind) folded before Flop



PokerStars Hand #254446931978:  Hold'em No Limit ($0.50/$1.00 USD) - 2025/01/19 13:54:20 WET [2025/01/19 8:54:20 ET]
Table 'Achilles IV' 6-max Seat #6 is the button
Seat 1: Nicedaymybro ($100 in chips) 
Seat 2: mr.Jckpot ($100 in chips) 
Seat 3: yzuk ($100 in chips) 
Seat 4: emimeth ($47.93 in chips) 
Seat 5: nastja336 ($123 in chips) 
Seat 6: CichiChanMarian ($100 in chips) 
Nicedaymybro: posts small blind $0.50
mr.Jckpot: posts big blind $1
*** HOLE CARDS ***
yzuk: folds 
emimeth: calls $1
nastja336: folds 
CichiChanMarian: folds 
Nicedaymybro: folds 
mr.Jckpot: checks 
*** FLOP *** [9h Js Ac]
mr.Jckpot: checks 
emimeth: checks 
*** TURN *** [9h Js Ac] [6d]
mr.Jckpot: checks 
emimeth: checks 
*** RIVER *** [9h Js Ac 6d] [7c]
mr.Jckpot: checks 
emimeth: checks 
*** SHOW DOWN ***
mr.Jckpot: shows [5c 4s] (high card Ace)
emimeth: shows [Kd 7s] (a pair of Sevens)
emimeth collected $2.38 from pot
*** SUMMARY ***
Total pot $2.50 | Rake $0.12 
Board [9h Js Ac 6d 7c]
Seat 1: Nicedaymybro (small blind) folded before Flop
Seat 2: mr.Jckpot (big blind) showed [5c 4s] and lost with high card Ace
Seat 3: yzuk folded before Flop (didn't bet)
Seat 4: emimeth showed [Kd 7s] and won ($2.38) with a pair of Sevens
Seat 5: nastja336 folded before Flop (didn't bet)
Seat 6: CichiChanMarian (button) folded before Flop (didn't bet)



PokerStars Hand #254446937056:  Hold'em No Limit ($0.50/$1.00 USD) - 2025/01/19 13:54:45 WET [2025/01/19 8:54:45 ET]
Table 'Achilles IV' 6-max Seat #1 is the button
Seat 1: Nicedaymybro ($100 in chips) 
Seat 2: mr.Jckpot ($100 in chips) 
Seat 3: yzuk ($100 in chips) 
Seat 4: emimeth ($49.31 in chips) 
Seat 5: nastja336 ($123 in chips) 
Seat 6: CichiChanMarian ($100 in chips) 
mr.Jckpot: posts small blind $0.50
yzuk: posts big blind $1
*** HOLE CARDS ***
emimeth: calls $1
nastja336: raises $3.50 to $4.50
CichiChanMarian: folds 
Nicedaymybro: folds 
mr.Jckpot: folds 
yzuk: folds 
emimeth: calls $3.50
*** FLOP *** [3s Tc 6s]
emimeth: checks 
nastja336: bets $8.80
emimeth: calls $8.80
*** TURN *** [3s Tc 6s] [Qd]
emimeth: checks 
nastja336: bets $6.75
emimeth: calls $6.75
*** RIVER *** [3s Tc 6s Qd] [Jd]
emimeth: checks 
nastja336: checks 
*** SHOW DOWN ***
emimeth: shows [4s Qs] (a pair of Queens)
nastja336: mucks hand 
emimeth collected $39.52 from pot
*** SUMMARY ***
Total pot $41.60 | Rake $2.08 
Board [3s Tc 6s Qd Jd]
Seat 1: Nicedaymybro (button) folded before Flop (didn't bet)
Seat 2: mr.Jckpot (small blind) folded before Flop
Seat 3: yzuk (big blind) folded before Flop
Seat 4: emimeth showed [4s Qs] and won ($39.52) with a pair of Queens
Seat 5: nastja336 mucked
Seat 6: CichiChanMarian folded before Flop (didn't bet)



PokerStars Hand #254446947048:  Hold'em No Limit ($0.50/$1.00 USD) - 2025/01/19 13:55:46 WET [2025/01/19 8:55:46 ET]
Table 'Achilles IV' 6-max Seat #2 is the button
Seat 1: Nicedaymybro ($100 in chips) 
Seat 2: mr.Jckpot ($100 in chips) 
Seat 3: yzuk ($100 in chips) 
Seat 4: emimeth ($68.78 in chips) 
Seat 5: nastja336 ($102.95 in chips) 
Seat 6: CichiChanMarian ($100 in chips) 
yzuk: posts small blind $0.50
emimeth: posts big blind $1
*** HOLE CARDS ***
nastja336: folds 
CichiChanMarian: folds 
Nicedaymybro: raises $1.50 to $2.50
mr.Jckpot: folds 
yzuk: folds 
emimeth: calls $1.50
*** FLOP *** [Kh 2s Ac]
emimeth: checks 
Nicedaymybro: bets $2.09
emimeth: folds 
Uncalled bet ($2.09) returned to Nicedaymybro
Nicedaymybro collected $5.22 from pot
Nicedaymybro: doesn't show hand 
*** SUMMARY ***
Total pot $5.50 | Rake $0.28 
Board [Kh 2s Ac]
Seat 1: Nicedaymybro collected ($5.22)
Seat 2: mr.Jckpot (button) folded before Flop (didn't bet)
Seat 3: yzuk (small blind) folded before Flop
Seat 4: emimeth (big blind) folded on the Flop
Seat 5: nastja336 folded before Flop (didn't bet)
Seat 6: CichiChanMarian folded before Flop (didn't bet)



PokerStars Hand #254446950016:  Hold'em No Limit ($0.50/$1.00 USD) - 2025/01/19 13:56:07 WET [2025/01/19 8:56:07 ET]
Table 'Achilles IV' 6-max Seat #3 is the button
Seat 1: Nicedaymybro ($102.72 in chips) 
Seat 2: mr.Jckpot ($100 in chips) 
Seat 3: yzuk ($100 in chips) 
Seat 4: emimeth ($66.28 in chips) 
Seat 5: nastja336 ($102.95 in chips) 
Seat 6: CichiChanMarian ($100 in chips) 
emimeth: posts small blind $0.50
nastja336: posts big blind $1
*** HOLE CARDS ***
CichiChanMarian: folds 
Nicedaymybro: raises $1.50 to $2.50
mr.Jckpot: raises $5 to $7.50
yzuk: folds 
emimeth: calls $7
nastja336: raises $16.50 to $24
Nicedaymybro: folds 
mr.Jckpot: folds 
emimeth: folds 
Uncalled bet ($16.50) returned to nastja336
nastja336 collected $25 from pot
nastja336: doesn't show hand 
*** SUMMARY ***
Total pot $25 | Rake $0 
Seat 1: Nicedaymybro folded before Flop
Seat 2: mr.Jckpot folded before Flop
Seat 3: yzuk (button) folded before Flop (didn't bet)
Seat 4: emimeth (small blind) folded before Flop
Seat 5: nastja336 (big blind) collected ($25)
Seat 6: CichiChanMarian folded before Flop (didn't bet)



PokerStars Hand #254446955301:  Hold'em No Limit ($0.50/$1.00 USD) - 2025/01/19 13:56:41 WET [2025/01/19 8:56:41 ET]
Table 'Achilles IV' 6-max Seat #4 is the button
Seat 1: Nicedaymybro ($100.22 in chips) 
Seat 2: mr.Jckpot ($100 in chips) 
Seat 3: yzuk ($100 in chips) 
Seat 4: emimeth ($58.78 in chips) 
Seat 5: nastja336 ($120.45 in chips) 
Seat 6: CichiChanMarian ($100 in chips) 
nastja336: posts small blind $0.50
CichiChanMarian: posts big blind $1
*** HOLE CARDS ***
Nicedaymybro: folds 
mr.Jckpot: folds 
yzuk: folds 
emimeth: calls $1
nastja336: raises $3 to $4
CichiChanMarian: folds 
emimeth: calls $3
*** FLOP *** [3h 9h 3c]
nastja336: checks 
emimeth: checks 
*** TURN *** [3h 9h 3c] [2d]
nastja336: checks 
emimeth: checks 
*** RIVER *** [3h 9h 3c 2d] [Qd]
nastja336: checks 
emimeth: bets $4
nastja336: folds 
Uncalled bet ($4) returned to emimeth
emimeth collected $8.55 from pot
*** SUMMARY ***
Total pot $9 | Rake $0.45 
Board [3h 9h 3c 2d Qd]
Seat 1: Nicedaymybro folded before Flop (didn't bet)
Seat 2: mr.Jckpot folded before Flop (didn't bet)
Seat 3: yzuk folded before Flop (didn't bet)
Seat 4: emimeth (button) collected ($8.55)
Seat 5: nastja336 (small blind) folded on the River
Seat 6: CichiChanMarian (big blind) folded before Flop



PokerStars Hand #254446960457:  Hold'em No Limit ($0.50/$1.00 USD) - 2025/01/19 13:57:15 WET [2025/01/19 8:57:15 ET]
Table 'Achilles IV' 6-max Seat #5 is the button
Seat 1: Nicedaymybro ($100.22 in chips) 
Seat 2: mr.Jckpot ($100 in chips) 
Seat 3: yzuk ($100 in chips) 
Seat 4: emimeth ($63.33 in chips) 
Seat 5: nastja336 ($116.45 in chips) 
Seat 6: CichiChanMarian ($100 in chips) 
CichiChanMarian: posts small blind $0.50
Nicedaymybro: posts big blind $1
*** HOLE CARDS ***
mr.Jckpot: folds 
yzuk: folds 
emimeth: calls $1
nastja336: folds 
CichiChanMarian: raises $4 to $5
Nicedaymybro: calls $4
emimeth: calls $4
*** FLOP *** [8h Tc Qs]
CichiChanMarian: checks 
Nicedaymybro: checks 
emimeth: checks 
*** TURN *** [8h Tc Qs] [5c]
CichiChanMarian: bets $9.41
Nicedaymybro: folds 
emimeth: calls $9.41
*** RIVER *** [8h Tc Qs 5c] [4s]
CichiChanMarian: bets $32.13
emimeth: folds 
Uncalled bet ($32.13) returned to CichiChanMarian
CichiChanMarian collected $32.13 from pot
CichiChanMarian: doesn't show hand 
*** SUMMARY ***
Total pot $33.82 | Rake $1.69 
Board [8h Tc Qs 5c 4s]
Seat 1: Nicedaymybro (big blind) folded on the Turn
Seat 2: mr.Jckpot folded before Flop (didn't bet)
Seat 3: yzuk folded before Flop (didn't bet)
Seat 4: emimeth folded on the River
Seat 5: nastja336 (button) folded before Flop (didn't bet)
Seat 6: CichiChanMarian (small blind) collected ($32.13)



PokerStars Hand #254446970683:  Hold'em No Limit ($0.50/$1.00 USD) - 2025/01/19 13:58:21 WET [2025/01/19 8:58:21 ET]
Table 'Achilles IV' 6-max Seat #6 is the button
Seat 1: Nicedaymybro ($100 in chips) 
Seat 2: mr.Jckpot ($100 in chips) 
Seat 3: yzuk ($100 in chips) 
Seat 4: emimeth ($48.92 in chips) 
Seat 5: nastja336 ($116.45 in chips) 
Seat 6: CichiChanMarian ($117.72 in chips) 
Nicedaymybro: posts small blind $0.50
mr.Jckpot: posts big blind $1
*** HOLE CARDS ***
yzuk: folds 
emimeth: calls $1
nastja336: raises $3.50 to $4.50
CichiChanMarian: folds 
Nicedaymybro: folds 
mr.Jckpot: folds 
emimeth: calls $3.50
*** FLOP *** [Th 2h 6d]
emimeth: checks 
nastja336: checks 
*** TURN *** [Th 2h 6d] [4s]
emimeth: checks 
nastja336: checks 
*** RIVER *** [Th 2h 6d 4s] [2c]
emimeth: checks 
nastja336: checks 
*** SHOW DOWN ***
emimeth: shows [6s As] (two pair, Sixes and Deuces)
nastja336: mucks hand 
emimeth collected $9.98 from pot
*** SUMMARY ***
Total pot $10.50 | Rake $0.52 
Board [Th 2h 6d 4s 2c]
Seat 1: Nicedaymybro (small blind) folded before Flop
Seat 2: mr.Jckpot (big blind) folded before Flop
Seat 3: yzuk folded before Flop (didn't bet)
Seat 4: emimeth showed [6s As] and won ($9.98) with two pair, Sixes and Deuces
Seat 5: nastja336 mucked
Seat 6: CichiChanMarian (button) folded before Flop (didn't bet)



PokerStars Hand #254446975244:  Hold'em No Limit ($0.50/$1.00 USD) - 2025/01/19 13:58:51 WET [2025/01/19 8:58:51 ET]
Table 'Achilles IV' 6-max Seat #1 is the button
Seat 1: Nicedaymybro ($100 in chips) 
Seat 2: mr.Jckpot ($100 in chips) 
Seat 3: yzuk ($100 in chips) 
Seat 4: emimeth ($54.40 in chips) 
Seat 5: nastja336 ($111.95 in chips) 
Seat 6: CichiChanMarian ($117.72 in chips) 
mr.Jckpot: posts small blind $0.50
yzuk: posts big blind $1
*** HOLE CARDS ***
emimeth: calls $1
nastja336: raises $5 to $6
CichiChanMarian: folds 
Nicedaymybro: folds 
mr.Jckpot: folds 
yzuk: folds 
emimeth: calls $5
*** FLOP *** [5c Qd 2c]
emimeth: checks 
nastja336: bets $3.25
emimeth: folds 
Uncalled bet ($3.25) returned to nastja336
nastja336 collected $12.82 from pot
nastja336: doesn't show hand 
*** SUMMARY ***
Total pot $13.50 | Rake $0.68 
Board [5c Qd 2c]
Seat 1: Nicedaymybro (button) folded before Flop (didn't bet)
Seat 2: mr.Jckpot (small blind) folded before Flop
Seat 3: yzuk (big blind) folded before Flop
Seat 4: emimeth folded on the Flop
Seat 5: nastja336 collected ($12.82)
Seat 6: CichiChanMarian folded before Flop (didn't bet)



PokerStars Hand #254446979071:  Hold'em No Limit ($0.50/$1.00 USD) - 2025/01/19 13:59:16 WET [2025/01/19 8:59:16 ET]
Table 'Achilles IV' 6-max Seat #2 is the button
Seat 1: Nicedaymybro ($100 in chips) 
Seat 2: mr.Jckpot ($100 in chips) 
Seat 3: yzuk ($100 in chips) 
Seat 4: emimeth ($48.40 in chips) 
Seat 5: nastja336 ($118.77 in chips) 
Seat 6: CichiChanMarian ($117.72 in chips) 
yzuk: posts small blind $0.50
emimeth: posts big blind $1
*** HOLE CARDS ***
nastja336: folds 
CichiChanMarian: raises $1.50 to $2.50
Nicedaymybro: folds 
mr.Jckpot: folds 
yzuk: folds 
emimeth: calls $1.50
*** FLOP *** [8c 2s 8s]
emimeth: checks 
CichiChanMarian: bets $1.72
emimeth: calls $1.72
*** TURN *** [8c 2s 8s] [4c]
emimeth: checks 
CichiChanMarian: checks 
*** RIVER *** [8c 2s 8s 4c] [Ks]
emimeth: checks 
CichiChanMarian: bets $6.37
emimeth: folds 
Uncalled bet ($6.37) returned to CichiChanMarian
CichiChanMarian collected $8.49 from pot
CichiChanMarian: doesn't show hand 
*** SUMMARY ***
Total pot $8.94 | Rake $0.45 
Board [8c 2s 8s 4c Ks]
Seat 1: Nicedaymybro folded before Flop (didn't bet)
Seat 2: mr.Jckpot (button) folded before Flop (didn't bet)
Seat 3: yzuk (small blind) folded before Flop
Seat 4: emimeth (big blind) folded on the River
Seat 5: nastja336 folded before Flop (didn't bet)
Seat 6: CichiChanMarian collected ($8.49)



PokerStars Hand #254446986977:  Hold'em No Limit ($0.50/$1.00 USD) - 2025/01/19 14:00:07 WET [2025/01/19 9:00:07 ET]
Table 'Achilles IV' 6-max Seat #3 is the button
Seat 1: Nicedaymybro ($100 in chips) 
Seat 2: mr.Jckpot ($100 in chips) 
Seat 3: yzuk ($100 in chips) 
Seat 4: emimeth ($44.18 in chips) 
Seat 5: nastja336 ($118.77 in chips) 
Seat 6: CichiChanMarian ($121.99 in chips) 
emimeth: posts small blind $0.50
nastja336: posts big blind $1
*** HOLE CARDS ***
CichiChanMarian: raises $1.50 to $2.50
Nicedaymybro: folds 
mr.Jckpot: folds 
yzuk: folds 
emimeth: calls $2
nastja336: folds 
*** FLOP *** [5h 7d Ks]
emimeth: checks 
CichiChanMarian: bets $1.88
emimeth: folds 
Uncalled bet ($1.88) returned to CichiChanMarian
CichiChanMarian collected $5.70 from pot
CichiChanMarian: doesn't show hand 
*** SUMMARY ***
Total pot $6 | Rake $0.30 
Board [5h 7d Ks]
Seat 1: Nicedaymybro folded before Flop (didn't bet)
Seat 2: mr.Jckpot folded before Flop (didn't bet)
Seat 3: yzuk (button) folded before Flop (didn't bet)
Seat 4: emimeth (small blind) folded on the Flop
Seat 5: nastja336 (big blind) folded before Flop
Seat 6: CichiChanMarian collected ($5.70)



PokerStars Hand #254446991182:  Hold'em No Limit ($0.50/$1.00 USD) - 2025/01/19 14:00:33 WET [2025/01/19 9:00:33 ET]
Table 'Achilles IV' 6-max Seat #4 is the button
Seat 1: Nicedaymybro ($100 in chips) 
Seat 2: mr.Jckpot ($100 in chips) 
Seat 3: yzuk ($100 in chips) 
Seat 4: emimeth ($41.68 in chips) 
Seat 5: nastja336 ($117.77 in chips) 
Seat 6: CichiChanMarian ($125.19 in chips) 
nastja336: posts small blind $0.50
CichiChanMarian: posts big blind $1
*** HOLE CARDS ***
Nicedaymybro: folds 
mr.Jckpot: folds 
yzuk: folds 
emimeth: calls $1
nastja336: raises $4 to $5
CichiChanMarian: folds 
emimeth: calls $4
*** FLOP *** [3h Jc 6h]
nastja336: bets $2.50
emimeth: calls $2.50
*** TURN *** [3h Jc 6h] [Jd]
nastja336: bets $5.02
emimeth: calls $5.02
*** RIVER *** [3h Jc 6h Jd] [Tc]
nastja336: checks 
emimeth: bets $29.16 and is all-in
nastja336: folds 
Uncalled bet ($29.16) returned to emimeth
emimeth collected $24.74 from pot
*** SUMMARY ***
Total pot $26.04 | Rake $1.30 
Board [3h Jc 6h Jd Tc]
Seat 1: Nicedaymybro folded before Flop (didn't bet)
Seat 2: mr.Jckpot folded before Flop (didn't bet)
Seat 3: yzuk folded before Flop (didn't bet)
Seat 4: emimeth (button) collected ($24.74)
Seat 5: nastja336 (small blind) folded on the River
Seat 6: CichiChanMarian (big blind) folded before Flop



PokerStars Hand #254446998050:  Hold'em No Limit ($0.50/$1.00 USD) - 2025/01/19 14:01:11 WET [2025/01/19 9:01:11 ET]
Table 'Achilles IV' 6-max Seat #5 is the button
Seat 1: Nicedaymybro ($100 in chips) 
Seat 2: mr.Jckpot ($100 in chips) 
Seat 3: yzuk ($100 in chips) 
Seat 4: emimeth ($53.90 in chips) 
Seat 5: nastja336 ($105.25 in chips) 
Seat 6: CichiChanMarian ($124.19 in chips) 
CichiChanMarian: posts small blind $0.50
Nicedaymybro: posts big blind $1
*** HOLE CARDS ***
mr.Jckpot: folds 
yzuk: folds 
emimeth: calls $1
nastja336: raises $3 to $4
CichiChanMarian: folds 
Nicedaymybro: folds 
emimeth: calls $3
*** FLOP *** [7d 6c 2h]
emimeth: checks 
nastja336: checks 
*** TURN *** [7d 6c 2h] [9d]
emimeth: checks 
nastja336: bets $8
emimeth: folds 
Uncalled bet ($8) returned to nastja336
nastja336 collected $9.02 from pot
nastja336: doesn't show hand 
*** SUMMARY ***
Total pot $9.50 | Rake $0.48 
Board [7d 6c 2h 9d]
Seat 1: Nicedaymybro (big blind) folded before Flop
Seat 2: mr.Jckpot folded before Flop (didn't bet)
Seat 3: yzuk folded before Flop (didn't bet)
Seat 4: emimeth folded on the Turn
Seat 5: nastja336 (button) collected ($9.02)
Seat 6: CichiChanMarian (small blind) folded before Flop



PokerStars Hand #254447003971:  Hold'em No Limit ($0.50/$1.00 USD) - 2025/01/19 14:01:42 WET [2025/01/19 9:01:42 ET]
Table 'Achilles IV' 6-max Seat #6 is the button
Seat 1: Nicedaymybro ($100 in chips) 
Seat 2: mr.Jckpot ($100 in chips) 
Seat 3: yzuk ($100 in chips) 
Seat 4: emimeth ($49.90 in chips) 
Seat 5: nastja336 ($110.27 in chips) 
Seat 6: CichiChanMarian ($123.69 in chips) 
Nicedaymybro: posts small blind $0.50
mr.Jckpot: posts big blind $1
*** HOLE CARDS ***
yzuk: folds 
emimeth: calls $1
nastja336: raises $3 to $4
CichiChanMarian: folds 
Nicedaymybro: folds 
mr.Jckpot: folds 
emimeth: calls $3
*** FLOP *** [2c 2d 8h]
emimeth: checks 
nastja336: bets $2.98
emimeth: calls $2.98
*** TURN *** [2c 2d 8h] [4c]
emimeth: checks 
nastja336: bets $10.80
emimeth: folds 
Uncalled bet ($10.80) returned to nastja336
nastja336 collected $14.69 from pot
nastja336: doesn't show hand 
*** SUMMARY ***
Total pot $15.46 | Rake $0.77 
Board [2c 2d 8h 4c]
Seat 1: Nicedaymybro (small blind) folded before Flop
Seat 2: mr.Jckpot (big blind) folded before Flop
Seat 3: yzuk folded before Flop (didn't bet)
Seat 4: emimeth folded on the Turn
Seat 5: nastja336 collected ($14.69)
Seat 6: CichiChanMarian (button) folded before Flop (didn't bet)



PokerStars Hand #254447011415:  Hold'em No Limit ($0.50/$1.00 USD) - 2025/01/19 14:02:19 WET [2025/01/19 9:02:19 ET]
Table 'Achilles IV' 6-max Seat #1 is the button
Seat 1: Nicedaymybro ($100 in chips) 
Seat 2: mr.Jckpot ($100 in chips) 
Seat 3: yzuk ($100 in chips) 
Seat 4: emimeth ($42.92 in chips) 
Seat 5: nastja336 ($117.98 in chips) 
Seat 6: CichiChanMarian ($123.69 in chips) 
mr.Jckpot: posts small blind $0.50
yzuk: posts big blind $1
*** HOLE CARDS ***
emimeth: calls $1
nastja336: folds 
CichiChanMarian: raises $3 to $4
Nicedaymybro: folds 
mr.Jckpot: folds 
yzuk: raises $10 to $14
emimeth: folds 
CichiChanMarian: folds 
Uncalled bet ($10) returned to yzuk
yzuk collected $9.50 from pot
yzuk: doesn't show hand 
*** SUMMARY ***
Total pot $9.50 | Rake $0 
Seat 1: Nicedaymybro (button) folded before Flop (didn't bet)
Seat 2: mr.Jckpot (small blind) folded before Flop
Seat 3: yzuk (big blind) collected ($9.50)
Seat 4: emimeth folded before Flop
Seat 5: nastja336 folded before Flop (didn't bet)
Seat 6: CichiChanMarian folded before Flop



PokerStars Hand #254447018469:  Hold'em No Limit ($0.50/$1.00 USD) - 2025/01/19 14:02:53 WET [2025/01/19 9:02:53 ET]
Table 'Achilles IV' 6-max Seat #2 is the button
Seat 1: Nicedaymybro ($100 in chips) 
Seat 2: mr.Jckpot ($100 in chips) 
Seat 3: yzuk ($105.50 in chips) 
Seat 4: emimeth ($41.92 in chips) 
Seat 5: nastja336 ($117.98 in chips) 
Seat 6: CichiChanMarian ($119.69 in chips) 
yzuk: posts small blind $0.50
emimeth: posts big blind $1
*** HOLE CARDS ***
nastja336: folds 
CichiChanMarian: folds 
Nicedaymybro: folds 
mr.Jckpot: raises $1.50 to $2.50
yzuk: folds 
emimeth: calls $1.50
*** FLOP *** [9s 8d Jd]
emimeth: checks 
mr.Jckpot: bets $1.72
emimeth: calls $1.72
*** TURN *** [9s 8d Jd] [Qh]
emimeth: checks 
mr.Jckpot: checks 
*** RIVER *** [9s 8d Jd Qh] [7d]
emimeth: bets $3
mr.Jckpot: folds 
Uncalled bet ($3) returned to emimeth
emimeth collected $8.49 from pot
*** SUMMARY ***
Total pot $8.94 | Rake $0.45 
Board [9s 8d Jd Qh 7d]
Seat 1: Nicedaymybro folded before Flop (didn't bet)
Seat 2: mr.Jckpot (button) folded on the River
Seat 3: yzuk (small blind) folded before Flop
Seat 4: emimeth (big blind) collected ($8.49)
Seat 5: nastja336 folded before Flop (didn't bet)
Seat 6: CichiChanMarian folded before Flop (didn't bet)



PokerStars Hand #254447026980:  Hold'em No Limit ($0.50/$1.00 USD) - 2025/01/19 14:03:34 WET [2025/01/19 9:03:34 ET]
Table 'Achilles IV' 6-max Seat #3 is the button
Seat 1: Nicedaymybro ($100 in chips) 
Seat 2: mr.Jckpot ($100 in chips) 
Seat 3: yzuk ($105 in chips) 
Seat 4: emimeth ($46.19 in chips) 
Seat 5: nastja336 ($117.98 in chips) 
Seat 6: CichiChanMarian ($119.69 in chips) 
emimeth: posts small blind $0.50
nastja336: posts big blind $1
*** HOLE CARDS ***
CichiChanMarian: raises $1.50 to $2.50
Nicedaymybro: folds 
mr.Jckpot: raises $5 to $7.50
yzuk: folds 
emimeth: calls $7
nastja336: folds 
CichiChanMarian: calls $5
*** FLOP *** [9c 3s 8d]
emimeth: checks 
CichiChanMarian: checks 
mr.Jckpot: bets $12.28
emimeth: calls $12.28
CichiChanMarian: folds 
*** TURN *** [9c 3s 8d] [5d]
emimeth: checks 
mr.Jckpot: bets $25.11
emimeth: calls $25.11
*** RIVER *** [9c 3s 8d 5d] [3c]
emimeth: bets $1.30 and is all-in
mr.Jckpot: calls $1.30
*** SHOW DOWN ***
emimeth: shows [8c Tc] (two pair, Eights and Threes)
mr.Jckpot: shows [Ks Kc] (two pair, Kings and Threes)
mr.Jckpot collected $98.38 from pot
*** SUMMARY ***
Total pot $100.88 | Rake $2.50 
Board [9c 3s 8d 5d 3c]
Seat 1: Nicedaymybro folded before Flop (didn't bet)
Seat 2: mr.Jckpot showed [Ks Kc] and won ($98.38) with two pair, Kings and Threes
Seat 3: yzuk (button) folded before Flop (didn't bet)
Seat 4: emimeth (small blind) showed [8c Tc] and lost with two pair, Eights and Threes
Seat 5: nastja336 (big blind) folded before Flop
Seat 6: CichiChanMarian folded on the Flop



PokerStars Hand #254447040052:  Hold'em No Limit ($0.50/$1.00 USD) - 2025/01/19 14:04:37 WET [2025/01/19 9:04:37 ET]
Table 'Achilles IV' 6-max Seat #5 is the button
Seat 4: emimeth ($0 in chips) is sitting out
Seat 1: Nicedaymybro ($100 in chips) 
Seat 2: mr.Jckpot ($152.19 in chips) 
Seat 3: yzuk ($105 in chips) 
Seat 5: nastja336 ($116.98 in chips) 
Seat 6: CichiChanMarian ($112.19 in chips) 
CichiChanMarian: posts small blind $0.50
Nicedaymybro: posts big blind $1
*** HOLE CARDS ***
mr.Jckpot: folds 
yzuk: folds 
nastja336: folds 
CichiChanMarian: folds 
Uncalled bet ($0.50) returned to Nicedaymybro
Nicedaymybro collected $1 from pot
Nicedaymybro: doesn't show hand 
*** SUMMARY ***
Total pot $1 | Rake $0 
Seat 4: emimeth
Seat 1: Nicedaymybro (big blind) collected ($1)
Seat 2: mr.Jckpot folded before Flop (didn't bet)
Seat 3: yzuk folded before Flop (didn't bet)
Seat 5: nastja336 (button) folded before Flop (didn't bet)
Seat 6: CichiChanMarian (small blind) folded before Flop



