PokerStars Hand #254448716131:  Hold'em No Limit ($0.50/$1.00 USD) - 2025/01/19 16:06:00 WET [2025/01/19 11:06:00 ET]
Table 'Amphitrite IV' 6-max Seat #4 is the button
Seat 2: Jt0709 ($49.49 in chips) 
Seat 3: nastja336 ($100 in chips) 
Seat 4: neirfyS ($116.60 in chips) 
Jt0709: posts small blind $0.50
nastja336: posts big blind $1
*** HOLE CARDS ***
neirfyS: folds 
Jt0709: raises $2 to $3
nastja336: folds 
Uncalled bet ($2) returned to Jt0709
Burlica2013 joins the table at seat #5 
Jt0709 collected $2 from pot
Pippa83 joins the table at seat #1 
*** SUMMARY ***
Total pot $2 | Rake $0 
Seat 2: Jt0709 (small blind) collected ($2)
Seat 3: nastja336 (big blind) folded before Flop
Seat 4: neirfyS (button) folded before Flop (didn't bet)



PokerStars Hand #254448720365:  Hold'em No Limit ($0.50/$1.00 USD) - 2025/01/19 16:06:15 WET [2025/01/19 11:06:15 ET]
Table 'Amphitrite IV' 6-max Seat #2 is the button
Seat 1: Pippa83 ($100 in chips) is sitting out
Seat 5: Burlica2013 ($100 in chips) is sitting out
Seat 2: Jt0709 ($50.49 in chips) 
Seat 3: nastja336 ($100 in chips) 
Seat 4: neirfyS ($116.60 in chips) 
nastja336: posts small blind $0.50
neirfyS: posts big blind $1
Burlica2013: sits out 
Pippa83: sits out 
*** HOLE CARDS ***
Jt0709: folds 
nastja336: folds 
Uncalled bet ($0.50) returned to neirfyS
iNeverBluff398 joins the table at seat #6 
neirfyS collected $1 from pot
neirfyS: doesn't show hand 
*** SUMMARY ***
Total pot $1 | Rake $0 
Seat 1: Pippa83
Seat 5: Burlica2013
Seat 2: Jt0709 (button) folded before Flop (didn't bet)
Seat 3: nastja336 (small blind) folded before Flop
Seat 4: neirfyS (big blind) collected ($1)



PokerStars Hand #254448723979:  Hold'em No Limit ($0.50/$1.00 USD) - 2025/01/19 16:06:29 WET [2025/01/19 11:06:29 ET]
Table 'Amphitrite IV' 6-max Seat #3 is the button
Seat 1: Pippa83 ($100 in chips) is sitting out
Seat 6: iNeverBluff398 ($100 in chips) is sitting out
Seat 2: Jt0709 ($50.49 in chips) 
Seat 3: nastja336 ($100 in chips) 
Seat 4: neirfyS ($117.10 in chips) 
Seat 5: Burlica2013 ($100 in chips) 
neirfyS: posts small blind $0.50
Burlica2013: posts big blind $1
iNeverBluff398: sits out 
Pippa83: sits out 
*** HOLE CARDS ***
Jt0709: folds 
nastja336: folds 
neirfyS: raises $2 to $3
Burlica2013: folds 
Uncalled bet ($2) returned to neirfyS
neirfyS collected $2 from pot
neirfyS: doesn't show hand 
*** SUMMARY ***
Total pot $2 | Rake $0 
Seat 1: Pippa83
Seat 6: iNeverBluff398
Seat 2: Jt0709 folded before Flop (didn't bet)
Seat 3: nastja336 (button) folded before Flop (didn't bet)
Seat 4: neirfyS (small blind) collected ($2)
Seat 5: Burlica2013 (big blind) folded before Flop



PokerStars Hand #254448732676:  Hold'em No Limit ($0.50/$1.00 USD) - 2025/01/19 16:07:00 WET [2025/01/19 11:07:00 ET]
Table 'Amphitrite IV' 6-max Seat #4 is the button
Seat 1: Pippa83 ($100 in chips) is sitting out
Seat 2: Jt0709 ($50.49 in chips) 
Seat 3: nastja336 ($100 in chips) 
Seat 4: neirfyS ($118.10 in chips) 
Seat 5: Burlica2013 ($100 in chips) 
Seat 6: iNeverBluff398 ($100 in chips) 
Burlica2013: posts small blind $0.50
iNeverBluff398: posts big blind $1
Pippa83: sits out 
*** HOLE CARDS ***
Jt0709: folds 
nastja336: folds 
neirfyS: folds 
Burlica2013: folds 
Uncalled bet ($0.50) returned to iNeverBluff398
iNeverBluff398 collected $1 from pot
iNeverBluff398: doesn't show hand 
*** SUMMARY ***
Total pot $1 | Rake $0 
Seat 1: Pippa83
Seat 2: Jt0709 folded before Flop (didn't bet)
Seat 3: nastja336 folded before Flop (didn't bet)
Seat 4: neirfyS (button) folded before Flop (didn't bet)
Seat 5: Burlica2013 (small blind) folded before Flop
Seat 6: iNeverBluff398 (big blind) collected ($1)



PokerStars Hand #254448741745:  Hold'em No Limit ($0.50/$1.00 USD) - 2025/01/19 16:07:33 WET [2025/01/19 11:07:33 ET]
Table 'Amphitrite IV' 6-max Seat #5 is the button
Seat 1: Pippa83 ($100 in chips) 
Seat 2: Jt0709 ($50.49 in chips) 
Seat 3: nastja336 ($100 in chips) 
Seat 4: neirfyS ($118.10 in chips) 
Seat 5: Burlica2013 ($100 in chips) 
Seat 6: iNeverBluff398 ($100.50 in chips) 
iNeverBluff398: posts small blind $0.50
Pippa83: posts big blind $1
*** HOLE CARDS ***
Jt0709: folds 
nastja336: folds 
neirfyS: folds 
Burlica2013: raises $1.45 to $2.45
iNeverBluff398: raises $8.05 to $10.50
Pippa83: folds 
Burlica2013: calls $8.05
*** FLOP *** [As 6h 3s]
iNeverBluff398: bets $5.23
Burlica2013: calls $5.23
*** TURN *** [As 6h 3s] [Qs]
iNeverBluff398: checks 
Burlica2013: checks 
*** RIVER *** [As 6h 3s Qs] [8s]
iNeverBluff398: checks 
Burlica2013: checks 
*** SHOW DOWN ***
iNeverBluff398: shows [Kc 8c] (a pair of Eights)
Burlica2013: shows [Th Ah] (a pair of Aces)
Burlica2013 collected $30.84 from pot
*** SUMMARY ***
Total pot $32.46 | Rake $1.62 
Board [As 6h 3s Qs 8s]
Seat 1: Pippa83 (big blind) folded before Flop
Seat 2: Jt0709 folded before Flop (didn't bet)
Seat 3: nastja336 folded before Flop (didn't bet)
Seat 4: neirfyS folded before Flop (didn't bet)
Seat 5: Burlica2013 (button) showed [Th Ah] and won ($30.84) with a pair of Aces
Seat 6: iNeverBluff398 (small blind) showed [Kc 8c] and lost with a pair of Eights



PokerStars Hand #254448761783:  Hold'em No Limit ($0.50/$1.00 USD) - 2025/01/19 16:08:45 WET [2025/01/19 11:08:45 ET]
Table 'Amphitrite IV' 6-max Seat #6 is the button
Seat 1: Pippa83 ($100 in chips) 
Seat 2: Jt0709 ($50.49 in chips) 
Seat 3: nastja336 ($100 in chips) 
Seat 4: neirfyS ($118.10 in chips) 
Seat 5: Burlica2013 ($115.11 in chips) 
Seat 6: iNeverBluff398 ($100 in chips) 
Pippa83: posts small blind $0.50
Jt0709: posts big blind $1
*** HOLE CARDS ***
nastja336: folds 
neirfyS: folds 
Burlica2013: folds 
iNeverBluff398: raises $1.20 to $2.20
Pippa83: raises $9.30 to $11.50
Jt0709: folds 
iNeverBluff398: folds 
Uncalled bet ($9.30) returned to Pippa83
Pippa83 collected $5.40 from pot
Pippa83: doesn't show hand 
*** SUMMARY ***
Total pot $5.40 | Rake $0 
Seat 1: Pippa83 (small blind) collected ($5.40)
Seat 2: Jt0709 (big blind) folded before Flop
Seat 3: nastja336 folded before Flop (didn't bet)
Seat 4: neirfyS folded before Flop (didn't bet)
Seat 5: Burlica2013 folded before Flop (didn't bet)
Seat 6: iNeverBluff398 (button) folded before Flop



PokerStars Hand #254448766466:  Hold'em No Limit ($0.50/$1.00 USD) - 2025/01/19 16:09:01 WET [2025/01/19 11:09:01 ET]
Table 'Amphitrite IV' 6-max Seat #1 is the button
Seat 1: Pippa83 ($103.20 in chips) 
Seat 2: Jt0709 ($49.49 in chips) 
Seat 3: nastja336 ($100 in chips) 
Seat 4: neirfyS ($118.10 in chips) 
Seat 5: Burlica2013 ($115.11 in chips) 
Seat 6: iNeverBluff398 ($100 in chips) 
Jt0709: posts small blind $0.50
nastja336: posts big blind $1
*** HOLE CARDS ***
neirfyS: folds 
Burlica2013: folds 
iNeverBluff398: folds 
Pippa83: raises $1.50 to $2.50
Jt0709: folds 
nastja336: folds 
Uncalled bet ($1.50) returned to Pippa83
Pippa83 collected $2.50 from pot
Pippa83: doesn't show hand 
*** SUMMARY ***
Total pot $2.50 | Rake $0 
Seat 1: Pippa83 (button) collected ($2.50)
Seat 2: Jt0709 (small blind) folded before Flop
Seat 3: nastja336 (big blind) folded before Flop
Seat 4: neirfyS folded before Flop (didn't bet)
Seat 5: Burlica2013 folded before Flop (didn't bet)
Seat 6: iNeverBluff398 folded before Flop (didn't bet)



PokerStars Hand #254448772037:  Hold'em No Limit ($0.50/$1.00 USD) - 2025/01/19 16:09:21 WET [2025/01/19 11:09:21 ET]
Table 'Amphitrite IV' 6-max Seat #2 is the button
Seat 1: Pippa83 ($104.70 in chips) 
Seat 2: Jt0709 ($48.99 in chips) 
Seat 3: nastja336 ($100 in chips) 
Seat 4: neirfyS ($118.10 in chips) 
Seat 5: Burlica2013 ($115.11 in chips) 
Seat 6: iNeverBluff398 ($100 in chips) 
nastja336: posts small blind $0.50
neirfyS: posts big blind $1
*** HOLE CARDS ***
Burlica2013: folds 
iNeverBluff398: folds 
Pippa83: folds 
Jt0709: folds 
nastja336: raises $2 to $3
neirfyS: folds 
Uncalled bet ($2) returned to nastja336
nastja336 collected $2 from pot
nastja336: doesn't show hand 
*** SUMMARY ***
Total pot $2 | Rake $0 
Seat 1: Pippa83 folded before Flop (didn't bet)
Seat 2: Jt0709 (button) folded before Flop (didn't bet)
Seat 3: nastja336 (small blind) collected ($2)
Seat 4: neirfyS (big blind) folded before Flop
Seat 5: Burlica2013 folded before Flop (didn't bet)
Seat 6: iNeverBluff398 folded before Flop (didn't bet)



PokerStars Hand #254448776975:  Hold'em No Limit ($0.50/$1.00 USD) - 2025/01/19 16:09:39 WET [2025/01/19 11:09:39 ET]
Table 'Amphitrite IV' 6-max Seat #3 is the button
Seat 5: Burlica2013 ($115.11 in chips) is sitting out
Seat 1: Pippa83 ($104.70 in chips) 
Seat 2: Jt0709 ($48.99 in chips) 
Seat 3: nastja336 ($101 in chips) 
Seat 4: neirfyS ($117.10 in chips) 
Seat 6: iNeverBluff398 ($100 in chips) 
neirfyS: posts small blind $0.50
Burlica2013: is sitting out 
iNeverBluff398: posts big blind $1
*** HOLE CARDS ***
Pippa83: folds 
Burlica2013 leaves the table
Jt0709: folds 
nastja336: folds 
Powerpoint66 joins the table at seat #5 
neirfyS: raises $2 to $3
iNeverBluff398: calls $2
*** FLOP *** [Jd 9d Ts]
neirfyS: bets $1.90
iNeverBluff398: calls $1.90
*** TURN *** [Jd 9d Ts] [6d]
neirfyS: bets $3.10
iNeverBluff398: calls $3.10
*** RIVER *** [Jd 9d Ts 6d] [5c]
neirfyS: bets $22.80
iNeverBluff398: folds 
Uncalled bet ($22.80) returned to neirfyS
neirfyS collected $15.20 from pot
neirfyS: doesn't show hand 
*** SUMMARY ***
Total pot $16 | Rake $0.80 
Board [Jd 9d Ts 6d 5c]
Seat 5: Burlica2013
Seat 1: Pippa83 folded before Flop (didn't bet)
Seat 2: Jt0709 folded before Flop (didn't bet)
Seat 3: nastja336 (button) folded before Flop (didn't bet)
Seat 4: neirfyS (small blind) collected ($15.20)
Seat 6: iNeverBluff398 (big blind) folded on the River



PokerStars Hand #254448789003:  Hold'em No Limit ($0.50/$1.00 USD) - 2025/01/19 16:10:22 WET [2025/01/19 11:10:22 ET]
Table 'Amphitrite IV' 6-max Seat #4 is the button
Seat 5: Powerpoint66 ($80 in chips) is sitting out
Seat 1: Pippa83 ($104.70 in chips) 
Seat 2: Jt0709 ($48.99 in chips) 
Seat 3: nastja336 ($101 in chips) 
Seat 4: neirfyS ($124.30 in chips) 
Seat 6: iNeverBluff398 ($100 in chips) 
iNeverBluff398: posts small blind $0.50
Pippa83: posts big blind $1
*** HOLE CARDS ***
Jt0709: folds 
nastja336: folds 
neirfyS: folds 
iNeverBluff398: folds 
Uncalled bet ($0.50) returned to Pippa83
Pippa83 collected $1 from pot
Pippa83: doesn't show hand 
*** SUMMARY ***
Total pot $1 | Rake $0 
Seat 5: Powerpoint66
Seat 1: Pippa83 (big blind) collected ($1)
Seat 2: Jt0709 folded before Flop (didn't bet)
Seat 3: nastja336 folded before Flop (didn't bet)
Seat 4: neirfyS (button) folded before Flop (didn't bet)
Seat 6: iNeverBluff398 (small blind) folded before Flop



PokerStars Hand #254448792809:  Hold'em No Limit ($0.50/$1.00 USD) - 2025/01/19 16:10:36 WET [2025/01/19 11:10:36 ET]
Table 'Amphitrite IV' 6-max Seat #6 is the button
Seat 5: Powerpoint66 ($80 in chips) is sitting out
Seat 1: Pippa83 ($105.20 in chips) 
Seat 2: Jt0709 ($48.99 in chips) 
Seat 3: nastja336 ($101 in chips) 
Seat 4: neirfyS ($124.30 in chips) 
Seat 6: iNeverBluff398 ($100 in chips) 
Pippa83: posts small blind $0.50
Jt0709: posts big blind $1
Powerpoint66: sits out 
*** HOLE CARDS ***
nastja336: folds 
neirfyS: folds 
iNeverBluff398: raises $1.20 to $2.20
Pippa83: folds 
Jt0709: folds 
Uncalled bet ($1.20) returned to iNeverBluff398
iNeverBluff398 collected $2.50 from pot
iNeverBluff398: doesn't show hand 
*** SUMMARY ***
Total pot $2.50 | Rake $0 
Seat 5: Powerpoint66
Seat 1: Pippa83 (small blind) folded before Flop
Seat 2: Jt0709 (big blind) folded before Flop
Seat 3: nastja336 folded before Flop (didn't bet)
Seat 4: neirfyS folded before Flop (didn't bet)
Seat 6: iNeverBluff398 (button) collected ($2.50)



PokerStars Hand #254448796215:  Hold'em No Limit ($0.50/$1.00 USD) - 2025/01/19 16:10:48 WET [2025/01/19 11:10:48 ET]
Table 'Amphitrite IV' 6-max Seat #1 is the button
Seat 3: nastja336 ($101 in chips) is sitting out
Seat 5: Powerpoint66 ($80 in chips) is sitting out
Seat 1: Pippa83 ($104.70 in chips) 
Seat 2: Jt0709 ($47.99 in chips) 
Seat 4: neirfyS ($124.30 in chips) 
Seat 6: iNeverBluff398 ($101.50 in chips) 
Jt0709: posts small blind $0.50
nastja336: is sitting out 
neirfyS: posts big blind $1
Powerpoint66: sits out 
*** HOLE CARDS ***
iNeverBluff398: folds 
nastja336 leaves the table
Pippa83: raises $1.50 to $2.50
Jt0709: folds 
neirfyS: calls $1.50
*** FLOP *** [2h Jh 7s]
neirfyS: checks 
Pippa83: checks 
*** TURN *** [2h Jh 7s] [5d]
neirfyS: checks 
Pippa83: checks 
*** RIVER *** [2h Jh 7s 5d] [Jc]
Joker007r joins the table at seat #3 
neirfyS: checks 
Pippa83: checks 
*** SHOW DOWN ***
neirfyS: shows [Tc Ac] (a pair of Jacks)
Pippa83: shows [2c Qc] (two pair, Jacks and Deuces)
Pippa83 collected $5.22 from pot
*** SUMMARY ***
Total pot $5.50 | Rake $0.28 
Board [2h Jh 7s 5d Jc]
Seat 3: nastja336
Seat 5: Powerpoint66
Seat 1: Pippa83 (button) showed [2c Qc] and won ($5.22) with two pair, Jacks and Deuces
Seat 2: Jt0709 (small blind) folded before Flop
Seat 4: neirfyS (big blind) showed [Tc Ac] and lost with a pair of Jacks
Seat 6: iNeverBluff398 folded before Flop (didn't bet)



PokerStars Hand #254448812351:  Hold'em No Limit ($0.50/$1.00 USD) - 2025/01/19 16:11:45 WET [2025/01/19 11:11:45 ET]
Table 'Amphitrite IV' 6-max Seat #2 is the button
Seat 3: Joker007r ($100 in chips) is sitting out
Seat 1: Pippa83 ($107.42 in chips) 
Seat 2: Jt0709 ($47.49 in chips) 
Seat 4: neirfyS ($121.80 in chips) 
Seat 5: Powerpoint66 ($80 in chips) 
Seat 6: iNeverBluff398 ($101.50 in chips) 
neirfyS: posts small blind $0.50
Powerpoint66: posts big blind $1
*** HOLE CARDS ***
iNeverBluff398: folds 
Pippa83: raises $1.50 to $2.50
Jt0709: folds 
neirfyS: folds 
Powerpoint66: folds 
Uncalled bet ($1.50) returned to Pippa83
Pippa83 collected $2.50 from pot
Pippa83: doesn't show hand 
*** SUMMARY ***
Total pot $2.50 | Rake $0 
Seat 3: Joker007r
Seat 1: Pippa83 collected ($2.50)
Seat 2: Jt0709 (button) folded before Flop (didn't bet)
Seat 4: neirfyS (small blind) folded before Flop
Seat 5: Powerpoint66 (big blind) folded before Flop
Seat 6: iNeverBluff398 folded before Flop (didn't bet)



PokerStars Hand #254448816140:  Hold'em No Limit ($0.50/$1.00 USD) - 2025/01/19 16:11:58 WET [2025/01/19 11:11:58 ET]
Table 'Amphitrite IV' 6-max Seat #4 is the button
Seat 3: Joker007r ($100 in chips) is sitting out
Seat 1: Pippa83 ($108.92 in chips) 
Seat 2: Jt0709 ($47.49 in chips) 
Seat 4: neirfyS ($121.30 in chips) 
Seat 5: Powerpoint66 ($79 in chips) 
Seat 6: iNeverBluff398 ($101.50 in chips) 
Powerpoint66: posts small blind $0.50
iNeverBluff398: posts big blind $1
Joker007r: sits out 
*** HOLE CARDS ***
Pippa83: raises $1.20 to $2.20
Jt0709: calls $2.20
neirfyS: folds 
Powerpoint66: calls $1.70
iNeverBluff398: calls $1.20
*** FLOP *** [Ad Kh Ac]
Powerpoint66: checks 
iNeverBluff398: checks 
Pippa83: bets $2.76
Jt0709: calls $2.76
Powerpoint66: folds 
iNeverBluff398: folds 
*** TURN *** [Ad Kh Ac] [2c]
Pippa83: bets $8
Jt0709: calls $8
*** RIVER *** [Ad Kh Ac 2c] [Js]
Pippa83: bets $21.60
Jt0709: calls $21.60
*** SHOW DOWN ***
Pippa83: shows [Ah Jc] (a full house, Aces full of Jacks)
Jt0709: mucks hand 
Pippa83 collected $71.02 from pot
*** SUMMARY ***
Total pot $73.52 | Rake $2.50 
Board [Ad Kh Ac 2c Js]
Seat 3: Joker007r
Seat 1: Pippa83 showed [Ah Jc] and won ($71.02) with a full house, Aces full of Jacks
Seat 2: Jt0709 mucked
Seat 4: neirfyS (button) folded before Flop (didn't bet)
Seat 5: Powerpoint66 (small blind) folded on the Flop
Seat 6: iNeverBluff398 (big blind) folded on the Flop



PokerStars Hand #254448834299:  Hold'em No Limit ($0.50/$1.00 USD) - 2025/01/19 16:13:02 WET [2025/01/19 11:13:02 ET]
Table 'Amphitrite IV' 6-max Seat #5 is the button
Seat 3: Joker007r ($100 in chips) is sitting out
Seat 1: Pippa83 ($145.38 in chips) 
Seat 2: Jt0709 ($12.93 in chips) 
Seat 4: neirfyS ($121.30 in chips) 
Seat 5: Powerpoint66 ($76.80 in chips) 
Seat 6: iNeverBluff398 ($100 in chips) 
iNeverBluff398: posts small blind $0.50
Pippa83: posts big blind $1
Joker007r: sits out 
*** HOLE CARDS ***
Jt0709: folds 
neirfyS: folds 
neirfyS leaves the table
Powerpoint66: folds 
iNeverBluff398: raises $2 to $3
Pippa83: folds 
Uncalled bet ($2) returned to iNeverBluff398
iNeverBluff398 collected $2 from pot
iNeverBluff398: doesn't show hand 
*** SUMMARY ***
Total pot $2 | Rake $0 
Seat 3: Joker007r
Seat 1: Pippa83 (big blind) folded before Flop
Seat 2: Jt0709 folded before Flop (didn't bet)
Seat 4: neirfyS folded before Flop (didn't bet)
Seat 5: Powerpoint66 (button) folded before Flop (didn't bet)
Seat 6: iNeverBluff398 (small blind) collected ($2)



PokerStars Hand #254448841236:  Hold'em No Limit ($0.50/$1.00 USD) - 2025/01/19 16:13:26 WET [2025/01/19 11:13:26 ET]
Table 'Amphitrite IV' 6-max Seat #6 is the button
Seat 3: Joker007r ($100 in chips) is sitting out
Seat 1: Pippa83 ($144.38 in chips) 
Seat 2: Jt0709 ($12.93 in chips) 
Seat 5: Powerpoint66 ($76.80 in chips) 
Seat 6: iNeverBluff398 ($101 in chips) 
Pippa83: posts small blind $0.50
Jt0709: posts big blind $1
Joker007r: sits out 
*** HOLE CARDS ***
Powerpoint66: calls $1
iNeverBluff398: raises $6 to $7
Pippa83: folds 
Jt0709: raises $5.93 to $12.93 and is all-in
Powerpoint66: folds 
iNeverBluff398: calls $5.93
*** FLOP *** [Ah Kc 5s]
*** TURN *** [Ah Kc 5s] [7s]
*** RIVER *** [Ah Kc 5s 7s] [Kd]
*** SHOW DOWN ***
Jt0709: shows [Qc Ac] (two pair, Aces and Kings)
iNeverBluff398: shows [Ts Ad] (two pair, Aces and Kings - lower kicker)
Jt0709 collected $26.36 from pot
*** SUMMARY ***
Total pot $27.36 | Rake $1 
Board [Ah Kc 5s 7s Kd]
Seat 3: Joker007r
Seat 1: Pippa83 (small blind) folded before Flop
Seat 2: Jt0709 (big blind) showed [Qc Ac] and won ($26.36) with two pair, Aces and Kings
Seat 5: Powerpoint66 folded before Flop
Seat 6: iNeverBluff398 (button) showed [Ts Ad] and lost with two pair, Aces and Kings



PokerStars Hand #254448847853:  Hold'em No Limit ($0.50/$1.00 USD) - 2025/01/19 16:13:50 WET [2025/01/19 11:13:50 ET]
Table 'Amphitrite IV' 6-max Seat #1 is the button
Seat 1: Pippa83 ($143.88 in chips) 
Seat 2: Jt0709 ($26.36 in chips) 
Seat 3: Joker007r ($100 in chips) 
Seat 5: Powerpoint66 ($75.80 in chips) 
Seat 6: iNeverBluff398 ($100 in chips) 
Jt0709: posts small blind $0.50
Joker007r: posts big blind $1
*** HOLE CARDS ***
BoyLoc0 joins the table at seat #4 
Powerpoint66 has timed out
Powerpoint66: folds 
iNeverBluff398: folds 
Pippa83: folds 
Jt0709: folds 
Uncalled bet ($0.50) returned to Joker007r
Joker007r collected $1 from pot
Joker007r: doesn't show hand 
*** SUMMARY ***
Total pot $1 | Rake $0 
Seat 1: Pippa83 (button) folded before Flop (didn't bet)
Seat 2: Jt0709 (small blind) folded before Flop
Seat 3: Joker007r (big blind) collected ($1)
Seat 5: Powerpoint66 folded before Flop (didn't bet)
Seat 6: iNeverBluff398 folded before Flop (didn't bet)



PokerStars Hand #254448853648:  Hold'em No Limit ($0.50/$1.00 USD) - 2025/01/19 16:14:10 WET [2025/01/19 11:14:10 ET]
Table 'Amphitrite IV' 6-max Seat #2 is the button
Seat 1: Pippa83 ($143.88 in chips) 
Seat 2: Jt0709 ($25.86 in chips) 
Seat 3: Joker007r ($100.50 in chips) 
Seat 4: BoyLoc0 ($100 in chips) 
Seat 5: Powerpoint66 ($75.80 in chips) 
Seat 6: iNeverBluff398 ($100 in chips) 
Joker007r: posts small blind $0.50
BoyLoc0: posts big blind $1
*** HOLE CARDS ***
Powerpoint66: folds 
iNeverBluff398: folds 
Pippa83: folds 
Jt0709: folds 
Joker007r: folds 
Uncalled bet ($0.50) returned to BoyLoc0
BoyLoc0 collected $1 from pot
BoyLoc0: doesn't show hand 
*** SUMMARY ***
Total pot $1 | Rake $0 
Seat 1: Pippa83 folded before Flop (didn't bet)
Seat 2: Jt0709 (button) folded before Flop (didn't bet)
Seat 3: Joker007r (small blind) folded before Flop
Seat 4: BoyLoc0 (big blind) collected ($1)
Seat 5: Powerpoint66 folded before Flop (didn't bet)
Seat 6: iNeverBluff398 folded before Flop (didn't bet)



PokerStars Hand #254449358190:  Hold'em No Limit ($0.50/$1.00 USD) - 2025/01/19 16:14:26 WET [2025/01/19 11:14:26 ET]
Table 'Amphitrite IV' 6-max Seat #3 is the button
Seat 1: Pippa83 ($143.88 in chips) 
Seat 2: Jt0709 ($25.86 in chips) 
Seat 3: Joker007r ($100 in chips) 
Seat 4: BoyLoc0 ($100.50 in chips) 
Seat 5: Powerpoint66 ($75.80 in chips) 
Seat 6: iNeverBluff398 ($100 in chips) 
BoyLoc0: posts small blind $0.50
Powerpoint66: posts big blind $1
*** HOLE CARDS ***
iNeverBluff398: folds 
iNeverBluff398 leaves the table
Pippa83: folds 
Jt0709: folds 
Joker007r: folds 
BoyLoc0: raises $2 to $3
Powerpoint66: calls $2
*** FLOP *** [Kd 8d 4c]
BoyLoc0: bets $1.88
Powerpoint66: raises $5.12 to $7
BoyLoc0: raises $14.78 to $21.78
Powerpoint66: folds 
Uncalled bet ($14.78) returned to BoyLoc0
BoyLoc0 collected $19 from pot
BoyLoc0: doesn't show hand 
Bejondeiala joins the table at seat #6 
*** SUMMARY ***
Total pot $20 | Rake $1 
Board [Kd 8d 4c]
Seat 1: Pippa83 folded before Flop (didn't bet)
Seat 2: Jt0709 folded before Flop (didn't bet)
Seat 3: Joker007r (button) folded before Flop (didn't bet)
Seat 4: BoyLoc0 (small blind) collected ($19)
Seat 5: Powerpoint66 (big blind) folded on the Flop
Seat 6: iNeverBluff398 folded before Flop (didn't bet)



PokerStars Hand #254449371034:  Hold'em No Limit ($0.50/$1.00 USD) - 2025/01/19 16:15:11 WET [2025/01/19 11:15:11 ET]
Table 'Amphitrite IV' 6-max Seat #5 is the button
Seat 6: Bejondeiala ($100 in chips) is sitting out
Seat 1: Pippa83 ($143.88 in chips) 
Seat 2: Jt0709 ($25.86 in chips) 
Seat 3: Joker007r ($100 in chips) 
Seat 5: Powerpoint66 ($65.80 in chips) 
Pippa83: posts small blind $0.50
Jt0709: posts big blind $1
*** HOLE CARDS ***
Joker007r: raises $1.50 to $2.50
Powerpoint66: folds 
Pippa83: folds 
Jt0709: folds 
Uncalled bet ($1.50) returned to Joker007r
Joker007r collected $2.50 from pot
Joker007r: doesn't show hand 
*** SUMMARY ***
Total pot $2.50 | Rake $0 
Seat 6: Bejondeiala
Seat 1: Pippa83 (small blind) folded before Flop
Seat 2: Jt0709 (big blind) folded before Flop
Seat 3: Joker007r collected ($2.50)
Seat 5: Powerpoint66 (button) folded before Flop (didn't bet)



PokerStars Hand #254449374784:  Hold'em No Limit ($0.50/$1.00 USD) - 2025/01/19 16:15:24 WET [2025/01/19 11:15:24 ET]
Table 'Amphitrite IV' 6-max Seat #1 is the button
Seat 6: Bejondeiala ($100 in chips) is sitting out
Seat 1: Pippa83 ($143.38 in chips) 
Seat 2: Jt0709 ($24.86 in chips) 
Seat 3: Joker007r ($101.50 in chips) 
Seat 5: Powerpoint66 ($65.80 in chips) 
Jt0709: posts small blind $0.50
Joker007r: posts big blind $1
Bejondeiala: sits out 
*** HOLE CARDS ***
Powerpoint66: folds 
Pippa83: folds 
Jt0709: folds 
Uncalled bet ($0.50) returned to Joker007r
Joker007r collected $1 from pot
Joker007r: doesn't show hand 
*** SUMMARY ***
Total pot $1 | Rake $0 
Seat 6: Bejondeiala
Seat 1: Pippa83 (button) folded before Flop (didn't bet)
Seat 2: Jt0709 (small blind) folded before Flop
Seat 3: Joker007r (big blind) collected ($1)
Seat 5: Powerpoint66 folded before Flop (didn't bet)



PokerStars Hand #254449379812:  Hold'em No Limit ($0.50/$1.00 USD) - 2025/01/19 16:15:42 WET [2025/01/19 11:15:42 ET]
Table 'Amphitrite IV' 6-max Seat #2 is the button
Seat 6: Bejondeiala ($100 in chips) is sitting out
Seat 1: Pippa83 ($143.38 in chips) 
Seat 2: Jt0709 ($24.36 in chips) 
Seat 3: Joker007r ($102 in chips) 
Seat 5: Powerpoint66 ($65.80 in chips) 
Joker007r: posts small blind $0.50
Powerpoint66: posts big blind $1
Bejondeiala: sits out 
*** HOLE CARDS ***
Pippa83: folds 
Jt0709: folds 
Joker007r: raises $1.50 to $2.50
Powerpoint66: calls $1.50
*** FLOP *** [Ks 5h 9s]
Joker007r: bets $3.17
Powerpoint66: folds 
Uncalled bet ($3.17) returned to Joker007r
Joker007r collected $4.75 from pot
Joker007r: doesn't show hand 
*** SUMMARY ***
Total pot $5 | Rake $0.25 
Board [Ks 5h 9s]
Seat 6: Bejondeiala
Seat 1: Pippa83 folded before Flop (didn't bet)
Seat 2: Jt0709 (button) folded before Flop (didn't bet)
Seat 3: Joker007r (small blind) collected ($4.75)
Seat 5: Powerpoint66 (big blind) folded on the Flop



PokerStars Hand #254449390039:  Hold'em No Limit ($0.50/$1.00 USD) - 2025/01/19 16:16:17 WET [2025/01/19 11:16:17 ET]
Table 'Amphitrite IV' 6-max Seat #3 is the button
Seat 1: Pippa83 ($143.38 in chips) 
Seat 2: Jt0709 ($24.36 in chips) 
Seat 3: Joker007r ($104.25 in chips) 
Seat 5: Powerpoint66 ($63.30 in chips) 
Seat 6: Bejondeiala ($100 in chips) 
Powerpoint66: posts small blind $0.50
Bejondeiala: posts big blind $1
*** HOLE CARDS ***
Pippa83: folds 
Jt0709: raises $2 to $3
Joker007r: folds 
Powerpoint66: calls $2.50
Bejondeiala: calls $2
*** FLOP *** [Kd 3c 4c]
Powerpoint66: checks 
Bejondeiala: checks 
Jt0709: bets $3
Powerpoint66: calls $3
Bejondeiala: raises $8.78 to $11.78
Jt0709: folds 
Powerpoint66: calls $8.78
*** TURN *** [Kd 3c 4c] [Tc]
Powerpoint66: checks 
Bejondeiala: bets $47.29
kenk101 joins the table at seat #4 
kenk101 is disconnected 
Powerpoint66: folds [Kh]
Uncalled bet ($47.29) returned to Bejondeiala
Bejondeiala collected $33.78 from pot
Bejondeiala: doesn't show hand 
*** SUMMARY ***
Total pot $35.56 | Rake $1.78 
Board [Kd 3c 4c Tc]
Seat 1: Pippa83 folded before Flop (didn't bet)
Seat 2: Jt0709 folded on the Flop
Seat 3: Joker007r (button) folded before Flop (didn't bet)
Seat 5: Powerpoint66 (small blind) folded on the Turn
Seat 6: Bejondeiala (big blind) collected ($33.78)



PokerStars Hand #254449421691:  Hold'em No Limit ($0.50/$1.00 USD) - 2025/01/19 16:18:07 WET [2025/01/19 11:18:07 ET]
Table 'Amphitrite IV' 6-max Seat #5 is the button
Seat 1: Pippa83 ($143.38 in chips) 
Seat 2: Jt0709 ($18.36 in chips) 
Seat 3: Joker007r ($104.25 in chips) 
Seat 4: kenk101 ($100 in chips) 
Seat 5: Powerpoint66 ($48.52 in chips) 
Seat 6: Bejondeiala ($119 in chips) 
Bejondeiala: posts small blind $0.50
Pippa83: posts big blind $1
kenk101: posts big blind $1
*** HOLE CARDS ***
Jt0709: folds 
Joker007r: folds 
kenk101: raises $2 to $3
Powerpoint66: folds 
Bejondeiala: folds 
Pippa83: raises $8 to $11
kenk101: calls $8
*** FLOP *** [7s 8h 5h]
Pippa83: checks 
kenk101: bets $21
Pippa83: folds 
Uncalled bet ($21) returned to kenk101
kenk101 collected $21.38 from pot
*** SUMMARY ***
Total pot $22.50 | Rake $1.12 
Board [7s 8h 5h]
Seat 1: Pippa83 (big blind) folded on the Flop
Seat 2: Jt0709 folded before Flop (didn't bet)
Seat 3: Joker007r folded before Flop (didn't bet)
Seat 4: kenk101 collected ($21.38)
Seat 5: Powerpoint66 (button) folded before Flop (didn't bet)
Seat 6: Bejondeiala (small blind) folded before Flop



PokerStars Hand #254449440545:  Hold'em No Limit ($0.50/$1.00 USD) - 2025/01/19 16:19:13 WET [2025/01/19 11:19:13 ET]
Table 'Amphitrite IV' 6-max Seat #6 is the button
Seat 1: Pippa83 ($132.38 in chips) 
Seat 2: Jt0709 ($18.36 in chips) 
Seat 3: Joker007r ($104.25 in chips) 
Seat 4: kenk101 ($110.38 in chips) 
Seat 5: Powerpoint66 ($62.52 in chips) 
Seat 6: Bejondeiala ($118.50 in chips) 
Pippa83: posts small blind $0.50
Jt0709: posts big blind $1
*** HOLE CARDS ***
Joker007r: folds 
kenk101: folds 
Powerpoint66: folds 
Bejondeiala: folds 
Pippa83: folds 
Uncalled bet ($0.50) returned to Jt0709
Jt0709 collected $1 from pot
*** SUMMARY ***
Total pot $1 | Rake $0 
Seat 1: Pippa83 (small blind) folded before Flop
Seat 2: Jt0709 (big blind) collected ($1)
Seat 3: Joker007r folded before Flop (didn't bet)
Seat 4: kenk101 folded before Flop (didn't bet)
Seat 5: Powerpoint66 folded before Flop (didn't bet)
Seat 6: Bejondeiala (button) folded before Flop (didn't bet)



PokerStars Hand #254449445241:  Hold'em No Limit ($0.50/$1.00 USD) - 2025/01/19 16:19:29 WET [2025/01/19 11:19:29 ET]
Table 'Amphitrite IV' 6-max Seat #1 is the button
Seat 1: Pippa83 ($131.88 in chips) 
Seat 2: Jt0709 ($18.86 in chips) 
Seat 3: Joker007r ($104.25 in chips) 
Seat 4: kenk101 ($110.38 in chips) 
Seat 5: Powerpoint66 ($62.52 in chips) 
Seat 6: Bejondeiala ($118.50 in chips) 
Jt0709: posts small blind $0.50
Joker007r: posts big blind $1
*** HOLE CARDS ***
kenk101: folds 
Powerpoint66: calls $1
Bejondeiala: folds 
Pippa83: folds 
Jt0709: folds 
Joker007r: checks 
*** FLOP *** [2h Kh 3c]
Joker007r: checks 
Powerpoint66: checks 
*** TURN *** [2h Kh 3c] [Qh]
Joker007r: checks 
Powerpoint66: checks 
*** RIVER *** [2h Kh 3c Qh] [3h]
Joker007r: checks 
Powerpoint66: bets $4
Joker007r: folds 
Uncalled bet ($4) returned to Powerpoint66
Powerpoint66 collected $2.35 from pot
*** SUMMARY ***
Total pot $2.50 | Rake $0.15 
Board [2h Kh 3c Qh 3h]
Seat 1: Pippa83 (button) folded before Flop (didn't bet)
Seat 2: Jt0709 (small blind) folded before Flop
Seat 3: Joker007r (big blind) folded on the River
Seat 4: kenk101 folded before Flop (didn't bet)
Seat 5: Powerpoint66 collected ($2.35)
Seat 6: Bejondeiala folded before Flop (didn't bet)



PokerStars Hand #254449465016:  Hold'em No Limit ($0.50/$1.00 USD) - 2025/01/19 16:20:38 WET [2025/01/19 11:20:38 ET]
Table 'Amphitrite IV' 6-max Seat #2 is the button
Seat 1: Pippa83 ($131.88 in chips) 
Seat 2: Jt0709 ($18.36 in chips) 
Seat 3: Joker007r ($103.25 in chips) 
Seat 4: kenk101 ($110.38 in chips) 
Seat 5: Powerpoint66 ($63.87 in chips) 
Seat 6: Bejondeiala ($118.50 in chips) 
Joker007r: posts small blind $0.50
kenk101: posts big blind $1
*** HOLE CARDS ***
Powerpoint66: folds 
Bejondeiala: folds 
Pippa83: raises $1.50 to $2.50
Jt0709: raises $15.86 to $18.36 and is all-in
Joker007r: folds 
kenk101: folds 
Pippa83: folds 
Uncalled bet ($15.86) returned to Jt0709
Jt0709 collected $6.50 from pot
*** SUMMARY ***
Total pot $6.50 | Rake $0 
Seat 1: Pippa83 folded before Flop
Seat 2: Jt0709 (button) collected ($6.50)
Seat 3: Joker007r (small blind) folded before Flop
Seat 4: kenk101 (big blind) folded before Flop
Seat 5: Powerpoint66 folded before Flop (didn't bet)
Seat 6: Bejondeiala folded before Flop (didn't bet)



PokerStars Hand #254449469892:  Hold'em No Limit ($0.50/$1.00 USD) - 2025/01/19 16:20:54 WET [2025/01/19 11:20:54 ET]
Table 'Amphitrite IV' 6-max Seat #3 is the button
Seat 1: Pippa83 ($129.38 in chips) 
Seat 2: Jt0709 ($22.36 in chips) 
Seat 3: Joker007r ($102.75 in chips) 
Seat 4: kenk101 ($109.38 in chips) 
Seat 5: Powerpoint66 ($63.87 in chips) 
Seat 6: Bejondeiala ($118.50 in chips) 
kenk101: posts small blind $0.50
Powerpoint66: posts big blind $1
*** HOLE CARDS ***
Bejondeiala: folds 
Pippa83: folds 
Jt0709: raises $21.36 to $22.36 and is all-in
Joker007r: folds 
kenk101: folds 
Pippa83 leaves the table
Powerpoint66: folds 
Uncalled bet ($21.36) returned to Jt0709
Jt0709 collected $2.50 from pot
*** SUMMARY ***
Total pot $2.50 | Rake $0 
Seat 1: Pippa83 folded before Flop (didn't bet)
Seat 2: Jt0709 collected ($2.50)
Seat 3: Joker007r (button) folded before Flop (didn't bet)
Seat 4: kenk101 (small blind) folded before Flop
Seat 5: Powerpoint66 (big blind) folded before Flop
Seat 6: Bejondeiala folded before Flop (didn't bet)



PokerStars Hand #254449481902:  Hold'em No Limit ($0.50/$1.00 USD) - 2025/01/19 16:21:36 WET [2025/01/19 11:21:36 ET]
Table 'Amphitrite IV' 6-max Seat #4 is the button
Seat 2: Jt0709 ($23.86 in chips) 
Seat 3: Joker007r ($102.75 in chips) 
Seat 4: kenk101 ($108.88 in chips) 
Seat 5: Powerpoint66 ($62.87 in chips) 
Seat 6: Bejondeiala ($118.50 in chips) 
Powerpoint66: posts small blind $0.50
Bejondeiala: posts big blind $1
*** HOLE CARDS ***
Jt0709: folds 
Joker007r: folds 
kenk101: folds 
Powerpoint66: calls $0.50
Bejondeiala: checks 
*** FLOP *** [Td 8s 5c]
Powerpoint66: checks 
Bejondeiala: bets $1
Powerpoint66: calls $1
*** TURN *** [Td 8s 5c] [Qc]
Powerpoint66: checks 
Bejondeiala: bets $2.85
Powerpoint66: calls $2.85
*** RIVER *** [Td 8s 5c Qc] [Ts]
Powerpoint66: checks 
Bejondeiala: bets $6.92
Powerpoint66 has timed out
Powerpoint66: folds 
Uncalled bet ($6.92) returned to Bejondeiala
Bejondeiala collected $9.22 from pot
Bejondeiala: doesn't show hand 
*** SUMMARY ***
Total pot $9.70 | Rake $0.48 
Board [Td 8s 5c Qc Ts]
Seat 2: Jt0709 folded before Flop (didn't bet)
Seat 3: Joker007r folded before Flop (didn't bet)
Seat 4: kenk101 (button) folded before Flop (didn't bet)
Seat 5: Powerpoint66 (small blind) folded on the River
Seat 6: Bejondeiala (big blind) collected ($9.22)



PokerStars Hand #254449514496:  Hold'em No Limit ($0.50/$1.00 USD) - 2025/01/19 16:23:30 WET [2025/01/19 11:23:30 ET]
Table 'Amphitrite IV' 6-max Seat #6 is the button
Seat 5: Powerpoint66 ($58.02 in chips) is sitting out
Seat 2: Jt0709 ($23.86 in chips) 
Seat 3: Joker007r ($102.75 in chips) 
Seat 4: kenk101 ($108.88 in chips) 
Seat 6: Bejondeiala ($122.87 in chips) 
Jt0709: posts small blind $0.50
Joker007r: posts big blind $1
*** HOLE CARDS ***
kenk101: folds 
Bejondeiala: raises $1.50 to $2.50
Jt0709: folds 
Joker007r: raises $8.50 to $11
Bejondeiala: folds 
Uncalled bet ($8.50) returned to Joker007r
Joker007r collected $5.50 from pot
Joker007r: doesn't show hand 
*** SUMMARY ***
Total pot $5.50 | Rake $0 
Seat 5: Powerpoint66
Seat 2: Jt0709 (small blind) folded before Flop
Seat 3: Joker007r (big blind) collected ($5.50)
Seat 4: kenk101 folded before Flop (didn't bet)
Seat 6: Bejondeiala (button) folded before Flop



PokerStars Hand #254449523104:  Hold'em No Limit ($0.50/$1.00 USD) - 2025/01/19 16:24:00 WET [2025/01/19 11:24:00 ET]
Table 'Amphitrite IV' 6-max Seat #2 is the button
Seat 5: Powerpoint66 ($58.02 in chips) is sitting out
Seat 2: Jt0709 ($23.36 in chips) 
Seat 3: Joker007r ($105.75 in chips) 
Seat 4: kenk101 ($108.88 in chips) 
Seat 6: Bejondeiala ($120.37 in chips) 
Joker007r: posts small blind $0.50
kenk101: posts big blind $1
*** HOLE CARDS ***
Bejondeiala: folds 
Jt0709: folds 
Joker007r: folds 
Uncalled bet ($0.50) returned to kenk101
kenk101 collected $1 from pot
*** SUMMARY ***
Total pot $1 | Rake $0 
Seat 5: Powerpoint66
Seat 2: Jt0709 (button) folded before Flop (didn't bet)
Seat 3: Joker007r (small blind) folded before Flop
Seat 4: kenk101 (big blind) collected ($1)
Seat 6: Bejondeiala folded before Flop (didn't bet)



PokerStars Hand #254449526088:  Hold'em No Limit ($0.50/$1.00 USD) - 2025/01/19 16:24:10 WET [2025/01/19 11:24:10 ET]
Table 'Amphitrite IV' 6-max Seat #3 is the button
Seat 5: Powerpoint66 ($58.02 in chips) is sitting out
Seat 2: Jt0709 ($23.36 in chips) 
Seat 3: Joker007r ($105.25 in chips) 
Seat 4: kenk101 ($109.38 in chips) 
Seat 6: Bejondeiala ($120.37 in chips) 
kenk101: posts small blind $0.50
Bejondeiala: posts big blind $1
*** HOLE CARDS ***
Jt0709: folds 
Joker007r: folds 
kenk101: raises $1 to $2
Bejondeiala: calls $1
*** FLOP *** [Qc 4d 8c]
kenk101: checks 
Bejondeiala: bets $1.33
kenk101: folds 
Uncalled bet ($1.33) returned to Bejondeiala
Bejondeiala collected $3.80 from pot
Bejondeiala: doesn't show hand 
*** SUMMARY ***
Total pot $4 | Rake $0.20 
Board [Qc 4d 8c]
Seat 5: Powerpoint66
Seat 2: Jt0709 folded before Flop (didn't bet)
Seat 3: Joker007r (button) folded before Flop (didn't bet)
Seat 4: kenk101 (small blind) folded on the Flop
Seat 6: Bejondeiala (big blind) collected ($3.80)



PokerStars Hand #254449536405:  Hold'em No Limit ($0.50/$1.00 USD) - 2025/01/19 16:24:46 WET [2025/01/19 11:24:46 ET]
Table 'Amphitrite IV' 6-max Seat #4 is the button
Seat 5: Powerpoint66 ($58.02 in chips) is sitting out
Seat 2: Jt0709 ($23.36 in chips) 
Seat 3: Joker007r ($105.25 in chips) 
Seat 4: kenk101 ($107.38 in chips) 
Seat 6: Bejondeiala ($122.17 in chips) 
Bejondeiala: posts small blind $0.50
Jt0709: posts big blind $1
*** HOLE CARDS ***
Joker007r: folds 
kenk101: folds 
Bejondeiala: raises $1.50 to $2.50
Jt0709: folds 
Uncalled bet ($1.50) returned to Bejondeiala
Bejondeiala collected $2 from pot
Bejondeiala: doesn't show hand 
Powerpoint66 leaves the table
LST2019 joins the table at seat #1 
*** SUMMARY ***
Total pot $2 | Rake $0 
Seat 5: Powerpoint66
Seat 2: Jt0709 (big blind) folded before Flop
Seat 3: Joker007r folded before Flop (didn't bet)
Seat 4: kenk101 (button) folded before Flop (didn't bet)
Seat 6: Bejondeiala (small blind) collected ($2)



PokerStars Hand #254449540759:  Hold'em No Limit ($0.50/$1.00 USD) - 2025/01/19 16:25:01 WET [2025/01/19 11:25:01 ET]
Table 'Amphitrite IV' 6-max Seat #6 is the button
Seat 1: LST2019 ($40 in chips) is sitting out
Seat 3: Joker007r ($105.25 in chips) is sitting out
Seat 2: Jt0709 ($22.36 in chips) 
Seat 4: kenk101 ($107.38 in chips) 
Seat 6: Bejondeiala ($123.17 in chips) 
LST2019 is disconnected 
Jt0709: posts small blind $0.50
Joker007r: is sitting out 
kenk101: posts big blind $1
*** HOLE CARDS ***
Bejondeiala: raises $1.50 to $2.50
Jt0709: folds 
nastja336 joins the table at seat #5 
kenk101: raises $7.50 to $10
Bejondeiala: folds 
Uncalled bet ($7.50) returned to kenk101
kenk101 collected $5.50 from pot
*** SUMMARY ***
Total pot $5.50 | Rake $0 
Seat 1: LST2019
Seat 3: Joker007r
Seat 2: Jt0709 (small blind) folded before Flop
Seat 4: kenk101 (big blind) collected ($5.50)
Seat 6: Bejondeiala (button) folded before Flop



PokerStars Hand #254449548185:  Hold'em No Limit ($0.50/$1.00 USD) - 2025/01/19 16:25:26 WET [2025/01/19 11:25:26 ET]
Table 'Amphitrite IV' 6-max Seat #2 is the button
Seat 1: LST2019 ($40 in chips) is sitting out
Seat 3: Joker007r ($105.25 in chips) is sitting out
Seat 2: Jt0709 ($21.86 in chips) 
Seat 4: kenk101 ($110.38 in chips) 
Seat 5: nastja336 ($101 in chips) 
Seat 6: Bejondeiala ($120.67 in chips) 
kenk101: posts small blind $0.50
nastja336: posts big blind $1
LST2019: sits out 
*** HOLE CARDS ***
Bejondeiala: folds 
Jt0709: raises $3 to $4
kenk101: folds 
nastja336: folds 
Uncalled bet ($3) returned to Jt0709
Jt0709 collected $2.50 from pot
*** SUMMARY ***
Total pot $2.50 | Rake $0 
Seat 1: LST2019
Seat 3: Joker007r
Seat 2: Jt0709 (button) collected ($2.50)
Seat 4: kenk101 (small blind) folded before Flop
Seat 5: nastja336 (big blind) folded before Flop
Seat 6: Bejondeiala folded before Flop (didn't bet)



PokerStars Hand #254449553689:  Hold'em No Limit ($0.50/$1.00 USD) - 2025/01/19 16:25:46 WET [2025/01/19 11:25:46 ET]
Table 'Amphitrite IV' 6-max Seat #4 is the button
Seat 1: LST2019 ($40 in chips) is sitting out
Seat 3: Joker007r ($105.25 in chips) is sitting out
Seat 2: Jt0709 ($23.36 in chips) 
Seat 4: kenk101 ($109.88 in chips) 
Seat 5: nastja336 ($100 in chips) 
Seat 6: Bejondeiala ($120.67 in chips) 
nastja336: posts small blind $0.50
Bejondeiala: posts big blind $1
LST2019: sits out 
Joker007r: sits out 
*** HOLE CARDS ***
Jt0709: folds 
kenk101: folds 
nastja336: raises $2 to $3
Bejondeiala: raises $6 to $9
nastja336: folds 
Uncalled bet ($6) returned to Bejondeiala
Bejondeiala collected $6 from pot
Bejondeiala: doesn't show hand 
*** SUMMARY ***
Total pot $6 | Rake $0 
Seat 1: LST2019
Seat 3: Joker007r
Seat 2: Jt0709 folded before Flop (didn't bet)
Seat 4: kenk101 (button) folded before Flop (didn't bet)
Seat 5: nastja336 (small blind) folded before Flop
Seat 6: Bejondeiala (big blind) collected ($6)



PokerStars Hand #254449559766:  Hold'em No Limit ($0.50/$1.00 USD) - 2025/01/19 16:26:07 WET [2025/01/19 11:26:07 ET]
Table 'Amphitrite IV' 6-max Seat #5 is the button
Seat 3: Joker007r ($105.25 in chips) is sitting out
Seat 1: LST2019 ($40 in chips) 
Seat 2: Jt0709 ($23.36 in chips) 
Seat 4: kenk101 ($109.88 in chips) 
Seat 5: nastja336 ($100 in chips) 
Seat 6: Bejondeiala ($123.67 in chips) 
Bejondeiala: posts small blind $0.50
LST2019: posts big blind $1
Joker007r: sits out 
*** HOLE CARDS ***
Jt0709: folds 
kenk101: folds 
nastja336: folds 
Bejondeiala: folds 
Uncalled bet ($0.50) returned to LST2019
LST2019 collected $1 from pot
*** SUMMARY ***
Total pot $1 | Rake $0 
Seat 3: Joker007r
Seat 1: LST2019 (big blind) collected ($1)
Seat 2: Jt0709 folded before Flop (didn't bet)
Seat 4: kenk101 folded before Flop (didn't bet)
Seat 5: nastja336 (button) folded before Flop (didn't bet)
Seat 6: Bejondeiala (small blind) folded before Flop



PokerStars Hand #254449564899:  Hold'em No Limit ($0.50/$1.00 USD) - 2025/01/19 16:26:25 WET [2025/01/19 11:26:25 ET]
Table 'Amphitrite IV' 6-max Seat #6 is the button
Seat 3: Joker007r ($105.25 in chips) is sitting out
Seat 1: LST2019 ($40.50 in chips) 
Seat 2: Jt0709 ($23.36 in chips) 
Seat 4: kenk101 ($109.88 in chips) 
Seat 5: nastja336 ($100 in chips) 
Seat 6: Bejondeiala ($123.17 in chips) 
LST2019: posts small blind $0.50
Jt0709: posts big blind $1
Joker007r: sits out 
*** HOLE CARDS ***
kenk101: raises $3 to $4
nastja336: raises $8 to $12
Bejondeiala: folds 
LST2019: folds 
Jt0709: folds 
kenk101: raises $14 to $26
nastja336: calls $14
*** FLOP *** [6c Qd Ts]
kenk101: bets $46
nastja336: folds 
Uncalled bet ($46) returned to kenk101
kenk101 collected $51 from pot
*** SUMMARY ***
Total pot $53.50 | Rake $2.50 
Board [6c Qd Ts]
Seat 3: Joker007r
Seat 1: LST2019 (small blind) folded before Flop
Seat 2: Jt0709 (big blind) folded before Flop
Seat 4: kenk101 collected ($51)
Seat 5: nastja336 folded on the Flop
Seat 6: Bejondeiala (button) folded before Flop (didn't bet)



PokerStars Hand #254449581548:  Hold'em No Limit ($0.50/$1.00 USD) - 2025/01/19 16:27:22 WET [2025/01/19 11:27:22 ET]
Table 'Amphitrite IV' 6-max Seat #1 is the button
Seat 1: LST2019 ($40 in chips) 
Seat 2: Jt0709 ($22.36 in chips) 
Seat 3: Joker007r ($105.25 in chips) 
Seat 4: kenk101 ($134.88 in chips) 
Seat 5: nastja336 ($100 in chips) 
Seat 6: Bejondeiala ($123.17 in chips) 
Jt0709: posts small blind $0.50
Joker007r: posts big blind $1
*** HOLE CARDS ***
kenk101: folds 
nastja336: folds 
Bejondeiala: folds 
LST2019: calls $1
Jt0709: calls $0.50
Joker007r: checks 
*** FLOP *** [2d Tc Jd]
Jt0709: checks 
Joker007r: bets $1.90
LST2019: folds 
Jt0709: calls $1.90
*** TURN *** [2d Tc Jd] [9h]
Jt0709: checks 
Joker007r: bets $2.13
Jt0709: raises $6.13 to $8.26
Joker007r: calls $6.13
*** RIVER *** [2d Tc Jd 9h] [Ah]
Jt0709: bets $11.20 and is all-in
Joker007r: calls $11.20
*** SHOW DOWN ***
Jt0709: shows [Kd 8d] (high card Ace)
Joker007r: shows [9s Jc] (two pair, Jacks and Nines)
Joker007r collected $43.43 from pot
*** SUMMARY ***
Total pot $45.72 | Rake $2.29 
Board [2d Tc Jd 9h Ah]
Seat 1: LST2019 (button) folded on the Flop
Seat 2: Jt0709 (small blind) showed [Kd 8d] and lost with high card Ace
Seat 3: Joker007r (big blind) showed [9s Jc] and won ($43.43) with two pair, Jacks and Nines
Seat 4: kenk101 folded before Flop (didn't bet)
Seat 5: nastja336 folded before Flop (didn't bet)
Seat 6: Bejondeiala folded before Flop (didn't bet)



PokerStars Hand #254449739985:  Hold'em No Limit ($0.50/$1.00 USD) - 2025/01/19 16:36:22 WET [2025/01/19 11:36:22 ET]
Table 'Amphitrite IV' 6-max Seat #5 is the button
Seat 2: Jt0709 ($0 in chips) is sitting out
Seat 1: LST2019 ($43.86 in chips) 
Seat 3: Joker007r ($124.82 in chips) 
Seat 4: kenk101 ($185.89 in chips) 
Seat 5: sta$igk ($154.08 in chips) 
Seat 6: Bejondeiala ($107.17 in chips) 
Bejondeiala: posts small blind $0.50
LST2019: posts big blind $1
*** HOLE CARDS ***
Joker007r: folds 
kenk101: folds 
sta$igk: folds 
Bejondeiala: raises $2 to $3
LST2019: calls $2
*** FLOP *** [Tc Qs 2s]
Bejondeiala: checks 
LST2019: checks 
*** TURN *** [Tc Qs 2s] [4d]
Bejondeiala: checks 
LST2019: checks 
*** RIVER *** [Tc Qs 2s 4d] [6s]
Bejondeiala: bets $4.28
LST2019: raises $4.28 to $8.56
Bejondeiala: folds 
Uncalled bet ($4.28) returned to LST2019
LST2019 collected $13.83 from pot
*** SUMMARY ***
Total pot $14.56 | Rake $0.73 
Board [Tc Qs 2s 4d 6s]
Seat 2: Jt0709
Seat 1: LST2019 (big blind) collected ($13.83)
Seat 3: Joker007r folded before Flop (didn't bet)
Seat 4: kenk101 folded before Flop (didn't bet)
Seat 5: sta$igk (button) folded before Flop (didn't bet)
Seat 6: Bejondeiala (small blind) folded on the River



PokerStars Hand #254449761923:  Hold'em No Limit ($0.50/$1.00 USD) - 2025/01/19 16:37:36 WET [2025/01/19 11:37:36 ET]
Table 'Amphitrite IV' 6-max Seat #6 is the button
Seat 2: Jt0709 ($0 in chips) is sitting out
Seat 1: LST2019 ($50.41 in chips) 
Seat 3: Joker007r ($124.82 in chips) 
Seat 4: kenk101 ($185.89 in chips) 
Seat 5: sta$igk ($154.08 in chips) 
Seat 6: Bejondeiala ($100 in chips) 
LST2019: posts small blind $0.50
Joker007r: posts big blind $1
*** HOLE CARDS ***
kenk101: folds 
sta$igk: folds 
Bejondeiala: folds 
LST2019: folds 
Uncalled bet ($0.50) returned to Joker007r
Joker007r collected $1 from pot
Jt0709 leaves the table
Joker007r: doesn't show hand 
*** SUMMARY ***
Total pot $1 | Rake $0 
Seat 2: Jt0709
Seat 1: LST2019 (small blind) folded before Flop
Seat 3: Joker007r (big blind) collected ($1)
Seat 4: kenk101 folded before Flop (didn't bet)
Seat 5: sta$igk folded before Flop (didn't bet)
Seat 6: Bejondeiala (button) folded before Flop (didn't bet)



PokerStars Hand #254449767874:  Hold'em No Limit ($0.50/$1.00 USD) - 2025/01/19 16:37:56 WET [2025/01/19 11:37:56 ET]
Table 'Amphitrite IV' 6-max Seat #1 is the button
Seat 1: LST2019 ($49.91 in chips) 
Seat 3: Joker007r ($125.32 in chips) 
Seat 4: kenk101 ($185.89 in chips) 
Seat 5: sta$igk ($154.08 in chips) 
Seat 6: Bejondeiala ($100 in chips) 
Joker007r: posts small blind $0.50
kenk101: posts big blind $1
*** HOLE CARDS ***
sta$igk: folds 
Bejondeiala: folds 
blistein joins the table at seat #2 
LST2019: folds 
Joker007r: folds 
Uncalled bet ($0.50) returned to kenk101
kenk101 collected $1 from pot
*** SUMMARY ***
Total pot $1 | Rake $0 
Seat 1: LST2019 (button) folded before Flop (didn't bet)
Seat 3: Joker007r (small blind) folded before Flop
Seat 4: kenk101 (big blind) collected ($1)
Seat 5: sta$igk folded before Flop (didn't bet)
Seat 6: Bejondeiala folded before Flop (didn't bet)



PokerStars Hand #254449770895:  Hold'em No Limit ($0.50/$1.00 USD) - 2025/01/19 16:38:06 WET [2025/01/19 11:38:06 ET]
Table 'Amphitrite IV' 6-max Seat #3 is the button
Seat 2: blistein ($100 in chips) is sitting out
Seat 1: LST2019 ($49.91 in chips) 
Seat 3: Joker007r ($124.82 in chips) 
Seat 4: kenk101 ($186.39 in chips) 
Seat 5: sta$igk ($154.08 in chips) 
Seat 6: Bejondeiala ($100 in chips) 
kenk101: posts small blind $0.50
sta$igk: posts big blind $1
blistein: sits out 
*** HOLE CARDS ***
Bejondeiala: folds 
LST2019: calls $1
Joker007r: folds 
kenk101: raises $1 to $2
sta$igk: folds 
LST2019: calls $1
*** FLOP *** [7s 7c 6d]
kenk101: checks 
LST2019: checks 
*** TURN *** [7s 7c 6d] [Qs]
kenk101: checks 
LST2019: checks 
*** RIVER *** [7s 7c 6d Qs] [9h]
kenk101: bets $1
LST2019: raises $3 to $4
kenk101: raises $3 to $7
LST2019: raises $14 to $21
kenk101: folds 
Uncalled bet ($14) returned to LST2019
LST2019 collected $18.05 from pot
*** SUMMARY ***
Total pot $19 | Rake $0.95 
Board [7s 7c 6d Qs 9h]
Seat 2: blistein
Seat 1: LST2019 collected ($18.05)
Seat 3: Joker007r (button) folded before Flop (didn't bet)
Seat 4: kenk101 (small blind) folded on the River
Seat 5: sta$igk (big blind) folded before Flop
Seat 6: Bejondeiala folded before Flop (didn't bet)



PokerStars Hand #254449787489:  Hold'em No Limit ($0.50/$1.00 USD) - 2025/01/19 16:39:03 WET [2025/01/19 11:39:03 ET]
Table 'Amphitrite IV' 6-max Seat #4 is the button
Seat 2: blistein ($100 in chips) is sitting out
Seat 1: LST2019 ($58.96 in chips) 
Seat 3: Joker007r ($124.82 in chips) 
Seat 4: kenk101 ($177.39 in chips) 
Seat 5: sta$igk ($153.08 in chips) 
Seat 6: Bejondeiala ($100 in chips) 
sta$igk: posts small blind $0.50
Bejondeiala: posts big blind $1
blistein: sits out 
*** HOLE CARDS ***
LST2019: calls $1
Joker007r: folds 
kenk101: folds 
sta$igk: folds 
Bejondeiala: checks 
*** FLOP *** [8s Th Jd]
Bejondeiala: checks 
LST2019: checks 
*** TURN *** [8s Th Jd] [Kc]
Bejondeiala: bets $1.79
LST2019: folds 
Uncalled bet ($1.79) returned to Bejondeiala
Bejondeiala collected $2.38 from pot
Bejondeiala: doesn't show hand 
*** SUMMARY ***
Total pot $2.50 | Rake $0.12 
Board [8s Th Jd Kc]
Seat 2: blistein
Seat 1: LST2019 folded on the Turn
Seat 3: Joker007r folded before Flop (didn't bet)
Seat 4: kenk101 (button) folded before Flop (didn't bet)
Seat 5: sta$igk (small blind) folded before Flop
Seat 6: Bejondeiala (big blind) collected ($2.38)



PokerStars Hand #254449799485:  Hold'em No Limit ($0.50/$1.00 USD) - 2025/01/19 16:39:43 WET [2025/01/19 11:39:43 ET]
Table 'Amphitrite IV' 6-max Seat #5 is the button
Seat 2: blistein ($100 in chips) is sitting out
Seat 1: LST2019 ($57.96 in chips) 
Seat 3: Joker007r ($124.82 in chips) 
Seat 4: kenk101 ($177.39 in chips) 
Seat 5: sta$igk ($152.58 in chips) 
Seat 6: Bejondeiala ($101.38 in chips) 
Bejondeiala: posts small blind $0.50
LST2019: posts big blind $1
blistein: sits out 
*** HOLE CARDS ***
Joker007r: folds 
kenk101: folds 
sta$igk: folds 
Bejondeiala: raises $2 to $3
LST2019: raises $2 to $5
Bejondeiala: calls $2
*** FLOP *** [7c 8s Kc]
Bejondeiala: checks 
LST2019: bets $2
Bejondeiala: calls $2
*** TURN *** [7c 8s Kc] [9h]
Bejondeiala: checks 
LST2019: bets $2
Bejondeiala: calls $2
*** RIVER *** [7c 8s Kc 9h] [3d]
Bejondeiala: checks 
LST2019: checks 
*** SHOW DOWN ***
Bejondeiala: shows [Ks Td] (a pair of Kings)
LST2019: mucks hand 
Bejondeiala collected $17.10 from pot
*** SUMMARY ***
Total pot $18 | Rake $0.90 
Board [7c 8s Kc 9h 3d]
Seat 2: blistein
Seat 1: LST2019 (big blind) mucked
Seat 3: Joker007r folded before Flop (didn't bet)
Seat 4: kenk101 folded before Flop (didn't bet)
Seat 5: sta$igk (button) folded before Flop (didn't bet)
Seat 6: Bejondeiala (small blind) showed [Ks Td] and won ($17.10) with a pair of Kings



PokerStars Hand #254449817761:  Hold'em No Limit ($0.50/$1.00 USD) - 2025/01/19 16:40:45 WET [2025/01/19 11:40:45 ET]
Table 'Amphitrite IV' 6-max Seat #6 is the button
Seat 1: LST2019 ($48.96 in chips) 
Seat 2: blistein ($100 in chips) 
Seat 3: Joker007r ($124.82 in chips) 
Seat 4: kenk101 ($177.39 in chips) 
Seat 5: sta$igk ($152.58 in chips) 
Seat 6: Bejondeiala ($109.48 in chips) 
LST2019: posts small blind $0.50
blistein: posts big blind $1
*** HOLE CARDS ***
Joker007r: folds 
kenk101: folds 
sta$igk: folds 
Bejondeiala: raises $1.50 to $2.50
LST2019: raises $1.50 to $4
blistein: folds 
Bejondeiala: raises $12.50 to $16.50
LST2019: calls $12.50
*** FLOP *** [6h Jc 9d]
LST2019: checks 
Bejondeiala: bets $11.31
LST2019: calls $11.31
*** TURN *** [6h Jc 9d] [2d]
LST2019: bets $10
Bejondeiala: raises $25.94 to $35.94
LST2019: calls $11.15 and is all-in
Uncalled bet ($14.79) returned to Bejondeiala
LST2019 has timed out
*** RIVER *** [6h Jc 9d 2d] [5s]
*** SHOW DOWN ***
LST2019: shows [Ad 8d] (high card Ace)
Bejondeiala: shows [Qc Qd] (a pair of Queens)
Bejondeiala collected $96.42 from pot
*** SUMMARY ***
Total pot $98.92 | Rake $2.50 
Board [6h Jc 9d 2d 5s]
Seat 1: LST2019 (small blind) showed [Ad 8d] and lost with high card Ace
Seat 2: blistein (big blind) folded before Flop
Seat 3: Joker007r folded before Flop (didn't bet)
Seat 4: kenk101 folded before Flop (didn't bet)
Seat 5: sta$igk folded before Flop (didn't bet)
Seat 6: Bejondeiala (button) showed [Qc Qd] and won ($96.42) with a pair of Queens



PokerStars Hand #254449847147:  Hold'em No Limit ($0.50/$1.00 USD) - 2025/01/19 16:42:23 WET [2025/01/19 11:42:23 ET]
Table 'Amphitrite IV' 6-max Seat #2 is the button
Seat 1: LST2019 ($0 in chips) is sitting out
Seat 2: blistein ($100 in chips) 
Seat 3: Joker007r ($124.82 in chips) 
Seat 4: kenk101 ($177.39 in chips) 
Seat 5: sta$igk ($152.58 in chips) 
Seat 6: Bejondeiala ($156.94 in chips) 
Joker007r: posts small blind $0.50
kenk101: posts big blind $1
*** HOLE CARDS ***
sta$igk: folds 
Bejondeiala: raises $1.10 to $2.10
blistein: folds 
Joker007r: folds 
kenk101: folds 
Uncalled bet ($1.10) returned to Bejondeiala
Bejondeiala collected $2.50 from pot
Bejondeiala: doesn't show hand 
*** SUMMARY ***
Total pot $2.50 | Rake $0 
Seat 1: LST2019
Seat 2: blistein (button) folded before Flop (didn't bet)
Seat 3: Joker007r (small blind) folded before Flop
Seat 4: kenk101 (big blind) folded before Flop
Seat 5: sta$igk folded before Flop (didn't bet)
Seat 6: Bejondeiala collected ($2.50)



PokerStars Hand #254449851959:  Hold'em No Limit ($0.50/$1.00 USD) - 2025/01/19 16:42:41 WET [2025/01/19 11:42:41 ET]
Table 'Amphitrite IV' 6-max Seat #3 is the button
Seat 1: LST2019 ($0 in chips) is sitting out
Seat 2: blistein ($100 in chips) 
Seat 3: Joker007r ($124.32 in chips) 
Seat 4: kenk101 ($176.39 in chips) 
Seat 5: sta$igk ($152.58 in chips) 
Seat 6: Bejondeiala ($158.44 in chips) 
kenk101: posts small blind $0.50
sta$igk: posts big blind $1
*** HOLE CARDS ***
Bejondeiala: folds 
blistein: raises $1.30 to $2.30
Joker007r: folds 
kenk101: raises $7.30 to $9.60
sta$igk: folds 
blistein: folds 
Uncalled bet ($7.30) returned to kenk101
kenk101 collected $5.60 from pot
*** SUMMARY ***
Total pot $5.60 | Rake $0 
Seat 1: LST2019
Seat 2: blistein folded before Flop
Seat 3: Joker007r (button) folded before Flop (didn't bet)
Seat 4: kenk101 (small blind) collected ($5.60)
Seat 5: sta$igk (big blind) folded before Flop
Seat 6: Bejondeiala folded before Flop (didn't bet)



PokerStars Hand #254449860747:  Hold'em No Limit ($0.50/$1.00 USD) - 2025/01/19 16:43:10 WET [2025/01/19 11:43:10 ET]
Table 'Amphitrite IV' 6-max Seat #4 is the button
Seat 1: LST2019 ($0 in chips) is sitting out
Seat 2: blistein ($100 in chips) 
Seat 3: Joker007r ($124.32 in chips) 
Seat 4: kenk101 ($179.69 in chips) 
Seat 5: sta$igk ($151.58 in chips) 
Seat 6: Bejondeiala ($158.44 in chips) 
sta$igk: posts small blind $0.50
Bejondeiala: posts big blind $1
*** HOLE CARDS ***
blistein: folds 
Joker007r: folds 
kenk101: raises $1 to $2
sta$igk: folds 
Bejondeiala: folds 
Uncalled bet ($1) returned to kenk101
kenk101 collected $2.50 from pot
*** SUMMARY ***
Total pot $2.50 | Rake $0 
Seat 1: LST2019
Seat 2: blistein folded before Flop (didn't bet)
Seat 3: Joker007r folded before Flop (didn't bet)
Seat 4: kenk101 (button) collected ($2.50)
Seat 5: sta$igk (small blind) folded before Flop
Seat 6: Bejondeiala (big blind) folded before Flop



PokerStars Hand #254449867062:  Hold'em No Limit ($0.50/$1.00 USD) - 2025/01/19 16:43:31 WET [2025/01/19 11:43:31 ET]
Table 'Amphitrite IV' 6-max Seat #5 is the button
Seat 1: LST2019 ($0 in chips) is sitting out
Seat 2: blistein ($100 in chips) 
Seat 3: Joker007r ($124.32 in chips) 
Seat 4: kenk101 ($181.19 in chips) 
Seat 5: sta$igk ($151.08 in chips) 
Seat 6: Bejondeiala ($157.44 in chips) 
Bejondeiala: posts small blind $0.50
blistein: posts big blind $1
*** HOLE CARDS ***
Joker007r: folds 
kenk101: folds 
sta$igk: folds 
Joker007r leaves the table
Bejondeiala: folds 
Uncalled bet ($0.50) returned to blistein
blistein collected $1 from pot
blistein: doesn't show hand 
*** SUMMARY ***
Total pot $1 | Rake $0 
Seat 1: LST2019
Seat 2: blistein (big blind) collected ($1)
Seat 3: Joker007r folded before Flop (didn't bet)
Seat 4: kenk101 folded before Flop (didn't bet)
Seat 5: sta$igk (button) folded before Flop (didn't bet)
Seat 6: Bejondeiala (small blind) folded before Flop



PokerStars Hand #254449871274:  Hold'em No Limit ($0.50/$1.00 USD) - 2025/01/19 16:43:45 WET [2025/01/19 11:43:45 ET]
Table 'Amphitrite IV' 6-max Seat #6 is the button
Seat 1: LST2019 ($0 in chips) is sitting out
Seat 2: blistein ($100.50 in chips) 
Seat 4: kenk101 ($181.19 in chips) 
Seat 5: sta$igk ($151.08 in chips) 
Seat 6: Bejondeiala ($156.94 in chips) 
blistein: posts small blind $0.50
kenk101: posts big blind $1
*** HOLE CARDS ***
sta$igk: folds 
Bejondeiala: raises $1.50 to $2.50
blistein: folds 
kenk101: folds 
Uncalled bet ($1.50) returned to Bejondeiala
Bejondeiala collected $2.50 from pot
Bejondeiala: doesn't show hand 
*** SUMMARY ***
Total pot $2.50 | Rake $0 
Seat 1: LST2019
Seat 2: blistein (small blind) folded before Flop
Seat 4: kenk101 (big blind) folded before Flop
Seat 5: sta$igk folded before Flop (didn't bet)
Seat 6: Bejondeiala (button) collected ($2.50)



PokerStars Hand #254449874738:  Hold'em No Limit ($0.50/$1.00 USD) - 2025/01/19 16:43:57 WET [2025/01/19 11:43:57 ET]
Table 'Amphitrite IV' 6-max Seat #2 is the button
Seat 1: LST2019 ($0 in chips) is sitting out
Seat 2: blistein ($100 in chips) 
Seat 4: kenk101 ($180.19 in chips) 
Seat 5: sta$igk ($151.08 in chips) 
Seat 6: Bejondeiala ($158.44 in chips) 
kenk101: posts small blind $0.50
sta$igk: posts big blind $1
*** HOLE CARDS ***
Bejondeiala: folds 
blistein: folds 
kenk101: raises $2 to $3
sta$igk: calls $2
*** FLOP *** [Ts 4d Qh]
kenk101: checks 
ka100pka527 joins the table at seat #3 
LST2019 leaves the table
sta$igk: bets $1.88
kenk101: folds 
Uncalled bet ($1.88) returned to sta$igk
sta$igk collected $5.70 from pot
sta$igk: doesn't show hand 
*** SUMMARY ***
Total pot $6 | Rake $0.30 
Board [Ts 4d Qh]
Seat 1: LST2019
Seat 2: blistein (button) folded before Flop (didn't bet)
Seat 4: kenk101 (small blind) folded on the Flop
Seat 5: sta$igk (big blind) collected ($5.70)
Seat 6: Bejondeiala folded before Flop (didn't bet)



PokerStars Hand #254449883516:  Hold'em No Limit ($0.50/$1.00 USD) - 2025/01/19 16:44:26 WET [2025/01/19 11:44:26 ET]
Table 'Amphitrite IV' 6-max Seat #4 is the button
Seat 3: ka100pka527 ($100 in chips) is sitting out
Seat 6: Bejondeiala ($158.44 in chips) is sitting out
Seat 2: blistein ($100 in chips) 
Seat 4: kenk101 ($177.19 in chips) 
Seat 5: sta$igk ($153.78 in chips) 
sta$igk: posts small blind $0.50
Bejondeiala: is sitting out 
blistein: posts big blind $1
ka100pka527: sits out 
*** HOLE CARDS ***
kenk101: folds 
sta$igk: folds 
Uncalled bet ($0.50) returned to blistein
blistein collected $1 from pot
blistein: doesn't show hand 
*** SUMMARY ***
Total pot $1 | Rake $0 
Seat 3: ka100pka527
Seat 6: Bejondeiala
Seat 2: blistein (big blind) collected ($1)
Seat 4: kenk101 (button) folded before Flop (didn't bet)
Seat 5: sta$igk (small blind) folded before Flop



PokerStars Hand #254449885391:  Hold'em No Limit ($0.50/$1.00 USD) - 2025/01/19 16:44:32 WET [2025/01/19 11:44:32 ET]
Table 'Amphitrite IV' 6-max Seat #5 is the button
Seat 6: Bejondeiala ($158.44 in chips) is sitting out
Seat 2: blistein ($100.50 in chips) 
Seat 3: ka100pka527 ($100 in chips) 
Seat 4: kenk101 ($177.19 in chips) 
Seat 5: sta$igk ($153.28 in chips) 
blistein: posts small blind $0.50
ka100pka527: posts big blind $1
*** HOLE CARDS ***
kenk101: folds 
sta$igk: raises $1.50 to $2.50
blistein: folds 
ka100pka527: folds 
Uncalled bet ($1.50) returned to sta$igk
sta$igk collected $2.50 from pot
sta$igk: doesn't show hand 
*** SUMMARY ***
Total pot $2.50 | Rake $0 
Seat 6: Bejondeiala
Seat 2: blistein (small blind) folded before Flop
Seat 3: ka100pka527 (big blind) folded before Flop
Seat 4: kenk101 folded before Flop (didn't bet)
Seat 5: sta$igk (button) collected ($2.50)



PokerStars Hand #254449889882:  Hold'em No Limit ($0.50/$1.00 USD) - 2025/01/19 16:44:47 WET [2025/01/19 11:44:47 ET]
Table 'Amphitrite IV' 6-max Seat #2 is the button
Seat 6: Bejondeiala ($158.44 in chips) is sitting out
Seat 2: blistein ($100 in chips) 
Seat 3: ka100pka527 ($100 in chips) 
Seat 4: kenk101 ($177.19 in chips) 
Seat 5: sta$igk ($154.78 in chips) 
ka100pka527: posts small blind $0.50
kenk101: posts big blind $1
*** HOLE CARDS ***
sta$igk: raises $1.50 to $2.50
blistein: folds 
ka100pka527: folds 
kenk101: calls $1.50
*** FLOP *** [Th Ts 2d]
kenk101: checks 
sta$igk: bets $1.72
kenk101: calls $1.72
*** TURN *** [Th Ts 2d] [4d]
kenk101: checks 
sta$igk: bets $4.25
kenk101: calls $4.25
*** RIVER *** [Th Ts 2d 4d] [Js]
kenk101: bets $11
sta$igk: folds 
Uncalled bet ($11) returned to kenk101
kenk101 collected $16.57 from pot
*** SUMMARY ***
Total pot $17.44 | Rake $0.87 
Board [Th Ts 2d 4d Js]
Seat 6: Bejondeiala
Seat 2: blistein (button) folded before Flop (didn't bet)
Seat 3: ka100pka527 (small blind) folded before Flop
Seat 4: kenk101 (big blind) collected ($16.57)
Seat 5: sta$igk folded on the River



PokerStars Hand #254449904181:  Hold'em No Limit ($0.50/$1.00 USD) - 2025/01/19 16:45:35 WET [2025/01/19 11:45:35 ET]
Table 'Amphitrite IV' 6-max Seat #3 is the button
Seat 5: sta$igk ($146.31 in chips) is sitting out
Seat 6: Bejondeiala ($158.44 in chips) is sitting out
Seat 2: blistein ($100 in chips) 
Seat 3: ka100pka527 ($100 in chips) 
Seat 4: kenk101 ($185.29 in chips) 
kenk101: posts small blind $0.50
sta$igk: is sitting out 
blistein: posts big blind $1
*** HOLE CARDS ***
ka100pka527: raises $1.50 to $2.50
kenk101: folds 
blistein: folds 
Uncalled bet ($1.50) returned to ka100pka527
ka100pka527 collected $2.50 from pot
ka100pka527: doesn't show hand 
sta$igk leaves the table
*** SUMMARY ***
Total pot $2.50 | Rake $0 
Seat 5: sta$igk
Seat 6: Bejondeiala
Seat 2: blistein (big blind) folded before Flop
Seat 3: ka100pka527 (button) collected ($2.50)
Seat 4: kenk101 (small blind) folded before Flop



PokerStars Hand #254449906157:  Hold'em No Limit ($0.50/$1.00 USD) - 2025/01/19 16:45:42 WET [2025/01/19 11:45:42 ET]
Table 'Amphitrite IV' 6-max Seat #2 is the button
Seat 3: ka100pka527 ($101.50 in chips) is sitting out
Seat 6: Bejondeiala ($158.44 in chips) is sitting out
Seat 2: blistein ($100 in chips) 
Seat 4: kenk101 ($184.79 in chips) 
blistein: posts small blind $0.50
ka100pka527: is sitting out 
kenk101: posts big blind $1
*** HOLE CARDS ***
blistein: raises $2 to $3
kenk101: folds 
Uncalled bet ($2) returned to blistein
blistein collected $2 from pot
blistein: doesn't show hand 
*** SUMMARY ***
Total pot $2 | Rake $0 
Seat 3: ka100pka527
Seat 6: Bejondeiala
Seat 2: blistein (button) (small blind) collected ($2)
Seat 4: kenk101 (big blind) folded before Flop



PokerStars Hand #254449909537:  Hold'em No Limit ($0.50/$1.00 USD) - 2025/01/19 16:45:53 WET [2025/01/19 11:45:53 ET]
Table 'Amphitrite IV' 6-max Seat #4 is the button
Seat 6: Bejondeiala ($158.44 in chips) is sitting out
Seat 2: blistein ($101 in chips) 
Seat 3: ka100pka527 ($101.50 in chips) 
Seat 4: kenk101 ($183.79 in chips) 
blistein: posts small blind $0.50
ka100pka527: posts big blind $1
*** HOLE CARDS ***
kenk101: calls $1
blistein: folds 
ka100pka527: checks 
*** FLOP *** [5s Jh Ks]
ka100pka527: checks 
kenk101: checks 
*** TURN *** [5s Jh Ks] [Kh]
ka100pka527: checks 
kenk101: checks 
*** RIVER *** [5s Jh Ks Kh] [7d]
ka100pka527: checks 
kenk101: bets $3
ka100pka527: folds 
Uncalled bet ($3) returned to kenk101
kenk101 collected $2.38 from pot
*** SUMMARY ***
Total pot $2.50 | Rake $0.12 
Board [5s Jh Ks Kh 7d]
Seat 6: Bejondeiala
Seat 2: blistein (small blind) folded before Flop
Seat 3: ka100pka527 (big blind) folded on the River
Seat 4: kenk101 (button) collected ($2.38)



PokerStars Hand #254449920395:  Hold'em No Limit ($0.50/$1.00 USD) - 2025/01/19 16:46:29 WET [2025/01/19 11:46:29 ET]
Table 'Amphitrite IV' 6-max Seat #2 is the button
Seat 3: ka100pka527 ($100.50 in chips) is sitting out
Seat 6: Bejondeiala ($158.44 in chips) is sitting out
Seat 2: blistein ($100.50 in chips) 
Seat 4: kenk101 ($185.17 in chips) 
blistein: posts small blind $0.50
kenk101: posts big blind $1
*** HOLE CARDS ***
ka100pka527 leaves the table
blistein: raises $1.50 to $2.50
kenk101: folds 
Uncalled bet ($1.50) returned to blistein
kenk101 leaves the table
blistein collected $2 from pot
blistein: doesn't show hand 
*** SUMMARY ***
Total pot $2 | Rake $0 
Seat 3: ka100pka527
Seat 6: Bejondeiala
Seat 2: blistein (button) (small blind) collected ($2)
Seat 4: kenk101 (big blind) folded before Flop



PokerStars Hand #254449954193:  Hold'em No Limit ($0.50/$1.00 USD) - 2025/01/19 16:48:23 WET [2025/01/19 11:48:23 ET]
Table 'Amphitrite IV' 6-max Seat #5 is the button
Seat 1: Rezzonner ($100 in chips) 
Seat 5: Roudmaster07 ($71.08 in chips) 
Seat 6: An1an1 ($100 in chips) 
An1an1: posts small blind $0.50
Rezzonner: posts big blind $1
*** HOLE CARDS ***
Roudmaster07: folds 
An1an1: folds 
Uncalled bet ($0.50) returned to Rezzonner
Rezzonner collected $1 from pot
Rezzonner: doesn't show hand 
*** SUMMARY ***
Total pot $1 | Rake $0 
Seat 1: Rezzonner (big blind) collected ($1)
Seat 5: Roudmaster07 (button) folded before Flop (didn't bet)
Seat 6: An1an1 (small blind) folded before Flop



PokerStars Hand #254449957784:  Hold'em No Limit ($0.50/$1.00 USD) - 2025/01/19 16:48:35 WET [2025/01/19 11:48:35 ET]
Table 'Amphitrite IV' 6-max Seat #6 is the button
Seat 1: Rezzonner ($100.50 in chips) 
Seat 5: Roudmaster07 ($71.08 in chips) 
Seat 6: An1an1 ($100 in chips) 
Rezzonner: posts small blind $0.50
Roudmaster07: posts big blind $1
*** HOLE CARDS ***
An1an1: raises $1.50 to $2.50
Rezzonner: folds 
Roudmaster07: folds 
Uncalled bet ($1.50) returned to An1an1
An1an1 collected $2.50 from pot
An1an1: doesn't show hand 
*** SUMMARY ***
Total pot $2.50 | Rake $0 
Seat 1: Rezzonner (small blind) folded before Flop
Seat 5: Roudmaster07 (big blind) folded before Flop
Seat 6: An1an1 (button) collected ($2.50)



PokerStars Hand #254449961649:  Hold'em No Limit ($0.50/$1.00 USD) - 2025/01/19 16:48:48 WET [2025/01/19 11:48:48 ET]
Table 'Amphitrite IV' 6-max Seat #1 is the button
Seat 1: Rezzonner ($100 in chips) 
Seat 5: Roudmaster07 ($70.08 in chips) 
Seat 6: An1an1 ($101.50 in chips) 
Roudmaster07: posts small blind $0.50
An1an1: posts big blind $1
*** HOLE CARDS ***
Rezzonner: folds 
Roudmaster07: folds 
Uncalled bet ($0.50) returned to An1an1
Roudmaster07 leaves the table
An1an1 collected $1 from pot
An1an1: doesn't show hand 
*** SUMMARY ***
Total pot $1 | Rake $0 
Seat 1: Rezzonner (button) folded before Flop (didn't bet)
Seat 5: Roudmaster07 (small blind) folded before Flop
Seat 6: An1an1 (big blind) collected ($1)



