PokerStars Hand #254444526261:  Hold'em No Limit ($0.50/$1.00 USD) - 2025/01/19 9:09:15 WET [2025/01/19 4:09:15 ET]
Table 'Asmodeus II' 6-max Seat #5 is the button
Seat 2: Aescul@pius ($100 in chips) 
Seat 4: Patttrick18 ($72.27 in chips) 
Seat 5: Burlica2013 ($100 in chips) 
Seat 6: Alinyr ($100 in chips) 
Alinyr: posts small blind $0.50
Aescul@pius: posts big blind $1
*** HOLE CARDS ***
Patttrick18: folds 
Burlica2013: raises $1.45 to $2.45
Alinyr: raises $9.55 to $12
Aescul@pius: folds 
Burlica2013: folds 
Uncalled bet ($9.55) returned to Alinyr
Alinyr collected $5.90 from pot
Alinyr: doesn't show hand 
*** SUMMARY ***
Total pot $5.90 | Rake $0 
Seat 2: Aescul@pius (big blind) folded before Flop
Seat 4: Patttrick18 folded before Flop (didn't bet)
Seat 5: Burlica2013 (button) folded before Flop
Seat 6: Alinyr (small blind) collected ($5.90)



PokerStars Hand #254444528746:  Hold'em No Limit ($0.50/$1.00 USD) - 2025/01/19 9:09:40 WET [2025/01/19 4:09:40 ET]
Table 'Asmodeus II' 6-max Seat #6 is the button
Seat 2: Aescul@pius ($100 in chips) 
Seat 4: Patttrick18 ($72.27 in chips) 
Seat 5: Burlica2013 ($100 in chips) 
Seat 6: Alinyr ($103.45 in chips) 
Aescul@pius: posts small blind $0.50
Patttrick18: posts big blind $1
*** HOLE CARDS ***
Burlica2013: raises $1.25 to $2.25
Alinyr: folds 
Aescul@pius: folds 
Patttrick18: calls $1.25
*** FLOP *** [7h 6s 6c]
Patttrick18: checks 
Burlica2013: bets $1.57
Patttrick18: calls $1.57
*** TURN *** [7h 6s 6c] [7s]
Patttrick18: checks 
Burlica2013: checks 
*** RIVER *** [7h 6s 6c 7s] [2h]
Patttrick18: checks 
Burlica2013: checks 
*** SHOW DOWN ***
Patttrick18: shows [8h Jh] (two pair, Sevens and Sixes)
Burlica2013: shows [Qh 9s] (two pair, Sevens and Sixes - Queen kicker)
Burlica2013 collected $7.73 from pot
*** SUMMARY ***
Total pot $8.14 | Rake $0.41 
Board [7h 6s 6c 7s 2h]
Seat 2: Aescul@pius (small blind) folded before Flop
Seat 4: Patttrick18 (big blind) showed [8h Jh] and lost with two pair, Sevens and Sixes
Seat 5: Burlica2013 showed [Qh 9s] and won ($7.73) with two pair, Sevens and Sixes
Seat 6: Alinyr (button) folded before Flop (didn't bet)



PokerStars Hand #254444532840:  Hold'em No Limit ($0.50/$1.00 USD) - 2025/01/19 9:10:23 WET [2025/01/19 4:10:23 ET]
Table 'Asmodeus II' 6-max Seat #2 is the button
Seat 2: Aescul@pius ($100 in chips) 
Seat 4: Patttrick18 ($68.45 in chips) 
Seat 5: Burlica2013 ($103.91 in chips) 
Seat 6: Alinyr ($103.45 in chips) 
Patttrick18: posts small blind $0.50
Burlica2013: posts big blind $1
*** HOLE CARDS ***
Alinyr: raises $1.28 to $2.28
Aescul@pius: folds 
Patttrick18: folds 
Burlica2013: folds 
Uncalled bet ($1.28) returned to Alinyr
Alinyr collected $2.50 from pot
Alinyr: doesn't show hand 
*** SUMMARY ***
Total pot $2.50 | Rake $0 
Seat 2: Aescul@pius (button) folded before Flop (didn't bet)
Seat 4: Patttrick18 (small blind) folded before Flop
Seat 5: Burlica2013 (big blind) folded before Flop
Seat 6: Alinyr collected ($2.50)



PokerStars Hand #254444536330:  Hold'em No Limit ($0.50/$1.00 USD) - 2025/01/19 9:10:58 WET [2025/01/19 4:10:58 ET]
Table 'Asmodeus II' 6-max Seat #4 is the button
Seat 2: Aescul@pius ($100 in chips) 
Seat 4: Patttrick18 ($67.95 in chips) 
Seat 5: Burlica2013 ($102.91 in chips) 
Seat 6: Alinyr ($104.95 in chips) 
Burlica2013: posts small blind $0.50
Alinyr: posts big blind $1
*** HOLE CARDS ***
Aescul@pius: folds 
Patttrick18: raises $1 to $2
Burlica2013: calls $1.50
Alinyr: folds 
*** FLOP *** [8c 3c 4h]
Burlica2013: checks 
Patttrick18: bets $2.38
Burlica2013: calls $2.38
*** TURN *** [8c 3c 4h] [Ks]
Burlica2013: checks 
Patttrick18: bets $9.27
Burlica2013: folds 
Uncalled bet ($9.27) returned to Patttrick18
Patttrick18 collected $9.27 from pot
*** SUMMARY ***
Total pot $9.76 | Rake $0.49 
Board [8c 3c 4h Ks]
Seat 2: Aescul@pius folded before Flop (didn't bet)
Seat 4: Patttrick18 (button) collected ($9.27)
Seat 5: Burlica2013 (small blind) folded on the Turn
Seat 6: Alinyr (big blind) folded before Flop



PokerStars Hand #254444540629:  Hold'em No Limit ($0.50/$1.00 USD) - 2025/01/19 9:11:41 WET [2025/01/19 4:11:41 ET]
Table 'Asmodeus II' 6-max Seat #5 is the button
Seat 2: Aescul@pius ($100 in chips) 
Seat 4: Patttrick18 ($72.84 in chips) 
Seat 5: Burlica2013 ($100 in chips) 
Seat 6: Alinyr ($103.95 in chips) 
Alinyr: posts small blind $0.50
Aescul@pius: posts big blind $1
*** HOLE CARDS ***
Patttrick18: raises $1 to $2
Burlica2013: folds 
Alinyr: raises $8 to $10
Aescul@pius: folds 
Patttrick18: folds 
Uncalled bet ($8) returned to Alinyr
Alinyr collected $5 from pot
Alinyr: doesn't show hand 
*** SUMMARY ***
Total pot $5 | Rake $0 
Seat 2: Aescul@pius (big blind) folded before Flop
Seat 4: Patttrick18 folded before Flop
Seat 5: Burlica2013 (button) folded before Flop (didn't bet)
Seat 6: Alinyr (small blind) collected ($5)



PokerStars Hand #254444543236:  Hold'em No Limit ($0.50/$1.00 USD) - 2025/01/19 9:12:07 WET [2025/01/19 4:12:07 ET]
Table 'Asmodeus II' 6-max Seat #6 is the button
Seat 2: Aescul@pius ($100 in chips) 
Seat 4: Patttrick18 ($70.84 in chips) 
Seat 5: Burlica2013 ($100 in chips) 
Seat 6: Alinyr ($106.95 in chips) 
Aescul@pius: posts small blind $0.50
Patttrick18: posts big blind $1
*** HOLE CARDS ***
Burlica2013: raises $1.25 to $2.25
Alinyr: folds 
Aescul@pius: folds 
Patttrick18: calls $1.25
*** FLOP *** [2h Jh As]
Patttrick18: checks 
Burlica2013: bets $1.57
Patttrick18: calls $1.57
*** TURN *** [2h Jh As] [7h]
Patttrick18: checks 
Burlica2013: checks 
*** RIVER *** [2h Jh As 7h] [Qd]
Patttrick18: bets $2
Burlica2013: calls $2
*** SHOW DOWN ***
Patttrick18: shows [6s Jc] (a pair of Jacks)
Burlica2013: mucks hand 
Patttrick18 collected $11.53 from pot
*** SUMMARY ***
Total pot $12.14 | Rake $0.61 
Board [2h Jh As 7h Qd]
Seat 2: Aescul@pius (small blind) folded before Flop
Seat 4: Patttrick18 (big blind) showed [6s Jc] and won ($11.53) with a pair of Jacks
Seat 5: Burlica2013 mucked
Seat 6: Alinyr (button) folded before Flop (didn't bet)



PokerStars Hand #254444548180:  Hold'em No Limit ($0.50/$1.00 USD) - 2025/01/19 9:12:58 WET [2025/01/19 4:12:58 ET]
Table 'Asmodeus II' 6-max Seat #2 is the button
Seat 2: Aescul@pius ($100 in chips) 
Seat 4: Patttrick18 ($76.55 in chips) 
Seat 5: Burlica2013 ($100 in chips) 
Seat 6: Alinyr ($106.95 in chips) 
Patttrick18: posts small blind $0.50
Burlica2013: posts big blind $1
*** HOLE CARDS ***
Alinyr: folds 
Aescul@pius: folds 
Patttrick18: calls $0.50
Burlica2013: checks 
*** FLOP *** [7c 7h 8h]
Patttrick18: checks 
Burlica2013: bets $1
Patttrick18: calls $1
*** TURN *** [7c 7h 8h] [Js]
Patttrick18: checks 
Burlica2013: bets $2.85
Patttrick18: calls $2.85
*** RIVER *** [7c 7h 8h Js] [4h]
Patttrick18: bets $2
Burlica2013: calls $2
*** SHOW DOWN ***
Patttrick18: shows [5s 6c] (a straight, Four to Eight)
Burlica2013: mucks hand 
Patttrick18 collected $13.02 from pot
*** SUMMARY ***
Total pot $13.70 | Rake $0.68 
Board [7c 7h 8h Js 4h]
Seat 2: Aescul@pius (button) folded before Flop (didn't bet)
Seat 4: Patttrick18 (small blind) showed [5s 6c] and won ($13.02) with a straight, Four to Eight
Seat 5: Burlica2013 (big blind) mucked
Seat 6: Alinyr folded before Flop (didn't bet)



PokerStars Hand #254444552175:  Hold'em No Limit ($0.50/$1.00 USD) - 2025/01/19 9:13:38 WET [2025/01/19 4:13:38 ET]
Table 'Asmodeus II' 6-max Seat #4 is the button
Seat 6: Alinyr ($106.95 in chips) is sitting out
Seat 2: Aescul@pius ($100 in chips) 
Seat 4: Patttrick18 ($82.72 in chips) 
Seat 5: Burlica2013 ($100 in chips) 
Burlica2013: posts small blind $0.50
Alinyr: is sitting out 
Aescul@pius: posts big blind $1
*** HOLE CARDS ***
Alinyr leaves the table
Patttrick18: folds 
Burlica2013: folds 
Uncalled bet ($0.50) returned to Aescul@pius
Aescul@pius collected $1 from pot
Aescul@pius: doesn't show hand 
*** SUMMARY ***
Total pot $1 | Rake $0 
Seat 6: Alinyr
Seat 2: Aescul@pius (big blind) collected ($1)
Seat 4: Patttrick18 (button) folded before Flop (didn't bet)
Seat 5: Burlica2013 (small blind) folded before Flop



PokerStars Hand #254444553682:  Hold'em No Limit ($0.50/$1.00 USD) - 2025/01/19 9:13:53 WET [2025/01/19 4:13:53 ET]
Table 'Asmodeus II' 6-max Seat #5 is the button
Seat 2: Aescul@pius ($100.50 in chips) 
Seat 4: Patttrick18 ($82.72 in chips) 
Seat 5: Burlica2013 ($100 in chips) 
Aescul@pius: posts small blind $0.50
Patttrick18: posts big blind $1
*** HOLE CARDS ***
Burlica2013: raises $1.45 to $2.45
Aescul@pius: folds 
Patttrick18: calls $1.45
*** FLOP *** [Js 4h Qd]
Patttrick18: checks 
Burlica2013: bets $1.69
Patttrick18: calls $1.69
*** TURN *** [Js 4h Qd] [Th]
Patttrick18: checks 
Burlica2013: checks 
*** RIVER *** [Js 4h Qd Th] [8d]
Patttrick18: checks 
Burlica2013: checks 
*** SHOW DOWN ***
Patttrick18: shows [Ks Td] (a pair of Tens)
Burlica2013: mucks hand 
Patttrick18 collected $8.34 from pot
*** SUMMARY ***
Total pot $8.78 | Rake $0.44 
Board [Js 4h Qd Th 8d]
Seat 2: Aescul@pius (small blind) folded before Flop
Seat 4: Patttrick18 (big blind) showed [Ks Td] and won ($8.34) with a pair of Tens
Seat 5: Burlica2013 (button) mucked



PokerStars Hand #254444558066:  Hold'em No Limit ($0.50/$1.00 USD) - 2025/01/19 9:14:38 WET [2025/01/19 4:14:38 ET]
Table 'Asmodeus II' 6-max Seat #2 is the button
Seat 2: Aescul@pius ($100 in chips) 
Seat 4: Patttrick18 ($86.92 in chips) 
Seat 5: Burlica2013 ($100 in chips) 
Patttrick18: posts small blind $0.50
Burlica2013: posts big blind $1
*** HOLE CARDS ***
Aescul@pius: raises $1.50 to $2.50
Patttrick18: folds 
Burlica2013: folds 
Uncalled bet ($1.50) returned to Aescul@pius
Aescul@pius collected $2.50 from pot
Aescul@pius: doesn't show hand 
*** SUMMARY ***
Total pot $2.50 | Rake $0 
Seat 2: Aescul@pius (button) collected ($2.50)
Seat 4: Patttrick18 (small blind) folded before Flop
Seat 5: Burlica2013 (big blind) folded before Flop



PokerStars Hand #254444559400:  Hold'em No Limit ($0.50/$1.00 USD) - 2025/01/19 9:14:51 WET [2025/01/19 4:14:51 ET]
Table 'Asmodeus II' 6-max Seat #4 is the button
Seat 2: Aescul@pius ($101.50 in chips) 
Seat 4: Patttrick18 ($86.42 in chips) 
Seat 5: Burlica2013 ($100 in chips) 
Burlica2013: posts small blind $0.50
Aescul@pius: posts big blind $1
*** HOLE CARDS ***
Patttrick18: raises $1 to $2
Burlica2013: folds 
Aescul@pius: folds 
Uncalled bet ($1) returned to Patttrick18
Patttrick18 collected $2.50 from pot
*** SUMMARY ***
Total pot $2.50 | Rake $0 
Seat 2: Aescul@pius (big blind) folded before Flop
Seat 4: Patttrick18 (button) collected ($2.50)
Seat 5: Burlica2013 (small blind) folded before Flop



PokerStars Hand #254444560749:  Hold'em No Limit ($0.50/$1.00 USD) - 2025/01/19 9:15:05 WET [2025/01/19 4:15:05 ET]
Table 'Asmodeus II' 6-max Seat #5 is the button
Seat 2: Aescul@pius ($100.50 in chips) 
Seat 4: Patttrick18 ($87.92 in chips) 
Seat 5: Burlica2013 ($100 in chips) 
Aescul@pius: posts small blind $0.50
Patttrick18: posts big blind $1
*** HOLE CARDS ***
Burlica2013: folds 
Aescul@pius: folds 
Uncalled bet ($0.50) returned to Patttrick18
Patttrick18 collected $1 from pot
*** SUMMARY ***
Total pot $1 | Rake $0 
Seat 2: Aescul@pius (small blind) folded before Flop
Seat 4: Patttrick18 (big blind) collected ($1)
Seat 5: Burlica2013 (button) folded before Flop (didn't bet)



PokerStars Hand #254444561835:  Hold'em No Limit ($0.50/$1.00 USD) - 2025/01/19 9:15:16 WET [2025/01/19 4:15:16 ET]
Table 'Asmodeus II' 6-max Seat #2 is the button
Seat 2: Aescul@pius ($100 in chips) 
Seat 4: Patttrick18 ($88.42 in chips) 
Seat 5: Burlica2013 ($100 in chips) 
Patttrick18: posts small blind $0.50
Burlica2013: posts big blind $1
*** HOLE CARDS ***
Aescul@pius: folds 
Patttrick18: raises $1 to $2
Burlica2013: folds 
Uncalled bet ($1) returned to Patttrick18
Patttrick18 collected $2 from pot
*** SUMMARY ***
Total pot $2 | Rake $0 
Seat 2: Aescul@pius (button) folded before Flop (didn't bet)
Seat 4: Patttrick18 (small blind) collected ($2)
Seat 5: Burlica2013 (big blind) folded before Flop



PokerStars Hand #254444563729:  Hold'em No Limit ($0.50/$1.00 USD) - 2025/01/19 9:15:36 WET [2025/01/19 4:15:36 ET]
Table 'Asmodeus II' 6-max Seat #4 is the button
Seat 2: Aescul@pius ($100 in chips) 
Seat 4: Patttrick18 ($89.42 in chips) 
Seat 5: Burlica2013 ($100 in chips) 
Burlica2013: posts small blind $0.50
Aescul@pius: posts big blind $1
*** HOLE CARDS ***
Patttrick18: folds 
Burlica2013: raises $2 to $3
Aescul@pius: folds 
Uncalled bet ($2) returned to Burlica2013
Burlica2013 collected $2 from pot
Burlica2013: doesn't show hand 
*** SUMMARY ***
Total pot $2 | Rake $0 
Seat 2: Aescul@pius (big blind) folded before Flop
Seat 4: Patttrick18 (button) folded before Flop (didn't bet)
Seat 5: Burlica2013 (small blind) collected ($2)



PokerStars Hand #254444565418:  Hold'em No Limit ($0.50/$1.00 USD) - 2025/01/19 9:15:53 WET [2025/01/19 4:15:53 ET]
Table 'Asmodeus II' 6-max Seat #5 is the button
Seat 2: Aescul@pius ($100 in chips) 
Seat 4: Patttrick18 ($89.42 in chips) 
Seat 5: Burlica2013 ($101 in chips) 
Aescul@pius: posts small blind $0.50
Patttrick18: posts big blind $1
*** HOLE CARDS ***
Burlica2013: folds 
Aescul@pius: folds 
Uncalled bet ($0.50) returned to Patttrick18
Patttrick18 collected $1 from pot
*** SUMMARY ***
Total pot $1 | Rake $0 
Seat 2: Aescul@pius (small blind) folded before Flop
Seat 4: Patttrick18 (big blind) collected ($1)
Seat 5: Burlica2013 (button) folded before Flop (didn't bet)



PokerStars Hand #254444566187:  Hold'em No Limit ($0.50/$1.00 USD) - 2025/01/19 9:16:01 WET [2025/01/19 4:16:01 ET]
Table 'Asmodeus II' 6-max Seat #2 is the button
Seat 2: Aescul@pius ($100 in chips) 
Seat 4: Patttrick18 ($89.92 in chips) 
Seat 5: Burlica2013 ($101 in chips) 
Patttrick18: posts small blind $0.50
Burlica2013: posts big blind $1
*** HOLE CARDS ***
Aescul@pius: folds 
Patttrick18: calls $0.50
Burlica2013: raises $3 to $4
Patttrick18: calls $3
*** FLOP *** [Kc 8s 2s]
Patttrick18: checks 
Burlica2013: bets $2.51
Patttrick18: calls $2.51
*** TURN *** [Kc 8s 2s] [6d]
Patttrick18: bets $6.19
Burlica2013: raises $12.38 to $18.57
Patttrick18: raises $12.38 to $30.95
Burlica2013: raises $63.54 to $94.49 and is all-in
Patttrick18: calls $52.46 and is all-in
Uncalled bet ($11.08) returned to Burlica2013
*** RIVER *** [Kc 8s 2s 6d] [3h]
*** SHOW DOWN ***
Patttrick18: shows [6s Kh] (two pair, Kings and Sixes)
Burlica2013: shows [Kd Jc] (a pair of Kings)
Patttrick18 collected $178.84 from pot
*** SUMMARY ***
Total pot $179.84 | Rake $1 
Board [Kc 8s 2s 6d 3h]
Seat 2: Aescul@pius (button) folded before Flop (didn't bet)
Seat 4: Patttrick18 (small blind) showed [6s Kh] and won ($178.84) with two pair, Kings and Sixes
Seat 5: Burlica2013 (big blind) showed [Kd Jc] and lost with a pair of Kings



PokerStars Hand #254444574262:  Hold'em No Limit ($0.50/$1.00 USD) - 2025/01/19 9:17:24 WET [2025/01/19 4:17:24 ET]
Table 'Asmodeus II' 6-max Seat #4 is the button
Seat 2: Aescul@pius ($100 in chips) 
Seat 4: Patttrick18 ($178.84 in chips) 
Seat 5: Burlica2013 ($100 in chips) 
Burlica2013: posts small blind $0.50
Aescul@pius: posts big blind $1
*** HOLE CARDS ***
Patttrick18: raises $1 to $2
Burlica2013: folds 
Aescul@pius: raises $9 to $11
Patttrick18: calls $9
*** FLOP *** [5c Qh 3c]
vezis3 joins the table at seat #3 
Aescul@pius: checks 
Patttrick18: bets $5
Aescul@pius: calls $5
*** TURN *** [5c Qh 3c] [4h]
Aescul@pius: checks 
Patttrick18: checks 
*** RIVER *** [5c Qh 3c 4h] [As]
Aescul@pius: checks 
Patttrick18: checks 
*** SHOW DOWN ***
Aescul@pius: shows [9d 9c] (a pair of Nines)
Patttrick18: shows [9h Ad] (a pair of Aces)
Patttrick18 collected $31.50 from pot
*** SUMMARY ***
Total pot $32.50 | Rake $1 
Board [5c Qh 3c 4h As]
Seat 2: Aescul@pius (big blind) showed [9d 9c] and lost with a pair of Nines
Seat 4: Patttrick18 (button) showed [9h Ad] and won ($31.50) with a pair of Aces
Seat 5: Burlica2013 (small blind) folded before Flop



PokerStars Hand #254444581260:  Hold'em No Limit ($0.50/$1.00 USD) - 2025/01/19 9:18:37 WET [2025/01/19 4:18:37 ET]
Table 'Asmodeus II' 6-max Seat #5 is the button
Seat 2: Aescul@pius ($100 in chips) 
Seat 3: vezis3 ($100 in chips) 
Seat 4: Patttrick18 ($194.34 in chips) 
Seat 5: Burlica2013 ($100 in chips) 
Aescul@pius: posts small blind $0.50
vezis3: posts big blind $1
*** HOLE CARDS ***
Patttrick18: folds 
Burlica2013: raises $1.45 to $2.45
Aescul@pius: folds 
vezis3: folds 
Uncalled bet ($1.45) returned to Burlica2013
Burlica2013 collected $2.50 from pot
Burlica2013: doesn't show hand 
Trente666 joins the table at seat #6 
Trente666 is disconnected 
*** SUMMARY ***
Total pot $2.50 | Rake $0 
Seat 2: Aescul@pius (small blind) folded before Flop
Seat 3: vezis3 (big blind) folded before Flop
Seat 4: Patttrick18 folded before Flop (didn't bet)
Seat 5: Burlica2013 (button) collected ($2.50)



PokerStars Hand #254444582853:  Hold'em No Limit ($0.50/$1.00 USD) - 2025/01/19 9:18:53 WET [2025/01/19 4:18:53 ET]
Table 'Asmodeus II' 6-max Seat #2 is the button
Seat 6: Trente666 ($42.75 in chips) is sitting out
Seat 2: Aescul@pius ($100 in chips) 
Seat 3: vezis3 ($100 in chips) 
Seat 4: Patttrick18 ($194.34 in chips) 
Seat 5: Burlica2013 ($101.50 in chips) 
vezis3: posts small blind $0.50
Patttrick18: posts big blind $1
Trente666: sits out 
*** HOLE CARDS ***
Burlica2013: raises $1.25 to $2.25
Aescul@pius: folds 
vezis3: folds 
Patttrick18: calls $1.25
*** FLOP *** [7c 3s 5s]
Patttrick18: bets $2.38
Burlica2013: raises $7.13 to $9.51
Patttrick18: raises $7.13 to $16.64
Burlica2013: calls $7.13
*** TURN *** [7c 3s 5s] [4h]
Patttrick18: checks 
Burlica2013: checks 
*** RIVER *** [7c 3s 5s 4h] [2d]
Patttrick18: bets $37.28
Burlica2013: calls $37.28
*** SHOW DOWN ***
Patttrick18: shows [Ah 5d] (a straight, Ace to Five)
Burlica2013: shows [Ad 7h] (a straight, Ace to Five)
Patttrick18 collected $55.92 from pot
Burlica2013 collected $55.92 from pot
*** SUMMARY ***
Total pot $112.84 | Rake $1 
Board [7c 3s 5s 4h 2d]
Seat 6: Trente666
Seat 2: Aescul@pius (button) folded before Flop (didn't bet)
Seat 3: vezis3 (small blind) folded before Flop
Seat 4: Patttrick18 (big blind) showed [Ah 5d] and won ($55.92) with a straight, Ace to Five
Seat 5: Burlica2013 showed [Ad 7h] and won ($55.92) with a straight, Ace to Five



PokerStars Hand #254444587720:  Hold'em No Limit ($0.50/$1.00 USD) - 2025/01/19 9:19:44 WET [2025/01/19 4:19:44 ET]
Table 'Asmodeus II' 6-max Seat #3 is the button
Seat 2: Aescul@pius ($100 in chips) 
Seat 3: vezis3 ($100 in chips) 
Seat 4: Patttrick18 ($194.09 in chips) 
Seat 5: Burlica2013 ($101.25 in chips) 
Seat 6: Trente666 ($42.75 in chips) 
Patttrick18: posts small blind $0.50
Burlica2013: posts big blind $1
Trente666: posts big blind $1
*** HOLE CARDS ***
Trente666: checks 
Aescul@pius: raises $2.50 to $3.50
vezis3: folds 
Patttrick18: folds 
Burlica2013: folds 
Trente666: folds 
Uncalled bet ($2.50) returned to Aescul@pius
Aescul@pius collected $3.50 from pot
Aescul@pius: doesn't show hand 
*** SUMMARY ***
Total pot $3.50 | Rake $0 
Seat 2: Aescul@pius collected ($3.50)
Seat 3: vezis3 (button) folded before Flop (didn't bet)
Seat 4: Patttrick18 (small blind) folded before Flop
Seat 5: Burlica2013 (big blind) folded before Flop
Seat 6: Trente666 folded before Flop (didn't bet)



PokerStars Hand #254444590952:  Hold'em No Limit ($0.50/$1.00 USD) - 2025/01/19 9:20:17 WET [2025/01/19 4:20:17 ET]
Table 'Asmodeus II' 6-max Seat #4 is the button
Seat 2: Aescul@pius ($102.50 in chips) 
Seat 3: vezis3 ($100 in chips) 
Seat 4: Patttrick18 ($193.59 in chips) 
Seat 5: Burlica2013 ($100.25 in chips) 
Seat 6: Trente666 ($41.75 in chips) 
Burlica2013: posts small blind $0.50
Trente666: posts big blind $1
*** HOLE CARDS ***
Aescul@pius: folds 
vezis3: raises $1.40 to $2.40
Patttrick18: folds 
Burlica2013: folds 
Trente666: folds 
Uncalled bet ($1.40) returned to vezis3
vezis3 collected $2.50 from pot
vezis3: doesn't show hand 
*** SUMMARY ***
Total pot $2.50 | Rake $0 
Seat 2: Aescul@pius folded before Flop (didn't bet)
Seat 3: vezis3 collected ($2.50)
Seat 4: Patttrick18 (button) folded before Flop (didn't bet)
Seat 5: Burlica2013 (small blind) folded before Flop
Seat 6: Trente666 (big blind) folded before Flop



PokerStars Hand #254444593802:  Hold'em No Limit ($0.50/$1.00 USD) - 2025/01/19 9:20:48 WET [2025/01/19 4:20:48 ET]
Table 'Asmodeus II' 6-max Seat #5 is the button
Seat 2: Aescul@pius ($102.50 in chips) 
Seat 3: vezis3 ($101.50 in chips) 
Seat 4: Patttrick18 ($193.59 in chips) 
Seat 5: Burlica2013 ($100 in chips) 
Seat 6: Trente666 ($40.75 in chips) 
Trente666: posts small blind $0.50
Aescul@pius: posts big blind $1
*** HOLE CARDS ***
vezis3: folds 
Patttrick18: calls $1
Burlica2013: raises $2 to $3
Trente666: folds 
Aescul@pius: folds 
Patttrick18: calls $2
*** FLOP *** [7c Kd Jh]
Patttrick18: checks 
Burlica2013: bets $2.35
Patttrick18: calls $2.35
*** TURN *** [7c Kd Jh] [Tc]
Patttrick18: checks 
Burlica2013: checks 
*** RIVER *** [7c Kd Jh Tc] [4s]
Patttrick18: bets $5.80
Burlica2013: folds 
Uncalled bet ($5.80) returned to Patttrick18
Patttrick18 collected $11.59 from pot
*** SUMMARY ***
Total pot $12.20 | Rake $0.61 
Board [7c Kd Jh Tc 4s]
Seat 2: Aescul@pius (big blind) folded before Flop
Seat 3: vezis3 folded before Flop (didn't bet)
Seat 4: Patttrick18 collected ($11.59)
Seat 5: Burlica2013 (button) folded on the River
Seat 6: Trente666 (small blind) folded before Flop



PokerStars Hand #254444597430:  Hold'em No Limit ($0.50/$1.00 USD) - 2025/01/19 9:21:25 WET [2025/01/19 4:21:25 ET]
Table 'Asmodeus II' 6-max Seat #6 is the button
Seat 2: Aescul@pius ($101.50 in chips) 
Seat 3: vezis3 ($101.50 in chips) 
Seat 4: Patttrick18 ($199.83 in chips) 
Seat 5: Burlica2013 ($100 in chips) 
Seat 6: Trente666 ($40.25 in chips) 
Aescul@pius: posts small blind $0.50
vezis3: posts big blind $1
*** HOLE CARDS ***
Patttrick18: raises $1 to $2
Burlica2013: raises $4.68 to $6.68
Trente666: folds 
Aescul@pius: folds 
vezis3: folds 
Patttrick18: calls $4.68
*** FLOP *** [8s 9s 5h]
Patttrick18: checks 
Burlica2013: bets $4.66
Patttrick18: calls $4.66
*** TURN *** [8s 9s 5h] [Ac]
Patttrick18: checks 
Burlica2013: checks 
*** RIVER *** [8s 9s 5h Ac] [Jc]
Patttrick18: checks 
Burlica2013: checks 
*** SHOW DOWN ***
Patttrick18: shows [Kc Js] (a pair of Jacks)
Burlica2013: mucks hand 
Patttrick18 collected $22.97 from pot
*** SUMMARY ***
Total pot $24.18 | Rake $1.21 
Board [8s 9s 5h Ac Jc]
Seat 2: Aescul@pius (small blind) folded before Flop
Seat 3: vezis3 (big blind) folded before Flop
Seat 4: Patttrick18 showed [Kc Js] and won ($22.97) with a pair of Jacks
Seat 5: Burlica2013 mucked
Seat 6: Trente666 (button) folded before Flop (didn't bet)



PokerStars Hand #254444602112:  Hold'em No Limit ($0.50/$1.00 USD) - 2025/01/19 9:22:14 WET [2025/01/19 4:22:14 ET]
Table 'Asmodeus II' 6-max Seat #2 is the button
Seat 2: Aescul@pius ($101 in chips) 
Seat 3: vezis3 ($100.50 in chips) 
Seat 4: Patttrick18 ($211.46 in chips) 
Seat 5: Burlica2013 ($100 in chips) 
Seat 6: Trente666 ($40.25 in chips) 
vezis3: posts small blind $0.50
Patttrick18: posts big blind $1
*** HOLE CARDS ***
Burlica2013: raises $1.20 to $2.20
Trente666: folds 
Aescul@pius: folds 
vezis3: calls $1.70
Patttrick18: calls $1.20
*** FLOP *** [4h 5s Jh]
vezis3: checks 
Patttrick18: checks 
Burlica2013: checks 
*** TURN *** [4h 5s Jh] [Ks]
vezis3: checks 
Patttrick18: checks 
Burlica2013: bets $3.14
vezis3: folds 
Patttrick18: folds 
Uncalled bet ($3.14) returned to Burlica2013
Burlica2013 collected $6.27 from pot
Burlica2013: doesn't show hand 
*** SUMMARY ***
Total pot $6.60 | Rake $0.33 
Board [4h 5s Jh Ks]
Seat 2: Aescul@pius (button) folded before Flop (didn't bet)
Seat 3: vezis3 (small blind) folded on the Turn
Seat 4: Patttrick18 (big blind) folded on the Turn
Seat 5: Burlica2013 collected ($6.27)
Seat 6: Trente666 folded before Flop (didn't bet)



PokerStars Hand #254444606459:  Hold'em No Limit ($0.50/$1.00 USD) - 2025/01/19 9:22:58 WET [2025/01/19 4:22:58 ET]
Table 'Asmodeus II' 6-max Seat #3 is the button
Seat 2: Aescul@pius ($101 in chips) 
Seat 3: vezis3 ($100 in chips) 
Seat 4: Patttrick18 ($209.26 in chips) 
Seat 5: Burlica2013 ($104.07 in chips) 
Seat 6: Trente666 ($40.25 in chips) 
Patttrick18: posts small blind $0.50
Burlica2013: posts big blind $1
*** HOLE CARDS ***
Trente666: folds 
Aescul@pius: folds 
vezis3: folds 
Patttrick18: calls $0.50
Burlica2013: checks 
*** FLOP *** [Tc 6h Th]
Patttrick18: checks 
Burlica2013: checks 
*** TURN *** [Tc 6h Th] [6d]
Patttrick18: checks 
Burlica2013: checks 
*** RIVER *** [Tc 6h Th 6d] [Qd]
Patttrick18: bets $1
Burlica2013: calls $1
*** SHOW DOWN ***
Patttrick18: shows [As 8d] (two pair, Tens and Sixes)
Burlica2013: mucks hand 
Patttrick18 collected $3.80 from pot
*** SUMMARY ***
Total pot $4 | Rake $0.20 
Board [Tc 6h Th 6d Qd]
Seat 2: Aescul@pius folded before Flop (didn't bet)
Seat 3: vezis3 (button) folded before Flop (didn't bet)
Seat 4: Patttrick18 (small blind) showed [As 8d] and won ($3.80) with two pair, Tens and Sixes
Seat 5: Burlica2013 (big blind) mucked
Seat 6: Trente666 folded before Flop (didn't bet)



PokerStars Hand #254444610047:  Hold'em No Limit ($0.50/$1.00 USD) - 2025/01/19 9:23:35 WET [2025/01/19 4:23:35 ET]
Table 'Asmodeus II' 6-max Seat #4 is the button
Seat 2: Aescul@pius ($101 in chips) 
Seat 3: vezis3 ($100 in chips) 
Seat 4: Patttrick18 ($211.06 in chips) 
Seat 5: Burlica2013 ($102.07 in chips) 
Seat 6: Trente666 ($40.25 in chips) 
Burlica2013: posts small blind $0.50
Trente666: posts big blind $1
*** HOLE CARDS ***
Aescul@pius: folds 
vezis3: folds 
Patttrick18: folds 
Burlica2013: folds 
Uncalled bet ($0.50) returned to Trente666
Trente666 collected $1 from pot
*** SUMMARY ***
Total pot $1 | Rake $0 
Seat 2: Aescul@pius folded before Flop (didn't bet)
Seat 3: vezis3 folded before Flop (didn't bet)
Seat 4: Patttrick18 (button) folded before Flop (didn't bet)
Seat 5: Burlica2013 (small blind) folded before Flop
Seat 6: Trente666 (big blind) collected ($1)



PokerStars Hand #254444611261:  Hold'em No Limit ($0.50/$1.00 USD) - 2025/01/19 9:23:47 WET [2025/01/19 4:23:47 ET]
Table 'Asmodeus II' 6-max Seat #5 is the button
Seat 2: Aescul@pius ($101 in chips) 
Seat 3: vezis3 ($100 in chips) 
Seat 4: Patttrick18 ($211.06 in chips) 
Seat 5: Burlica2013 ($101.57 in chips) 
Seat 6: Trente666 ($40.75 in chips) 
Trente666: posts small blind $0.50
Aescul@pius: posts big blind $1
*** HOLE CARDS ***
vezis3: folds 
Patttrick18: folds 
Burlica2013: folds 
Trente666: calls $0.50
Aescul@pius: checks 
*** FLOP *** [Jd Qh 3d]
Trente666: bets $2.90
gig.gyty joins the table at seat #1 
Aescul@pius: folds 
Uncalled bet ($2.90) returned to Trente666
Trente666 collected $1.90 from pot
*** SUMMARY ***
Total pot $2 | Rake $0.10 
Board [Jd Qh 3d]
Seat 2: Aescul@pius (big blind) folded on the Flop
Seat 3: vezis3 folded before Flop (didn't bet)
Seat 4: Patttrick18 folded before Flop (didn't bet)
Seat 5: Burlica2013 (button) folded before Flop (didn't bet)
Seat 6: Trente666 (small blind) collected ($1.90)



PokerStars Hand #254444614387:  Hold'em No Limit ($0.50/$1.00 USD) - 2025/01/19 9:24:19 WET [2025/01/19 4:24:19 ET]
Table 'Asmodeus II' 6-max Seat #6 is the button
Seat 1: gig.gyty ($100 in chips) is sitting out
Seat 2: Aescul@pius ($100 in chips) 
Seat 3: vezis3 ($100 in chips) 
Seat 4: Patttrick18 ($211.06 in chips) 
Seat 5: Burlica2013 ($101.57 in chips) 
Seat 6: Trente666 ($41.65 in chips) 
Aescul@pius: posts small blind $0.50
vezis3: posts big blind $1
*** HOLE CARDS ***
Patttrick18: folds 
Burlica2013: folds 
Trente666: folds 
Aescul@pius: folds 
Uncalled bet ($0.50) returned to vezis3
vezis3 collected $1 from pot
vezis3: doesn't show hand 
*** SUMMARY ***
Total pot $1 | Rake $0 
Seat 1: gig.gyty
Seat 2: Aescul@pius (small blind) folded before Flop
Seat 3: vezis3 (big blind) collected ($1)
Seat 4: Patttrick18 folded before Flop (didn't bet)
Seat 5: Burlica2013 folded before Flop (didn't bet)
Seat 6: Trente666 (button) folded before Flop (didn't bet)



PokerStars Hand #254444615531:  Hold'em No Limit ($0.50/$1.00 USD) - 2025/01/19 9:24:31 WET [2025/01/19 4:24:31 ET]
Table 'Asmodeus II' 6-max Seat #2 is the button
Seat 1: gig.gyty ($100 in chips) is sitting out
Seat 2: Aescul@pius ($100 in chips) 
Seat 3: vezis3 ($100.50 in chips) 
Seat 4: Patttrick18 ($211.06 in chips) 
Seat 5: Burlica2013 ($101.57 in chips) 
Seat 6: Trente666 ($41.65 in chips) 
vezis3: posts small blind $0.50
Patttrick18: posts big blind $1
gig.gyty: sits out 
*** HOLE CARDS ***
Burlica2013: raises $1.20 to $2.20
Trente666: calls $2.20
Aescul@pius: raises $7.30 to $9.50
vezis3: folds 
Patttrick18: folds 
Burlica2013: folds 
Trente666: folds 
Uncalled bet ($7.30) returned to Aescul@pius
Aescul@pius collected $8.10 from pot
Aescul@pius: doesn't show hand 
*** SUMMARY ***
Total pot $8.10 | Rake $0 
Seat 1: gig.gyty
Seat 2: Aescul@pius (button) collected ($8.10)
Seat 3: vezis3 (small blind) folded before Flop
Seat 4: Patttrick18 (big blind) folded before Flop
Seat 5: Burlica2013 folded before Flop
Seat 6: Trente666 folded before Flop



PokerStars Hand #254444618728:  Hold'em No Limit ($0.50/$1.00 USD) - 2025/01/19 9:25:03 WET [2025/01/19 4:25:03 ET]
Table 'Asmodeus II' 6-max Seat #3 is the button
Seat 1: gig.gyty ($100 in chips) is sitting out
Seat 2: Aescul@pius ($105.90 in chips) 
Seat 3: vezis3 ($100 in chips) 
Seat 4: Patttrick18 ($210.06 in chips) 
Seat 5: Burlica2013 ($100 in chips) 
Seat 6: Trente666 ($39.45 in chips) 
Patttrick18: posts small blind $0.50
Burlica2013: posts big blind $1
gig.gyty: sits out 
*** HOLE CARDS ***
Trente666: folds 
Aescul@pius: folds 
vezis3: raises $1.40 to $2.40
Patttrick18: folds 
Burlica2013: folds 
Uncalled bet ($1.40) returned to vezis3
vezis3 collected $2.50 from pot
vezis3: doesn't show hand 
*** SUMMARY ***
Total pot $2.50 | Rake $0 
Seat 1: gig.gyty
Seat 2: Aescul@pius folded before Flop (didn't bet)
Seat 3: vezis3 (button) collected ($2.50)
Seat 4: Patttrick18 (small blind) folded before Flop
Seat 5: Burlica2013 (big blind) folded before Flop
Seat 6: Trente666 folded before Flop (didn't bet)



PokerStars Hand #254444620790:  Hold'em No Limit ($0.50/$1.00 USD) - 2025/01/19 9:25:24 WET [2025/01/19 4:25:24 ET]
Table 'Asmodeus II' 6-max Seat #4 is the button
Seat 1: gig.gyty ($100 in chips) is sitting out
Seat 2: Aescul@pius ($105.90 in chips) 
Seat 3: vezis3 ($101.50 in chips) 
Seat 4: Patttrick18 ($209.56 in chips) 
Seat 5: Burlica2013 ($100 in chips) 
Seat 6: Trente666 ($39.45 in chips) 
Burlica2013: posts small blind $0.50
Trente666: posts big blind $1
gig.gyty: sits out 
*** HOLE CARDS ***
Aescul@pius: raises $1 to $2
vezis3: folds 
Patttrick18: folds 
Burlica2013: folds 
Trente666: folds 
Uncalled bet ($1) returned to Aescul@pius
Aescul@pius collected $2.50 from pot
Aescul@pius: doesn't show hand 
*** SUMMARY ***
Total pot $2.50 | Rake $0 
Seat 1: gig.gyty
Seat 2: Aescul@pius collected ($2.50)
Seat 3: vezis3 folded before Flop (didn't bet)
Seat 4: Patttrick18 (button) folded before Flop (didn't bet)
Seat 5: Burlica2013 (small blind) folded before Flop
Seat 6: Trente666 (big blind) folded before Flop



PokerStars Hand #254444622088:  Hold'em No Limit ($0.50/$1.00 USD) - 2025/01/19 9:25:37 WET [2025/01/19 4:25:37 ET]
Table 'Asmodeus II' 6-max Seat #5 is the button
Seat 1: gig.gyty ($100 in chips) 
Seat 2: Aescul@pius ($107.40 in chips) 
Seat 3: vezis3 ($101.50 in chips) 
Seat 4: Patttrick18 ($209.56 in chips) 
Seat 5: Burlica2013 ($100 in chips) 
Seat 6: Trente666 ($38.45 in chips) 
Trente666: posts small blind $0.50
gig.gyty: posts big blind $1
*** HOLE CARDS ***
Aescul@pius: folds 
vezis3: raises $1 to $2
Patttrick18: folds 
Burlica2013: folds 
Trente666: folds 
gig.gyty: folds 
Uncalled bet ($1) returned to vezis3
vezis3 collected $2.50 from pot
vezis3: doesn't show hand 
*** SUMMARY ***
Total pot $2.50 | Rake $0 
Seat 1: gig.gyty (big blind) folded before Flop
Seat 2: Aescul@pius folded before Flop (didn't bet)
Seat 3: vezis3 collected ($2.50)
Seat 4: Patttrick18 folded before Flop (didn't bet)
Seat 5: Burlica2013 (button) folded before Flop (didn't bet)
Seat 6: Trente666 (small blind) folded before Flop



PokerStars Hand #254444623644:  Hold'em No Limit ($0.50/$1.00 USD) - 2025/01/19 9:25:52 WET [2025/01/19 4:25:52 ET]
Table 'Asmodeus II' 6-max Seat #6 is the button
Seat 1: gig.gyty ($100 in chips) 
Seat 2: Aescul@pius ($107.40 in chips) 
Seat 3: vezis3 ($103 in chips) 
Seat 4: Patttrick18 ($209.56 in chips) 
Seat 5: Burlica2013 ($100 in chips) 
Seat 6: Trente666 ($37.95 in chips) 
gig.gyty: posts small blind $0.50
Aescul@pius: posts big blind $1
*** HOLE CARDS ***
vezis3: folds 
Patttrick18: folds 
Burlica2013: folds 
Trente666: folds 
gig.gyty: folds 
Uncalled bet ($0.50) returned to Aescul@pius
Aescul@pius collected $1 from pot
Aescul@pius: doesn't show hand 
*** SUMMARY ***
Total pot $1 | Rake $0 
Seat 1: gig.gyty (small blind) folded before Flop
Seat 2: Aescul@pius (big blind) collected ($1)
Seat 3: vezis3 folded before Flop (didn't bet)
Seat 4: Patttrick18 folded before Flop (didn't bet)
Seat 5: Burlica2013 folded before Flop (didn't bet)
Seat 6: Trente666 (button) folded before Flop (didn't bet)



PokerStars Hand #254444624609:  Hold'em No Limit ($0.50/$1.00 USD) - 2025/01/19 9:26:02 WET [2025/01/19 4:26:02 ET]
Table 'Asmodeus II' 6-max Seat #1 is the button
Seat 1: gig.gyty ($100 in chips) 
Seat 2: Aescul@pius ($107.90 in chips) 
Seat 3: vezis3 ($103 in chips) 
Seat 4: Patttrick18 ($209.56 in chips) 
Seat 5: Burlica2013 ($100 in chips) 
Seat 6: Trente666 ($37.95 in chips) 
Aescul@pius: posts small blind $0.50
vezis3: posts big blind $1
*** HOLE CARDS ***
Patttrick18: folds 
Burlica2013: raises $1.20 to $2.20
Trente666: folds 
gig.gyty: folds 
Aescul@pius: folds 
vezis3: calls $1.20
*** FLOP *** [4c 3s 6s]
vezis3: checks 
Burlica2013: bets $1.54
vezis3: folds 
Uncalled bet ($1.54) returned to Burlica2013
Burlica2013 collected $4.66 from pot
Burlica2013: doesn't show hand 
*** SUMMARY ***
Total pot $4.90 | Rake $0.24 
Board [4c 3s 6s]
Seat 1: gig.gyty (button) folded before Flop (didn't bet)
Seat 2: Aescul@pius (small blind) folded before Flop
Seat 3: vezis3 (big blind) folded on the Flop
Seat 4: Patttrick18 folded before Flop (didn't bet)
Seat 5: Burlica2013 collected ($4.66)
Seat 6: Trente666 folded before Flop (didn't bet)



PokerStars Hand #254444626815:  Hold'em No Limit ($0.50/$1.00 USD) - 2025/01/19 9:26:24 WET [2025/01/19 4:26:24 ET]
Table 'Asmodeus II' 6-max Seat #2 is the button
Seat 1: gig.gyty ($100 in chips) 
Seat 2: Aescul@pius ($107.40 in chips) 
Seat 3: vezis3 ($100.80 in chips) 
Seat 4: Patttrick18 ($209.56 in chips) 
Seat 5: Burlica2013 ($102.46 in chips) 
Seat 6: Trente666 ($37.95 in chips) 
vezis3: posts small blind $0.50
Patttrick18: posts big blind $1
*** HOLE CARDS ***
Burlica2013: raises $1.20 to $2.20
Trente666: calls $2.20
gig.gyty: folds 
Aescul@pius: folds 
vezis3: folds 
Patttrick18: folds 
*** FLOP *** [Ah Ac 5c]
Burlica2013: bets $1.40
Trente666: calls $1.40
*** TURN *** [Ah Ac 5c] [8d]
Burlica2013: bets $6.20
Trente666: calls $6.20
*** RIVER *** [Ah Ac 5c 8d] [3s]
Burlica2013: checks 
Trente666: checks 
*** SHOW DOWN ***
Burlica2013: shows [9s Ts] (a pair of Aces)
Trente666: shows [Qh Kc] (a pair of Aces - King kicker)
Trente666 collected $20.04 from pot
*** SUMMARY ***
Total pot $21.10 | Rake $1.06 
Board [Ah Ac 5c 8d 3s]
Seat 1: gig.gyty folded before Flop (didn't bet)
Seat 2: Aescul@pius (button) folded before Flop (didn't bet)
Seat 3: vezis3 (small blind) folded before Flop
Seat 4: Patttrick18 (big blind) folded before Flop
Seat 5: Burlica2013 showed [9s Ts] and lost with a pair of Aces
Seat 6: Trente666 showed [Qh Kc] and won ($20.04) with a pair of Aces



PokerStars Hand #254444630789:  Hold'em No Limit ($0.50/$1.00 USD) - 2025/01/19 9:27:04 WET [2025/01/19 4:27:04 ET]
Table 'Asmodeus II' 6-max Seat #3 is the button
Seat 1: gig.gyty ($100 in chips) 
Seat 2: Aescul@pius ($107.40 in chips) 
Seat 3: vezis3 ($100.30 in chips) 
Seat 4: Patttrick18 ($208.56 in chips) 
Seat 5: Burlica2013 ($100 in chips) 
Seat 6: Trente666 ($48.19 in chips) 
Patttrick18: posts small blind $0.50
Burlica2013: posts big blind $1
*** HOLE CARDS ***
Trente666: folds 
gig.gyty: folds 
Aescul@pius: folds 
vezis3: folds 
Patttrick18: folds 
Uncalled bet ($0.50) returned to Burlica2013
Burlica2013 collected $1 from pot
Burlica2013: doesn't show hand 
*** SUMMARY ***
Total pot $1 | Rake $0 
Seat 1: gig.gyty folded before Flop (didn't bet)
Seat 2: Aescul@pius folded before Flop (didn't bet)
Seat 3: vezis3 (button) folded before Flop (didn't bet)
Seat 4: Patttrick18 (small blind) folded before Flop
Seat 5: Burlica2013 (big blind) collected ($1)
Seat 6: Trente666 folded before Flop (didn't bet)



PokerStars Hand #254444632523:  Hold'em No Limit ($0.50/$1.00 USD) - 2025/01/19 9:27:22 WET [2025/01/19 4:27:22 ET]
Table 'Asmodeus II' 6-max Seat #4 is the button
Seat 1: gig.gyty ($100 in chips) 
Seat 2: Aescul@pius ($107.40 in chips) 
Seat 3: vezis3 ($100.30 in chips) 
Seat 4: Patttrick18 ($208.06 in chips) 
Seat 5: Burlica2013 ($100.50 in chips) 
Seat 6: Trente666 ($48.19 in chips) 
Burlica2013: posts small blind $0.50
Trente666: posts big blind $1
*** HOLE CARDS ***
gig.gyty: folds 
Aescul@pius: folds 
vezis3: raises $1.40 to $2.40
Patttrick18: folds 
Burlica2013: calls $1.90
Trente666: calls $1.40
*** FLOP *** [5s 7c 5h]
Burlica2013: checks 
Trente666: checks 
vezis3: checks 
*** TURN *** [5s 7c 5h] [Ad]
Burlica2013: checks 
Trente666: checks 
vezis3: bets $2.87
Burlica2013: folds 
Trente666: folds 
Uncalled bet ($2.87) returned to vezis3
vezis3 collected $6.84 from pot
vezis3: doesn't show hand 
*** SUMMARY ***
Total pot $7.20 | Rake $0.36 
Board [5s 7c 5h Ad]
Seat 1: gig.gyty folded before Flop (didn't bet)
Seat 2: Aescul@pius folded before Flop (didn't bet)
Seat 3: vezis3 collected ($6.84)
Seat 4: Patttrick18 (button) folded before Flop (didn't bet)
Seat 5: Burlica2013 (small blind) folded on the Turn
Seat 6: Trente666 (big blind) folded on the Turn



PokerStars Hand #254444638168:  Hold'em No Limit ($0.50/$1.00 USD) - 2025/01/19 9:28:17 WET [2025/01/19 4:28:17 ET]
Table 'Asmodeus II' 6-max Seat #5 is the button
Seat 1: gig.gyty ($100 in chips) is sitting out
Seat 2: Aescul@pius ($107.40 in chips) 
Seat 3: vezis3 ($104.74 in chips) 
Seat 4: Patttrick18 ($208.06 in chips) 
Seat 5: Burlica2013 ($100 in chips) 
Seat 6: Trente666 ($45.79 in chips) 
Trente666: posts small blind $0.50
gig.gyty: is sitting out 
Aescul@pius: posts big blind $1
*** HOLE CARDS ***
vezis3: folds 
Patttrick18: folds 
Burlica2013: raises $1.45 to $2.45
Trente666: folds 
gig.gyty leaves the table
Aescul@pius: folds 
Uncalled bet ($1.45) returned to Burlica2013
Burlica2013 collected $2.50 from pot
Burlica2013: doesn't show hand 
*** SUMMARY ***
Total pot $2.50 | Rake $0 
Seat 1: gig.gyty
Seat 2: Aescul@pius (big blind) folded before Flop
Seat 3: vezis3 folded before Flop (didn't bet)
Seat 4: Patttrick18 folded before Flop (didn't bet)
Seat 5: Burlica2013 (button) collected ($2.50)
Seat 6: Trente666 (small blind) folded before Flop



PokerStars Hand #254444639840:  Hold'em No Limit ($0.50/$1.00 USD) - 2025/01/19 9:28:33 WET [2025/01/19 4:28:33 ET]
Table 'Asmodeus II' 6-max Seat #6 is the button
Seat 2: Aescul@pius ($106.40 in chips) 
Seat 3: vezis3 ($104.74 in chips) 
Seat 4: Patttrick18 ($208.06 in chips) 
Seat 5: Burlica2013 ($101.50 in chips) 
Seat 6: Trente666 ($45.29 in chips) 
Aescul@pius: posts small blind $0.50
vezis3: posts big blind $1
*** HOLE CARDS ***
Patttrick18: raises $1 to $2
Burlica2013: folds 
Trente666: folds 
Aescul@pius: folds 
vezis3: folds 
Uncalled bet ($1) returned to Patttrick18
Patttrick18 collected $2.50 from pot
*** SUMMARY ***
Total pot $2.50 | Rake $0 
Seat 2: Aescul@pius (small blind) folded before Flop
Seat 3: vezis3 (big blind) folded before Flop
Seat 4: Patttrick18 collected ($2.50)
Seat 5: Burlica2013 folded before Flop (didn't bet)
Seat 6: Trente666 (button) folded before Flop (didn't bet)



PokerStars Hand #254444691147:  Hold'em No Limit ($0.50/$1.00 USD) - 2025/01/19 9:36:48 WET [2025/01/19 4:36:48 ET]
Table 'Asmodeus II' 6-max Seat #3 is the button
Seat 2: Aescul@pius ($109.30 in chips) 
Seat 3: vezis3 ($109.11 in chips) 
Seat 4: Patttrick18 ($234.97 in chips) 
Seat 5: Burlica2013 ($101 in chips) 
Patttrick18: posts small blind $0.50
Burlica2013: posts big blind $1
*** HOLE CARDS ***
Aescul@pius: raises $1.20 to $2.20
vezis3: folds 
Patttrick18: calls $1.70
Burlica2013: calls $1.20
*** FLOP *** [Qd 5c Jh]
Patttrick18: checks 
Burlica2013: checks 
Aescul@pius: bets $2.07
Patttrick18: calls $2.07
Burlica2013: calls $2.07
*** TURN *** [Qd 5c Jh] [4d]
Patttrick18: bets $6.09
Burlica2013: calls $6.09
Aescul@pius: calls $6.09
*** RIVER *** [Qd 5c Jh 4d] [As]
Patttrick18: checks 
Burlica2013: bets $22.56
Aescul@pius: raises $76.38 to $98.94 and is all-in
Patttrick18: folds 
Burlica2013: calls $68.08 and is all-in
Uncalled bet ($8.30) returned to Aescul@pius
*** SHOW DOWN ***
Aescul@pius: shows [Th Kc] (a straight, Ten to Ace)
Burlica2013: shows [Td Kh] (a straight, Ten to Ace)
Burlica2013 collected $105.68 from pot
Aescul@pius collected $105.68 from pot
*** SUMMARY ***
Total pot $212.36 | Rake $1 
Board [Qd 5c Jh 4d As]
Seat 2: Aescul@pius showed [Th Kc] and won ($105.68) with a straight, Ten to Ace
Seat 3: vezis3 (button) folded before Flop (didn't bet)
Seat 4: Patttrick18 (small blind) folded on the River
Seat 5: Burlica2013 (big blind) showed [Td Kh] and won ($105.68) with a straight, Ten to Ace



PokerStars Hand #254444699985:  Hold'em No Limit ($0.50/$1.00 USD) - 2025/01/19 9:38:14 WET [2025/01/19 4:38:14 ET]
Table 'Asmodeus II' 6-max Seat #4 is the button
Seat 2: Aescul@pius ($113.98 in chips) 
Seat 3: vezis3 ($109.11 in chips) 
Seat 4: Patttrick18 ($224.61 in chips) 
Seat 5: Burlica2013 ($105.68 in chips) 
Burlica2013: posts small blind $0.50
Aescul@pius: posts big blind $1
*** HOLE CARDS ***
vezis3: raises $1.40 to $2.40
Patttrick18: folds 
Burlica2013: raises $9.60 to $12
Aescul@pius: folds 
vezis3: raises $13 to $25
Burlica2013: raises $80.68 to $105.68 and is all-in
vezis3: calls $80.68
*** FLOP *** [2h 5c Ad]
*** TURN *** [2h 5c Ad] [Kc]
*** RIVER *** [2h 5c Ad Kc] [9h]
*** SHOW DOWN ***
Burlica2013: shows [Ac Kd] (two pair, Aces and Kings)
vezis3: shows [Tc Td] (a pair of Tens)
Burlica2013 collected $211.36 from pot
*** SUMMARY ***
Total pot $212.36 | Rake $1 
Board [2h 5c Ad Kc 9h]
Seat 2: Aescul@pius (big blind) folded before Flop
Seat 3: vezis3 showed [Tc Td] and lost with a pair of Tens
Seat 4: Patttrick18 (button) folded before Flop (didn't bet)
Seat 5: Burlica2013 (small blind) showed [Ac Kd] and won ($211.36) with two pair, Aces and Kings



PokerStars Hand #254444706576:  Hold'em No Limit ($0.50/$1.00 USD) - 2025/01/19 9:39:16 WET [2025/01/19 4:39:16 ET]
Table 'Asmodeus II' 6-max Seat #5 is the button
Seat 2: Aescul@pius ($112.98 in chips) 
Seat 3: vezis3 ($100 in chips) 
Seat 4: Patttrick18 ($224.61 in chips) 
Seat 5: Burlica2013 ($211.36 in chips) 
Aescul@pius: posts small blind $0.50
vezis3: posts big blind $1
*** HOLE CARDS ***
Patttrick18: calls $1
Burlica2013: raises $2 to $3
Aescul@pius: folds 
vezis3: folds 
Patttrick18: calls $2
*** FLOP *** [Qc 4d 8d]
Patttrick18: checks 
Burlica2013: checks 
*** TURN *** [Qc 4d 8d] [Jc]
Patttrick18: bets $3.56
Burlica2013: folds 
Uncalled bet ($3.56) returned to Patttrick18
Patttrick18 collected $7.12 from pot
*** SUMMARY ***
Total pot $7.50 | Rake $0.38 
Board [Qc 4d 8d Jc]
Seat 2: Aescul@pius (small blind) folded before Flop
Seat 3: vezis3 (big blind) folded before Flop
Seat 4: Patttrick18 collected ($7.12)
Seat 5: Burlica2013 (button) folded on the Turn



PokerStars Hand #254444709711:  Hold'em No Limit ($0.50/$1.00 USD) - 2025/01/19 9:39:46 WET [2025/01/19 4:39:46 ET]
Table 'Asmodeus II' 6-max Seat #2 is the button
Seat 2: Aescul@pius ($112.48 in chips) 
Seat 3: vezis3 ($100 in chips) 
Seat 4: Patttrick18 ($228.73 in chips) 
Seat 5: Burlica2013 ($208.36 in chips) 
vezis3: posts small blind $0.50
Patttrick18: posts big blind $1
*** HOLE CARDS ***
Burlica2013: folds 
Aescul@pius: folds 
vezis3: folds 
Uncalled bet ($0.50) returned to Patttrick18
Patttrick18 collected $1 from pot
*** SUMMARY ***
Total pot $1 | Rake $0 
Seat 2: Aescul@pius (button) folded before Flop (didn't bet)
Seat 3: vezis3 (small blind) folded before Flop
Seat 4: Patttrick18 (big blind) collected ($1)
Seat 5: Burlica2013 folded before Flop (didn't bet)



PokerStars Hand #254444710791:  Hold'em No Limit ($0.50/$1.00 USD) - 2025/01/19 9:39:56 WET [2025/01/19 4:39:56 ET]
Table 'Asmodeus II' 6-max Seat #3 is the button
Seat 2: Aescul@pius ($112.48 in chips) 
Seat 3: vezis3 ($100 in chips) 
Seat 4: Patttrick18 ($229.23 in chips) 
Seat 5: Burlica2013 ($208.36 in chips) 
Patttrick18: posts small blind $0.50
Burlica2013: posts big blind $1
*** HOLE CARDS ***
Aescul@pius: folds 
vezis3: folds 
Patttrick18: calls $0.50
Burlica2013: raises $2 to $3
Patttrick18: calls $2
*** FLOP *** [9h 8s Tc]
Patttrick18: checks 
Burlica2013: bets $4.28
Patttrick18: folds 
Uncalled bet ($4.28) returned to Burlica2013
Burlica2013 collected $5.70 from pot
Burlica2013: doesn't show hand 
*** SUMMARY ***
Total pot $6 | Rake $0.30 
Board [9h 8s Tc]
Seat 2: Aescul@pius folded before Flop (didn't bet)
Seat 3: vezis3 (button) folded before Flop (didn't bet)
Seat 4: Patttrick18 (small blind) folded on the Flop
Seat 5: Burlica2013 (big blind) collected ($5.70)



PokerStars Hand #254444713398:  Hold'em No Limit ($0.50/$1.00 USD) - 2025/01/19 9:40:21 WET [2025/01/19 4:40:21 ET]
Table 'Asmodeus II' 6-max Seat #4 is the button
Seat 2: Aescul@pius ($112.48 in chips) 
Seat 3: vezis3 ($100 in chips) 
Seat 4: Patttrick18 ($226.23 in chips) 
Seat 5: Burlica2013 ($211.06 in chips) 
Burlica2013: posts small blind $0.50
Aescul@pius: posts big blind $1
*** HOLE CARDS ***
vezis3: folds 
Patttrick18: folds 
Burlica2013: raises $2 to $3
Aescul@pius: folds 
Uncalled bet ($2) returned to Burlica2013
Burlica2013 collected $2 from pot
Burlica2013: doesn't show hand 
*** SUMMARY ***
Total pot $2 | Rake $0 
Seat 2: Aescul@pius (big blind) folded before Flop
Seat 3: vezis3 folded before Flop (didn't bet)
Seat 4: Patttrick18 (button) folded before Flop (didn't bet)
Seat 5: Burlica2013 (small blind) collected ($2)



PokerStars Hand #254444714595:  Hold'em No Limit ($0.50/$1.00 USD) - 2025/01/19 9:40:32 WET [2025/01/19 4:40:32 ET]
Table 'Asmodeus II' 6-max Seat #5 is the button
Seat 2: Aescul@pius ($111.48 in chips) 
Seat 3: vezis3 ($100 in chips) 
Seat 4: Patttrick18 ($226.23 in chips) 
Seat 5: Burlica2013 ($212.06 in chips) 
Aescul@pius: posts small blind $0.50
vezis3: posts big blind $1
*** HOLE CARDS ***
Patttrick18: folds 
Burlica2013: folds 
Aescul@pius: raises $2 to $3
vezis3: calls $2
*** FLOP *** [6c 5d 7d]
Aescul@pius: checks 
vezis3: bets $4.39
Aescul@pius: folds 
Uncalled bet ($4.39) returned to vezis3
vezis3 collected $5.70 from pot
vezis3: doesn't show hand 
*** SUMMARY ***
Total pot $6 | Rake $0.30 
Board [6c 5d 7d]
Seat 2: Aescul@pius (small blind) folded on the Flop
Seat 3: vezis3 (big blind) collected ($5.70)
Seat 4: Patttrick18 folded before Flop (didn't bet)
Seat 5: Burlica2013 (button) folded before Flop (didn't bet)



PokerStars Hand #254444718470:  Hold'em No Limit ($0.50/$1.00 USD) - 2025/01/19 9:41:09 WET [2025/01/19 4:41:09 ET]
Table 'Asmodeus II' 6-max Seat #2 is the button
Seat 2: Aescul@pius ($108.48 in chips) 
Seat 3: vezis3 ($102.70 in chips) 
Seat 4: Patttrick18 ($226.23 in chips) 
Seat 5: Burlica2013 ($212.06 in chips) 
vezis3: posts small blind $0.50
Patttrick18: posts big blind $1
*** HOLE CARDS ***
Burlica2013: folds 
Aescul@pius: folds 
vezis3: raises $2 to $3
Patttrick18: folds 
Uncalled bet ($2) returned to vezis3
vezis3 collected $2 from pot
vezis3: doesn't show hand 
*** SUMMARY ***
Total pot $2 | Rake $0 
Seat 2: Aescul@pius (button) folded before Flop (didn't bet)
Seat 3: vezis3 (small blind) collected ($2)
Seat 4: Patttrick18 (big blind) folded before Flop
Seat 5: Burlica2013 folded before Flop (didn't bet)



PokerStars Hand #254444719972:  Hold'em No Limit ($0.50/$1.00 USD) - 2025/01/19 9:41:23 WET [2025/01/19 4:41:23 ET]
Table 'Asmodeus II' 6-max Seat #3 is the button
Seat 2: Aescul@pius ($108.48 in chips) 
Seat 3: vezis3 ($103.70 in chips) 
Seat 4: Patttrick18 ($225.23 in chips) 
Seat 5: Burlica2013 ($212.06 in chips) 
Patttrick18: posts small blind $0.50
Burlica2013: posts big blind $1
*** HOLE CARDS ***
Aescul@pius: folds 
vezis3: raises $1.40 to $2.40
Patttrick18: folds 
Burlica2013: calls $1.40
*** FLOP *** [4c Qc Qd]
Burlica2013: checks 
vezis3: bets $1.66
Burlica2013: folds 
Uncalled bet ($1.66) returned to vezis3
vezis3 collected $5.04 from pot
vezis3: doesn't show hand 
*** SUMMARY ***
Total pot $5.30 | Rake $0.26 
Board [4c Qc Qd]
Seat 2: Aescul@pius folded before Flop (didn't bet)
Seat 3: vezis3 (button) collected ($5.04)
Seat 4: Patttrick18 (small blind) folded before Flop
Seat 5: Burlica2013 (big blind) folded on the Flop



PokerStars Hand #254444722136:  Hold'em No Limit ($0.50/$1.00 USD) - 2025/01/19 9:41:43 WET [2025/01/19 4:41:43 ET]
Table 'Asmodeus II' 6-max Seat #4 is the button
Seat 2: Aescul@pius ($108.48 in chips) 
Seat 3: vezis3 ($106.34 in chips) 
Seat 4: Patttrick18 ($224.73 in chips) 
Seat 5: Burlica2013 ($209.66 in chips) 
Burlica2013: posts small blind $0.50
Aescul@pius: posts big blind $1
*** HOLE CARDS ***
vezis3: raises $1.40 to $2.40
Patttrick18: folds 
Burlica2013: folds 
Aescul@pius: folds 
Uncalled bet ($1.40) returned to vezis3
vezis3 collected $2.50 from pot
vezis3: doesn't show hand 
*** SUMMARY ***
Total pot $2.50 | Rake $0 
Seat 2: Aescul@pius (big blind) folded before Flop
Seat 3: vezis3 collected ($2.50)
Seat 4: Patttrick18 (button) folded before Flop (didn't bet)
Seat 5: Burlica2013 (small blind) folded before Flop



PokerStars Hand #254444724712:  Hold'em No Limit ($0.50/$1.00 USD) - 2025/01/19 9:42:07 WET [2025/01/19 4:42:07 ET]
Table 'Asmodeus II' 6-max Seat #5 is the button
Seat 2: Aescul@pius ($107.48 in chips) 
Seat 3: vezis3 ($107.84 in chips) 
Seat 4: Patttrick18 ($224.73 in chips) 
Seat 5: Burlica2013 ($209.16 in chips) 
Aescul@pius: posts small blind $0.50
vezis3: posts big blind $1
*** HOLE CARDS ***
Patttrick18: folds 
Burlica2013: folds 
Aescul@pius: raises $2 to $3
vezis3: raises $7 to $10
Aescul@pius: raises $97.48 to $107.48 and is all-in
vezis3: folds 
Uncalled bet ($97.48) returned to Aescul@pius
CJBracketRacer joins the table at seat #1 
Aescul@pius collected $20 from pot
Aescul@pius: doesn't show hand 
*** SUMMARY ***
Total pot $20 | Rake $0 
Seat 2: Aescul@pius (small blind) collected ($20)
Seat 3: vezis3 (big blind) folded before Flop
Seat 4: Patttrick18 folded before Flop (didn't bet)
Seat 5: Burlica2013 (button) folded before Flop (didn't bet)



PokerStars Hand #254444727519:  Hold'em No Limit ($0.50/$1.00 USD) - 2025/01/19 9:42:33 WET [2025/01/19 4:42:33 ET]
Table 'Asmodeus II' 6-max Seat #2 is the button
Seat 1: CJBracketRacer ($40 in chips) is sitting out
Seat 2: Aescul@pius ($117.48 in chips) 
Seat 3: vezis3 ($100 in chips) 
Seat 4: Patttrick18 ($224.73 in chips) 
Seat 5: Burlica2013 ($209.16 in chips) 
vezis3: posts small blind $0.50
Patttrick18: posts big blind $1
CJBracketRacer: sits out 
*** HOLE CARDS ***
gig.gyty joins the table at seat #6 
Burlica2013: folds 
Aescul@pius: raises $1.20 to $2.20
vezis3: folds 
Patttrick18: folds 
Uncalled bet ($1.20) returned to Aescul@pius
Aescul@pius collected $2.50 from pot
Aescul@pius: doesn't show hand 
*** SUMMARY ***
Total pot $2.50 | Rake $0 
Seat 1: CJBracketRacer
Seat 2: Aescul@pius (button) collected ($2.50)
Seat 3: vezis3 (small blind) folded before Flop
Seat 4: Patttrick18 (big blind) folded before Flop
Seat 5: Burlica2013 folded before Flop (didn't bet)



PokerStars Hand #254444729617:  Hold'em No Limit ($0.50/$1.00 USD) - 2025/01/19 9:42:52 WET [2025/01/19 4:42:52 ET]
Table 'Asmodeus II' 6-max Seat #3 is the button
Seat 1: CJBracketRacer ($40 in chips) is sitting out
Seat 6: gig.gyty ($100 in chips) is sitting out
Seat 2: Aescul@pius ($118.98 in chips) 
Seat 3: vezis3 ($100 in chips) 
Seat 4: Patttrick18 ($223.73 in chips) 
Seat 5: Burlica2013 ($209.16 in chips) 
Patttrick18: posts small blind $0.50
Burlica2013: posts big blind $1
gig.gyty: sits out 
CJBracketRacer: sits out 
*** HOLE CARDS ***
Aescul@pius: folds 
vezis3: raises $1.40 to $2.40
Patttrick18: folds 
Burlica2013: folds 
Uncalled bet ($1.40) returned to vezis3
vezis3 collected $2.50 from pot
vezis3: doesn't show hand 
*** SUMMARY ***
Total pot $2.50 | Rake $0 
Seat 1: CJBracketRacer
Seat 6: gig.gyty
Seat 2: Aescul@pius folded before Flop (didn't bet)
Seat 3: vezis3 (button) collected ($2.50)
Seat 4: Patttrick18 (small blind) folded before Flop
Seat 5: Burlica2013 (big blind) folded before Flop



PokerStars Hand #254444731607:  Hold'em No Limit ($0.50/$1.00 USD) - 2025/01/19 9:43:10 WET [2025/01/19 4:43:10 ET]
Table 'Asmodeus II' 6-max Seat #4 is the button
Seat 1: CJBracketRacer ($40 in chips) is sitting out
Seat 2: Aescul@pius ($118.98 in chips) 
Seat 3: vezis3 ($101.50 in chips) 
Seat 4: Patttrick18 ($223.23 in chips) 
Seat 5: Burlica2013 ($208.16 in chips) 
Seat 6: gig.gyty ($100 in chips) 
Burlica2013: posts small blind $0.50
gig.gyty: posts big blind $1
CJBracketRacer: sits out 
*** HOLE CARDS ***
Aescul@pius: folds 
vezis3: raises $1.40 to $2.40
Patttrick18: folds 
Burlica2013: calls $1.90
gig.gyty: folds 
*** FLOP *** [4d Jd 3d]
Burlica2013: checks 
vezis3: bets $1.82
Burlica2013: calls $1.82
*** TURN *** [4d Jd 3d] [6c]
Burlica2013: checks 
vezis3: bets $6.91
Burlica2013: calls $6.91
*** RIVER *** [4d Jd 3d 6c] [8s]
Burlica2013: checks 
vezis3: checks 
*** SHOW DOWN ***
Burlica2013: shows [7c 7d] (a pair of Sevens)
vezis3: shows [Jc Tc] (a pair of Jacks)
vezis3 collected $22.10 from pot
*** SUMMARY ***
Total pot $23.26 | Rake $1.16 
Board [4d Jd 3d 6c 8s]
Seat 1: CJBracketRacer
Seat 2: Aescul@pius folded before Flop (didn't bet)
Seat 3: vezis3 showed [Jc Tc] and won ($22.10) with a pair of Jacks
Seat 4: Patttrick18 (button) folded before Flop (didn't bet)
Seat 5: Burlica2013 (small blind) showed [7c 7d] and lost with a pair of Sevens
Seat 6: gig.gyty (big blind) folded before Flop



PokerStars Hand #254444736115:  Hold'em No Limit ($0.50/$1.00 USD) - 2025/01/19 9:43:52 WET [2025/01/19 4:43:52 ET]
Table 'Asmodeus II' 6-max Seat #5 is the button
Seat 1: CJBracketRacer ($40 in chips) 
Seat 2: Aescul@pius ($118.98 in chips) 
Seat 3: vezis3 ($112.47 in chips) 
Seat 4: Patttrick18 ($223.23 in chips) 
Seat 5: Burlica2013 ($197.03 in chips) 
Seat 6: gig.gyty ($100 in chips) 
gig.gyty: posts small blind $0.50
CJBracketRacer: posts big blind $1
*** HOLE CARDS ***
Aescul@pius: folds 
vezis3: folds 
Patttrick18: calls $1
Burlica2013: raises $2 to $3
gig.gyty: folds 
CJBracketRacer: folds 
Patttrick18: calls $2
*** FLOP *** [Jh 6c 2d]
Patttrick18: bets $3.56
Burlica2013: calls $3.56
*** TURN *** [Jh 6c 2d] [Td]
Patttrick18: bets $13.89
Burlica2013: calls $13.89
*** RIVER *** [Jh 6c 2d Td] [Jd]
Patttrick18: bets $40.28
Burlica2013: folds 
Uncalled bet ($40.28) returned to Patttrick18
Patttrick18 collected $40.28 from pot
Patttrick18: shows [Jc Ad] (three of a kind, Jacks)
*** SUMMARY ***
Total pot $42.40 | Rake $2.12 
Board [Jh 6c 2d Td Jd]
Seat 1: CJBracketRacer (big blind) folded before Flop
Seat 2: Aescul@pius folded before Flop (didn't bet)
Seat 3: vezis3 folded before Flop (didn't bet)
Seat 4: Patttrick18 collected ($40.28)
Seat 5: Burlica2013 (button) folded on the River
Seat 6: gig.gyty (small blind) folded before Flop



PokerStars Hand #254444741615:  Hold'em No Limit ($0.50/$1.00 USD) - 2025/01/19 9:44:42 WET [2025/01/19 4:44:42 ET]
Table 'Asmodeus II' 6-max Seat #6 is the button
Seat 1: CJBracketRacer ($39 in chips) 
Seat 2: Aescul@pius ($118.98 in chips) 
Seat 3: vezis3 ($112.47 in chips) 
Seat 4: Patttrick18 ($243.06 in chips) 
Seat 5: Burlica2013 ($176.58 in chips) 
Seat 6: gig.gyty ($100 in chips) 
CJBracketRacer: posts small blind $0.50
Aescul@pius: posts big blind $1
*** HOLE CARDS ***
vezis3: raises $1 to $2
Patttrick18: folds 
Burlica2013: folds 
gig.gyty: folds 
CJBracketRacer: calls $1.50
Aescul@pius: folds 
*** FLOP *** [7d 6c Kc]
CJBracketRacer: checks 
Patttrick18 leaves the table
vezis3: bets $1.57
CJBracketRacer: raises $7.89 to $9.46
vezis3: folds 
Uncalled bet ($7.89) returned to CJBracketRacer
CJBracketRacer collected $7.73 from pot
CJBracketRacer: doesn't show hand 
*** SUMMARY ***
Total pot $8.14 | Rake $0.41 
Board [7d 6c Kc]
Seat 1: CJBracketRacer (small blind) collected ($7.73)
Seat 2: Aescul@pius (big blind) folded before Flop
Seat 3: vezis3 folded on the Flop
Seat 4: Patttrick18 folded before Flop (didn't bet)
Seat 5: Burlica2013 folded before Flop (didn't bet)
Seat 6: gig.gyty (button) folded before Flop (didn't bet)



PokerStars Hand #254444745630:  Hold'em No Limit ($0.50/$1.00 USD) - 2025/01/19 9:45:20 WET [2025/01/19 4:45:20 ET]
Table 'Asmodeus II' 6-max Seat #1 is the button
Seat 1: CJBracketRacer ($43.16 in chips) 
Seat 2: Aescul@pius ($117.98 in chips) 
Seat 3: vezis3 ($108.90 in chips) 
Seat 5: Burlica2013 ($176.58 in chips) 
Seat 6: gig.gyty ($100 in chips) 
Aescul@pius: posts small blind $0.50
vezis3: posts big blind $1
*** HOLE CARDS ***
Burlica2013: folds 
Burlica2013 leaves the table
gig.gyty: folds 
CJBracketRacer: calls $1
Aescul@pius: raises $4 to $5
vezis3: folds 
CJBracketRacer: calls $4
*** FLOP *** [Kd 6d Qh]
Burlica2013 joins the table at seat #4 
Emily_GetMan joins the table at seat #5 
Aescul@pius: bets $5.23
CJBracketRacer: calls $5.23
*** TURN *** [Kd 6d Qh] [Th]
Aescul@pius: bets $20.39
CJBracketRacer: calls $20.39
*** RIVER *** [Kd 6d Qh Th] [6c]
Aescul@pius: bets $53.77
CJBracketRacer: calls $12.54 and is all-in
Uncalled bet ($41.23) returned to Aescul@pius
*** SHOW DOWN ***
Aescul@pius: shows [As Kc] (two pair, Kings and Sixes)
CJBracketRacer: shows [Jh Ts] (two pair, Tens and Sixes)
Aescul@pius collected $84.82 from pot
*** SUMMARY ***
Total pot $87.32 | Rake $2.50 
Board [Kd 6d Qh Th 6c]
Seat 1: CJBracketRacer (button) showed [Jh Ts] and lost with two pair, Tens and Sixes
Seat 2: Aescul@pius (small blind) showed [As Kc] and won ($84.82) with two pair, Kings and Sixes
Seat 3: vezis3 (big blind) folded before Flop
Seat 5: Burlica2013 folded before Flop (didn't bet)
Seat 6: gig.gyty folded before Flop (didn't bet)



PokerStars Hand #254444756886:  Hold'em No Limit ($0.50/$1.00 USD) - 2025/01/19 9:47:02 WET [2025/01/19 4:47:02 ET]
Table 'Asmodeus II' 6-max Seat #2 is the button
Seat 5: Emily_GetMan ($100 in chips) is sitting out
Seat 2: Aescul@pius ($159.64 in chips) 
Seat 3: vezis3 ($107.90 in chips) 
Seat 4: Burlica2013 ($176.58 in chips) 
Seat 6: gig.gyty ($100 in chips) 
vezis3: posts small blind $0.50
Burlica2013: posts big blind $1
Emily_GetMan: sits out 
*** HOLE CARDS ***
gig.gyty: folds 
Aescul@pius: raises $1.20 to $2.20
vezis3: folds 
Burlica2013: raises $9.80 to $12
Aescul@pius: raises $16 to $28
ThiagoKigami joins the table at seat #1 
Burlica2013: raises $148.58 to $176.58 and is all-in
Aescul@pius: folds 
Uncalled bet ($148.58) returned to Burlica2013
Burlica2013 collected $56.50 from pot
Burlica2013: doesn't show hand 
*** SUMMARY ***
Total pot $56.50 | Rake $0 
Seat 5: Emily_GetMan
Seat 2: Aescul@pius (button) folded before Flop
Seat 3: vezis3 (small blind) folded before Flop
Seat 4: Burlica2013 (big blind) collected ($56.50)
Seat 6: gig.gyty folded before Flop (didn't bet)



PokerStars Hand #254444762587:  Hold'em No Limit ($0.50/$1.00 USD) - 2025/01/19 9:47:54 WET [2025/01/19 4:47:54 ET]
Table 'Asmodeus II' 6-max Seat #3 is the button
Seat 1: ThiagoKigami ($100 in chips) is sitting out
Seat 2: Aescul@pius ($131.64 in chips) 
Seat 3: vezis3 ($107.40 in chips) 
Seat 4: Burlica2013 ($205.08 in chips) 
Seat 5: Emily_GetMan ($100 in chips) 
Seat 6: gig.gyty ($100 in chips) 
Burlica2013: posts small blind $0.50
Emily_GetMan: posts big blind $1
ThiagoKigami: sits out 
*** HOLE CARDS ***
gig.gyty: folds 
Aescul@pius: folds 
vezis3: folds 
Burlica2013: raises $2 to $3
Emily_GetMan: folds 
Uncalled bet ($2) returned to Burlica2013
Burlica2013 collected $2 from pot
Burlica2013: doesn't show hand 
*** SUMMARY ***
Total pot $2 | Rake $0 
Seat 1: ThiagoKigami
Seat 2: Aescul@pius folded before Flop (didn't bet)
Seat 3: vezis3 (button) folded before Flop (didn't bet)
Seat 4: Burlica2013 (small blind) collected ($2)
Seat 5: Emily_GetMan (big blind) folded before Flop
Seat 6: gig.gyty folded before Flop (didn't bet)



PokerStars Hand #254444763817:  Hold'em No Limit ($0.50/$1.00 USD) - 2025/01/19 9:48:06 WET [2025/01/19 4:48:06 ET]
Table 'Asmodeus II' 6-max Seat #4 is the button
Seat 6: gig.gyty ($100 in chips) is sitting out
Seat 1: ThiagoKigami ($100 in chips) 
Seat 2: Aescul@pius ($131.64 in chips) 
Seat 3: vezis3 ($107.40 in chips) 
Seat 4: Burlica2013 ($206.08 in chips) 
Seat 5: Emily_GetMan ($100 in chips) 
Emily_GetMan: posts small blind $0.50
gig.gyty: is sitting out 
ThiagoKigami: posts big blind $1
*** HOLE CARDS ***
gig.gyty leaves the table
Aescul@pius: folds 
vezis3: folds 
Burlica2013: raises $1.45 to $2.45
Emily_GetMan: folds 
ThiagoKigami: folds 
Uncalled bet ($1.45) returned to Burlica2013
Aescul@pius leaves the table
Burlica2013 collected $2.50 from pot
Burlica2013: doesn't show hand 
*** SUMMARY ***
Total pot $2.50 | Rake $0 
Seat 6: gig.gyty
Seat 1: ThiagoKigami (big blind) folded before Flop
Seat 2: Aescul@pius folded before Flop (didn't bet)
Seat 3: vezis3 folded before Flop (didn't bet)
Seat 4: Burlica2013 (button) collected ($2.50)
Seat 5: Emily_GetMan (small blind) folded before Flop



