PokerStars Hand #254454966324:  Hold'em No Limit ($0.50/$1.00 USD) - 2025/01/19 20:28:45 WET [2025/01/19 15:28:45 ET]
Table 'Regor III' 6-max Seat #6 is the button
Seat 1: IREQO ($100.50 in chips) is sitting out
Seat 2: UnRRRReal ($100 in chips) 
Seat 3: nastja336 ($100 in chips) 
Seat 6: Pippa83 ($100 in chips) 
UnRRRReal: posts small blind $0.50
nastja336: posts big blind $1
*** HOLE CARDS ***
Pippa83: folds 
UnRRRReal: folds 
Uncalled bet ($0.50) returned to nastja336
nastja336 collected $1 from pot
nastja336: doesn't show hand 
*** SUMMARY ***
Total pot $1 | Rake $0 
Seat 1: IREQO
Seat 2: UnRRRReal (small blind) folded before Flop
Seat 3: nastja336 (big blind) collected ($1)
Seat 6: Pippa83 (button) folded before Flop (didn't bet)



PokerStars Hand #254454969862:  Hold'em No Limit ($0.50/$1.00 USD) - 2025/01/19 20:28:54 WET [2025/01/19 15:28:54 ET]
Table 'Regor III' 6-max Seat #2 is the button
Seat 1: IREQO ($100.50 in chips) is sitting out
Seat 2: UnRRRReal ($100 in chips) 
Seat 3: nastja336 ($100.50 in chips) 
Seat 6: Pippa83 ($100 in chips) 
nastja336: posts small blind $0.50
Pippa83: posts big blind $1
*** HOLE CARDS ***
IREQO leaves the table
UnRRRReal: folds 
nastja336: folds 
Uncalled bet ($0.50) returned to Pippa83
Pippa83 collected $1 from pot
Pippa83: doesn't show hand 
*** SUMMARY ***
Total pot $1 | Rake $0 
Seat 1: IREQO
Seat 2: UnRRRReal (button) folded before Flop (didn't bet)
Seat 3: nastja336 (small blind) folded before Flop
Seat 6: Pippa83 (big blind) collected ($1)



PokerStars Hand #254454973972:  Hold'em No Limit ($0.50/$1.00 USD) - 2025/01/19 20:29:05 WET [2025/01/19 15:29:05 ET]
Table 'Regor III' 6-max Seat #3 is the button
Seat 2: UnRRRReal ($100 in chips) 
Seat 3: nastja336 ($100 in chips) 
Seat 6: Pippa83 ($100.50 in chips) 
Pippa83: posts small blind $0.50
UnRRRReal: posts big blind $1
*** HOLE CARDS ***
nastja336: folds 
Pippa83: raises $2 to $3
UnRRRReal: calls $2
*** FLOP *** [Kh 3d 8d]
Pippa83: checks 
UnRRRReal: bets $2.96
Pippa83: calls $2.96
*** TURN *** [Kh 3d 8d] [5h]
Pippa83: checks 
UnRRRReal: bets $16.98
Pippa83: raises $31.02 to $48
UnRRRReal: raises $46.04 to $94.04 and is all-in
Pippa83: calls $46.04
*** FIRST RIVER *** [Kh 3d 8d 5h] [4s]
*** SECOND RIVER *** [Kh 3d 8d 5h] [Qh]
*** FIRST SHOW DOWN ***
Pippa83: shows [Kd 5d] (two pair, Kings and Fives)
UnRRRReal: shows [3s 3c] (three of a kind, Threes)
UnRRRReal collected $99.50 from pot
*** SECOND SHOW DOWN ***
Pippa83: shows [Kd 5d] (two pair, Kings and Fives)
UnRRRReal: shows [3s 3c] (three of a kind, Threes)
UnRRRReal collected $99.50 from pot
*** SUMMARY ***
Total pot $200 | Rake $1 
Hand was run twice
FIRST Board [Kh 3d 8d 5h 4s]
SECOND Board [Kh 3d 8d 5h Qh]
Seat 2: UnRRRReal (big blind) showed [3s 3c] and won ($99.50) with three of a kind, Threes, and won ($99.50) with three of a kind, Threes
Seat 3: nastja336 (button) folded before Flop (didn't bet)
Seat 6: Pippa83 (small blind) showed [Kd 5d] and lost with two pair, Kings and Fives, and lost with two pair, Kings and Fives



PokerStars Hand #254454996937:  Hold'em No Limit ($0.50/$1.00 USD) - 2025/01/19 20:30:03 WET [2025/01/19 15:30:03 ET]
Table 'Regor III' 6-max Seat #2 is the button
Seat 3: nastja336 ($100 in chips) is sitting out
Seat 2: UnRRRReal ($199 in chips) 
Seat 6: Pippa83 ($100 in chips) 
UnRRRReal: posts small blind $0.50
nastja336: is sitting out 
Pippa83: posts big blind $1
*** HOLE CARDS ***
nastja336 leaves the table
UnRRRReal: raises $1.50 to $2.50
Pippa83: calls $1.50
*** FLOP *** [Qs 6h 9s]
Pippa83: checks 
UnRRRReal: checks 
*** TURN *** [Qs 6h 9s] [7c]
Pippa83: checks 
UnRRRReal: checks 
*** RIVER *** [Qs 6h 9s 7c] [Ac]
Pippa83: checks 
UnRRRReal: bets $3.56
Pippa83: raises $14.94 to $18.50
UnRRRReal: folds 
Uncalled bet ($14.94) returned to Pippa83
Pippa83 collected $11.51 from pot
Pippa83: doesn't show hand 
*** SUMMARY ***
Total pot $12.12 | Rake $0.61 
Board [Qs 6h 9s 7c Ac]
Seat 3: nastja336
Seat 2: UnRRRReal (button) (small blind) folded on the River
Seat 6: Pippa83 (big blind) collected ($11.51)



PokerStars Hand #254455052369:  Hold'em No Limit ($0.50/$1.00 USD) - 2025/01/19 20:32:23 WET [2025/01/19 15:32:23 ET]
Table 'Regor III' 6-max Seat #3 is the button
Seat 2: saimon 945 ($10 in chips) 
Seat 3: nastja336 ($100 in chips) 
nastja336: posts small blind $0.50
saimon 945: posts big blind $1
*** HOLE CARDS ***
nastja336: folds 
Uncalled bet ($0.50) returned to saimon 945
saimon 945 collected $1 from pot
*** SUMMARY ***
Total pot $1 | Rake $0 
Seat 2: saimon 945 (big blind) collected ($1)
Seat 3: nastja336 (button) (small blind) folded before Flop



PokerStars Hand #254455054847:  Hold'em No Limit ($0.50/$1.00 USD) - 2025/01/19 20:32:29 WET [2025/01/19 15:32:29 ET]
Table 'Regor III' 6-max Seat #2 is the button
Seat 2: saimon 945 ($10.50 in chips) 
Seat 3: nastja336 ($100 in chips) 
saimon 945: posts small blind $0.50
nastja336: posts big blind $1
*** HOLE CARDS ***
saimon 945: folds 
Uncalled bet ($0.50) returned to nastja336
nastja336 collected $1 from pot
nastja336: doesn't show hand 
z00mba joins the table at seat #4 
*** SUMMARY ***
Total pot $1 | Rake $0 
Seat 2: saimon 945 (button) (small blind) folded before Flop
Seat 3: nastja336 (big blind) collected ($1)



PokerStars Hand #254455057610:  Hold'em No Limit ($0.50/$1.00 USD) - 2025/01/19 20:32:36 WET [2025/01/19 15:32:36 ET]
Table 'Regor III' 6-max Seat #3 is the button
Seat 4: z00mba ($100 in chips) is sitting out
Seat 2: saimon 945 ($10 in chips) 
Seat 3: nastja336 ($100.50 in chips) 
nastja336: posts small blind $0.50
saimon 945: posts big blind $1
*** HOLE CARDS ***
nastja336: folds 
Uncalled bet ($0.50) returned to saimon 945
saimon 945 collected $1 from pot
*** SUMMARY ***
Total pot $1 | Rake $0 
Seat 4: z00mba
Seat 2: saimon 945 (big blind) collected ($1)
Seat 3: nastja336 (button) (small blind) folded before Flop



PokerStars Hand #254455060481:  Hold'em No Limit ($0.50/$1.00 USD) - 2025/01/19 20:32:44 WET [2025/01/19 15:32:44 ET]
Table 'Regor III' 6-max Seat #2 is the button
Seat 2: saimon 945 ($10.50 in chips) 
Seat 3: nastja336 ($100 in chips) 
Seat 4: z00mba ($100 in chips) 
nastja336: posts small blind $0.50
z00mba: posts big blind $1
*** HOLE CARDS ***
saimon 945: folds 
nastja336: raises $2 to $3
z00mba: folds 
Uncalled bet ($2) returned to nastja336
nastja336 collected $2 from pot
nastja336: doesn't show hand 
*** SUMMARY ***
Total pot $2 | Rake $0 
Seat 2: saimon 945 (button) folded before Flop (didn't bet)
Seat 3: nastja336 (small blind) collected ($2)
Seat 4: z00mba (big blind) folded before Flop



PokerStars Hand #254455064484:  Hold'em No Limit ($0.50/$1.00 USD) - 2025/01/19 20:32:54 WET [2025/01/19 15:32:54 ET]
Table 'Regor III' 6-max Seat #3 is the button
Seat 2: saimon 945 ($10.50 in chips) 
Seat 3: nastja336 ($101 in chips) 
Seat 4: z00mba ($100 in chips) 
z00mba: posts small blind $0.50
saimon 945: posts big blind $1
*** HOLE CARDS ***
nastja336: folds 
z00mba: folds 
Uncalled bet ($0.50) returned to saimon 945
nastja336 leaves the table
saimon 945 collected $1 from pot
*** SUMMARY ***
Total pot $1 | Rake $0 
Seat 2: saimon 945 (big blind) collected ($1)
Seat 3: nastja336 (button) folded before Flop (didn't bet)
Seat 4: z00mba (small blind) folded before Flop



PokerStars Hand #254455067078:  Hold'em No Limit ($0.50/$1.00 USD) - 2025/01/19 20:33:01 WET [2025/01/19 15:33:01 ET]
Table 'Regor III' 6-max Seat #2 is the button
Seat 2: saimon 945 ($11 in chips) 
Seat 4: z00mba ($100 in chips) 
saimon 945: posts small blind $0.50
z00mba: posts big blind $1
*** HOLE CARDS ***
saimon 945: raises $1 to $2
z00mba: calls $1
*** FLOP *** [2s Ac 3d]
z00mba: checks 
saimon 945: checks 
*** TURN *** [2s Ac 3d] [9c]
z00mba: checks 
saimon 945: checks 
*** RIVER *** [2s Ac 3d 9c] [4s]
z00mba: checks 
saimon 945: checks 
*** SHOW DOWN ***
z00mba: shows [Kh 3c] (a pair of Threes)
saimon 945: mucks hand 
z00mba collected $3.80 from pot
*** SUMMARY ***
Total pot $4 | Rake $0.20 
Board [2s Ac 3d 9c 4s]
Seat 2: saimon 945 (button) (small blind) mucked
Seat 4: z00mba (big blind) showed [Kh 3c] and won ($3.80) with a pair of Threes



PokerStars Hand #254455075347:  Hold'em No Limit ($0.50/$1.00 USD) - 2025/01/19 20:33:22 WET [2025/01/19 15:33:22 ET]
Table 'Regor III' 6-max Seat #4 is the button
Seat 2: saimon 945 ($9 in chips) 
Seat 4: z00mba ($101.80 in chips) 
z00mba: posts small blind $0.50
saimon 945: posts big blind $1
*** HOLE CARDS ***
z00mba: folds 
Uncalled bet ($0.50) returned to saimon 945
saimon 945 collected $1 from pot
*** SUMMARY ***
Total pot $1 | Rake $0 
Seat 2: saimon 945 (big blind) collected ($1)
Seat 4: z00mba (button) (small blind) folded before Flop



PokerStars Hand #254455164100:  Hold'em No Limit ($0.50/$1.00 USD) - 2025/01/19 20:37:08 WET [2025/01/19 15:37:08 ET]
Table 'Regor III' 6-max Seat #6 is the button
Seat 2: nastja336 ($101 in chips) 
Seat 3: Mr_Dick666 ($100 in chips) 
Seat 4: MAO_DZEDYN_S ($100 in chips) 
Seat 6: mariofcd ($100 in chips) 
nastja336: posts small blind $0.50
Mr_Dick666: posts big blind $1
*** HOLE CARDS ***
tintin641 joins the table at seat #5 
MAO_DZEDYN_S: folds 
mariofcd: folds 
nastja336: folds 
Uncalled bet ($0.50) returned to Mr_Dick666
Mr_Dick666 collected $1 from pot
Mr_Dick666: doesn't show hand 
*** SUMMARY ***
Total pot $1 | Rake $0 
Seat 2: nastja336 (small blind) folded before Flop
Seat 3: Mr_Dick666 (big blind) collected ($1)
Seat 4: MAO_DZEDYN_S folded before Flop (didn't bet)
Seat 6: mariofcd (button) folded before Flop (didn't bet)



PokerStars Hand #254455167668:  Hold'em No Limit ($0.50/$1.00 USD) - 2025/01/19 20:37:17 WET [2025/01/19 15:37:17 ET]
Table 'Regor III' 6-max Seat #2 is the button
Seat 5: tintin641 ($100 in chips) is sitting out
Seat 2: nastja336 ($100.50 in chips) 
Seat 3: Mr_Dick666 ($100.50 in chips) 
Seat 4: MAO_DZEDYN_S ($100 in chips) 
Seat 6: mariofcd ($100 in chips) 
Mr_Dick666: posts small blind $0.50
MAO_DZEDYN_S: posts big blind $1
tintin641: sits out 
*** HOLE CARDS ***
mariofcd: folds 
nastja336: folds 
Mr_Dick666: raises $2 to $3
MAO_DZEDYN_S: folds 
Uncalled bet ($2) returned to Mr_Dick666
Mr_Dick666 collected $2 from pot
Mr_Dick666: doesn't show hand 
*** SUMMARY ***
Total pot $2 | Rake $0 
Seat 5: tintin641
Seat 2: nastja336 (button) folded before Flop (didn't bet)
Seat 3: Mr_Dick666 (small blind) collected ($2)
Seat 4: MAO_DZEDYN_S (big blind) folded before Flop
Seat 6: mariofcd folded before Flop (didn't bet)



PokerStars Hand #254455176516:  Hold'em No Limit ($0.50/$1.00 USD) - 2025/01/19 20:37:39 WET [2025/01/19 15:37:39 ET]
Table 'Regor III' 6-max Seat #3 is the button
Seat 2: nastja336 ($100.50 in chips) 
Seat 3: Mr_Dick666 ($101.50 in chips) 
Seat 4: MAO_DZEDYN_S ($100 in chips) 
Seat 5: tintin641 ($100 in chips) 
Seat 6: mariofcd ($100 in chips) 
MAO_DZEDYN_S: posts small blind $0.50
tintin641: posts big blind $1
*** HOLE CARDS ***
mariofcd: folds 
nastja336: folds 
Mr_Dick666: folds 
MAO_DZEDYN_S: folds 
Uncalled bet ($0.50) returned to tintin641
tintin641 collected $1 from pot
tintin641: doesn't show hand 
*** SUMMARY ***
Total pot $1 | Rake $0 
Seat 2: nastja336 folded before Flop (didn't bet)
Seat 3: Mr_Dick666 (button) folded before Flop (didn't bet)
Seat 4: MAO_DZEDYN_S (small blind) folded before Flop
Seat 5: tintin641 (big blind) collected ($1)
Seat 6: mariofcd folded before Flop (didn't bet)



PokerStars Hand #254455184396:  Hold'em No Limit ($0.50/$1.00 USD) - 2025/01/19 20:37:59 WET [2025/01/19 15:37:59 ET]
Table 'Regor III' 6-max Seat #4 is the button
Seat 2: nastja336 ($100.50 in chips) 
Seat 3: Mr_Dick666 ($101.50 in chips) 
Seat 4: MAO_DZEDYN_S ($100 in chips) 
Seat 5: tintin641 ($100.50 in chips) 
Seat 6: mariofcd ($100 in chips) 
tintin641: posts small blind $0.50
mariofcd: posts big blind $1
*** HOLE CARDS ***
nastja336: folds 
Mr_Dick666: raises $1.50 to $2.50
MAO_DZEDYN_S: folds 
tintin641: folds 
mariofcd: raises $8.53 to $11.03
Mr_Dick666: raises $12.97 to $24
mariofcd: folds 
Uncalled bet ($12.97) returned to Mr_Dick666
Mr_Dick666 collected $22.56 from pot
Mr_Dick666: doesn't show hand 
*** SUMMARY ***
Total pot $22.56 | Rake $0 
Seat 2: nastja336 folded before Flop (didn't bet)
Seat 3: Mr_Dick666 collected ($22.56)
Seat 4: MAO_DZEDYN_S (button) folded before Flop (didn't bet)
Seat 5: tintin641 (small blind) folded before Flop
Seat 6: mariofcd (big blind) folded before Flop



PokerStars Hand #254455205095:  Hold'em No Limit ($0.50/$1.00 USD) - 2025/01/19 20:38:52 WET [2025/01/19 15:38:52 ET]
Table 'Regor III' 6-max Seat #5 is the button
Seat 2: nastja336 ($100.50 in chips) 
Seat 3: Mr_Dick666 ($113.03 in chips) 
Seat 4: MAO_DZEDYN_S ($100 in chips) 
Seat 5: tintin641 ($100 in chips) 
Seat 6: mariofcd ($100 in chips) 
mariofcd: posts small blind $0.50
nastja336: posts big blind $1
*** HOLE CARDS ***
Mr_Dick666: raises $1 to $2
MAO_DZEDYN_S: folds 
tintin641: folds 
mariofcd: folds 
nastja336: calls $1
*** FLOP *** [8c Tc Jc]
nastja336: checks 
Mr_Dick666: checks 
*** TURN *** [8c Tc Jc] [2h]
nastja336: bets $1.41
Mr_Dick666: calls $1.41
*** RIVER *** [8c Tc Jc 2h] [8d]
nastja336: checks 
Mr_Dick666: checks 
*** SHOW DOWN ***
nastja336: shows [Th Ad] (two pair, Tens and Eights)
Mr_Dick666: mucks hand 
nastja336 collected $6.95 from pot
*** SUMMARY ***
Total pot $7.32 | Rake $0.37 
Board [8c Tc Jc 2h 8d]
Seat 2: nastja336 (big blind) showed [Th Ad] and won ($6.95) with two pair, Tens and Eights
Seat 3: Mr_Dick666 mucked
Seat 4: MAO_DZEDYN_S folded before Flop (didn't bet)
Seat 5: tintin641 (button) folded before Flop (didn't bet)
Seat 6: mariofcd (small blind) folded before Flop



PokerStars Hand #254455225241:  Hold'em No Limit ($0.50/$1.00 USD) - 2025/01/19 20:39:43 WET [2025/01/19 15:39:43 ET]
Table 'Regor III' 6-max Seat #6 is the button
Seat 2: nastja336 ($104.04 in chips) 
Seat 3: Mr_Dick666 ($109.62 in chips) 
Seat 4: MAO_DZEDYN_S ($100 in chips) 
Seat 5: tintin641 ($100 in chips) 
Seat 6: mariofcd ($100 in chips) 
nastja336: posts small blind $0.50
Mr_Dick666: posts big blind $1
*** HOLE CARDS ***
MAO_DZEDYN_S: raises $1.25 to $2.25
tintin641: folds 
mariofcd: folds 
nastja336: folds 
Mr_Dick666: calls $1.25
*** FLOP *** [4c 4s 3c]
Mr_Dick666: checks 
MAO_DZEDYN_S: bets $1.43
Mr_Dick666: raises $4.19 to $5.62
MAO_DZEDYN_S: folds 
Uncalled bet ($4.19) returned to Mr_Dick666
Mr_Dick666 collected $7.47 from pot
Mr_Dick666: doesn't show hand 
*** SUMMARY ***
Total pot $7.86 | Rake $0.39 
Board [4c 4s 3c]
Seat 2: nastja336 (small blind) folded before Flop
Seat 3: Mr_Dick666 (big blind) collected ($7.47)
Seat 4: MAO_DZEDYN_S folded on the Flop
Seat 5: tintin641 folded before Flop (didn't bet)
Seat 6: mariofcd (button) folded before Flop (didn't bet)



PokerStars Hand #254455245444:  Hold'em No Limit ($0.50/$1.00 USD) - 2025/01/19 20:40:35 WET [2025/01/19 15:40:35 ET]
Table 'Regor III' 6-max Seat #2 is the button
Seat 4: MAO_DZEDYN_S ($100 in chips) is sitting out
Seat 2: nastja336 ($103.54 in chips) 
Seat 3: Mr_Dick666 ($113.41 in chips) 
Seat 5: tintin641 ($100 in chips) 
Seat 6: mariofcd ($100 in chips) 
Mr_Dick666: posts small blind $0.50
MAO_DZEDYN_S: is sitting out 
tintin641: posts big blind $1
*** HOLE CARDS ***
MAO_DZEDYN_S leaves the table
mariofcd: folds 
nastja336: folds 
nastja336 leaves the table
Mr_Dick666: folds 
Uncalled bet ($0.50) returned to tintin641
tintin641 collected $1 from pot
tintin641: doesn't show hand 
*** SUMMARY ***
Total pot $1 | Rake $0 
Seat 4: MAO_DZEDYN_S
Seat 2: nastja336 (button) folded before Flop (didn't bet)
Seat 3: Mr_Dick666 (small blind) folded before Flop
Seat 5: tintin641 (big blind) collected ($1)
Seat 6: mariofcd folded before Flop (didn't bet)



PokerStars Hand #254458014605:  Hold'em No Limit ($0.50/$1.00 USD) - 2025/01/19 22:52:19 WET [2025/01/19 17:52:19 ET]
Table 'Regor III' 6-max Seat #6 is the button
Seat 1: Xenicide ($100 in chips) 
Seat 4: Manifestorr ($100 in chips) 
Seat 6: nikalas22 ($100 in chips) 
Xenicide: posts small blind $0.50
Manifestorr: posts big blind $1
*** HOLE CARDS ***
nikalas22: raises $1.50 to $2.50
Xenicide: folds 
Manifestorr: folds 
Uncalled bet ($1.50) returned to nikalas22
nikalas22 collected $2.50 from pot
nikalas22: doesn't show hand 
*** SUMMARY ***
Total pot $2.50 | Rake $0 
Seat 1: Xenicide (small blind) folded before Flop
Seat 4: Manifestorr (big blind) folded before Flop
Seat 6: nikalas22 (button) collected ($2.50)



PokerStars Hand #254458020814:  Hold'em No Limit ($0.50/$1.00 USD) - 2025/01/19 22:52:39 WET [2025/01/19 17:52:39 ET]
Table 'Regor III' 6-max Seat #1 is the button
Seat 1: Xenicide ($100 in chips) 
Seat 4: Manifestorr ($100 in chips) 
Seat 6: nikalas22 ($101.50 in chips) 
Manifestorr: posts small blind $0.50
nikalas22: posts big blind $1
*** HOLE CARDS ***
Xenicide: folds 
Manifestorr: raises $2 to $3
nikalas22: calls $2
*** FLOP *** [9h Jc Qh]
Manifestorr: checks 
nikalas22: bets $4.28
Manifestorr: folds 
Uncalled bet ($4.28) returned to nikalas22
nikalas22 collected $5.70 from pot
nikalas22: doesn't show hand 
*** SUMMARY ***
Total pot $6 | Rake $0.30 
Board [9h Jc Qh]
Seat 1: Xenicide (button) folded before Flop (didn't bet)
Seat 4: Manifestorr (small blind) folded on the Flop
Seat 6: nikalas22 (big blind) collected ($5.70)



PokerStars Hand #254458029585:  Hold'em No Limit ($0.50/$1.00 USD) - 2025/01/19 22:53:06 WET [2025/01/19 17:53:06 ET]
Table 'Regor III' 6-max Seat #4 is the button
Seat 1: Xenicide ($100 in chips) 
Seat 4: Manifestorr ($100 in chips) 
Seat 6: nikalas22 ($104.20 in chips) 
nikalas22: posts small blind $0.50
Xenicide: posts big blind $1
*** HOLE CARDS ***
Manifestorr: folds 
nikalas22: folds 
Uncalled bet ($0.50) returned to Xenicide
Xenicide collected $1 from pot
*** SUMMARY ***
Total pot $1 | Rake $0 
Seat 1: Xenicide (big blind) collected ($1)
Seat 4: Manifestorr (button) folded before Flop (didn't bet)
Seat 6: nikalas22 (small blind) folded before Flop



PokerStars Hand #254458032577:  Hold'em No Limit ($0.50/$1.00 USD) - 2025/01/19 22:53:16 WET [2025/01/19 17:53:16 ET]
Table 'Regor III' 6-max Seat #6 is the button
Seat 1: Xenicide ($100.50 in chips) 
Seat 4: Manifestorr ($100 in chips) 
Seat 6: nikalas22 ($103.70 in chips) 
Xenicide: posts small blind $0.50
Manifestorr: posts big blind $1
*** HOLE CARDS ***
nikalas22: raises $1.50 to $2.50
Xenicide: folds 
Manifestorr: folds 
Uncalled bet ($1.50) returned to nikalas22
nikalas22 collected $2.50 from pot
nikalas22: doesn't show hand 
elcutez joins the table at seat #5 
elcutez is disconnected 
*** SUMMARY ***
Total pot $2.50 | Rake $0 
Seat 1: Xenicide (small blind) folded before Flop
Seat 4: Manifestorr (big blind) folded before Flop
Seat 6: nikalas22 (button) collected ($2.50)



PokerStars Hand #254458038925:  Hold'em No Limit ($0.50/$1.00 USD) - 2025/01/19 22:53:36 WET [2025/01/19 17:53:36 ET]
Table 'Regor III' 6-max Seat #1 is the button
Seat 1: Xenicide ($100 in chips) 
Seat 4: Manifestorr ($100 in chips) 
Seat 5: elcutez ($100 in chips) 
Seat 6: nikalas22 ($105.20 in chips) 
Manifestorr: posts small blind $0.50
elcutez: posts big blind $1
*** HOLE CARDS ***
tintin641 joins the table at seat #3 
nikalas22: folds 
Xenicide: raises $1.25 to $2.25
Manifestorr: raises $8.75 to $11
elcutez: folds 
Xenicide: calls $8.75
*** FLOP *** [As 7c Qd]
Manifestorr: bets $7.26
ImaPeppaPig joins the table at seat #2 
Xenicide: calls $7.26
*** TURN *** [As 7c Qd] [Qs]
Manifestorr: checks 
Xenicide: bets $25.50
Manifestorr: calls $25.50
*** RIVER *** [As 7c Qd Qs] [5s]
Manifestorr: checks 
Xenicide: bets $56.24 and is all-in
Manifestorr: folds 
Uncalled bet ($56.24) returned to Xenicide
Xenicide collected $87.52 from pot
Xenicide: shows [Td Jd] (a pair of Queens)
*** SUMMARY ***
Total pot $88.52 | Rake $1 
Board [As 7c Qd Qs 5s]
Seat 1: Xenicide (button) collected ($87.52)
Seat 4: Manifestorr (small blind) folded on the River
Seat 5: elcutez (big blind) folded before Flop
Seat 6: nikalas22 folded before Flop (didn't bet)



PokerStars Hand #254458066760:  Hold'em No Limit ($0.50/$1.00 USD) - 2025/01/19 22:55:04 WET [2025/01/19 17:55:04 ET]
Table 'Regor III' 6-max Seat #4 is the button
Seat 2: ImaPeppaPig ($100 in chips) is sitting out
Seat 3: tintin641 ($100 in chips) is sitting out
Seat 1: Xenicide ($143.76 in chips) 
Seat 4: Manifestorr ($100 in chips) 
Seat 5: elcutez ($99 in chips) 
Seat 6: nikalas22 ($105.20 in chips) 
elcutez: posts small blind $0.50
nikalas22: posts big blind $1
ImaPeppaPig: sits out 
tintin641: sits out 
*** HOLE CARDS ***
Xenicide: folds 
Manifestorr: raises $1.20 to $2.20
elcutez has timed out
elcutez: folds 
nikalas22: folds 
Uncalled bet ($1.20) returned to Manifestorr
Manifestorr collected $2.50 from pot
*** SUMMARY ***
Total pot $2.50 | Rake $0 
Seat 2: ImaPeppaPig
Seat 3: tintin641
Seat 1: Xenicide folded before Flop (didn't bet)
Seat 4: Manifestorr (button) collected ($2.50)
Seat 5: elcutez (small blind) folded before Flop
Seat 6: nikalas22 (big blind) folded before Flop



PokerStars Hand #254458075312:  Hold'em No Limit ($0.50/$1.00 USD) - 2025/01/19 22:55:48 WET [2025/01/19 17:55:48 ET]
Table 'Regor III' 6-max Seat #6 is the button
Seat 3: tintin641 ($100 in chips) is sitting out
Seat 5: elcutez ($98.50 in chips) is sitting out
Seat 1: Xenicide ($143.76 in chips) 
Seat 2: ImaPeppaPig ($100 in chips) 
Seat 4: Manifestorr ($101.50 in chips) 
Seat 6: nikalas22 ($104.20 in chips) 
Xenicide: posts small blind $0.50
ImaPeppaPig: posts big blind $1
tintin641: sits out 
*** HOLE CARDS ***
Manifestorr: folds 
nikalas22: folds 
Xenicide: raises $2.50 to $3.50
ImaPeppaPig: calls $2.50
*** FLOP *** [7s 5d Ks]
Xenicide: checks 
ImaPeppaPig: checks 
*** TURN *** [7s 5d Ks] [3h]
Xenicide: checks 
ImaPeppaPig: bets $3.46
Xenicide: raises $10.54 to $14
ImaPeppaPig: folds 
Uncalled bet ($10.54) returned to Xenicide
Xenicide collected $13.22 from pot
Xenicide: doesn't show hand 
*** SUMMARY ***
Total pot $13.92 | Rake $0.70 
Board [7s 5d Ks 3h]
Seat 3: tintin641
Seat 5: elcutez
Seat 1: Xenicide (small blind) collected ($13.22)
Seat 2: ImaPeppaPig (big blind) folded on the Turn
Seat 4: Manifestorr folded before Flop (didn't bet)
Seat 6: nikalas22 (button) folded before Flop (didn't bet)



PokerStars Hand #254458088229:  Hold'em No Limit ($0.50/$1.00 USD) - 2025/01/19 22:56:54 WET [2025/01/19 17:56:54 ET]
Table 'Regor III' 6-max Seat #1 is the button
Seat 1: Xenicide ($150.02 in chips) 
Seat 2: ImaPeppaPig ($100 in chips) 
Seat 3: tintin641 ($100 in chips) 
Seat 4: Manifestorr ($101.50 in chips) 
Seat 5: elcutez ($98.50 in chips) 
Seat 6: nikalas22 ($104.20 in chips) 
ImaPeppaPig: posts small blind $0.50
tintin641: posts big blind $1
*** HOLE CARDS ***
Manifestorr: folds 
elcutez has timed out
elcutez: folds 
nikalas22: folds 
Xenicide: raises $1.25 to $2.25
ImaPeppaPig: folds 
tintin641: calls $1.25
*** FLOP *** [9d Td Tc]
tintin641: checks 
Xenicide: bets $1.19
tintin641: calls $1.19
*** TURN *** [9d Td Tc] [Qh]
tintin641: checks 
Xenicide: bets $5.96
tintin641: calls $5.96
*** RIVER *** [9d Td Tc Qh] [3c]
tintin641: checks 
Xenicide: bets $18.34
tintin641: folds 
Uncalled bet ($18.34) returned to Xenicide
Xenicide collected $18.34 from pot
Xenicide: doesn't show hand 
*** SUMMARY ***
Total pot $19.30 | Rake $0.96 
Board [9d Td Tc Qh 3c]
Seat 1: Xenicide (button) collected ($18.34)
Seat 2: ImaPeppaPig (small blind) folded before Flop
Seat 3: tintin641 (big blind) folded on the River
Seat 4: Manifestorr folded before Flop (didn't bet)
Seat 5: elcutez folded before Flop (didn't bet)
Seat 6: nikalas22 folded before Flop (didn't bet)



PokerStars Hand #254458107353:  Hold'em No Limit ($0.50/$1.00 USD) - 2025/01/19 22:58:30 WET [2025/01/19 17:58:30 ET]
Table 'Regor III' 6-max Seat #2 is the button
Seat 4: Manifestorr ($101.50 in chips) is sitting out
Seat 1: Xenicide ($158.96 in chips) 
Seat 2: ImaPeppaPig ($100 in chips) 
Seat 3: tintin641 ($100 in chips) 
Seat 5: elcutez ($98.50 in chips) 
Seat 6: nikalas22 ($104.20 in chips) 
tintin641: posts small blind $0.50
Manifestorr: is sitting out 
elcutez: posts big blind $1
*** HOLE CARDS ***
Manifestorr leaves the table
nikalas22: folds 
Xenicide: raises $1 to $2
ImaPeppaPig: folds 
tintin641: folds 
elcutez: folds 
Uncalled bet ($1) returned to Xenicide
Xenicide collected $2.50 from pot
Xenicide: doesn't show hand 
*** SUMMARY ***
Total pot $2.50 | Rake $0 
Seat 4: Manifestorr
Seat 1: Xenicide collected ($2.50)
Seat 2: ImaPeppaPig (button) folded before Flop (didn't bet)
Seat 3: tintin641 (small blind) folded before Flop
Seat 5: elcutez (big blind) folded before Flop
Seat 6: nikalas22 folded before Flop (didn't bet)



PokerStars Hand #254458110216:  Hold'em No Limit ($0.50/$1.00 USD) - 2025/01/19 22:58:45 WET [2025/01/19 17:58:45 ET]
Table 'Regor III' 6-max Seat #3 is the button
Seat 1: Xenicide ($160.46 in chips) 
Seat 2: ImaPeppaPig ($100 in chips) 
Seat 3: tintin641 ($100 in chips) 
Seat 5: elcutez ($97.50 in chips) 
Seat 6: nikalas22 ($104.20 in chips) 
elcutez: posts small blind $0.50
nikalas22: posts big blind $1
*** HOLE CARDS ***
Xenicide: folds 
ImaPeppaPig: folds 
Kristo 914 joins the table at seat #4 
tintin641: raises $1.50 to $2.50
elcutez: folds 
nikalas22: folds 
Uncalled bet ($1.50) returned to tintin641
tintin641 collected $2.50 from pot
tintin641: doesn't show hand 
*** SUMMARY ***
Total pot $2.50 | Rake $0 
Seat 1: Xenicide folded before Flop (didn't bet)
Seat 2: ImaPeppaPig folded before Flop (didn't bet)
Seat 3: tintin641 (button) collected ($2.50)
Seat 5: elcutez (small blind) folded before Flop
Seat 6: nikalas22 (big blind) folded before Flop



PokerStars Hand #254458112636:  Hold'em No Limit ($0.50/$1.00 USD) - 2025/01/19 22:58:57 WET [2025/01/19 17:58:57 ET]
Table 'Regor III' 6-max Seat #5 is the button
Seat 1: Xenicide ($160.46 in chips) is sitting out
Seat 4: Kristo 914 ($100 in chips) is sitting out
Seat 2: ImaPeppaPig ($100 in chips) 
Seat 3: tintin641 ($101.50 in chips) 
Seat 5: elcutez ($97 in chips) 
Seat 6: nikalas22 ($103.20 in chips) 
nikalas22: posts small blind $0.50
Xenicide: is sitting out 
Xenicide leaves the table
ImaPeppaPig: posts big blind $1
Kristo 914: sits out 
*** HOLE CARDS ***
tintin641: raises $1.50 to $2.50
elcutez: folds 
nikalas22: folds 
ImaPeppaPig: folds 
Uncalled bet ($1.50) returned to tintin641
tintin641 collected $2.50 from pot
tintin641: doesn't show hand 
*** SUMMARY ***
Total pot $2.50 | Rake $0 
Seat 1: Xenicide
Seat 4: Kristo 914
Seat 2: ImaPeppaPig (big blind) folded before Flop
Seat 3: tintin641 collected ($2.50)
Seat 5: elcutez (button) folded before Flop (didn't bet)
Seat 6: nikalas22 (small blind) folded before Flop



PokerStars Hand #254458116086:  Hold'em No Limit ($0.50/$1.00 USD) - 2025/01/19 22:59:15 WET [2025/01/19 17:59:15 ET]
Table 'Regor III' 6-max Seat #6 is the button
Seat 4: Kristo 914 ($100 in chips) is sitting out
Seat 2: ImaPeppaPig ($100 in chips) 
Seat 3: tintin641 ($103 in chips) 
Seat 5: elcutez ($97 in chips) 
Seat 6: nikalas22 ($102.70 in chips) 
ImaPeppaPig: posts small blind $0.50
tintin641: posts big blind $1
Kristo 914: sits out 
*** HOLE CARDS ***
elcutez: folds 
nikalas22: raises $1.50 to $2.50
ImaPeppaPig: folds 
tintin641: folds 
Uncalled bet ($1.50) returned to nikalas22
nikalas22 collected $2.50 from pot
nikalas22: doesn't show hand 
*** SUMMARY ***
Total pot $2.50 | Rake $0 
Seat 4: Kristo 914
Seat 2: ImaPeppaPig (small blind) folded before Flop
Seat 3: tintin641 (big blind) folded before Flop
Seat 5: elcutez folded before Flop (didn't bet)
Seat 6: nikalas22 (button) collected ($2.50)



PokerStars Hand #254458122276:  Hold'em No Limit ($0.50/$1.00 USD) - 2025/01/19 22:59:46 WET [2025/01/19 17:59:46 ET]
Table 'Regor III' 6-max Seat #2 is the button
Seat 2: ImaPeppaPig ($100 in chips) 
Seat 3: tintin641 ($102 in chips) 
Seat 4: Kristo 914 ($100 in chips) 
Seat 5: elcutez ($97 in chips) 
Seat 6: nikalas22 ($104.20 in chips) 
tintin641: posts small blind $0.50
Kristo 914: posts big blind $1
*** HOLE CARDS ***
elcutez has timed out
elcutez: folds 
nikalas22: raises $1.50 to $2.50
ImaPeppaPig: raises $5.50 to $8
tintin641: folds 
Kristo 914: folds 
nikalas22: folds 
Uncalled bet ($5.50) returned to ImaPeppaPig
ImaPeppaPig collected $6.50 from pot
ImaPeppaPig: doesn't show hand 
*** SUMMARY ***
Total pot $6.50 | Rake $0 
Seat 2: ImaPeppaPig (button) collected ($6.50)
Seat 3: tintin641 (small blind) folded before Flop
Seat 4: Kristo 914 (big blind) folded before Flop
Seat 5: elcutez folded before Flop (didn't bet)
Seat 6: nikalas22 folded before Flop



PokerStars Hand #254458127633:  Hold'em No Limit ($0.50/$1.00 USD) - 2025/01/19 23:00:13 WET [2025/01/19 18:00:13 ET]
Table 'Regor III' 6-max Seat #3 is the button
Seat 5: elcutez ($97 in chips) is sitting out
Seat 6: nikalas22 ($101.70 in chips) is sitting out
Seat 2: ImaPeppaPig ($104 in chips) 
Seat 3: tintin641 ($101.50 in chips) 
Seat 4: Kristo 914 ($100 in chips) 
Kristo 914: posts small blind $0.50
nikalas22: is sitting out 
ImaPeppaPig: posts big blind $1
*** HOLE CARDS ***
tintin641: folds 
nikalas22 leaves the table
Kristo 914: folds 
Uncalled bet ($0.50) returned to ImaPeppaPig
ImaPeppaPig collected $1 from pot
ImaPeppaPig: doesn't show hand 
*** SUMMARY ***
Total pot $1 | Rake $0 
Seat 5: elcutez
Seat 6: nikalas22
Seat 2: ImaPeppaPig (big blind) collected ($1)
Seat 3: tintin641 (button) folded before Flop (didn't bet)
Seat 4: Kristo 914 (small blind) folded before Flop



PokerStars Hand #254458132064:  Hold'em No Limit ($0.50/$1.00 USD) - 2025/01/19 23:00:35 WET [2025/01/19 18:00:35 ET]
Table 'Regor III' 6-max Seat #4 is the button
Seat 5: elcutez ($97 in chips) is sitting out
Seat 2: ImaPeppaPig ($104.50 in chips) 
Seat 3: tintin641 ($101.50 in chips) 
Seat 4: Kristo 914 ($100 in chips) 
ImaPeppaPig: posts small blind $0.50
tintin641: posts big blind $1
*** HOLE CARDS ***
Kristo 914: folds 
ImaPeppaPig: raises $2 to $3
tintin641: raises $7 to $10
ImaPeppaPig: folds 
Uncalled bet ($7) returned to tintin641
tintin641 collected $6 from pot
tintin641: doesn't show hand 
*** SUMMARY ***
Total pot $6 | Rake $0 
Seat 5: elcutez
Seat 2: ImaPeppaPig (small blind) folded before Flop
Seat 3: tintin641 (big blind) collected ($6)
Seat 4: Kristo 914 (button) folded before Flop (didn't bet)



PokerStars Hand #254458136026:  Hold'em No Limit ($0.50/$1.00 USD) - 2025/01/19 23:00:53 WET [2025/01/19 18:00:53 ET]
Table 'Regor III' 6-max Seat #2 is the button
Seat 2: ImaPeppaPig ($101.50 in chips) 
Seat 3: tintin641 ($104.50 in chips) 
Seat 4: Kristo 914 ($100 in chips) 
Seat 5: elcutez ($97 in chips) 
tintin641: posts small blind $0.50
Kristo 914: posts big blind $1
elcutez: posts small & big blinds $1.50
*** HOLE CARDS ***
elcutez: checks 
ImaPeppaPig: folds 
tintin641: folds 
Kristo 914: checks 
*** FLOP *** [Ah Th As]
Kristo 914: checks 
elcutez: checks 
*** TURN *** [Ah Th As] [Jc]
Kristo 914: checks 
elcutez: checks 
*** RIVER *** [Ah Th As Jc] [Qs]
Kristo 914: checks 
elcutez: checks 
*** SHOW DOWN ***
Kristo 914: shows [2d 8h] (a pair of Aces)
elcutez: shows [4d 4s] (two pair, Aces and Fours)
elcutez collected $2.85 from pot
*** SUMMARY ***
Total pot $3 | Rake $0.15 
Board [Ah Th As Jc Qs]
Seat 2: ImaPeppaPig (button) folded before Flop (didn't bet)
Seat 3: tintin641 (small blind) folded before Flop
Seat 4: Kristo 914 (big blind) showed [2d 8h] and lost with a pair of Aces
Seat 5: elcutez showed [4d 4s] and won ($2.85) with two pair, Aces and Fours



PokerStars Hand #254458145421:  Hold'em No Limit ($0.50/$1.00 USD) - 2025/01/19 23:01:30 WET [2025/01/19 18:01:30 ET]
Table 'Regor III' 6-max Seat #3 is the button
Seat 2: ImaPeppaPig ($101.50 in chips) 
Seat 3: tintin641 ($104 in chips) 
Seat 4: Kristo 914 ($100 in chips) 
Seat 5: elcutez ($98.35 in chips) 
Kristo 914: posts small blind $0.50
elcutez: posts big blind $1
*** HOLE CARDS ***
ImaPeppaPig: folds 
tintin641: raises $1.50 to $2.50
Kristo 914: folds 
elcutez: folds 
Uncalled bet ($1.50) returned to tintin641
tintin641 collected $2.50 from pot
tintin641: doesn't show hand 
*** SUMMARY ***
Total pot $2.50 | Rake $0 
Seat 2: ImaPeppaPig folded before Flop (didn't bet)
Seat 3: tintin641 (button) collected ($2.50)
Seat 4: Kristo 914 (small blind) folded before Flop
Seat 5: elcutez (big blind) folded before Flop



PokerStars Hand #254458150909:  Hold'em No Limit ($0.50/$1.00 USD) - 2025/01/19 23:01:50 WET [2025/01/19 18:01:50 ET]
Table 'Regor III' 6-max Seat #4 is the button
Seat 2: ImaPeppaPig ($101.50 in chips) 
Seat 3: tintin641 ($105.50 in chips) 
Seat 4: Kristo 914 ($100 in chips) 
Seat 5: elcutez ($97.35 in chips) 
elcutez: posts small blind $0.50
ImaPeppaPig: posts big blind $1
*** HOLE CARDS ***
tintin641: folds 
Kristo 914: folds 
elcutez has timed out
elcutez: folds 
Uncalled bet ($0.50) returned to ImaPeppaPig
ImaPeppaPig collected $1 from pot
ImaPeppaPig: doesn't show hand 
*** SUMMARY ***
Total pot $1 | Rake $0 
Seat 2: ImaPeppaPig (big blind) collected ($1)
Seat 3: tintin641 folded before Flop (didn't bet)
Seat 4: Kristo 914 (button) folded before Flop (didn't bet)
Seat 5: elcutez (small blind) folded before Flop



PokerStars Hand #254458159128:  Hold'em No Limit ($0.50/$1.00 USD) - 2025/01/19 23:02:20 WET [2025/01/19 18:02:20 ET]
Table 'Regor III' 6-max Seat #2 is the button
Seat 5: elcutez ($96.85 in chips) is sitting out
Seat 2: ImaPeppaPig ($102 in chips) 
Seat 3: tintin641 ($105.50 in chips) 
Seat 4: Kristo 914 ($100 in chips) 
tintin641: posts small blind $0.50
Kristo 914: posts big blind $1
*** HOLE CARDS ***
ImaPeppaPig: raises $1.50 to $2.50
tintin641: folds 
Kristo 914: raises $9.50 to $12
ImaPeppaPig: calls $9.50
*** FLOP *** [Jd Th Qd]
Kristo 914: bets $6.82
ImaPeppaPig: calls $6.82
*** TURN *** [Jd Th Qd] [6s]
Kristo 914: bets $25.88
ImaPeppaPig: folds 
Uncalled bet ($25.88) returned to Kristo 914
Kristo 914 collected $37.14 from pot
Kristo 914: doesn't show hand 
*** SUMMARY ***
Total pot $38.14 | Rake $1 
Board [Jd Th Qd 6s]
Seat 5: elcutez
Seat 2: ImaPeppaPig (button) folded on the Turn
Seat 3: tintin641 (small blind) folded before Flop
Seat 4: Kristo 914 (big blind) collected ($37.14)



PokerStars Hand #254458174335:  Hold'em No Limit ($0.50/$1.00 USD) - 2025/01/19 23:03:19 WET [2025/01/19 18:03:19 ET]
Table 'Regor III' 6-max Seat #3 is the button
Seat 2: ImaPeppaPig ($100 in chips) 
Seat 3: tintin641 ($105 in chips) 
Seat 4: Kristo 914 ($118.32 in chips) 
Seat 5: elcutez ($96.85 in chips) 
Kristo 914: posts small blind $0.50
elcutez: posts big blind $1
*** HOLE CARDS ***
ImaPeppaPig: folds 
tintin641: folds 
Kristo 914: folds 
Uncalled bet ($0.50) returned to elcutez
elcutez collected $1 from pot
*** SUMMARY ***
Total pot $1 | Rake $0 
Seat 2: ImaPeppaPig folded before Flop (didn't bet)
Seat 3: tintin641 (button) folded before Flop (didn't bet)
Seat 4: Kristo 914 (small blind) folded before Flop
Seat 5: elcutez (big blind) collected ($1)



PokerStars Hand #254458179038:  Hold'em No Limit ($0.50/$1.00 USD) - 2025/01/19 23:03:35 WET [2025/01/19 18:03:35 ET]
Table 'Regor III' 6-max Seat #4 is the button
Seat 2: ImaPeppaPig ($100 in chips) 
Seat 3: tintin641 ($105 in chips) 
Seat 4: Kristo 914 ($117.82 in chips) 
Seat 5: elcutez ($97.35 in chips) 
elcutez: posts small blind $0.50
ImaPeppaPig: posts big blind $1
*** HOLE CARDS ***
tintin641: raises $1.50 to $2.50
Kristo 914: folds 
elcutez: folds 
ImaPeppaPig: raises $10.50 to $13
tintin641: folds 
Uncalled bet ($10.50) returned to ImaPeppaPig
ImaPeppaPig collected $5.50 from pot
ImaPeppaPig: doesn't show hand 
*** SUMMARY ***
Total pot $5.50 | Rake $0 
Seat 2: ImaPeppaPig (big blind) collected ($5.50)
Seat 3: tintin641 folded before Flop
Seat 4: Kristo 914 (button) folded before Flop (didn't bet)
Seat 5: elcutez (small blind) folded before Flop



PokerStars Hand #254458188004:  Hold'em No Limit ($0.50/$1.00 USD) - 2025/01/19 23:04:05 WET [2025/01/19 18:04:05 ET]
Table 'Regor III' 6-max Seat #5 is the button
Seat 3: tintin641 ($102.50 in chips) is sitting out
Seat 2: ImaPeppaPig ($103 in chips) 
Seat 4: Kristo 914 ($117.82 in chips) 
Seat 5: elcutez ($96.85 in chips) 
ImaPeppaPig: posts small blind $0.50
tintin641: is sitting out 
Kristo 914: posts big blind $1
*** HOLE CARDS ***
tintin641 leaves the table
elcutez: raises $2 to $3
ImaPeppaPig: folds 
Kristo 914: calls $2
*** FLOP *** [Kh Jd 8h]
Kristo 914: checks 
elcutez: bets $5
Kristo 914: folds 
Uncalled bet ($5) returned to elcutez
elcutez collected $6.18 from pot
*** SUMMARY ***
Total pot $6.50 | Rake $0.32 
Board [Kh Jd 8h]
Seat 3: tintin641
Seat 2: ImaPeppaPig (small blind) folded before Flop
Seat 4: Kristo 914 (big blind) folded on the Flop
Seat 5: elcutez (button) collected ($6.18)



PokerStars Hand #254458199123:  Hold'em No Limit ($0.50/$1.00 USD) - 2025/01/19 23:04:43 WET [2025/01/19 18:04:43 ET]
Table 'Regor III' 6-max Seat #2 is the button
Seat 2: ImaPeppaPig ($102.50 in chips) 
Seat 4: Kristo 914 ($114.82 in chips) 
Seat 5: elcutez ($100.03 in chips) 
Kristo 914: posts small blind $0.50
elcutez: posts big blind $1
*** HOLE CARDS ***
ImaPeppaPig: folds 
Kristo 914: folds 
Uncalled bet ($0.50) returned to elcutez
elcutez collected $1 from pot
*** SUMMARY ***
Total pot $1 | Rake $0 
Seat 2: ImaPeppaPig (button) folded before Flop (didn't bet)
Seat 4: Kristo 914 (small blind) folded before Flop
Seat 5: elcutez (big blind) collected ($1)



PokerStars Hand #254458201088:  Hold'em No Limit ($0.50/$1.00 USD) - 2025/01/19 23:04:50 WET [2025/01/19 18:04:50 ET]
Table 'Regor III' 6-max Seat #4 is the button
Seat 2: ImaPeppaPig ($102.50 in chips) 
Seat 4: Kristo 914 ($114.32 in chips) 
Seat 5: elcutez ($100.53 in chips) 
elcutez: posts small blind $0.50
ImaPeppaPig: posts big blind $1
*** HOLE CARDS ***
franbasualdo10 joins the table at seat #1 
franbasualdo10 is disconnected 
Kristo 914: raises $1.40 to $2.40
elcutez: calls $1.90
ImaPeppaPig: calls $1.40
*** FLOP *** [6h Qd 8d]
elcutez: checks 
ImaPeppaPig: checks 
Kristo 914: bets $1.98
elcutez: calls $1.98
ImaPeppaPig: folds 
*** TURN *** [6h Qd 8d] [Kh]
elcutez: checks 
Kristo 914: bets $10.50
lbqb1987 joins the table at seat #6 
lbqb1987 is disconnected 
elcutez: folds 
Uncalled bet ($10.50) returned to Kristo 914
Kristo 914 collected $10.60 from pot
Kristo 914: doesn't show hand 
*** SUMMARY ***
Total pot $11.16 | Rake $0.56 
Board [6h Qd 8d Kh]
Seat 2: ImaPeppaPig (big blind) folded on the Flop
Seat 4: Kristo 914 (button) collected ($10.60)
Seat 5: elcutez (small blind) folded on the Turn



PokerStars Hand #254458219172:  Hold'em No Limit ($0.50/$1.00 USD) - 2025/01/19 23:05:52 WET [2025/01/19 18:05:52 ET]
Table 'Regor III' 6-max Seat #5 is the button
Seat 1: franbasualdo10 ($25.67 in chips) is sitting out
Seat 6: lbqb1987 ($10 in chips) is sitting out
Seat 2: ImaPeppaPig ($100.10 in chips) 
Seat 4: Kristo 914 ($120.54 in chips) 
Seat 5: elcutez ($96.15 in chips) 
ImaPeppaPig: posts small blind $0.50
Kristo 914: posts big blind $1
*** HOLE CARDS ***
lbqb1987 leaves the table
elcutez has timed out
elcutez: folds 
ImaPeppaPig: raises $2 to $3
Kristo 914: calls $2
*** FLOP *** [Qs 9s As]
ImaPeppaPig: checks 
Kristo 914: checks 
*** TURN *** [Qs 9s As] [3h]
ImaPeppaPig: bets $2
lbqb1987 joins the table at seat #6 
lbqb1987 is disconnected 
Kristo 914: calls $2
*** RIVER *** [Qs 9s As 3h] [4h]
ReVeu710 joins the table at seat #3 
ImaPeppaPig: bets $2.95
Kristo 914: folds 
Uncalled bet ($2.95) returned to ImaPeppaPig
ImaPeppaPig collected $9.50 from pot
ImaPeppaPig: doesn't show hand 
*** SUMMARY ***
Total pot $10 | Rake $0.50 
Board [Qs 9s As 3h 4h]
Seat 1: franbasualdo10
Seat 6: lbqb1987
Seat 2: ImaPeppaPig (small blind) collected ($9.50)
Seat 4: Kristo 914 (big blind) folded on the River
Seat 5: elcutez (button) folded before Flop (didn't bet)



PokerStars Hand #254458234910:  Hold'em No Limit ($0.50/$1.00 USD) - 2025/01/19 23:06:46 WET [2025/01/19 18:06:46 ET]
Table 'Regor III' 6-max Seat #2 is the button
Seat 3: ReVeu710 ($100 in chips) is sitting out
Seat 1: franbasualdo10 ($25.67 in chips) 
Seat 2: ImaPeppaPig ($104.60 in chips) 
Seat 4: Kristo 914 ($115.54 in chips) 
Seat 5: elcutez ($96.15 in chips) 
Seat 6: lbqb1987 ($46.92 in chips) 
Kristo 914: posts small blind $0.50
elcutez: posts big blind $1
lbqb1987: posts big blind $1
franbasualdo10: posts big blind $1
*** HOLE CARDS ***
lbqb1987: checks 
franbasualdo10: checks 
ImaPeppaPig: folds 
Kristo 914: folds 
elcutez has timed out
elcutez: checks 
*** FLOP *** [Ah Js Tc]
elcutez: checks 
lbqb1987: checks 
franbasualdo10: checks 
*** TURN *** [Ah Js Tc] [Jc]
elcutez: checks 
lbqb1987: checks 
franbasualdo10: checks 
*** RIVER *** [Ah Js Tc Jc] [8s]
elcutez: checks 
lbqb1987: checks 
franbasualdo10: checks 
*** SHOW DOWN ***
elcutez: shows [Qs 7c] (a pair of Jacks)
lbqb1987: shows [4c 4s] (two pair, Jacks and Fours)
franbasualdo10: mucks hand 
lbqb1987 collected $3.32 from pot
*** SUMMARY ***
Total pot $3.50 | Rake $0.18 
Board [Ah Js Tc Jc 8s]
Seat 3: ReVeu710
Seat 1: franbasualdo10 mucked
Seat 2: ImaPeppaPig (button) folded before Flop (didn't bet)
Seat 4: Kristo 914 (small blind) folded before Flop
Seat 5: elcutez (big blind) showed [Qs 7c] and lost with a pair of Jacks
Seat 6: lbqb1987 showed [4c 4s] and won ($3.32) with two pair, Jacks and Fours



PokerStars Hand #254458251416:  Hold'em No Limit ($0.50/$1.00 USD) - 2025/01/19 23:07:42 WET [2025/01/19 18:07:42 ET]
Table 'Regor III' 6-max Seat #4 is the button
Seat 3: ReVeu710 ($100 in chips) is sitting out
Seat 1: franbasualdo10 ($24.67 in chips) 
Seat 2: ImaPeppaPig ($104.60 in chips) 
Seat 4: Kristo 914 ($115.04 in chips) 
Seat 5: elcutez ($95.15 in chips) 
Seat 6: lbqb1987 ($49.24 in chips) 
elcutez: posts small blind $0.50
lbqb1987: posts big blind $1
ReVeu710: sits out 
*** HOLE CARDS ***
franbasualdo10: raises $1 to $2
ImaPeppaPig: folds 
Kristo 914: folds 
elcutez: calls $1.50
lbqb1987: calls $1
*** FLOP *** [2h Ts 8h]
elcutez: checks 
lbqb1987: bets $5
franbasualdo10: folds 
elcutez: folds 
Uncalled bet ($5) returned to lbqb1987
lbqb1987 collected $5.70 from pot
*** SUMMARY ***
Total pot $6 | Rake $0.30 
Board [2h Ts 8h]
Seat 3: ReVeu710
Seat 1: franbasualdo10 folded on the Flop
Seat 2: ImaPeppaPig folded before Flop (didn't bet)
Seat 4: Kristo 914 (button) folded before Flop (didn't bet)
Seat 5: elcutez (small blind) folded on the Flop
Seat 6: lbqb1987 (big blind) collected ($5.70)



PokerStars Hand #254458261614:  Hold'em No Limit ($0.50/$1.00 USD) - 2025/01/19 23:08:18 WET [2025/01/19 18:08:18 ET]
Table 'Regor III' 6-max Seat #5 is the button
Seat 3: ReVeu710 ($100 in chips) is sitting out
Seat 1: franbasualdo10 ($22.67 in chips) 
Seat 2: ImaPeppaPig ($104.60 in chips) 
Seat 4: Kristo 914 ($115.04 in chips) 
Seat 5: elcutez ($93.15 in chips) 
Seat 6: lbqb1987 ($52.94 in chips) 
lbqb1987: posts small blind $0.50
franbasualdo10: posts big blind $1
ReVeu710: sits out 
*** HOLE CARDS ***
ImaPeppaPig: folds 
Kristo 914: folds 
elcutez: raises $2 to $3
lbqb1987: folds 
franbasualdo10: folds 
Uncalled bet ($2) returned to elcutez
elcutez collected $2.50 from pot
*** SUMMARY ***
Total pot $2.50 | Rake $0 
Seat 3: ReVeu710
Seat 1: franbasualdo10 (big blind) folded before Flop
Seat 2: ImaPeppaPig folded before Flop (didn't bet)
Seat 4: Kristo 914 folded before Flop (didn't bet)
Seat 5: elcutez (button) collected ($2.50)
Seat 6: lbqb1987 (small blind) folded before Flop



PokerStars Hand #254458266999:  Hold'em No Limit ($0.50/$1.00 USD) - 2025/01/19 23:08:37 WET [2025/01/19 18:08:37 ET]
Table 'Regor III' 6-max Seat #6 is the button
Seat 3: ReVeu710 ($100 in chips) is sitting out
Seat 1: franbasualdo10 ($21.67 in chips) 
Seat 2: ImaPeppaPig ($104.60 in chips) 
Seat 4: Kristo 914 ($115.04 in chips) 
Seat 5: elcutez ($94.65 in chips) 
Seat 6: lbqb1987 ($52.44 in chips) 
franbasualdo10: posts small blind $0.50
ImaPeppaPig: posts big blind $1
ReVeu710: sits out 
*** HOLE CARDS ***
Kristo 914: folds 
elcutez: folds 
lbqb1987: calls $1
franbasualdo10: folds 
ImaPeppaPig: checks 
*** FLOP *** [Ad 7d 7h]
ImaPeppaPig: checks 
lbqb1987: bets $3
ImaPeppaPig: raises $7 to $10
lbqb1987: calls $7
*** TURN *** [Ad 7d 7h] [9c]
ImaPeppaPig: bets $16.25
lbqb1987: raises $25.19 to $41.44 and is all-in
ImaPeppaPig: calls $25.19
*** RIVER *** [Ad 7d 7h 9c] [2d]
*** SHOW DOWN ***
ImaPeppaPig: shows [Qd 7c] (three of a kind, Sevens)
lbqb1987: shows [As 9s] (two pair, Aces and Nines)
ImaPeppaPig collected $102.88 from pot
*** SUMMARY ***
Total pot $105.38 | Rake $2.50 
Board [Ad 7d 7h 9c 2d]
Seat 3: ReVeu710
Seat 1: franbasualdo10 (small blind) folded before Flop
Seat 2: ImaPeppaPig (big blind) showed [Qd 7c] and won ($102.88) with three of a kind, Sevens
Seat 4: Kristo 914 folded before Flop (didn't bet)
Seat 5: elcutez folded before Flop (didn't bet)
Seat 6: lbqb1987 (button) showed [As 9s] and lost with two pair, Aces and Nines



PokerStars Hand #254458278550:  Hold'em No Limit ($0.50/$1.00 USD) - 2025/01/19 23:09:19 WET [2025/01/19 18:09:19 ET]
Table 'Regor III' 6-max Seat #1 is the button
Seat 6: lbqb1987 ($0 in chips) is sitting out
Seat 1: franbasualdo10 ($21.17 in chips) 
Seat 2: ImaPeppaPig ($155.04 in chips) 
Seat 3: ReVeu710 ($100 in chips) 
Seat 4: Kristo 914 ($115.04 in chips) 
Seat 5: elcutez ($94.65 in chips) 
ImaPeppaPig: posts small blind $0.50
ReVeu710: posts big blind $1
*** HOLE CARDS ***
lbqb1987 is disconnected 
Kristo 914: raises $1.40 to $2.40
elcutez: calls $2.40
franbasualdo10: folds 
ImaPeppaPig: folds 
ReVeu710: folds 
*** FLOP *** [Kc 5c 9s]
Kristo 914: checks 
elcutez: checks 
*** TURN *** [Kc 5c 9s] [2d]
Kristo 914: checks 
elcutez: bets $2.99
Kristo 914: folds 
Uncalled bet ($2.99) returned to elcutez
elcutez collected $5.98 from pot
*** SUMMARY ***
Total pot $6.30 | Rake $0.32 
Board [Kc 5c 9s 2d]
Seat 6: lbqb1987
Seat 1: franbasualdo10 (button) folded before Flop (didn't bet)
Seat 2: ImaPeppaPig (small blind) folded before Flop
Seat 3: ReVeu710 (big blind) folded before Flop
Seat 4: Kristo 914 folded on the Turn
Seat 5: elcutez collected ($5.98)



PokerStars Hand #254458292387:  Hold'em No Limit ($0.50/$1.00 USD) - 2025/01/19 23:10:12 WET [2025/01/19 18:10:12 ET]
Table 'Regor III' 6-max Seat #2 is the button
Seat 6: lbqb1987 ($0 in chips) is sitting out
Seat 1: franbasualdo10 ($21.17 in chips) 
Seat 2: ImaPeppaPig ($154.54 in chips) 
Seat 3: ReVeu710 ($100 in chips) 
Seat 4: Kristo 914 ($112.64 in chips) 
Seat 5: elcutez ($98.23 in chips) 
ReVeu710: posts small blind $0.50
Kristo 914: posts big blind $1
*** HOLE CARDS ***
elcutez: folds 
franbasualdo10: folds 
ImaPeppaPig: folds 
ReVeu710: folds 
Uncalled bet ($0.50) returned to Kristo 914
Kristo 914 collected $1 from pot
Kristo 914: doesn't show hand 
*** SUMMARY ***
Total pot $1 | Rake $0 
Seat 6: lbqb1987
Seat 1: franbasualdo10 folded before Flop (didn't bet)
Seat 2: ImaPeppaPig (button) folded before Flop (didn't bet)
Seat 3: ReVeu710 (small blind) folded before Flop
Seat 4: Kristo 914 (big blind) collected ($1)
Seat 5: elcutez folded before Flop (didn't bet)



PokerStars Hand #254458296511:  Hold'em No Limit ($0.50/$1.00 USD) - 2025/01/19 23:10:26 WET [2025/01/19 18:10:26 ET]
Table 'Regor III' 6-max Seat #3 is the button
Seat 6: lbqb1987 ($0 in chips) is sitting out
Seat 1: franbasualdo10 ($21.17 in chips) 
Seat 2: ImaPeppaPig ($154.54 in chips) 
Seat 3: ReVeu710 ($100 in chips) 
Seat 4: Kristo 914 ($113.14 in chips) 
Seat 5: elcutez ($98.23 in chips) 
Kristo 914: posts small blind $0.50
elcutez: posts big blind $1
*** HOLE CARDS ***
franbasualdo10: raises $2 to $3
ImaPeppaPig: folds 
ReVeu710: folds 
Kristo 914: folds 
elcutez: folds 
Uncalled bet ($2) returned to franbasualdo10
franbasualdo10 collected $2.50 from pot
*** SUMMARY ***
Total pot $2.50 | Rake $0 
Seat 6: lbqb1987
Seat 1: franbasualdo10 collected ($2.50)
Seat 2: ImaPeppaPig folded before Flop (didn't bet)
Seat 3: ReVeu710 (button) folded before Flop (didn't bet)
Seat 4: Kristo 914 (small blind) folded before Flop
Seat 5: elcutez (big blind) folded before Flop



PokerStars Hand #254458302365:  Hold'em No Limit ($0.50/$1.00 USD) - 2025/01/19 23:10:47 WET [2025/01/19 18:10:47 ET]
Table 'Regor III' 6-max Seat #4 is the button
Seat 6: lbqb1987 ($0 in chips) is sitting out
Seat 1: franbasualdo10 ($22.67 in chips) 
Seat 2: ImaPeppaPig ($154.54 in chips) 
Seat 3: ReVeu710 ($100 in chips) 
Seat 4: Kristo 914 ($112.64 in chips) 
Seat 5: elcutez ($97.23 in chips) 
elcutez: posts small blind $0.50
franbasualdo10: posts big blind $1
*** HOLE CARDS ***
ImaPeppaPig: folds 
ReVeu710: folds 
Kristo 914: folds 
elcutez: calls $0.50
franbasualdo10: folds 
franbasualdo10 leaves the table
elcutez collected $2 from pot
*** SUMMARY ***
Total pot $2 | Rake $0 
Seat 6: lbqb1987
Seat 1: franbasualdo10 (big blind) folded before Flop
Seat 2: ImaPeppaPig folded before Flop (didn't bet)
Seat 3: ReVeu710 folded before Flop (didn't bet)
Seat 4: Kristo 914 (button) folded before Flop (didn't bet)
Seat 5: elcutez (small blind) collected ($2)



PokerStars Hand #254458305573:  Hold'em No Limit ($0.50/$1.00 USD) - 2025/01/19 23:10:59 WET [2025/01/19 18:10:59 ET]
Table 'Regor III' 6-max Seat #5 is the button
Seat 3: ReVeu710 ($100 in chips) is sitting out
Seat 6: lbqb1987 ($0 in chips) is sitting out
Seat 2: ImaPeppaPig ($154.54 in chips) 
Seat 4: Kristo 914 ($112.64 in chips) 
Seat 5: elcutez ($98.23 in chips) 
ImaPeppaPig: posts small blind $0.50
ReVeu710: is sitting out 
Kristo 914: posts big blind $1
*** HOLE CARDS ***
ReVeu710 leaves the table
elcutez: folds 
ImaPeppaPig: folds 
Uncalled bet ($0.50) returned to Kristo 914
Kristo 914 collected $1 from pot
Kristo 914: doesn't show hand 
*** SUMMARY ***
Total pot $1 | Rake $0 
Seat 3: ReVeu710
Seat 6: lbqb1987
Seat 2: ImaPeppaPig (small blind) folded before Flop
Seat 4: Kristo 914 (big blind) collected ($1)
Seat 5: elcutez (button) folded before Flop (didn't bet)



PokerStars Hand #254458308227:  Hold'em No Limit ($0.50/$1.00 USD) - 2025/01/19 23:11:08 WET [2025/01/19 18:11:08 ET]
Table 'Regor III' 6-max Seat #2 is the button
Seat 6: lbqb1987 ($0 in chips) is sitting out
Seat 2: ImaPeppaPig ($154.04 in chips) 
Seat 4: Kristo 914 ($113.14 in chips) 
Seat 5: elcutez ($98.23 in chips) 
Kristo 914: posts small blind $0.50
elcutez: posts big blind $1
*** HOLE CARDS ***
ImaPeppaPig: raises $1.50 to $2.50
Kristo 914: folds 
elcutez: folds 
Uncalled bet ($1.50) returned to ImaPeppaPig
ImaPeppaPig collected $2.50 from pot
ImaPeppaPig: doesn't show hand 
*** SUMMARY ***
Total pot $2.50 | Rake $0 
Seat 6: lbqb1987
Seat 2: ImaPeppaPig (button) collected ($2.50)
Seat 4: Kristo 914 (small blind) folded before Flop
Seat 5: elcutez (big blind) folded before Flop



PokerStars Hand #254458313004:  Hold'em No Limit ($0.50/$1.00 USD) - 2025/01/19 23:11:25 WET [2025/01/19 18:11:25 ET]
Table 'Regor III' 6-max Seat #4 is the button
Seat 6: lbqb1987 ($0 in chips) is sitting out
Seat 2: ImaPeppaPig ($155.54 in chips) 
Seat 4: Kristo 914 ($112.64 in chips) 
Seat 5: elcutez ($97.23 in chips) 
elcutez: posts small blind $0.50
ImaPeppaPig: posts big blind $1
*** HOLE CARDS ***
Kristo 914: folds 
elcutez: folds 
Uncalled bet ($0.50) returned to ImaPeppaPig
ImaPeppaPig collected $1 from pot
ImaPeppaPig: doesn't show hand 
*** SUMMARY ***
Total pot $1 | Rake $0 
Seat 6: lbqb1987
Seat 2: ImaPeppaPig (big blind) collected ($1)
Seat 4: Kristo 914 (button) folded before Flop (didn't bet)
Seat 5: elcutez (small blind) folded before Flop



PokerStars Hand #254458316937:  Hold'em No Limit ($0.50/$1.00 USD) - 2025/01/19 23:11:39 WET [2025/01/19 18:11:39 ET]
Table 'Regor III' 6-max Seat #5 is the button
Seat 6: lbqb1987 ($0 in chips) is sitting out
Seat 2: ImaPeppaPig ($156.04 in chips) 
Seat 4: Kristo 914 ($112.64 in chips) 
Seat 5: elcutez ($96.73 in chips) 
ImaPeppaPig: posts small blind $0.50
Kristo 914: posts big blind $1
*** HOLE CARDS ***
m0nTTu joins the table at seat #1 
elcutez has timed out
elcutez: folds 
ImaPeppaPig: raises $2 to $3
Kristo 914: folds 
Uncalled bet ($2) returned to ImaPeppaPig
ImaPeppaPig collected $2 from pot
ImaPeppaPig: doesn't show hand 
*** SUMMARY ***
Total pot $2 | Rake $0 
Seat 6: lbqb1987
Seat 2: ImaPeppaPig (small blind) collected ($2)
Seat 4: Kristo 914 (big blind) folded before Flop
Seat 5: elcutez (button) folded before Flop (didn't bet)



PokerStars Hand #254458324388:  Hold'em No Limit ($0.50/$1.00 USD) - 2025/01/19 23:12:05 WET [2025/01/19 18:12:05 ET]
Table 'Regor III' 6-max Seat #2 is the button
Seat 1: m0nTTu ($10 in chips) is sitting out
Seat 6: lbqb1987 ($0 in chips) is sitting out
Seat 2: ImaPeppaPig ($157.04 in chips) 
Seat 4: Kristo 914 ($111.64 in chips) 
Seat 5: elcutez ($96.73 in chips) 
Kristo 914: posts small blind $0.50
elcutez: posts big blind $1
m0nTTu: sits out 
*** HOLE CARDS ***
ImaPeppaPig: raises $1.50 to $2.50
Kristo 914: folds 
elcutez: raises $6.50 to $9
ImaPeppaPig: folds 
Uncalled bet ($6.50) returned to elcutez
elcutez collected $5.50 from pot
*** SUMMARY ***
Total pot $5.50 | Rake $0 
Seat 1: m0nTTu
Seat 6: lbqb1987
Seat 2: ImaPeppaPig (button) folded before Flop
Seat 4: Kristo 914 (small blind) folded before Flop
Seat 5: elcutez (big blind) collected ($5.50)



PokerStars Hand #254458329589:  Hold'em No Limit ($0.50/$1.00 USD) - 2025/01/19 23:12:23 WET [2025/01/19 18:12:23 ET]
Table 'Regor III' 6-max Seat #4 is the button
Seat 6: lbqb1987 ($0 in chips) is sitting out
Seat 1: m0nTTu ($10 in chips) 
Seat 2: ImaPeppaPig ($154.54 in chips) 
Seat 4: Kristo 914 ($111.14 in chips) 
Seat 5: elcutez ($99.73 in chips) 
elcutez: posts small blind $0.50
m0nTTu: posts big blind $1
*** HOLE CARDS ***
ImaPeppaPig: folds 
Kristo 914: raises $1.40 to $2.40
elcutez: folds 
m0nTTu: folds 
Uncalled bet ($1.40) returned to Kristo 914
Kristo 914 collected $2.50 from pot
Kristo 914: doesn't show hand 
*** SUMMARY ***
Total pot $2.50 | Rake $0 
Seat 6: lbqb1987
Seat 1: m0nTTu (big blind) folded before Flop
Seat 2: ImaPeppaPig folded before Flop (didn't bet)
Seat 4: Kristo 914 (button) collected ($2.50)
Seat 5: elcutez (small blind) folded before Flop



PokerStars Hand #254458336869:  Hold'em No Limit ($0.50/$1.00 USD) - 2025/01/19 23:12:48 WET [2025/01/19 18:12:48 ET]
Table 'Regor III' 6-max Seat #5 is the button
Seat 6: lbqb1987 ($0 in chips) is sitting out
Seat 1: m0nTTu ($10 in chips) 
Seat 2: ImaPeppaPig ($154.54 in chips) 
Seat 4: Kristo 914 ($112.64 in chips) 
Seat 5: elcutez ($99.23 in chips) 
m0nTTu: posts small blind $0.50
ImaPeppaPig: posts big blind $1
*** HOLE CARDS ***
Kristo 914: folds 
elcutez: raises $2 to $3
m0nTTu: folds 
ImaPeppaPig: folds 
Uncalled bet ($2) returned to elcutez
elcutez collected $2.50 from pot
*** SUMMARY ***
Total pot $2.50 | Rake $0 
Seat 6: lbqb1987
Seat 1: m0nTTu (small blind) folded before Flop
Seat 2: ImaPeppaPig (big blind) folded before Flop
Seat 4: Kristo 914 folded before Flop (didn't bet)
Seat 5: elcutez (button) collected ($2.50)



PokerStars Hand #254458347013:  Hold'em No Limit ($0.50/$1.00 USD) - 2025/01/19 23:13:25 WET [2025/01/19 18:13:25 ET]
Table 'Regor III' 6-max Seat #1 is the button
Seat 6: lbqb1987 ($0 in chips) is sitting out
Seat 1: m0nTTu ($10 in chips) 
Seat 2: ImaPeppaPig ($153.54 in chips) 
Seat 4: Kristo 914 ($112.64 in chips) 
Seat 5: elcutez ($100.73 in chips) 
ImaPeppaPig: posts small blind $0.50
Kristo 914: posts big blind $1
*** HOLE CARDS ***
elcutez: folds 
m0nTTu: folds 
ImaPeppaPig: raises $2 to $3
Kristo 914: folds 
Uncalled bet ($2) returned to ImaPeppaPig
ImaPeppaPig collected $2 from pot
ImaPeppaPig: doesn't show hand 
*** SUMMARY ***
Total pot $2 | Rake $0 
Seat 6: lbqb1987
Seat 1: m0nTTu (button) folded before Flop (didn't bet)
Seat 2: ImaPeppaPig (small blind) collected ($2)
Seat 4: Kristo 914 (big blind) folded before Flop
Seat 5: elcutez folded before Flop (didn't bet)



PokerStars Hand #254458350676:  Hold'em No Limit ($0.50/$1.00 USD) - 2025/01/19 23:13:38 WET [2025/01/19 18:13:38 ET]
Table 'Regor III' 6-max Seat #2 is the button
Seat 6: lbqb1987 ($0 in chips) is sitting out
Seat 1: m0nTTu ($10 in chips) 
Seat 2: ImaPeppaPig ($154.54 in chips) 
Seat 4: Kristo 914 ($111.64 in chips) 
Seat 5: elcutez ($100.73 in chips) 
Kristo 914: posts small blind $0.50
elcutez: posts big blind $1
*** HOLE CARDS ***
m0nTTu: folds 
ImaPeppaPig: raises $1 to $2
Kristo 914: folds 
elcutez: folds 
Uncalled bet ($1) returned to ImaPeppaPig
ImaPeppaPig collected $2.50 from pot
ImaPeppaPig: doesn't show hand 
*** SUMMARY ***
Total pot $2.50 | Rake $0 
Seat 6: lbqb1987
Seat 1: m0nTTu folded before Flop (didn't bet)
Seat 2: ImaPeppaPig (button) collected ($2.50)
Seat 4: Kristo 914 (small blind) folded before Flop
Seat 5: elcutez (big blind) folded before Flop



PokerStars Hand #254458355288:  Hold'em No Limit ($0.50/$1.00 USD) - 2025/01/19 23:13:54 WET [2025/01/19 18:13:54 ET]
Table 'Regor III' 6-max Seat #4 is the button
Seat 6: lbqb1987 ($0 in chips) is sitting out
Seat 1: m0nTTu ($10 in chips) 
Seat 2: ImaPeppaPig ($156.04 in chips) 
Seat 4: Kristo 914 ($111.14 in chips) 
Seat 5: elcutez ($99.73 in chips) 
elcutez: posts small blind $0.50
m0nTTu: posts big blind $1
*** HOLE CARDS ***
ImaPeppaPig: raises $1.50 to $2.50
Kristo 914: folds 
elcutez: folds 
m0nTTu: raises $7.50 to $10 and is all-in
ImaPeppaPig: folds 
Uncalled bet ($7.50) returned to m0nTTu
m0nTTu collected $5.50 from pot
m0nTTu: doesn't show hand 
*** SUMMARY ***
Total pot $5.50 | Rake $0 
Seat 6: lbqb1987
Seat 1: m0nTTu (big blind) collected ($5.50)
Seat 2: ImaPeppaPig folded before Flop
Seat 4: Kristo 914 (button) folded before Flop (didn't bet)
Seat 5: elcutez (small blind) folded before Flop



PokerStars Hand #254458360947:  Hold'em No Limit ($0.50/$1.00 USD) - 2025/01/19 23:14:14 WET [2025/01/19 18:14:14 ET]
Table 'Regor III' 6-max Seat #5 is the button
Seat 6: lbqb1987 ($0 in chips) is sitting out
Seat 1: m0nTTu ($13 in chips) 
Seat 2: ImaPeppaPig ($153.54 in chips) 
Seat 4: Kristo 914 ($111.14 in chips) 
Seat 5: elcutez ($99.23 in chips) 
m0nTTu: posts small blind $0.50
ImaPeppaPig: posts big blind $1
*** HOLE CARDS ***
Kristo 914: raises $1.40 to $2.40
elcutez: folds 
kel3vr4_23 joins the table at seat #3 
kel3vr4_23 is disconnected 
m0nTTu: folds 
ImaPeppaPig: raises $9.60 to $12
Kristo 914: folds 
Uncalled bet ($9.60) returned to ImaPeppaPig
ImaPeppaPig collected $5.30 from pot
ImaPeppaPig: doesn't show hand 
*** SUMMARY ***
Total pot $5.30 | Rake $0 
Seat 6: lbqb1987
Seat 1: m0nTTu (small blind) folded before Flop
Seat 2: ImaPeppaPig (big blind) collected ($5.30)
Seat 4: Kristo 914 folded before Flop
Seat 5: elcutez (button) folded before Flop (didn't bet)



PokerStars Hand #254458370972:  Hold'em No Limit ($0.50/$1.00 USD) - 2025/01/19 23:14:50 WET [2025/01/19 18:14:50 ET]
Table 'Regor III' 6-max Seat #1 is the button
Seat 6: lbqb1987 ($0 in chips) is sitting out
Seat 1: m0nTTu ($12.50 in chips) 
Seat 2: ImaPeppaPig ($156.44 in chips) 
Seat 3: kel3vr4_23 ($10 in chips) 
Seat 4: Kristo 914 ($108.74 in chips) 
Seat 5: elcutez ($99.23 in chips) 
ImaPeppaPig: posts small blind $0.50
kel3vr4_23: posts big blind $1
*** HOLE CARDS ***
Kristo 914: folds 
elcutez: folds 
m0nTTu: folds 
ImaPeppaPig: folds 
Uncalled bet ($0.50) returned to kel3vr4_23
kel3vr4_23 collected $1 from pot
*** SUMMARY ***
Total pot $1 | Rake $0 
Seat 6: lbqb1987
Seat 1: m0nTTu (button) folded before Flop (didn't bet)
Seat 2: ImaPeppaPig (small blind) folded before Flop
Seat 3: kel3vr4_23 (big blind) collected ($1)
Seat 4: Kristo 914 folded before Flop (didn't bet)
Seat 5: elcutez folded before Flop (didn't bet)



PokerStars Hand #254458375058:  Hold'em No Limit ($0.50/$1.00 USD) - 2025/01/19 23:15:04 WET [2025/01/19 18:15:04 ET]
Table 'Regor III' 6-max Seat #2 is the button
Seat 6: lbqb1987 ($0 in chips) is sitting out
Seat 1: m0nTTu ($12.50 in chips) 
Seat 2: ImaPeppaPig ($155.94 in chips) 
Seat 3: kel3vr4_23 ($10.50 in chips) 
Seat 4: Kristo 914 ($108.74 in chips) 
Seat 5: elcutez ($99.23 in chips) 
kel3vr4_23: posts small blind $0.50
Kristo 914: posts big blind $1
*** HOLE CARDS ***
elcutez: folds 
m0nTTu: folds 
ImaPeppaPig: raises $1.50 to $2.50
kel3vr4_23: folds 
Kristo 914: folds 
Uncalled bet ($1.50) returned to ImaPeppaPig
ImaPeppaPig collected $2.50 from pot
ImaPeppaPig: doesn't show hand 
*** SUMMARY ***
Total pot $2.50 | Rake $0 
Seat 6: lbqb1987
Seat 1: m0nTTu folded before Flop (didn't bet)
Seat 2: ImaPeppaPig (button) collected ($2.50)
Seat 3: kel3vr4_23 (small blind) folded before Flop
Seat 4: Kristo 914 (big blind) folded before Flop
Seat 5: elcutez folded before Flop (didn't bet)



PokerStars Hand #254458380031:  Hold'em No Limit ($0.50/$1.00 USD) - 2025/01/19 23:15:20 WET [2025/01/19 18:15:20 ET]
Table 'Regor III' 6-max Seat #3 is the button
Seat 6: lbqb1987 ($0 in chips) is sitting out
Seat 1: m0nTTu ($12.50 in chips) 
Seat 2: ImaPeppaPig ($157.44 in chips) 
Seat 3: kel3vr4_23 ($10 in chips) 
Seat 4: Kristo 914 ($107.74 in chips) 
Seat 5: elcutez ($99.23 in chips) 
Kristo 914: posts small blind $0.50
elcutez: posts big blind $1
*** HOLE CARDS ***
m0nTTu: folds 
ImaPeppaPig: folds 
kel3vr4_23: raises $1 to $2
Kristo 914: folds 
elcutez: folds 
Uncalled bet ($1) returned to kel3vr4_23
kel3vr4_23 collected $2.50 from pot
*** SUMMARY ***
Total pot $2.50 | Rake $0 
Seat 6: lbqb1987
Seat 1: m0nTTu folded before Flop (didn't bet)
Seat 2: ImaPeppaPig folded before Flop (didn't bet)
Seat 3: kel3vr4_23 (button) collected ($2.50)
Seat 4: Kristo 914 (small blind) folded before Flop
Seat 5: elcutez (big blind) folded before Flop



PokerStars Hand #254458386494:  Hold'em No Limit ($0.50/$1.00 USD) - 2025/01/19 23:15:43 WET [2025/01/19 18:15:43 ET]
Table 'Regor III' 6-max Seat #4 is the button
Seat 6: lbqb1987 ($0 in chips) is sitting out
Seat 1: m0nTTu ($12.50 in chips) 
Seat 2: ImaPeppaPig ($157.44 in chips) 
Seat 3: kel3vr4_23 ($11.50 in chips) 
Seat 4: Kristo 914 ($107.24 in chips) 
Seat 5: elcutez ($98.23 in chips) 
elcutez: posts small blind $0.50
m0nTTu: posts big blind $1
*** HOLE CARDS ***
ImaPeppaPig: folds 
kel3vr4_23: folds 
Kristo 914: folds 
elcutez: folds 
Uncalled bet ($0.50) returned to m0nTTu
m0nTTu collected $1 from pot
lbqb1987 leaves the table
m0nTTu: doesn't show hand 
*** SUMMARY ***
Total pot $1 | Rake $0 
Seat 6: lbqb1987
Seat 1: m0nTTu (big blind) collected ($1)
Seat 2: ImaPeppaPig folded before Flop (didn't bet)
Seat 3: kel3vr4_23 folded before Flop (didn't bet)
Seat 4: Kristo 914 (button) folded before Flop (didn't bet)
Seat 5: elcutez (small blind) folded before Flop



PokerStars Hand #254458394257:  Hold'em No Limit ($0.50/$1.00 USD) - 2025/01/19 23:16:09 WET [2025/01/19 18:16:09 ET]
Table 'Regor III' 6-max Seat #5 is the button
Seat 1: m0nTTu ($13 in chips) 
Seat 2: ImaPeppaPig ($157.44 in chips) 
Seat 3: kel3vr4_23 ($11.50 in chips) 
Seat 4: Kristo 914 ($107.24 in chips) 
Seat 5: elcutez ($97.73 in chips) 
m0nTTu: posts small blind $0.50
ImaPeppaPig: posts big blind $1
*** HOLE CARDS ***
kel3vr4_23: folds 
Kristo 914: folds 
elcutez: folds 
m0nTTu: folds 
Uncalled bet ($0.50) returned to ImaPeppaPig
ImaPeppaPig collected $1 from pot
ImaPeppaPig: doesn't show hand 
*** SUMMARY ***
Total pot $1 | Rake $0 
Seat 1: m0nTTu (small blind) folded before Flop
Seat 2: ImaPeppaPig (big blind) collected ($1)
Seat 3: kel3vr4_23 folded before Flop (didn't bet)
Seat 4: Kristo 914 folded before Flop (didn't bet)
Seat 5: elcutez (button) folded before Flop (didn't bet)



PokerStars Hand #254458398120:  Hold'em No Limit ($0.50/$1.00 USD) - 2025/01/19 23:16:23 WET [2025/01/19 18:16:23 ET]
Table 'Regor III' 6-max Seat #1 is the button
Seat 1: m0nTTu ($12.50 in chips) 
Seat 2: ImaPeppaPig ($157.94 in chips) 
Seat 3: kel3vr4_23 ($11.50 in chips) 
Seat 4: Kristo 914 ($107.24 in chips) 
Seat 5: elcutez ($97.73 in chips) 
ImaPeppaPig: posts small blind $0.50
kel3vr4_23: posts big blind $1
*** HOLE CARDS ***
Kristo 914: folds 
elcutez: folds 
m0nTTu: folds 
ImaPeppaPig: raises $2 to $3
kel3vr4_23: folds 
Uncalled bet ($2) returned to ImaPeppaPig
ImaPeppaPig collected $2 from pot
ImaPeppaPig: doesn't show hand 
*** SUMMARY ***
Total pot $2 | Rake $0 
Seat 1: m0nTTu (button) folded before Flop (didn't bet)
Seat 2: ImaPeppaPig (small blind) collected ($2)
Seat 3: kel3vr4_23 (big blind) folded before Flop
Seat 4: Kristo 914 folded before Flop (didn't bet)
Seat 5: elcutez folded before Flop (didn't bet)



PokerStars Hand #254458407663:  Hold'em No Limit ($0.50/$1.00 USD) - 2025/01/19 23:16:56 WET [2025/01/19 18:16:56 ET]
Table 'Regor III' 6-max Seat #2 is the button
Seat 1: m0nTTu ($12.50 in chips) 
Seat 2: ImaPeppaPig ($158.94 in chips) 
Seat 3: kel3vr4_23 ($10.50 in chips) 
Seat 4: Kristo 914 ($107.24 in chips) 
Seat 5: elcutez ($97.73 in chips) 
kel3vr4_23: posts small blind $0.50
Kristo 914: posts big blind $1
*** HOLE CARDS ***
elcutez: raises $2 to $3
m0nTTu: folds 
ImaPeppaPig: folds 
kel3vr4_23: folds 
Kristo 914: folds 
Uncalled bet ($2) returned to elcutez
elcutez collected $2.50 from pot
*** SUMMARY ***
Total pot $2.50 | Rake $0 
Seat 1: m0nTTu folded before Flop (didn't bet)
Seat 2: ImaPeppaPig (button) folded before Flop (didn't bet)
Seat 3: kel3vr4_23 (small blind) folded before Flop
Seat 4: Kristo 914 (big blind) folded before Flop
Seat 5: elcutez collected ($2.50)



PokerStars Hand #254458414614:  Hold'em No Limit ($0.50/$1.00 USD) - 2025/01/19 23:17:20 WET [2025/01/19 18:17:20 ET]
Table 'Regor III' 6-max Seat #3 is the button
Seat 1: m0nTTu ($12.50 in chips) 
Seat 2: ImaPeppaPig ($158.94 in chips) 
Seat 3: kel3vr4_23 ($10 in chips) 
Seat 4: Kristo 914 ($106.24 in chips) 
Seat 5: elcutez ($99.23 in chips) 
Kristo 914: posts small blind $0.50
elcutez: posts big blind $1
*** HOLE CARDS ***
m0nTTu: folds 
ImaPeppaPig: raises $1 to $2
kel3vr4_23: folds 
Kristo 914: folds 
elcutez: folds 
Uncalled bet ($1) returned to ImaPeppaPig
ImaPeppaPig collected $2.50 from pot
ImaPeppaPig: doesn't show hand 
*** SUMMARY ***
Total pot $2.50 | Rake $0 
Seat 1: m0nTTu folded before Flop (didn't bet)
Seat 2: ImaPeppaPig collected ($2.50)
Seat 3: kel3vr4_23 (button) folded before Flop (didn't bet)
Seat 4: Kristo 914 (small blind) folded before Flop
Seat 5: elcutez (big blind) folded before Flop



PokerStars Hand #254458421378:  Hold'em No Limit ($0.50/$1.00 USD) - 2025/01/19 23:17:43 WET [2025/01/19 18:17:43 ET]
Table 'Regor III' 6-max Seat #4 is the button
Seat 1: m0nTTu ($12.50 in chips) 
Seat 2: ImaPeppaPig ($160.44 in chips) 
Seat 3: kel3vr4_23 ($10 in chips) 
Seat 4: Kristo 914 ($105.74 in chips) 
Seat 5: elcutez ($98.23 in chips) 
elcutez: posts small blind $0.50
m0nTTu: posts big blind $1
*** HOLE CARDS ***
ImaPeppaPig: folds 
kel3vr4_23: folds 
Kristo 914: raises $1.40 to $2.40
elcutez has timed out
elcutez: folds 
m0nTTu: folds 
Uncalled bet ($1.40) returned to Kristo 914
Kristo 914 collected $2.50 from pot
Kristo 914: doesn't show hand 
*** SUMMARY ***
Total pot $2.50 | Rake $0 
Seat 1: m0nTTu (big blind) folded before Flop
Seat 2: ImaPeppaPig folded before Flop (didn't bet)
Seat 3: kel3vr4_23 folded before Flop (didn't bet)
Seat 4: Kristo 914 (button) collected ($2.50)
Seat 5: elcutez (small blind) folded before Flop



PokerStars Hand #254458437719:  Hold'em No Limit ($0.50/$1.00 USD) - 2025/01/19 23:18:39 WET [2025/01/19 18:18:39 ET]
Table 'Regor III' 6-max Seat #5 is the button
Seat 1: m0nTTu ($11.50 in chips) 
Seat 2: ImaPeppaPig ($160.44 in chips) 
Seat 3: kel3vr4_23 ($10 in chips) 
Seat 4: Kristo 914 ($107.24 in chips) 
Seat 5: elcutez ($97.73 in chips) 
m0nTTu: posts small blind $0.50
ImaPeppaPig: posts big blind $1
*** HOLE CARDS ***
kel3vr4_23: folds 
Kristo 914: raises $1.40 to $2.40
gohome78 joins the table at seat #6 
elcutez: raises $5.60 to $8
m0nTTu: folds 
ImaPeppaPig: folds 
Kristo 914: folds 
Uncalled bet ($5.60) returned to elcutez
elcutez collected $6.30 from pot
*** SUMMARY ***
Total pot $6.30 | Rake $0 
Seat 1: m0nTTu (small blind) folded before Flop
Seat 2: ImaPeppaPig (big blind) folded before Flop
Seat 3: kel3vr4_23 folded before Flop (didn't bet)
Seat 4: Kristo 914 folded before Flop
Seat 5: elcutez (button) collected ($6.30)



PokerStars Hand #254458446757:  Hold'em No Limit ($0.50/$1.00 USD) - 2025/01/19 23:19:11 WET [2025/01/19 18:19:11 ET]
Table 'Regor III' 6-max Seat #1 is the button
Seat 6: gohome78 ($10 in chips) is sitting out
Seat 1: m0nTTu ($11 in chips) 
Seat 2: ImaPeppaPig ($159.44 in chips) 
Seat 3: kel3vr4_23 ($10 in chips) 
Seat 4: Kristo 914 ($104.84 in chips) 
Seat 5: elcutez ($101.63 in chips) 
ImaPeppaPig: posts small blind $0.50
kel3vr4_23: posts big blind $1
gohome78: sits out 
*** HOLE CARDS ***
Kristo 914: folds 
elcutez: calls $1
m0nTTu: folds 
ImaPeppaPig: calls $0.50
kel3vr4_23: checks 
*** FLOP *** [Td Js Ah]
ImaPeppaPig: checks 
kel3vr4_23: checks 
elcutez: checks 
*** TURN *** [Td Js Ah] [Qc]
ImaPeppaPig: checks 
kel3vr4_23: checks 
elcutez: checks 
*** RIVER *** [Td Js Ah Qc] [4d]
ImaPeppaPig: checks 
kel3vr4_23: checks 
elcutez: checks 
*** SHOW DOWN ***
ImaPeppaPig: shows [9d Ts] (a pair of Tens)
kel3vr4_23: shows [6h Jc] (a pair of Jacks)
elcutez: mucks hand 
kel3vr4_23 collected $2.85 from pot
*** SUMMARY ***
Total pot $3 | Rake $0.15 
Board [Td Js Ah Qc 4d]
Seat 6: gohome78
Seat 1: m0nTTu (button) folded before Flop (didn't bet)
Seat 2: ImaPeppaPig (small blind) showed [9d Ts] and lost with a pair of Tens
Seat 3: kel3vr4_23 (big blind) showed [6h Jc] and won ($2.85) with a pair of Jacks
Seat 4: Kristo 914 folded before Flop (didn't bet)
Seat 5: elcutez mucked



PokerStars Hand #254458457462:  Hold'em No Limit ($0.50/$1.00 USD) - 2025/01/19 23:19:48 WET [2025/01/19 18:19:48 ET]
Table 'Regor III' 6-max Seat #2 is the button
Seat 6: gohome78 ($10 in chips) is sitting out
Seat 1: m0nTTu ($11 in chips) 
Seat 2: ImaPeppaPig ($158.44 in chips) 
Seat 3: kel3vr4_23 ($11.85 in chips) 
Seat 4: Kristo 914 ($104.84 in chips) 
Seat 5: elcutez ($100.63 in chips) 
kel3vr4_23: posts small blind $0.50
Kristo 914: posts big blind $1
gohome78: sits out 
*** HOLE CARDS ***
elcutez: folds 
m0nTTu: folds 
ImaPeppaPig: raises $1.50 to $2.50
kel3vr4_23: folds 
Kristo 914: calls $1.50
*** FLOP *** [7h 9d Jc]
Kristo 914: checks 
ImaPeppaPig: checks 
*** TURN *** [7h 9d Jc] [Qc]
Kristo 914: checks 
ImaPeppaPig: checks 
*** RIVER *** [7h 9d Jc Qc] [3d]
Kristo 914: bets $8
ImaPeppaPig: folds 
Uncalled bet ($8) returned to Kristo 914
Kristo 914 collected $5.22 from pot
Kristo 914: doesn't show hand 
*** SUMMARY ***
Total pot $5.50 | Rake $0.28 
Board [7h 9d Jc Qc 3d]
Seat 6: gohome78
Seat 1: m0nTTu folded before Flop (didn't bet)
Seat 2: ImaPeppaPig (button) folded on the River
Seat 3: kel3vr4_23 (small blind) folded before Flop
Seat 4: Kristo 914 (big blind) collected ($5.22)
Seat 5: elcutez folded before Flop (didn't bet)



PokerStars Hand #254458473040:  Hold'em No Limit ($0.50/$1.00 USD) - 2025/01/19 23:20:44 WET [2025/01/19 18:20:44 ET]
Table 'Regor III' 6-max Seat #3 is the button
Seat 6: gohome78 ($10 in chips) is sitting out
Seat 1: m0nTTu ($11 in chips) 
Seat 2: ImaPeppaPig ($155.94 in chips) 
Seat 3: kel3vr4_23 ($11.35 in chips) 
Seat 4: Kristo 914 ($107.56 in chips) 
Seat 5: elcutez ($100.63 in chips) 
Kristo 914: posts small blind $0.50
elcutez: posts big blind $1
gohome78: sits out 
*** HOLE CARDS ***
m0nTTu: folds 
ImaPeppaPig: folds 
kel3vr4_23: folds 
Kristo 914: folds 
Uncalled bet ($0.50) returned to elcutez
elcutez collected $1 from pot
*** SUMMARY ***
Total pot $1 | Rake $0 
Seat 6: gohome78
Seat 1: m0nTTu folded before Flop (didn't bet)
Seat 2: ImaPeppaPig folded before Flop (didn't bet)
Seat 3: kel3vr4_23 (button) folded before Flop (didn't bet)
Seat 4: Kristo 914 (small blind) folded before Flop
Seat 5: elcutez (big blind) collected ($1)



PokerStars Hand #254458477822:  Hold'em No Limit ($0.50/$1.00 USD) - 2025/01/19 23:21:00 WET [2025/01/19 18:21:00 ET]
Table 'Regor III' 6-max Seat #4 is the button
Seat 1: m0nTTu ($11 in chips) 
Seat 2: ImaPeppaPig ($155.94 in chips) 
Seat 3: kel3vr4_23 ($11.35 in chips) 
Seat 4: Kristo 914 ($107.06 in chips) 
Seat 5: elcutez ($101.13 in chips) 
Seat 6: gohome78 ($10 in chips) 
elcutez: posts small blind $0.50
gohome78: posts big blind $1
*** HOLE CARDS ***
m0nTTu: folds 
ImaPeppaPig: folds 
kel3vr4_23: folds 
Kristo 914: folds 
elcutez: raises $2 to $3
gohome78: folds 
Uncalled bet ($2) returned to elcutez
elcutez collected $2 from pot
*** SUMMARY ***
Total pot $2 | Rake $0 
Seat 1: m0nTTu folded before Flop (didn't bet)
Seat 2: ImaPeppaPig folded before Flop (didn't bet)
Seat 3: kel3vr4_23 folded before Flop (didn't bet)
Seat 4: Kristo 914 (button) folded before Flop (didn't bet)
Seat 5: elcutez (small blind) collected ($2)
Seat 6: gohome78 (big blind) folded before Flop



PokerStars Hand #254458488813:  Hold'em No Limit ($0.50/$1.00 USD) - 2025/01/19 23:21:37 WET [2025/01/19 18:21:37 ET]
Table 'Regor III' 6-max Seat #5 is the button
Seat 1: m0nTTu ($11 in chips) 
Seat 2: ImaPeppaPig ($155.94 in chips) 
Seat 3: kel3vr4_23 ($11.35 in chips) 
Seat 4: Kristo 914 ($107.06 in chips) 
Seat 5: elcutez ($102.13 in chips) 
Seat 6: gohome78 ($9 in chips) 
gohome78: posts small blind $0.50
m0nTTu: posts big blind $1
*** HOLE CARDS ***
ImaPeppaPig: folds 
kel3vr4_23: folds 
Kristo 914: folds 
elcutez: calls $1
gohome78: calls $0.50
m0nTTu: checks 
*** FLOP *** [3d 5h Td]
gohome78: checks 
m0nTTu: checks 
elcutez: checks 
*** TURN *** [3d 5h Td] [4d]
gohome78: bets $1
m0nTTu: raises $9 to $10 and is all-in
elcutez: folds 
gohome78: folds 
Uncalled bet ($9) returned to m0nTTu
m0nTTu collected $4.75 from pot
m0nTTu: doesn't show hand 
*** SUMMARY ***
Total pot $5 | Rake $0.25 
Board [3d 5h Td 4d]
Seat 1: m0nTTu (big blind) collected ($4.75)
Seat 2: ImaPeppaPig folded before Flop (didn't bet)
Seat 3: kel3vr4_23 folded before Flop (didn't bet)
Seat 4: Kristo 914 folded before Flop (didn't bet)
Seat 5: elcutez (button) folded on the Turn
Seat 6: gohome78 (small blind) folded on the Turn



PokerStars Hand #254458509768:  Hold'em No Limit ($0.50/$1.00 USD) - 2025/01/19 23:22:51 WET [2025/01/19 18:22:51 ET]
Table 'Regor III' 6-max Seat #6 is the button
Seat 1: m0nTTu ($13.75 in chips) 
Seat 2: ImaPeppaPig ($155.94 in chips) 
Seat 3: kel3vr4_23 ($11.35 in chips) 
Seat 4: Kristo 914 ($107.06 in chips) 
Seat 5: elcutez ($101.13 in chips) 
Seat 6: gohome78 ($7 in chips) 
m0nTTu: posts small blind $0.50
ImaPeppaPig: posts big blind $1
*** HOLE CARDS ***
kel3vr4_23: folds 
Kristo 914: raises $1.40 to $2.40
elcutez has timed out
elcutez: folds 
gohome78: folds 
elcutez leaves the table
m0nTTu: folds 
ImaPeppaPig: folds 
Uncalled bet ($1.40) returned to Kristo 914
Kristo 914 collected $2.50 from pot
Kristo 914: doesn't show hand 
*** SUMMARY ***
Total pot $2.50 | Rake $0 
Seat 1: m0nTTu (small blind) folded before Flop
Seat 2: ImaPeppaPig (big blind) folded before Flop
Seat 3: kel3vr4_23 folded before Flop (didn't bet)
Seat 4: Kristo 914 collected ($2.50)
Seat 5: elcutez folded before Flop (didn't bet)
Seat 6: gohome78 (button) folded before Flop (didn't bet)



PokerStars Hand #254458526503:  Hold'em No Limit ($0.50/$1.00 USD) - 2025/01/19 23:23:49 WET [2025/01/19 18:23:49 ET]
Table 'Regor III' 6-max Seat #1 is the button
Seat 1: m0nTTu ($13.25 in chips) 
Seat 2: ImaPeppaPig ($154.94 in chips) 
Seat 3: kel3vr4_23 ($11.35 in chips) 
Seat 4: Kristo 914 ($108.56 in chips) 
Seat 6: gohome78 ($7 in chips) 
ImaPeppaPig: posts small blind $0.50
kel3vr4_23: posts big blind $1
*** HOLE CARDS ***
Kristo 914: folds 
gohome78: folds 
m0nTTu: folds 
ImaPeppaPig: raises $2 to $3
kel3vr4_23: raises $4 to $7
ImaPeppaPig: raises $7 to $14
kel3vr4_23: calls $4.35 and is all-in
Uncalled bet ($2.65) returned to ImaPeppaPig
*** FLOP *** [Qs Qd 7h]
*** TURN *** [Qs Qd 7h] [9s]
*** RIVER *** [Qs Qd 7h 9s] [Tc]
*** SHOW DOWN ***
ImaPeppaPig: shows [Kh Ad] (a pair of Queens)
kel3vr4_23: shows [Jd Ac] (a pair of Queens - lower kicker)
ImaPeppaPig collected $21.56 from pot
*** SUMMARY ***
Total pot $22.70 | Rake $1.14 
Board [Qs Qd 7h 9s Tc]
Seat 1: m0nTTu (button) folded before Flop (didn't bet)
Seat 2: ImaPeppaPig (small blind) showed [Kh Ad] and won ($21.56) with a pair of Queens
Seat 3: kel3vr4_23 (big blind) showed [Jd Ac] and lost with a pair of Queens
Seat 4: Kristo 914 folded before Flop (didn't bet)
Seat 6: gohome78 folded before Flop (didn't bet)



PokerStars Hand #254458535721:  Hold'em No Limit ($0.50/$1.00 USD) - 2025/01/19 23:24:20 WET [2025/01/19 18:24:20 ET]
Table 'Regor III' 6-max Seat #2 is the button
Seat 3: kel3vr4_23 ($0 in chips) is sitting out
Seat 1: m0nTTu ($13.25 in chips) 
Seat 2: ImaPeppaPig ($165.15 in chips) 
Seat 4: Kristo 914 ($108.56 in chips) 
Seat 6: gohome78 ($7 in chips) 
Kristo 914: posts small blind $0.50
gohome78: posts big blind $1
*** HOLE CARDS ***
m0nTTu: folds 
kel3vr4_23 is disconnected 
ImaPeppaPig: raises $1.50 to $2.50
Kristo 914: folds 
gohome78: folds 
Uncalled bet ($1.50) returned to ImaPeppaPig
ImaPeppaPig collected $2.50 from pot
ImaPeppaPig: doesn't show hand 
*** SUMMARY ***
Total pot $2.50 | Rake $0 
Seat 3: kel3vr4_23
Seat 1: m0nTTu folded before Flop (didn't bet)
Seat 2: ImaPeppaPig (button) collected ($2.50)
Seat 4: Kristo 914 (small blind) folded before Flop
Seat 6: gohome78 (big blind) folded before Flop



PokerStars Hand #254458545270:  Hold'em No Limit ($0.50/$1.00 USD) - 2025/01/19 23:24:53 WET [2025/01/19 18:24:53 ET]
Table 'Regor III' 6-max Seat #4 is the button
Seat 3: kel3vr4_23 ($0 in chips) is sitting out
Seat 1: m0nTTu ($13.25 in chips) 
Seat 2: ImaPeppaPig ($166.65 in chips) 
Seat 4: Kristo 914 ($108.06 in chips) 
Seat 6: gohome78 ($6 in chips) 
gohome78: posts small blind $0.50
m0nTTu: posts big blind $1
*** HOLE CARDS ***
ImaPeppaPig: raises $1.50 to $2.50
Kristo 914: folds 
Mr_Dick666 joins the table at seat #5 
gohome78: folds 
m0nTTu: folds 
Uncalled bet ($1.50) returned to ImaPeppaPig
ImaPeppaPig collected $2.50 from pot
ImaPeppaPig: doesn't show hand 
*** SUMMARY ***
Total pot $2.50 | Rake $0 
Seat 3: kel3vr4_23
Seat 1: m0nTTu (big blind) folded before Flop
Seat 2: ImaPeppaPig collected ($2.50)
Seat 4: Kristo 914 (button) folded before Flop (didn't bet)
Seat 6: gohome78 (small blind) folded before Flop



PokerStars Hand #254458552858:  Hold'em No Limit ($0.50/$1.00 USD) - 2025/01/19 23:25:19 WET [2025/01/19 18:25:19 ET]
Table 'Regor III' 6-max Seat #6 is the button
Seat 3: kel3vr4_23 ($0 in chips) is sitting out
Seat 5: Mr_Dick666 ($100 in chips) is sitting out
Seat 1: m0nTTu ($12.25 in chips) 
Seat 2: ImaPeppaPig ($168.15 in chips) 
Seat 4: Kristo 914 ($108.06 in chips) 
Seat 6: gohome78 ($5.50 in chips) 
m0nTTu: posts small blind $0.50
ImaPeppaPig: posts big blind $1
Mr_Dick666: sits out 
*** HOLE CARDS ***
Kristo 914: raises $1.40 to $2.40
gohome78: folds 
m0nTTu: folds 
ImaPeppaPig: calls $1.40
*** FLOP *** [3h Ad Jh]
ImaPeppaPig: checks 
Kristo 914: bets $3.83
ImaPeppaPig: calls $3.83
*** TURN *** [3h Ad Jh] [4d]
ImaPeppaPig: checks 
Kristo 914: bets $9.36
ImaPeppaPig: folds 
Uncalled bet ($9.36) returned to Kristo 914
Kristo 914 collected $12.31 from pot
Kristo 914: doesn't show hand 
*** SUMMARY ***
Total pot $12.96 | Rake $0.65 
Board [3h Ad Jh 4d]
Seat 3: kel3vr4_23
Seat 5: Mr_Dick666
Seat 1: m0nTTu (small blind) folded before Flop
Seat 2: ImaPeppaPig (big blind) folded on the Turn
Seat 4: Kristo 914 collected ($12.31)
Seat 6: gohome78 (button) folded before Flop (didn't bet)



PokerStars Hand #254458568520:  Hold'em No Limit ($0.50/$1.00 USD) - 2025/01/19 23:26:14 WET [2025/01/19 18:26:14 ET]
Table 'Regor III' 6-max Seat #1 is the button
Seat 3: kel3vr4_23 ($0 in chips) is sitting out
Seat 5: Mr_Dick666 ($100 in chips) is sitting out
Seat 1: m0nTTu ($11.75 in chips) 
Seat 2: ImaPeppaPig ($161.92 in chips) 
Seat 4: Kristo 914 ($114.14 in chips) 
Seat 6: gohome78 ($5.50 in chips) 
ImaPeppaPig: posts small blind $0.50
Kristo 914: posts big blind $1
Mr_Dick666: sits out 
*** HOLE CARDS ***
gohome78: folds 
m0nTTu: folds 
ImaPeppaPig: folds 
Uncalled bet ($0.50) returned to Kristo 914
Kristo 914 collected $1 from pot
Kristo 914: doesn't show hand 
*** SUMMARY ***
Total pot $1 | Rake $0 
Seat 3: kel3vr4_23
Seat 5: Mr_Dick666
Seat 1: m0nTTu (button) folded before Flop (didn't bet)
Seat 2: ImaPeppaPig (small blind) folded before Flop
Seat 4: Kristo 914 (big blind) collected ($1)
Seat 6: gohome78 folded before Flop (didn't bet)



PokerStars Hand #254458570997:  Hold'em No Limit ($0.50/$1.00 USD) - 2025/01/19 23:26:22 WET [2025/01/19 18:26:22 ET]
Table 'Regor III' 6-max Seat #2 is the button
Seat 3: kel3vr4_23 ($0 in chips) is sitting out
Seat 1: m0nTTu ($11.75 in chips) 
Seat 2: ImaPeppaPig ($161.42 in chips) 
Seat 4: Kristo 914 ($114.64 in chips) 
Seat 5: Mr_Dick666 ($100 in chips) 
Seat 6: gohome78 ($5.50 in chips) 
Kristo 914: posts small blind $0.50
Mr_Dick666: posts big blind $1
*** HOLE CARDS ***
gohome78: folds 
m0nTTu: folds 
ImaPeppaPig: raises $1.50 to $2.50
Kristo 914: folds 
Mr_Dick666: calls $1.50
*** FLOP *** [9c 9h Ks]
Mr_Dick666: checks 
ImaPeppaPig: bets $1.62
Mr_Dick666: raises $8.38 to $10
ImaPeppaPig: folds 
Uncalled bet ($8.38) returned to Mr_Dick666
Mr_Dick666 collected $8.30 from pot
Mr_Dick666: doesn't show hand 
*** SUMMARY ***
Total pot $8.74 | Rake $0.44 
Board [9c 9h Ks]
Seat 3: kel3vr4_23
Seat 1: m0nTTu folded before Flop (didn't bet)
Seat 2: ImaPeppaPig (button) folded on the Flop
Seat 4: Kristo 914 (small blind) folded before Flop
Seat 5: Mr_Dick666 (big blind) collected ($8.30)
Seat 6: gohome78 folded before Flop (didn't bet)



PokerStars Hand #254458582743:  Hold'em No Limit ($0.50/$1.00 USD) - 2025/01/19 23:27:03 WET [2025/01/19 18:27:03 ET]
Table 'Regor III' 6-max Seat #4 is the button
Seat 3: kel3vr4_23 ($0 in chips) is sitting out
Seat 1: m0nTTu ($11.75 in chips) 
Seat 2: ImaPeppaPig ($157.30 in chips) 
Seat 4: Kristo 914 ($114.14 in chips) 
Seat 5: Mr_Dick666 ($104.18 in chips) 
Seat 6: gohome78 ($5.50 in chips) 
Mr_Dick666: posts small blind $0.50
gohome78: posts big blind $1
*** HOLE CARDS ***
m0nTTu: folds 
ImaPeppaPig: folds 
Kristo 914: raises $1.40 to $2.40
Mr_Dick666: folds 
gohome78: raises $3.10 to $5.50 and is all-in
Kristo 914: calls $3.10
*** FLOP *** [Jh As Qd]
*** TURN *** [Jh As Qd] [9c]
*** RIVER *** [Jh As Qd 9c] [6d]
*** SHOW DOWN ***
gohome78: shows [Qc Ad] (two pair, Aces and Queens)
Kristo 914: shows [8h 7h] (high card Ace)
gohome78 collected $10.92 from pot
*** SUMMARY ***
Total pot $11.50 | Rake $0.58 
Board [Jh As Qd 9c 6d]
Seat 3: kel3vr4_23
Seat 1: m0nTTu folded before Flop (didn't bet)
Seat 2: ImaPeppaPig folded before Flop (didn't bet)
Seat 4: Kristo 914 (button) showed [8h 7h] and lost with high card Ace
Seat 5: Mr_Dick666 (small blind) folded before Flop
Seat 6: gohome78 (big blind) showed [Qc Ad] and won ($10.92) with two pair, Aces and Queens



PokerStars Hand #254458591525:  Hold'em No Limit ($0.50/$1.00 USD) - 2025/01/19 23:27:34 WET [2025/01/19 18:27:34 ET]
Table 'Regor III' 6-max Seat #5 is the button
Seat 1: m0nTTu ($11.75 in chips) is sitting out
Seat 3: kel3vr4_23 ($0 in chips) is sitting out
Seat 2: ImaPeppaPig ($157.30 in chips) 
Seat 4: Kristo 914 ($108.64 in chips) 
Seat 5: Mr_Dick666 ($103.68 in chips) 
Seat 6: gohome78 ($10.92 in chips) 
gohome78: posts small blind $0.50
m0nTTu has timed out
m0nTTu: is sitting out 
ImaPeppaPig: posts big blind $1
*** HOLE CARDS ***
Kristo 914: folds 
Mr_Dick666: folds 
gohome78: raises $9.92 to $10.92 and is all-in
ImaPeppaPig: folds 
Uncalled bet ($9.92) returned to gohome78
gohome78 collected $2 from pot
*** SUMMARY ***
Total pot $2 | Rake $0 
Seat 1: m0nTTu
Seat 3: kel3vr4_23
Seat 2: ImaPeppaPig (big blind) folded before Flop
Seat 4: Kristo 914 folded before Flop (didn't bet)
Seat 5: Mr_Dick666 (button) folded before Flop (didn't bet)
Seat 6: gohome78 (small blind) collected ($2)



PokerStars Hand #254458600874:  Hold'em No Limit ($0.50/$1.00 USD) - 2025/01/19 23:28:06 WET [2025/01/19 18:28:06 ET]
Table 'Regor III' 6-max Seat #6 is the button
Seat 1: m0nTTu ($11.75 in chips) is sitting out
Seat 3: kel3vr4_23 ($0 in chips) is sitting out
Seat 2: ImaPeppaPig ($156.30 in chips) 
Seat 4: Kristo 914 ($108.64 in chips) 
Seat 5: Mr_Dick666 ($103.68 in chips) 
Seat 6: gohome78 ($11.92 in chips) 
ImaPeppaPig: posts small blind $0.50
Kristo 914: posts big blind $1
*** HOLE CARDS ***
Mr_Dick666: raises $1.50 to $2.50
gohome78: folds 
ImaPeppaPig: folds 
Kristo 914: folds 
Uncalled bet ($1.50) returned to Mr_Dick666
Mr_Dick666 collected $2.50 from pot
Mr_Dick666: doesn't show hand 
*** SUMMARY ***
Total pot $2.50 | Rake $0 
Seat 1: m0nTTu
Seat 3: kel3vr4_23
Seat 2: ImaPeppaPig (small blind) folded before Flop
Seat 4: Kristo 914 (big blind) folded before Flop
Seat 5: Mr_Dick666 collected ($2.50)
Seat 6: gohome78 (button) folded before Flop (didn't bet)



PokerStars Hand #254458607810:  Hold'em No Limit ($0.50/$1.00 USD) - 2025/01/19 23:28:30 WET [2025/01/19 18:28:30 ET]
Table 'Regor III' 6-max Seat #2 is the button
Seat 3: kel3vr4_23 ($0 in chips) is sitting out
Seat 5: Mr_Dick666 ($105.18 in chips) is sitting out
Seat 6: gohome78 ($11.92 in chips) is sitting out
Seat 1: m0nTTu ($11.75 in chips) 
Seat 2: ImaPeppaPig ($155.80 in chips) 
Seat 4: Kristo 914 ($107.64 in chips) 
Kristo 914: posts small blind $0.50
Mr_Dick666: is sitting out 
gohome78: is sitting out 
m0nTTu: posts big blind $1
*** HOLE CARDS ***
ImaPeppaPig: folds 
Mr_Dick666 leaves the table
Kristo 914: raises $2 to $3
kel3vr4_23 leaves the table
gohome78 leaves the table
m0nTTu: folds 
Uncalled bet ($2) returned to Kristo 914
Kristo 914 collected $2 from pot
Kristo 914: doesn't show hand 
*** SUMMARY ***
Total pot $2 | Rake $0 
Seat 3: kel3vr4_23
Seat 5: Mr_Dick666
Seat 6: gohome78
Seat 1: m0nTTu (big blind) folded before Flop
Seat 2: ImaPeppaPig (button) folded before Flop (didn't bet)
Seat 4: Kristo 914 (small blind) collected ($2)



