PokerStars Hand #254459023950:  Hold'em No Limit ($0.50/$1.00 USD) - 2025/01/19 23:54:04 WET [2025/01/19 18:54:04 ET]
Table 'Huberta III' 6-max Seat #6 is the button
Seat 1: MakoEv ($100 in chips) 
Seat 3: ReVeu710 ($100 in chips) 
Seat 4: XneferX ($100 in chips) 
Seat 5: dviadskur ($40 in chips) 
Seat 6: nikalas22 ($100 in chips) 
MakoEv: posts small blind $0.50
ReVeu710: posts big blind $1
*** HOLE CARDS ***
XneferX: folds 
CaHek-Ty3 joins the table at seat #2 
dviadskur is connected 
dviadskur: folds 
nikalas22: raises $1.50 to $2.50
MakoEv: folds 
ReVeu710: folds 
Uncalled bet ($1.50) returned to nikalas22
nikalas22 collected $2.50 from pot
nikalas22: doesn't show hand 
*** SUMMARY ***
Total pot $2.50 | Rake $0 
Seat 1: MakoEv (small blind) folded before Flop
Seat 3: ReVeu710 (big blind) folded before Flop
Seat 4: XneferX folded before Flop (didn't bet)
Seat 5: dviadskur folded before Flop (didn't bet)
Seat 6: nikalas22 (button) collected ($2.50)



PokerStars Hand #254459030348:  Hold'em No Limit ($0.50/$1.00 USD) - 2025/01/19 23:54:30 WET [2025/01/19 18:54:30 ET]
Table 'Huberta III' 6-max Seat #1 is the button
Seat 2: CaHek-Ty3 ($100 in chips) is sitting out
Seat 1: MakoEv ($100 in chips) 
Seat 3: ReVeu710 ($100 in chips) 
Seat 4: XneferX ($100 in chips) 
Seat 5: dviadskur ($40 in chips) 
Seat 6: nikalas22 ($101.50 in chips) 
ReVeu710: posts small blind $0.50
XneferX: posts big blind $1
*** HOLE CARDS ***
dviadskur: folds 
nikalas22: folds 
MakoEv: folds 
ReVeu710: raises $2 to $3
XneferX: folds 
Uncalled bet ($2) returned to ReVeu710
ReVeu710 collected $2 from pot
ReVeu710: doesn't show hand 
*** SUMMARY ***
Total pot $2 | Rake $0 
Seat 2: CaHek-Ty3
Seat 1: MakoEv (button) folded before Flop (didn't bet)
Seat 3: ReVeu710 (small blind) collected ($2)
Seat 4: XneferX (big blind) folded before Flop
Seat 5: dviadskur folded before Flop (didn't bet)
Seat 6: nikalas22 folded before Flop (didn't bet)



PokerStars Hand #254459035114:  Hold'em No Limit ($0.50/$1.00 USD) - 2025/01/19 23:54:49 WET [2025/01/19 18:54:49 ET]
Table 'Huberta III' 6-max Seat #3 is the button
Seat 2: CaHek-Ty3 ($100 in chips) is sitting out
Seat 1: MakoEv ($100 in chips) 
Seat 3: ReVeu710 ($101 in chips) 
Seat 4: XneferX ($100 in chips) 
Seat 5: dviadskur ($40 in chips) 
Seat 6: nikalas22 ($101.50 in chips) 
XneferX: posts small blind $0.50
dviadskur: posts big blind $1
CaHek-Ty3: sits out 
*** HOLE CARDS ***
nikalas22: folds 
MakoEv: folds 
ReVeu710: folds 
XneferX: folds 
Uncalled bet ($0.50) returned to dviadskur
dviadskur collected $1 from pot
dviadskur: doesn't show hand 
*** SUMMARY ***
Total pot $1 | Rake $0 
Seat 2: CaHek-Ty3
Seat 1: MakoEv folded before Flop (didn't bet)
Seat 3: ReVeu710 (button) folded before Flop (didn't bet)
Seat 4: XneferX (small blind) folded before Flop
Seat 5: dviadskur (big blind) collected ($1)
Seat 6: nikalas22 folded before Flop (didn't bet)



PokerStars Hand #254459039382:  Hold'em No Limit ($0.50/$1.00 USD) - 2025/01/19 23:55:06 WET [2025/01/19 18:55:06 ET]
Table 'Huberta III' 6-max Seat #4 is the button
Seat 2: CaHek-Ty3 ($100 in chips) is sitting out
Seat 1: MakoEv ($100 in chips) 
Seat 3: ReVeu710 ($101 in chips) 
Seat 4: XneferX ($100 in chips) 
Seat 5: dviadskur ($40.50 in chips) 
Seat 6: nikalas22 ($101.50 in chips) 
dviadskur: posts small blind $0.50
nikalas22: posts big blind $1
CaHek-Ty3: sits out 
*** HOLE CARDS ***
MakoEv: raises $1.20 to $2.20
ReVeu710: folds 
XneferX: folds 
dviadskur: folds 
nikalas22: calls $1.20
*** FLOP *** [9d As Jd]
nikalas22: checks 
MakoEv: checks 
*** TURN *** [9d As Jd] [7d]
nikalas22: bets $1.40
MakoEv: calls $1.40
*** RIVER *** [9d As Jd 7d] [8h]
nikalas22: bets $5.49
MakoEv: folds 
Uncalled bet ($5.49) returned to nikalas22
nikalas22 collected $7.32 from pot
nikalas22: doesn't show hand 
*** SUMMARY ***
Total pot $7.70 | Rake $0.38 
Board [9d As Jd 7d 8h]
Seat 2: CaHek-Ty3
Seat 1: MakoEv folded on the River
Seat 3: ReVeu710 folded before Flop (didn't bet)
Seat 4: XneferX (button) folded before Flop (didn't bet)
Seat 5: dviadskur (small blind) folded before Flop
Seat 6: nikalas22 (big blind) collected ($7.32)



PokerStars Hand #254459053037:  Hold'em No Limit ($0.50/$1.00 USD) - 2025/01/19 23:56:31 WET [2025/01/19 18:56:31 ET]
Table 'Huberta III' 6-max Seat #5 is the button
Seat 2: CaHek-Ty3 ($100 in chips) is sitting out
Seat 1: MakoEv ($100 in chips) 
Seat 3: ReVeu710 ($101 in chips) 
Seat 4: XneferX ($100 in chips) 
Seat 5: dviadskur ($40 in chips) 
Seat 6: nikalas22 ($105.22 in chips) 
nikalas22: posts small blind $0.50
MakoEv: posts big blind $1
CaHek-Ty3: sits out 
*** HOLE CARDS ***
ReVeu710: folds 
XneferX: folds 
dviadskur: folds 
nikalas22: raises $2 to $3
MakoEv: calls $2
*** FLOP *** [6d 5d 3s]
dviadskur leaves the table
nikalas22: checks 
MakoEv: checks 
*** TURN *** [6d 5d 3s] [Tc]
nikalas22: checks 
MakoEv: checks 
*** RIVER *** [6d 5d 3s Tc] [Jh]
nikalas22: checks 
MakoEv: bets $3.70
nikalas22: calls $3.70
*** SHOW DOWN ***
MakoEv: shows [Qd Kc] (high card King)
nikalas22: shows [5s Qs] (a pair of Fives)
nikalas22 collected $12.73 from pot
*** SUMMARY ***
Total pot $13.40 | Rake $0.67 
Board [6d 5d 3s Tc Jh]
Seat 2: CaHek-Ty3
Seat 1: MakoEv (big blind) showed [Qd Kc] and lost with high card King
Seat 3: ReVeu710 folded before Flop (didn't bet)
Seat 4: XneferX folded before Flop (didn't bet)
Seat 5: dviadskur (button) folded before Flop (didn't bet)
Seat 6: nikalas22 (small blind) showed [5s Qs] and won ($12.73) with a pair of Fives



PokerStars Hand #254459061062:  Hold'em No Limit ($0.50/$1.00 USD) - 2025/01/19 23:57:20 WET [2025/01/19 18:57:20 ET]
Table 'Huberta III' 6-max Seat #6 is the button
Seat 1: MakoEv ($100 in chips) 
Seat 2: CaHek-Ty3 ($100 in chips) 
Seat 3: ReVeu710 ($101 in chips) 
Seat 4: XneferX ($100 in chips) 
Seat 6: nikalas22 ($111.25 in chips) 
MakoEv: posts small blind $0.50
CaHek-Ty3: posts big blind $1
*** HOLE CARDS ***
ReVeu710: folds 
XneferX: raises $1.30 to $2.30
ReVeu710 leaves the table
nikalas22: folds 
MakoEv: folds 
CaHek-Ty3: folds 
Uncalled bet ($1.30) returned to XneferX
XneferX collected $2.50 from pot
XneferX: doesn't show hand 
*** SUMMARY ***
Total pot $2.50 | Rake $0 
Seat 1: MakoEv (small blind) folded before Flop
Seat 2: CaHek-Ty3 (big blind) folded before Flop
Seat 3: ReVeu710 folded before Flop (didn't bet)
Seat 4: XneferX collected ($2.50)
Seat 6: nikalas22 (button) folded before Flop (didn't bet)



PokerStars Hand #254459062890:  Hold'em No Limit ($0.50/$1.00 USD) - 2025/01/19 23:57:32 WET [2025/01/19 18:57:32 ET]
Table 'Huberta III' 6-max Seat #1 is the button
Seat 6: nikalas22 ($111.25 in chips) is sitting out
Seat 1: MakoEv ($100 in chips) 
Seat 2: CaHek-Ty3 ($100 in chips) 
Seat 4: XneferX ($101.50 in chips) 
CaHek-Ty3: posts small blind $0.50
XneferX: posts big blind $1
*** HOLE CARDS ***
nikalas22 leaves the table
MakoEv: raises $1.50 to $2.50
CaHek-Ty3: folds 
XneferX: folds 
Uncalled bet ($1.50) returned to MakoEv
MakoEv collected $2.50 from pot
MakoEv: doesn't show hand 
*** SUMMARY ***
Total pot $2.50 | Rake $0 
Seat 6: nikalas22
Seat 1: MakoEv (button) collected ($2.50)
Seat 2: CaHek-Ty3 (small blind) folded before Flop
Seat 4: XneferX (big blind) folded before Flop



PokerStars Hand #254459064366:  Hold'em No Limit ($0.50/$1.00 USD) - 2025/01/19 23:57:41 WET [2025/01/19 18:57:41 ET]
Table 'Huberta III' 6-max Seat #2 is the button
Seat 1: MakoEv ($101.50 in chips) 
Seat 2: CaHek-Ty3 ($100 in chips) 
Seat 4: XneferX ($100.50 in chips) 
XneferX: posts small blind $0.50
MakoEv: posts big blind $1
*** HOLE CARDS ***
CaHek-Ty3: raises $1.50 to $2.50
Kristo 914 joins the table at seat #6 
XneferX: folds 
MakoEv: folds 
Uncalled bet ($1.50) returned to CaHek-Ty3
CaHek-Ty3 collected $2.50 from pot
*** SUMMARY ***
Total pot $2.50 | Rake $0 
Seat 1: MakoEv (big blind) folded before Flop
Seat 2: CaHek-Ty3 (button) collected ($2.50)
Seat 4: XneferX (small blind) folded before Flop



PokerStars Hand #254459067873:  Hold'em No Limit ($0.50/$1.00 USD) - 2025/01/19 23:58:02 WET [2025/01/19 18:58:02 ET]
Table 'Huberta III' 6-max Seat #1 is the button
Seat 2: CaHek-Ty3 ($101.50 in chips) is sitting out
Seat 6: Kristo 914 ($100 in chips) is sitting out
Seat 1: MakoEv ($100.50 in chips) 
Seat 4: XneferX ($100 in chips) 
MakoEv: posts small blind $0.50
CaHek-Ty3: is sitting out 
XneferX: posts big blind $1
*** HOLE CARDS ***
MakoEv: folds 
Uncalled bet ($0.50) returned to XneferX
kenk101 joins the table at seat #3 
kenk101 is disconnected 
XneferX collected $1 from pot
XneferX: doesn't show hand 
*** SUMMARY ***
Total pot $1 | Rake $0 
Seat 2: CaHek-Ty3
Seat 6: Kristo 914
Seat 1: MakoEv (button) (small blind) folded before Flop
Seat 4: XneferX (big blind) collected ($1)



PokerStars Hand #254459068934:  Hold'em No Limit ($0.50/$1.00 USD) - 2025/01/19 23:58:08 WET [2025/01/19 18:58:08 ET]
Table 'Huberta III' 6-max Seat #4 is the button
Seat 2: CaHek-Ty3 ($101.50 in chips) is sitting out
Seat 6: Kristo 914 ($100 in chips) is sitting out
Seat 1: MakoEv ($100 in chips) 
Seat 3: kenk101 ($100 in chips) 
Seat 4: XneferX ($100.50 in chips) 
MakoEv: posts small blind $0.50
kenk101: posts big blind $1
*** HOLE CARDS ***
CaHek-Ty3 leaves the table
XneferX: raises $1.77 to $2.77
MakoEv: folds 
kenk101: folds 
Uncalled bet ($1.77) returned to XneferX
XneferX collected $2.50 from pot
XneferX: doesn't show hand 
*** SUMMARY ***
Total pot $2.50 | Rake $0 
Seat 2: CaHek-Ty3
Seat 6: Kristo 914
Seat 1: MakoEv (small blind) folded before Flop
Seat 3: kenk101 (big blind) folded before Flop
Seat 4: XneferX (button) collected ($2.50)



PokerStars Hand #254459071876:  Hold'em No Limit ($0.50/$1.00 USD) - 2025/01/19 23:58:27 WET [2025/01/19 18:58:27 ET]
Table 'Huberta III' 6-max Seat #1 is the button
Seat 6: Kristo 914 ($100 in chips) is sitting out
Seat 1: MakoEv ($100 in chips) 
Seat 3: kenk101 ($99 in chips) 
Seat 4: XneferX ($102 in chips) 
kenk101: posts small blind $0.50
XneferX: posts big blind $1
Kristo 914: sits out 
*** HOLE CARDS ***
MakoEv: folds 
kenk101: folds 
Uncalled bet ($0.50) returned to XneferX
XneferX collected $1 from pot
XneferX: doesn't show hand 
*** SUMMARY ***
Total pot $1 | Rake $0 
Seat 6: Kristo 914
Seat 1: MakoEv (button) folded before Flop (didn't bet)
Seat 3: kenk101 (small blind) folded before Flop
Seat 4: XneferX (big blind) collected ($1)



PokerStars Hand #254459073070:  Hold'em No Limit ($0.50/$1.00 USD) - 2025/01/19 23:58:34 WET [2025/01/19 18:58:34 ET]
Table 'Huberta III' 6-max Seat #3 is the button
Seat 1: MakoEv ($100 in chips) 
Seat 3: kenk101 ($98.50 in chips) 
Seat 4: XneferX ($102.50 in chips) 
Seat 6: Kristo 914 ($100 in chips) 
XneferX: posts small blind $0.50
Kristo 914: posts big blind $1
*** HOLE CARDS ***
MakoEv: raises $1.50 to $2.50
kenk101: calls $2.50
XneferX: folds 
Kristo 914: folds 
*** FLOP *** [Kd Jh Ah]
sutata joins the table at seat #5 
MakoEv: checks 
kenk101: bets $4
MakoEv: folds 
Uncalled bet ($4) returned to kenk101
kenk101 collected $6.18 from pot
*** SUMMARY ***
Total pot $6.50 | Rake $0.32 
Board [Kd Jh Ah]
Seat 1: MakoEv folded on the Flop
Seat 3: kenk101 (button) collected ($6.18)
Seat 4: XneferX (small blind) folded before Flop
Seat 6: Kristo 914 (big blind) folded before Flop



PokerStars Hand #254459079086:  Hold'em No Limit ($0.50/$1.00 USD) - 2025/01/19 23:59:10 WET [2025/01/19 18:59:10 ET]
Table 'Huberta III' 6-max Seat #4 is the button
Seat 1: MakoEv ($100 in chips) is sitting out
Seat 5: sutata ($100 in chips) is sitting out
Seat 3: kenk101 ($102.18 in chips) 
Seat 4: XneferX ($102 in chips) 
Seat 6: Kristo 914 ($100 in chips) 
Kristo 914: posts small blind $0.50
MakoEv: is sitting out 
kenk101: posts big blind $1
*** HOLE CARDS ***
XneferX: raises $1.77 to $2.77
Kristo 914: raises $8.73 to $11.50
kenk101: folds 
MakoEv leaves the table
XneferX: calls $8.73
*** FLOP *** [9s 4c 6d]
Kristo 914: checks 
XneferX: checks 
*** TURN *** [9s 4c 6d] [Kd]
Kristo 914: bets $17.48
XneferX: calls $17.48
*** RIVER *** [9s 4c 6d Kd] [4h]
sutata leaves the table
Kristo 914: bets $71.02 and is all-in
XneferX: calls $71.02
*** SHOW DOWN ***
Kristo 914: shows [Ac Jc] (a pair of Fours)
XneferX: shows [9c 9d] (a full house, Nines full of Fours)
XneferX collected $200 from pot
*** SUMMARY ***
Total pot $201 | Rake $1 
Board [9s 4c 6d Kd 4h]
Seat 1: MakoEv
Seat 5: sutata
Seat 3: kenk101 (big blind) folded before Flop
Seat 4: XneferX (button) showed [9c 9d] and won ($200) with a full house, Nines full of Fours
Seat 6: Kristo 914 (small blind) showed [Ac Jc] and lost with a pair of Fours



PokerStars Hand #254459095017:  Hold'em No Limit ($0.50/$1.00 USD) - 2025/01/19 0:00:43 WET [2025/01/19 19:00:43 ET]
Table 'Huberta III' 6-max Seat #6 is the button
Seat 3: kenk101 ($101.18 in chips) 
Seat 4: XneferX ($202 in chips) 
Seat 6: Kristo 914 ($100 in chips) 
kenk101: posts small blind $0.50
XneferX: posts big blind $1
*** HOLE CARDS ***
Kristo 914: raises $1.40 to $2.40
kenk101: calls $1.90
XneferX: calls $1.40
*** FLOP *** [Kc 4h 3s]
kenk101: checks 
XneferX: checks 
Kristo 914: bets $2.30
kenk101: calls $2.30
Tibibacsi joins the table at seat #5 
XneferX: folds 
*** TURN *** [Kc 4h 3s] [5h]
kenk101: checks 
Kristo 914: checks 
*** RIVER *** [Kc 4h 3s 5h] [7h]
kenk101: checks 
Kristo 914: checks 
*** SHOW DOWN ***
kenk101: shows [2h Ah] (a flush, Ace high)
Kristo 914: mucks hand 
kenk101 collected $11.21 from pot
*** SUMMARY ***
Total pot $11.80 | Rake $0.59 
Board [Kc 4h 3s 5h 7h]
Seat 3: kenk101 (small blind) showed [2h Ah] and won ($11.21) with a flush, Ace high
Seat 4: XneferX (big blind) folded on the Flop
Seat 6: Kristo 914 (button) mucked



PokerStars Hand #254459110082:  Hold'em No Limit ($0.50/$1.00 USD) - 2025/01/19 0:01:53 WET [2025/01/19 19:01:53 ET]
Table 'Huberta III' 6-max Seat #3 is the button
Seat 3: kenk101 ($107.69 in chips) 
Seat 4: XneferX ($199.60 in chips) 
Seat 5: Tibibacsi ($100 in chips) 
Seat 6: Kristo 914 ($100 in chips) 
XneferX: posts small blind $0.50
Tibibacsi: posts big blind $1
*** HOLE CARDS ***
Kristo 914: folds 
kenk101: raises $2 to $3
XneferX: folds 
Tibibacsi: calls $2
*** FLOP *** [Ks 6s 5c]
Tibibacsi: checks 
kenk101: bets $6
Tibibacsi: calls $6
*** TURN *** [Ks 6s 5c] [Jd]
Tibibacsi: checks 
kenk101: bets $14
Mindtilter joins the table at seat #1 
ReVeu710 joins the table at seat #2 
Tibibacsi: calls $14
*** RIVER *** [Ks 6s 5c Jd] [9d]
Tibibacsi: checks 
kenk101: checks 
*** SHOW DOWN ***
Tibibacsi: shows [8d Kd] (a pair of Kings)
kenk101: mucks hand 
Tibibacsi collected $45.50 from pot
*** SUMMARY ***
Total pot $46.50 | Rake $1 
Board [Ks 6s 5c Jd 9d]
Seat 3: kenk101 (button) mucked
Seat 4: XneferX (small blind) folded before Flop
Seat 5: Tibibacsi (big blind) showed [8d Kd] and won ($45.50) with a pair of Kings
Seat 6: Kristo 914 folded before Flop (didn't bet)



PokerStars Hand #254459129585:  Hold'em No Limit ($0.50/$1.00 USD) - 2025/01/19 0:03:13 WET [2025/01/19 19:03:13 ET]
Table 'Huberta III' 6-max Seat #4 is the button
Seat 1: Mindtilter ($100 in chips) is sitting out
Seat 2: ReVeu710 ($101 in chips) is sitting out
Seat 3: kenk101 ($84.69 in chips) 
Seat 4: XneferX ($199.10 in chips) 
Seat 5: Tibibacsi ($122.50 in chips) 
Seat 6: Kristo 914 ($100 in chips) 
Tibibacsi: posts small blind $0.50
Kristo 914: posts big blind $1
Mindtilter: sits out 
ReVeu710: sits out 
*** HOLE CARDS ***
kenk101: folds 
XneferX: folds 
Tibibacsi: raises $2 to $3
Kristo 914: raises $7 to $10
Tibibacsi: folds 
Uncalled bet ($7) returned to Kristo 914
Kristo 914 collected $6 from pot
Kristo 914: doesn't show hand 
*** SUMMARY ***
Total pot $6 | Rake $0 
Seat 1: Mindtilter
Seat 2: ReVeu710
Seat 3: kenk101 folded before Flop (didn't bet)
Seat 4: XneferX (button) folded before Flop (didn't bet)
Seat 5: Tibibacsi (small blind) folded before Flop
Seat 6: Kristo 914 (big blind) collected ($6)



PokerStars Hand #254459136450:  Hold'em No Limit ($0.50/$1.00 USD) - 2025/01/19 0:03:42 WET [2025/01/19 19:03:42 ET]
Table 'Huberta III' 6-max Seat #5 is the button
Seat 2: ReVeu710 ($101 in chips) is sitting out
Seat 4: XneferX ($199.10 in chips) is sitting out
Seat 1: Mindtilter ($100 in chips) 
Seat 3: kenk101 ($84.69 in chips) 
Seat 5: Tibibacsi ($119.50 in chips) 
Seat 6: Kristo 914 ($103 in chips) 
Kristo 914: posts small blind $0.50
Mindtilter: posts big blind $1
ReVeu710: sits out 
*** HOLE CARDS ***
kenk101: folds 
Tibibacsi: folds 
Kristo 914: folds 
Uncalled bet ($0.50) returned to Mindtilter
Mindtilter collected $1 from pot
Mindtilter: doesn't show hand 
*** SUMMARY ***
Total pot $1 | Rake $0 
Seat 2: ReVeu710
Seat 4: XneferX
Seat 1: Mindtilter (big blind) collected ($1)
Seat 3: kenk101 folded before Flop (didn't bet)
Seat 5: Tibibacsi (button) folded before Flop (didn't bet)
Seat 6: Kristo 914 (small blind) folded before Flop



PokerStars Hand #254459139248:  Hold'em No Limit ($0.50/$1.00 USD) - 2025/01/19 0:03:53 WET [2025/01/19 19:03:53 ET]
Table 'Huberta III' 6-max Seat #6 is the button
Seat 4: XneferX ($199.10 in chips) is sitting out
Seat 1: Mindtilter ($100.50 in chips) 
Seat 2: ReVeu710 ($101 in chips) 
Seat 3: kenk101 ($84.69 in chips) 
Seat 5: Tibibacsi ($119.50 in chips) 
Seat 6: Kristo 914 ($102.50 in chips) 
Mindtilter: posts small blind $0.50
ReVeu710: posts big blind $1
*** HOLE CARDS ***
kenk101: folds 
Tibibacsi: folds 
Kristo 914: raises $1.40 to $2.40
Mindtilter: folds 
ReVeu710: calls $1.40
*** FLOP *** [Jd 6d Qh]
ReVeu710: checks 
Kristo 914: bets $1.46
ReVeu710: calls $1.46
*** TURN *** [Jd 6d Qh] [9s]
ReVeu710: checks 
Kristo 914: bets $5.94
ReVeu710: calls $5.94
*** RIVER *** [Jd 6d Qh 9s] [5c]
ReVeu710: checks 
Kristo 914: bets $14.80
ReVeu710: raises $76.40 to $91.20 and is all-in
Kristo 914: folds 
Uncalled bet ($76.40) returned to ReVeu710
ReVeu710 collected $47.22 from pot
ReVeu710: doesn't show hand 
*** SUMMARY ***
Total pot $49.70 | Rake $2.48 
Board [Jd 6d Qh 9s 5c]
Seat 4: XneferX
Seat 1: Mindtilter (small blind) folded before Flop
Seat 2: ReVeu710 (big blind) collected ($47.22)
Seat 3: kenk101 folded before Flop (didn't bet)
Seat 5: Tibibacsi folded before Flop (didn't bet)
Seat 6: Kristo 914 (button) folded on the River



PokerStars Hand #254459158862:  Hold'em No Limit ($0.50/$1.00 USD) - 2025/01/19 0:05:13 WET [2025/01/19 19:05:13 ET]
Table 'Huberta III' 6-max Seat #1 is the button
Seat 4: XneferX ($199.10 in chips) is sitting out
Seat 1: Mindtilter ($100 in chips) 
Seat 2: ReVeu710 ($123.62 in chips) 
Seat 3: kenk101 ($84.69 in chips) 
Seat 5: Tibibacsi ($119.50 in chips) 
Seat 6: Kristo 914 ($100 in chips) 
ReVeu710: posts small blind $0.50
kenk101: posts big blind $1
*** HOLE CARDS ***
Tibibacsi: folds 
Kristo 914: folds 
Mindtilter: raises $1 to $2
ReVeu710: folds 
kenk101: calls $1
*** FLOP *** [7h 2h Ad]
kenk101: checks 
Mindtilter: checks 
*** TURN *** [7h 2h Ad] [8c]
kenk101: bets $4
Mindtilter: calls $4
*** RIVER *** [7h 2h Ad 8c] [5c]
kenk101: bets $7
Mindtilter: calls $7
*** SHOW DOWN ***
kenk101: shows [Ac Th] (a pair of Aces)
Mindtilter: mucks hand 
kenk101 collected $25.18 from pot
*** SUMMARY ***
Total pot $26.50 | Rake $1.32 
Board [7h 2h Ad 8c 5c]
Seat 4: XneferX
Seat 1: Mindtilter (button) mucked
Seat 2: ReVeu710 (small blind) folded before Flop
Seat 3: kenk101 (big blind) showed [Ac Th] and won ($25.18) with a pair of Aces
Seat 5: Tibibacsi folded before Flop (didn't bet)
Seat 6: Kristo 914 folded before Flop (didn't bet)



PokerStars Hand #254459172908:  Hold'em No Limit ($0.50/$1.00 USD) - 2025/01/19 0:06:10 WET [2025/01/19 19:06:10 ET]
Table 'Huberta III' 6-max Seat #2 is the button
Seat 4: XneferX ($199.10 in chips) is sitting out
Seat 1: Mindtilter ($100 in chips) 
Seat 2: ReVeu710 ($123.12 in chips) 
Seat 3: kenk101 ($96.87 in chips) 
Seat 5: Tibibacsi ($119.50 in chips) 
Seat 6: Kristo 914 ($100 in chips) 
kenk101: posts small blind $0.50
Tibibacsi: posts big blind $1
*** HOLE CARDS ***
Kristo 914: folds 
Mindtilter: folds 
ReVeu710: folds 
kenk101: raises $3 to $4
Tibibacsi: calls $3
*** FLOP *** [3s Ad 2d]
kenk101: checks 
Tibibacsi: checks 
*** TURN *** [3s Ad 2d] [Qh]
kenk101: checks 
Tibibacsi: checks 
*** RIVER *** [3s Ad 2d Qh] [5h]
kenk101: checks 
Tibibacsi: checks 
*** SHOW DOWN ***
kenk101: shows [Tc Ts] (a pair of Tens)
Tibibacsi: mucks hand 
kenk101 collected $7.60 from pot
*** SUMMARY ***
Total pot $8 | Rake $0.40 
Board [3s Ad 2d Qh 5h]
Seat 4: XneferX
Seat 1: Mindtilter folded before Flop (didn't bet)
Seat 2: ReVeu710 (button) folded before Flop (didn't bet)
Seat 3: kenk101 (small blind) showed [Tc Ts] and won ($7.60) with a pair of Tens
Seat 5: Tibibacsi (big blind) mucked
Seat 6: Kristo 914 folded before Flop (didn't bet)



PokerStars Hand #254459197021:  Hold'em No Limit ($0.50/$1.00 USD) - 2025/01/19 0:07:50 WET [2025/01/19 19:07:50 ET]
Table 'Huberta III' 6-max Seat #3 is the button
Seat 4: XneferX ($199.10 in chips) is sitting out
Seat 1: Mindtilter ($100 in chips) 
Seat 2: ReVeu710 ($123.12 in chips) 
Seat 3: kenk101 ($100.47 in chips) 
Seat 5: Tibibacsi ($115.50 in chips) 
Seat 6: Kristo 914 ($100 in chips) 
Tibibacsi: posts small blind $0.50
Kristo 914: posts big blind $1
*** HOLE CARDS ***
Mindtilter: folds 
ReVeu710: raises $1.30 to $2.30
kenk101: calls $2.30
Tibibacsi: raises $10.70 to $13
Kristo 914: folds 
ReVeu710: calls $10.70
kenk101: folds 
*** FLOP *** [7d Qc 3c]
Tibibacsi: bets $9.19
ReVeu710: calls $9.19
*** TURN *** [7d Qc 3c] [5d]
Tibibacsi: checks 
ReVeu710: checks 
*** RIVER *** [7d Qc 3c 5d] [Kh]
Tibibacsi: bets $29
ReVeu710: folds 
Uncalled bet ($29) returned to Tibibacsi
Tibibacsi collected $45.30 from pot
Tibibacsi: doesn't show hand 
*** SUMMARY ***
Total pot $47.68 | Rake $2.38 
Board [7d Qc 3c 5d Kh]
Seat 4: XneferX
Seat 1: Mindtilter folded before Flop (didn't bet)
Seat 2: ReVeu710 folded on the River
Seat 3: kenk101 (button) folded before Flop
Seat 5: Tibibacsi (small blind) collected ($45.30)
Seat 6: Kristo 914 (big blind) folded before Flop



PokerStars Hand #254459217461:  Hold'em No Limit ($0.50/$1.00 USD) - 2025/01/19 0:09:14 WET [2025/01/19 19:09:14 ET]
Table 'Huberta III' 6-max Seat #5 is the button
Seat 4: XneferX ($199.10 in chips) is sitting out
Seat 1: Mindtilter ($100 in chips) 
Seat 2: ReVeu710 ($100.93 in chips) 
Seat 3: kenk101 ($98.17 in chips) 
Seat 5: Tibibacsi ($138.61 in chips) 
Seat 6: Kristo 914 ($100 in chips) 
Kristo 914: posts small blind $0.50
Mindtilter: posts big blind $1
XneferX: sits out 
*** HOLE CARDS ***
ReVeu710: raises $1 to $2
kenk101: folds 
Tibibacsi: folds 
Kristo 914: folds 
Mindtilter: calls $1
*** FLOP *** [9d Qh Th]
Mindtilter: checks 
ReVeu710: bets $1.07
Mindtilter: raises $8.03 to $9.10
ReVeu710: folds 
Uncalled bet ($8.03) returned to Mindtilter
Mindtilter collected $6.31 from pot
Mindtilter: doesn't show hand 
*** SUMMARY ***
Total pot $6.64 | Rake $0.33 
Board [9d Qh Th]
Seat 4: XneferX
Seat 1: Mindtilter (big blind) collected ($6.31)
Seat 2: ReVeu710 folded on the Flop
Seat 3: kenk101 folded before Flop (didn't bet)
Seat 5: Tibibacsi (button) folded before Flop (didn't bet)
Seat 6: Kristo 914 (small blind) folded before Flop



PokerStars Hand #254459228972:  Hold'em No Limit ($0.50/$1.00 USD) - 2025/01/19 0:10:03 WET [2025/01/19 19:10:03 ET]
Table 'Huberta III' 6-max Seat #6 is the button
Seat 2: ReVeu710 ($100 in chips) is sitting out
Seat 4: XneferX ($199.10 in chips) is sitting out
Seat 1: Mindtilter ($103.24 in chips) 
Seat 3: kenk101 ($98.17 in chips) 
Seat 5: Tibibacsi ($138.61 in chips) 
Seat 6: Kristo 914 ($100 in chips) 
Mindtilter: posts small blind $0.50
ReVeu710: is sitting out 
kenk101: posts big blind $1
*** HOLE CARDS ***
Tibibacsi: folds 
Kristo 914: folds 
Mindtilter: raises $2 to $3
kenk101: folds 
Uncalled bet ($2) returned to Mindtilter
ReVeu710 leaves the table
Mindtilter collected $2 from pot
Mindtilter: doesn't show hand 
*** SUMMARY ***
Total pot $2 | Rake $0 
Seat 2: ReVeu710
Seat 4: XneferX
Seat 1: Mindtilter (small blind) collected ($2)
Seat 3: kenk101 (big blind) folded before Flop
Seat 5: Tibibacsi folded before Flop (didn't bet)
Seat 6: Kristo 914 (button) folded before Flop (didn't bet)



PokerStars Hand #254459231150:  Hold'em No Limit ($0.50/$1.00 USD) - 2025/01/19 0:10:12 WET [2025/01/19 19:10:12 ET]
Table 'Huberta III' 6-max Seat #1 is the button
Seat 4: XneferX ($199.10 in chips) is sitting out
Seat 1: Mindtilter ($104.24 in chips) 
Seat 3: kenk101 ($97.17 in chips) 
Seat 5: Tibibacsi ($138.61 in chips) 
Seat 6: Kristo 914 ($100 in chips) 
kenk101: posts small blind $0.50
Tibibacsi: posts big blind $1
*** HOLE CARDS ***
Kristo 914: folds 
XneferX leaves the table
Mindtilter: raises $1.50 to $2.50
kenk101: folds 
Tibibacsi: calls $1.50
*** FLOP *** [8s 2d 9s]
Tibibacsi: checks 
kenk101 leaves the table
Mindtilter: bets $2.61
Tibibacsi: calls $2.61
*** TURN *** [8s 2d 9s] [8d]
Tibibacsi: checks 
Mindtilter: checks 
*** RIVER *** [8s 2d 9s 8d] [9h]
Tibibacsi: bets $15
Mindtilter: folds 
Uncalled bet ($15) returned to Tibibacsi
Tibibacsi collected $10.18 from pot
Tibibacsi: doesn't show hand 
*** SUMMARY ***
Total pot $10.72 | Rake $0.54 
Board [8s 2d 9s 8d 9h]
Seat 4: XneferX
Seat 1: Mindtilter (button) folded on the River
Seat 3: kenk101 (small blind) folded before Flop
Seat 5: Tibibacsi (big blind) collected ($10.18)
Seat 6: Kristo 914 folded before Flop (didn't bet)



PokerStars Hand #254459253729:  Hold'em No Limit ($0.50/$1.00 USD) - 2025/01/19 0:11:46 WET [2025/01/19 19:11:46 ET]
Table 'Huberta III' 6-max Seat #5 is the button
Seat 1: Mindtilter ($100 in chips) 
Seat 5: Tibibacsi ($143.68 in chips) 
Seat 6: Kristo 914 ($100 in chips) 
Kristo 914: posts small blind $0.50
Mindtilter: posts big blind $1
*** HOLE CARDS ***
Tibibacsi: raises $1.50 to $2.50
Kristo 914: raises $8.50 to $11
Mindtilter: folds 
Tibibacsi: calls $8.50
*** FLOP *** [2c 7d 8d]
Kristo 914: checks 
Tibibacsi: bets $7.26
Kristo 914: folds 
Uncalled bet ($7.26) returned to Tibibacsi
Tibibacsi collected $22 from pot
Tibibacsi: doesn't show hand 
*** SUMMARY ***
Total pot $23 | Rake $1 
Board [2c 7d 8d]
Seat 1: Mindtilter (big blind) folded before Flop
Seat 5: Tibibacsi (button) collected ($22)
Seat 6: Kristo 914 (small blind) folded on the Flop



PokerStars Hand #254459269025:  Hold'em No Limit ($0.50/$1.00 USD) - 2025/01/19 0:12:52 WET [2025/01/19 19:12:52 ET]
Table 'Huberta III' 6-max Seat #1 is the button
Seat 5: Tibibacsi ($154.68 in chips) is sitting out
Seat 1: Mindtilter ($100 in chips) 
Seat 6: Kristo 914 ($100 in chips) 
Mindtilter: posts small blind $0.50
Tibibacsi: is sitting out 
Kristo 914: posts big blind $1
*** HOLE CARDS ***
Tibibacsi leaves the table
Mindtilter: raises $1.20 to $2.20
Kristo 914: folds 
Uncalled bet ($1.20) returned to Mindtilter
Mindtilter collected $2 from pot
Mindtilter: doesn't show hand 
Kristo 914 leaves the table
*** SUMMARY ***
Total pot $2 | Rake $0 
Seat 5: Tibibacsi
Seat 1: Mindtilter (button) (small blind) collected ($2)
Seat 6: Kristo 914 (big blind) folded before Flop



