PokerStars Hand #254460038785:  Hold'em No Limit ($0.50/$1.00 USD) - 2025/01/19 1:16:49 WET [2025/01/19 20:16:49 ET]
Table 'Vinata III' 6-max Seat #6 is the button
Seat 4: rrrro ($103.48 in chips) is sitting out
Seat 1: ptolejmus ($12 in chips) 
Seat 2: Dumebag ($25.42 in chips) 
Seat 3: probes75 ($103.52 in chips) 
Seat 5: Timonessb ($101.59 in chips) 
Seat 6: Kristo 914 ($100 in chips) 
ptolejmus: posts small blind $0.50
Dumebag: posts big blind $1
*** HOLE CARDS ***
probes75: folds 
Timonessb: folds 
Kristo 914: folds 
ptolejmus: folds 
Uncalled bet ($0.50) returned to Dumebag
Dumebag collected $1 from pot
*** SUMMARY ***
Total pot $1 | Rake $0 
Seat 4: rrrro
Seat 1: ptolejmus (small blind) folded before Flop
Seat 2: Dumebag (big blind) collected ($1)
Seat 3: probes75 folded before Flop (didn't bet)
Seat 5: Timonessb folded before Flop (didn't bet)
Seat 6: Kristo 914 (button) folded before Flop (didn't bet)



PokerStars Hand #254460042767:  Hold'em No Limit ($0.50/$1.00 USD) - 2025/01/19 1:17:11 WET [2025/01/19 20:17:11 ET]
Table 'Vinata III' 6-max Seat #1 is the button
Seat 4: rrrro ($103.48 in chips) is sitting out
Seat 1: ptolejmus ($11.50 in chips) 
Seat 2: Dumebag ($25.92 in chips) 
Seat 3: probes75 ($103.52 in chips) 
Seat 5: Timonessb ($101.59 in chips) 
Seat 6: Kristo 914 ($100 in chips) 
Dumebag: posts small blind $0.50
probes75: posts big blind $1
*** HOLE CARDS ***
Timonessb: folds 
Kristo 914: raises $1.40 to $2.40
ptolejmus: folds 
Dumebag: calls $1.90
probes75: folds 
*** FLOP *** [Jh 5d 5h]
Dumebag: bets $4
Kristo 914: calls $4
*** TURN *** [Jh 5d 5h] [Ks]
Dumebag: bets $1
Kristo 914: calls $1
*** RIVER *** [Jh 5d 5h Ks] [As]
Dumebag: checks 
Kristo 914: checks 
*** SHOW DOWN ***
Dumebag: shows [Td Kh] (two pair, Kings and Fives)
Kristo 914: mucks hand 
Dumebag collected $15.01 from pot
*** SUMMARY ***
Total pot $15.80 | Rake $0.79 
Board [Jh 5d 5h Ks As]
Seat 4: rrrro
Seat 1: ptolejmus (button) folded before Flop (didn't bet)
Seat 2: Dumebag (small blind) showed [Td Kh] and won ($15.01) with two pair, Kings and Fives
Seat 3: probes75 (big blind) folded before Flop
Seat 5: Timonessb folded before Flop (didn't bet)
Seat 6: Kristo 914 mucked



PokerStars Hand #254460057422:  Hold'em No Limit ($0.50/$1.00 USD) - 2025/01/19 1:18:33 WET [2025/01/19 20:18:33 ET]
Table 'Vinata III' 6-max Seat #2 is the button
Seat 4: rrrro ($103.48 in chips) is sitting out
Seat 1: ptolejmus ($11.50 in chips) 
Seat 2: Dumebag ($33.53 in chips) 
Seat 3: probes75 ($102.52 in chips) 
Seat 5: Timonessb ($101.59 in chips) 
Seat 6: Kristo 914 ($100 in chips) 
probes75: posts small blind $0.50
Timonessb: posts big blind $1
*** HOLE CARDS ***
ptolejmus is disconnected 
Kristo 914: folds 
ptolejmus has timed out while disconnected
ptolejmus: folds 
Dumebag: folds 
Dumebag leaves the table
probes75: folds 
Uncalled bet ($0.50) returned to Timonessb
Timonessb collected $1 from pot
Timonessb: doesn't show hand 
*** SUMMARY ***
Total pot $1 | Rake $0 
Seat 4: rrrro
Seat 1: ptolejmus folded before Flop (didn't bet)
Seat 2: Dumebag (button) folded before Flop (didn't bet)
Seat 3: probes75 (small blind) folded before Flop
Seat 5: Timonessb (big blind) collected ($1)
Seat 6: Kristo 914 folded before Flop (didn't bet)



PokerStars Hand #254460064632:  Hold'em No Limit ($0.50/$1.00 USD) - 2025/01/19 1:19:16 WET [2025/01/19 20:19:16 ET]
Table 'Vinata III' 6-max Seat #3 is the button
Seat 4: rrrro ($103.48 in chips) is sitting out
Seat 1: ptolejmus ($11.50 in chips) 
Seat 3: probes75 ($102.02 in chips) 
Seat 5: Timonessb ($102.09 in chips) 
Seat 6: Kristo 914 ($100 in chips) 
Timonessb: posts small blind $0.50
Kristo 914: posts big blind $1
*** HOLE CARDS ***
ptolejmus: folds 
probes75: folds 
Timonessb: folds 
Uncalled bet ($0.50) returned to Kristo 914
Kristo 914 collected $1 from pot
Kristo 914: doesn't show hand 
*** SUMMARY ***
Total pot $1 | Rake $0 
Seat 4: rrrro
Seat 1: ptolejmus folded before Flop (didn't bet)
Seat 3: probes75 (button) folded before Flop (didn't bet)
Seat 5: Timonessb (small blind) folded before Flop
Seat 6: Kristo 914 (big blind) collected ($1)



PokerStars Hand #254460066846:  Hold'em No Limit ($0.50/$1.00 USD) - 2025/01/19 1:19:27 WET [2025/01/19 20:19:27 ET]
Table 'Vinata III' 6-max Seat #5 is the button
Seat 4: rrrro ($103.48 in chips) is sitting out
Seat 1: ptolejmus ($11.50 in chips) 
Seat 3: probes75 ($102.02 in chips) 
Seat 5: Timonessb ($101.59 in chips) 
Seat 6: Kristo 914 ($100.50 in chips) 
Kristo 914: posts small blind $0.50
ptolejmus: posts big blind $1
*** HOLE CARDS ***
probes75: folds 
Timonessb: raises $1.50 to $2.50
Kristo 914: folds 
ptolejmus: raises $9 to $11.50 and is all-in
Timonessb: folds 
Uncalled bet ($9) returned to ptolejmus
ptolejmus collected $5.50 from pot
*** SUMMARY ***
Total pot $5.50 | Rake $0 
Seat 4: rrrro
Seat 1: ptolejmus (big blind) collected ($5.50)
Seat 3: probes75 folded before Flop (didn't bet)
Seat 5: Timonessb (button) folded before Flop
Seat 6: Kristo 914 (small blind) folded before Flop



PokerStars Hand #254460070853:  Hold'em No Limit ($0.50/$1.00 USD) - 2025/01/19 1:19:50 WET [2025/01/19 20:19:50 ET]
Table 'Vinata III' 6-max Seat #6 is the button
Seat 4: rrrro ($103.48 in chips) is sitting out
Seat 1: ptolejmus ($14.50 in chips) 
Seat 3: probes75 ($102.02 in chips) 
Seat 5: Timonessb ($100 in chips) 
Seat 6: Kristo 914 ($100 in chips) 
ptolejmus: posts small blind $0.50
probes75: posts big blind $1
*** HOLE CARDS ***
Timonessb: folds 
Kristo 914: folds 
ptolejmus: raises $1.50 to $2.50
probes75: folds 
Uncalled bet ($1.50) returned to ptolejmus
ptolejmus collected $2 from pot
*** SUMMARY ***
Total pot $2 | Rake $0 
Seat 4: rrrro
Seat 1: ptolejmus (small blind) collected ($2)
Seat 3: probes75 (big blind) folded before Flop
Seat 5: Timonessb folded before Flop (didn't bet)
Seat 6: Kristo 914 (button) folded before Flop (didn't bet)



PokerStars Hand #254460073978:  Hold'em No Limit ($0.50/$1.00 USD) - 2025/01/19 1:20:08 WET [2025/01/19 20:20:08 ET]
Table 'Vinata III' 6-max Seat #1 is the button
Seat 4: rrrro ($103.48 in chips) is sitting out
Seat 1: ptolejmus ($15.50 in chips) 
Seat 3: probes75 ($101.02 in chips) 
Seat 5: Timonessb ($100 in chips) 
Seat 6: Kristo 914 ($100 in chips) 
probes75: posts small blind $0.50
Timonessb: posts big blind $1
*** HOLE CARDS ***
Kristo 914: folds 
ptolejmus: folds 
probes75: raises $1 to $2
Timonessb: calls $1
*** FLOP *** [7d 2s Kh]
probes75: bets $1.90
Timonessb: calls $1.90
*** TURN *** [7d 2s Kh] [4c]
probes75: checks 
Timonessb: bets $5.50
probes75: calls $5.50
*** RIVER *** [7d 2s Kh 4c] [Tc]
probes75: checks 
Timonessb: bets $9.11
probes75: calls $9.11
*** SHOW DOWN ***
Timonessb: shows [9s Kc] (a pair of Kings)
probes75: mucks hand 
Timonessb collected $36.02 from pot
*** SUMMARY ***
Total pot $37.02 | Rake $1 
Board [7d 2s Kh 4c Tc]
Seat 4: rrrro
Seat 1: ptolejmus (button) folded before Flop (didn't bet)
Seat 3: probes75 (small blind) mucked
Seat 5: Timonessb (big blind) showed [9s Kc] and won ($36.02) with a pair of Kings
Seat 6: Kristo 914 folded before Flop (didn't bet)



PokerStars Hand #254460084075:  Hold'em No Limit ($0.50/$1.00 USD) - 2025/01/19 1:21:04 WET [2025/01/19 20:21:04 ET]
Table 'Vinata III' 6-max Seat #3 is the button
Seat 4: rrrro ($103.48 in chips) is sitting out
Seat 1: ptolejmus ($15.50 in chips) 
Seat 3: probes75 ($82.51 in chips) 
Seat 5: Timonessb ($117.51 in chips) 
Seat 6: Kristo 914 ($100 in chips) 
Timonessb: posts small blind $0.50
Kristo 914: posts big blind $1
*** HOLE CARDS ***
ptolejmus: folds 
probes75: raises $1 to $2
Timonessb: folds 
Kristo 914: folds 
Uncalled bet ($1) returned to probes75
probes75 collected $2.50 from pot
probes75: doesn't show hand 
*** SUMMARY ***
Total pot $2.50 | Rake $0 
Seat 4: rrrro
Seat 1: ptolejmus folded before Flop (didn't bet)
Seat 3: probes75 (button) collected ($2.50)
Seat 5: Timonessb (small blind) folded before Flop
Seat 6: Kristo 914 (big blind) folded before Flop



PokerStars Hand #254460085866:  Hold'em No Limit ($0.50/$1.00 USD) - 2025/01/19 1:21:15 WET [2025/01/19 20:21:15 ET]
Table 'Vinata III' 6-max Seat #5 is the button
Seat 4: rrrro ($103.48 in chips) is sitting out
Seat 1: ptolejmus ($15.50 in chips) 
Seat 3: probes75 ($84.01 in chips) 
Seat 5: Timonessb ($117.01 in chips) 
Seat 6: Kristo 914 ($100 in chips) 
Kristo 914: posts small blind $0.50
ptolejmus: posts big blind $1
rrrro: sits out 
*** HOLE CARDS ***
probes75: raises $1 to $2
Timonessb: folds 
Kristo 914: folds 
ptolejmus: folds 
Uncalled bet ($1) returned to probes75
probes75 collected $2.50 from pot
probes75: doesn't show hand 
*** SUMMARY ***
Total pot $2.50 | Rake $0 
Seat 4: rrrro
Seat 1: ptolejmus (big blind) folded before Flop
Seat 3: probes75 collected ($2.50)
Seat 5: Timonessb (button) folded before Flop (didn't bet)
Seat 6: Kristo 914 (small blind) folded before Flop



PokerStars Hand #254460087841:  Hold'em No Limit ($0.50/$1.00 USD) - 2025/01/19 1:21:25 WET [2025/01/19 20:21:25 ET]
Table 'Vinata III' 6-max Seat #6 is the button
Seat 4: rrrro ($103.48 in chips) is sitting out
Seat 1: ptolejmus ($14.50 in chips) 
Seat 3: probes75 ($85.51 in chips) 
Seat 5: Timonessb ($117.01 in chips) 
Seat 6: Kristo 914 ($100 in chips) 
ptolejmus: posts small blind $0.50
probes75: posts big blind $1
rrrro: sits out 
*** HOLE CARDS ***
Timonessb: raises $1.30 to $2.30
Kristo 914: folds 
ptolejmus: folds 
probes75: calls $1.30
*** FLOP *** [Kd 7c 2c]
probes75: checks 
Timonessb: checks 
*** TURN *** [Kd 7c 2c] [Jd]
probes75: checks 
Timonessb: bets $3.24
probes75: calls $3.24
*** RIVER *** [Kd 7c 2c Jd] [3c]
probes75: bets $5.50
Timonessb: calls $5.50
*** SHOW DOWN ***
probes75: shows [3s 2h] (two pair, Threes and Deuces)
Timonessb: mucks hand 
probes75 collected $21.58 from pot
*** SUMMARY ***
Total pot $22.58 | Rake $1 
Board [Kd 7c 2c Jd 3c]
Seat 4: rrrro
Seat 1: ptolejmus (small blind) folded before Flop
Seat 3: probes75 (big blind) showed [3s 2h] and won ($21.58) with two pair, Threes and Deuces
Seat 5: Timonessb mucked
Seat 6: Kristo 914 (button) folded before Flop (didn't bet)



PokerStars Hand #254460092771:  Hold'em No Limit ($0.50/$1.00 USD) - 2025/01/19 1:21:53 WET [2025/01/19 20:21:53 ET]
Table 'Vinata III' 6-max Seat #1 is the button
Seat 1: ptolejmus ($14 in chips) 
Seat 3: probes75 ($96.05 in chips) 
Seat 4: rrrro ($103.48 in chips) 
Seat 5: Timonessb ($105.97 in chips) 
Seat 6: Kristo 914 ($100 in chips) 
probes75: posts small blind $0.50
rrrro: posts big blind $1
*** HOLE CARDS ***
Timonessb: folds 
Kristo 914: folds 
ptolejmus: folds 
probes75: raises $1 to $2
rrrro: calls $1
*** FLOP *** [2d Td 7c]
probes75: checks 
rrrro: checks 
*** TURN *** [2d Td 7c] [Jh]
probes75: checks 
rrrro: checks 
*** RIVER *** [2d Td 7c Jh] [3h]
probes75: checks 
rrrro: bets $2.85
probes75: calls $2.85
*** SHOW DOWN ***
rrrro: shows [Ts 9c] (a pair of Tens)
probes75: mucks hand 
rrrro collected $9.22 from pot
*** SUMMARY ***
Total pot $9.70 | Rake $0.48 
Board [2d Td 7c Jh 3h]
Seat 1: ptolejmus (button) folded before Flop (didn't bet)
Seat 3: probes75 (small blind) mucked
Seat 4: rrrro (big blind) showed [Ts 9c] and won ($9.22) with a pair of Tens
Seat 5: Timonessb folded before Flop (didn't bet)
Seat 6: Kristo 914 folded before Flop (didn't bet)



PokerStars Hand #254460103528:  Hold'em No Limit ($0.50/$1.00 USD) - 2025/01/19 1:22:54 WET [2025/01/19 20:22:54 ET]
Table 'Vinata III' 6-max Seat #3 is the button
Seat 1: ptolejmus ($14 in chips) 
Seat 3: probes75 ($91.20 in chips) 
Seat 4: rrrro ($107.85 in chips) 
Seat 5: Timonessb ($105.97 in chips) 
Seat 6: Kristo 914 ($100 in chips) 
rrrro: posts small blind $0.50
Timonessb: posts big blind $1
*** HOLE CARDS ***
Kristo 914: raises $1.40 to $2.40
ptolejmus: folds 
probes75: folds 
rrrro: folds 
Timonessb: calls $1.40
*** FLOP *** [3s 6c 9s]
Timonessb: checks 
Kristo 914: checks 
*** TURN *** [3s 6c 9s] [Js]
Timonessb: bets $3.38
Kristo 914: raises $4.84 to $8.22
Timonessb: folds 
Uncalled bet ($4.84) returned to Kristo 914
Kristo 914 collected $11.46 from pot
Kristo 914: doesn't show hand 
*** SUMMARY ***
Total pot $12.06 | Rake $0.60 
Board [3s 6c 9s Js]
Seat 1: ptolejmus folded before Flop (didn't bet)
Seat 3: probes75 (button) folded before Flop (didn't bet)
Seat 4: rrrro (small blind) folded before Flop
Seat 5: Timonessb (big blind) folded on the Turn
Seat 6: Kristo 914 collected ($11.46)



PokerStars Hand #254460109308:  Hold'em No Limit ($0.50/$1.00 USD) - 2025/01/19 1:23:28 WET [2025/01/19 20:23:28 ET]
Table 'Vinata III' 6-max Seat #4 is the button
Seat 1: ptolejmus ($14 in chips) 
Seat 3: probes75 ($91.20 in chips) 
Seat 4: rrrro ($107.35 in chips) 
Seat 5: Timonessb ($100.19 in chips) 
Seat 6: Kristo 914 ($105.68 in chips) 
Timonessb: posts small blind $0.50
Kristo 914: posts big blind $1
*** HOLE CARDS ***
ptolejmus: folds 
probes75: folds 
rrrro: raises $1.50 to $2.50
Timonessb: folds 
Kristo 914: folds 
Uncalled bet ($1.50) returned to rrrro
rrrro collected $2.50 from pot
rrrro: doesn't show hand 
*** SUMMARY ***
Total pot $2.50 | Rake $0 
Seat 1: ptolejmus folded before Flop (didn't bet)
Seat 3: probes75 folded before Flop (didn't bet)
Seat 4: rrrro (button) collected ($2.50)
Seat 5: Timonessb (small blind) folded before Flop
Seat 6: Kristo 914 (big blind) folded before Flop



PokerStars Hand #254460112854:  Hold'em No Limit ($0.50/$1.00 USD) - 2025/01/19 1:23:47 WET [2025/01/19 20:23:47 ET]
Table 'Vinata III' 6-max Seat #5 is the button
Seat 1: ptolejmus ($14 in chips) 
Seat 3: probes75 ($91.20 in chips) 
Seat 4: rrrro ($108.85 in chips) 
Seat 5: Timonessb ($100 in chips) 
Seat 6: Kristo 914 ($104.68 in chips) 
Kristo 914: posts small blind $0.50
ptolejmus: posts big blind $1
*** HOLE CARDS ***
probes75: folds 
rrrro: folds 
Timonessb: raises $1.50 to $2.50
Kristo 914: folds 
ptolejmus: raises $11.50 to $14 and is all-in
Timonessb: calls $11.50
*** FIRST FLOP *** [Ad 2h 5d]
*** FIRST TURN *** [Ad 2h 5d] [9c]
*** FIRST RIVER *** [Ad 2h 5d 9c] [Qc]
*** SECOND FLOP *** [Kh Qd 3h]
*** SECOND TURN *** [Kh Qd 3h] [5c]
*** SECOND RIVER *** [Kh Qd 3h 5c] [5s]
*** FIRST SHOW DOWN ***
ptolejmus: shows [Tc Ts] (a pair of Tens)
Timonessb: shows [Kd Jc] (high card Ace)
ptolejmus collected $13.54 from pot
*** SECOND SHOW DOWN ***
ptolejmus: shows [Tc Ts] (two pair, Tens and Fives)
Timonessb: shows [Kd Jc] (two pair, Kings and Fives)
Timonessb collected $13.54 from pot
PayToWin1001 joins the table at seat #2 
PayToWin1001 is disconnected 
*** SUMMARY ***
Total pot $28.50 | Rake $1.42 
Hand was run twice
FIRST Board [Ad 2h 5d 9c Qc]
SECOND Board [Kh Qd 3h 5c 5s]
Seat 1: ptolejmus (big blind) showed [Tc Ts] and won ($13.54) with a pair of Tens, and lost with two pair, Tens and Fives
Seat 3: probes75 folded before Flop (didn't bet)
Seat 4: rrrro folded before Flop (didn't bet)
Seat 5: Timonessb (button) showed [Kd Jc] and lost with high card Ace, and won ($13.54) with two pair, Kings and Fives
Seat 6: Kristo 914 (small blind) folded before Flop



PokerStars Hand #254460118777:  Hold'em No Limit ($0.50/$1.00 USD) - 2025/01/19 1:24:28 WET [2025/01/19 20:24:28 ET]
Table 'Vinata III' 6-max Seat #6 is the button
Seat 1: ptolejmus ($13.54 in chips) 
Seat 2: PayToWin1001 ($26.50 in chips) 
Seat 3: probes75 ($91.20 in chips) 
Seat 4: rrrro ($108.85 in chips) 
Seat 5: Timonessb ($100 in chips) 
Seat 6: Kristo 914 ($104.18 in chips) 
ptolejmus: posts small blind $0.50
PayToWin1001: posts big blind $1
*** HOLE CARDS ***
probes75: folds 
rrrro: folds 
Timonessb: folds 
Kristo 914: raises $1.40 to $2.40
ptolejmus: raises $11.14 to $13.54 and is all-in
PayToWin1001: raises $11.14 to $24.68
Kristo 914: folds 
Uncalled bet ($11.14) returned to PayToWin1001
*** FLOP *** [Th Kh 7c]
*** TURN *** [Th Kh 7c] [Td]
*** RIVER *** [Th Kh 7c Td] [Kc]
*** SHOW DOWN ***
ptolejmus: shows [Ad 6d] (two pair, Kings and Tens)
PayToWin1001: shows [Kd As] (a full house, Kings full of Tens)
PayToWin1001 collected $28.01 from pot
*** SUMMARY ***
Total pot $29.48 | Rake $1.47 
Board [Th Kh 7c Td Kc]
Seat 1: ptolejmus (small blind) showed [Ad 6d] and lost with two pair, Kings and Tens
Seat 2: PayToWin1001 (big blind) showed [Kd As] and won ($28.01) with a full house, Kings full of Tens
Seat 3: probes75 folded before Flop (didn't bet)
Seat 4: rrrro folded before Flop (didn't bet)
Seat 5: Timonessb folded before Flop (didn't bet)
Seat 6: Kristo 914 (button) folded before Flop



PokerStars Hand #254460128328:  Hold'em No Limit ($0.50/$1.00 USD) - 2025/01/19 1:25:21 WET [2025/01/19 20:25:21 ET]
Table 'Vinata III' 6-max Seat #1 is the button
Seat 1: ptolejmus ($10 in chips) 
Seat 2: PayToWin1001 ($40.97 in chips) 
Seat 3: probes75 ($91.20 in chips) 
Seat 4: rrrro ($108.85 in chips) 
Seat 5: Timonessb ($100 in chips) 
Seat 6: Kristo 914 ($101.78 in chips) 
PayToWin1001: posts small blind $0.50
probes75: posts big blind $1
*** HOLE CARDS ***
rrrro: folds 
Timonessb: folds 
Kristo 914: folds 
ptolejmus: folds 
PayToWin1001: raises $3 to $4
probes75: calls $3
*** FLOP *** [Kc Ah 2s]
PayToWin1001: bets $3.80
probes75: calls $3.80
*** TURN *** [Kc Ah 2s] [Ks]
PayToWin1001: bets $3
probes75: calls $3
*** RIVER *** [Kc Ah 2s Ks] [Ad]
PayToWin1001: bets $10.26
probes75: folds 
Uncalled bet ($10.26) returned to PayToWin1001
PayToWin1001 collected $20.52 from pot
*** SUMMARY ***
Total pot $21.60 | Rake $1.08 
Board [Kc Ah 2s Ks Ad]
Seat 1: ptolejmus (button) folded before Flop (didn't bet)
Seat 2: PayToWin1001 (small blind) collected ($20.52)
Seat 3: probes75 (big blind) folded on the River
Seat 4: rrrro folded before Flop (didn't bet)
Seat 5: Timonessb folded before Flop (didn't bet)
Seat 6: Kristo 914 folded before Flop (didn't bet)



PokerStars Hand #254460138289:  Hold'em No Limit ($0.50/$1.00 USD) - 2025/01/19 1:26:16 WET [2025/01/19 20:26:16 ET]
Table 'Vinata III' 6-max Seat #2 is the button
Seat 4: rrrro ($108.85 in chips) is sitting out
Seat 1: ptolejmus ($10 in chips) 
Seat 2: PayToWin1001 ($50.69 in chips) 
Seat 3: probes75 ($80.40 in chips) 
Seat 5: Timonessb ($100 in chips) 
Seat 6: Kristo 914 ($101.78 in chips) 
probes75: posts small blind $0.50
rrrro: is sitting out 
Timonessb: posts big blind $1
*** HOLE CARDS ***
Kristo 914: folds 
ptolejmus: folds 
PayToWin1001: folds 
probes75: folds 
Uncalled bet ($0.50) returned to Timonessb
Timonessb collected $1 from pot
Timonessb: doesn't show hand 
*** SUMMARY ***
Total pot $1 | Rake $0 
Seat 4: rrrro
Seat 1: ptolejmus folded before Flop (didn't bet)
Seat 2: PayToWin1001 (button) folded before Flop (didn't bet)
Seat 3: probes75 (small blind) folded before Flop
Seat 5: Timonessb (big blind) collected ($1)
Seat 6: Kristo 914 folded before Flop (didn't bet)



PokerStars Hand #254460139682:  Hold'em No Limit ($0.50/$1.00 USD) - 2025/01/19 1:26:24 WET [2025/01/19 20:26:24 ET]
Table 'Vinata III' 6-max Seat #3 is the button
Seat 4: rrrro ($108.85 in chips) is sitting out
Seat 1: ptolejmus ($10 in chips) 
Seat 2: PayToWin1001 ($50.69 in chips) 
Seat 3: probes75 ($79.90 in chips) 
Seat 5: Timonessb ($100.50 in chips) 
Seat 6: Kristo 914 ($101.78 in chips) 
Timonessb: posts small blind $0.50
Kristo 914: posts big blind $1
*** HOLE CARDS ***
ptolejmus: folds 
PayToWin1001: folds 
probes75: raises $1 to $2
Timonessb: folds 
Kristo 914: calls $1
*** FLOP *** [Ts Kc Ac]
Kristo 914: checks 
probes75: bets $2.14
Kristo 914: folds 
Uncalled bet ($2.14) returned to probes75
probes75 collected $4.28 from pot
probes75: doesn't show hand 
*** SUMMARY ***
Total pot $4.50 | Rake $0.22 
Board [Ts Kc Ac]
Seat 4: rrrro
Seat 1: ptolejmus folded before Flop (didn't bet)
Seat 2: PayToWin1001 folded before Flop (didn't bet)
Seat 3: probes75 (button) collected ($4.28)
Seat 5: Timonessb (small blind) folded before Flop
Seat 6: Kristo 914 (big blind) folded on the Flop



PokerStars Hand #254460144082:  Hold'em No Limit ($0.50/$1.00 USD) - 2025/01/19 1:26:48 WET [2025/01/19 20:26:48 ET]
Table 'Vinata III' 6-max Seat #5 is the button
Seat 4: rrrro ($108.85 in chips) is sitting out
Seat 1: ptolejmus ($10 in chips) 
Seat 2: PayToWin1001 ($50.69 in chips) 
Seat 3: probes75 ($82.18 in chips) 
Seat 5: Timonessb ($100 in chips) 
Seat 6: Kristo 914 ($100 in chips) 
Kristo 914: posts small blind $0.50
ptolejmus: posts big blind $1
*** HOLE CARDS ***
PayToWin1001: folds 
probes75: folds 
Timonessb: raises $1.50 to $2.50
Kristo 914: folds 
ptolejmus: raises $7.50 to $10 and is all-in
Timonessb: folds 
Uncalled bet ($7.50) returned to ptolejmus
ptolejmus collected $5.50 from pot
*** SUMMARY ***
Total pot $5.50 | Rake $0 
Seat 4: rrrro
Seat 1: ptolejmus (big blind) collected ($5.50)
Seat 2: PayToWin1001 folded before Flop (didn't bet)
Seat 3: probes75 folded before Flop (didn't bet)
Seat 5: Timonessb (button) folded before Flop
Seat 6: Kristo 914 (small blind) folded before Flop



PokerStars Hand #254460148690:  Hold'em No Limit ($0.50/$1.00 USD) - 2025/01/19 1:27:14 WET [2025/01/19 20:27:14 ET]
Table 'Vinata III' 6-max Seat #6 is the button
Seat 4: rrrro ($108.85 in chips) is sitting out
Seat 1: ptolejmus ($13 in chips) 
Seat 2: PayToWin1001 ($50.69 in chips) 
Seat 3: probes75 ($82.18 in chips) 
Seat 5: Timonessb ($100 in chips) 
Seat 6: Kristo 914 ($100 in chips) 
ptolejmus: posts small blind $0.50
PayToWin1001: posts big blind $1
*** HOLE CARDS ***
probes75: folds 
Timonessb: folds 
Kristo 914: folds 
ptolejmus: raises $1 to $2
PayToWin1001: calls $1
*** FLOP *** [8s 8d Jd]
ptolejmus: bets $1.94
PayToWin1001: calls $1.94
*** TURN *** [8s 8d Jd] [9c]
ptolejmus: bets $9.06 and is all-in
PayToWin1001: folds 
Uncalled bet ($9.06) returned to ptolejmus
ptolejmus collected $7.49 from pot
*** SUMMARY ***
Total pot $7.88 | Rake $0.39 
Board [8s 8d Jd 9c]
Seat 4: rrrro
Seat 1: ptolejmus (small blind) collected ($7.49)
Seat 2: PayToWin1001 (big blind) folded on the Turn
Seat 3: probes75 folded before Flop (didn't bet)
Seat 5: Timonessb folded before Flop (didn't bet)
Seat 6: Kristo 914 (button) folded before Flop (didn't bet)



PokerStars Hand #254460157748:  Hold'em No Limit ($0.50/$1.00 USD) - 2025/01/19 1:28:04 WET [2025/01/19 20:28:04 ET]
Table 'Vinata III' 6-max Seat #1 is the button
Seat 4: rrrro ($108.85 in chips) is sitting out
Seat 1: ptolejmus ($16.55 in chips) 
Seat 2: PayToWin1001 ($46.75 in chips) 
Seat 3: probes75 ($82.18 in chips) 
Seat 5: Timonessb ($100 in chips) 
Seat 6: Kristo 914 ($100 in chips) 
PayToWin1001: posts small blind $0.50
probes75: posts big blind $1
*** HOLE CARDS ***
Timonessb: raises $1.30 to $2.30
Kristo 914: folds 
ptolejmus: raises $14.25 to $16.55 and is all-in
PayToWin1001: raises $30.20 to $46.75 and is all-in
probes75: folds 
Timonessb: folds 
Uncalled bet ($30.20) returned to PayToWin1001
*** FLOP *** [Kh Qd 4s]
*** TURN *** [Kh Qd 4s] [Jh]
*** RIVER *** [Kh Qd 4s Jh] [Js]
*** SHOW DOWN ***
PayToWin1001: shows [Ah Ks] (two pair, Kings and Jacks)
ptolejmus: shows [Kc As] (two pair, Kings and Jacks)
PayToWin1001 collected $17.29 from pot
ptolejmus collected $17.29 from pot
*** SUMMARY ***
Total pot $36.40 | Rake $1.82 
Board [Kh Qd 4s Jh Js]
Seat 4: rrrro
Seat 1: ptolejmus (button) showed [Kc As] and won ($17.29) with two pair, Kings and Jacks
Seat 2: PayToWin1001 (small blind) showed [Ah Ks] and won ($17.29) with two pair, Kings and Jacks
Seat 3: probes75 (big blind) folded before Flop
Seat 5: Timonessb folded before Flop
Seat 6: Kristo 914 folded before Flop (didn't bet)



PokerStars Hand #254460163833:  Hold'em No Limit ($0.50/$1.00 USD) - 2025/01/19 1:28:38 WET [2025/01/19 20:28:38 ET]
Table 'Vinata III' 6-max Seat #2 is the button
Seat 4: rrrro ($108.85 in chips) is sitting out
Seat 1: ptolejmus ($17.29 in chips) 
Seat 2: PayToWin1001 ($47.49 in chips) 
Seat 3: probes75 ($81.18 in chips) 
Seat 5: Timonessb ($100 in chips) 
Seat 6: Kristo 914 ($100 in chips) 
probes75: posts small blind $0.50
Timonessb: posts big blind $1
*** HOLE CARDS ***
Kristo 914: raises $1.40 to $2.40
ptolejmus: folds 
PayToWin1001: raises $3.60 to $6
probes75: folds 
Timonessb: folds 
Kristo 914: folds 
Uncalled bet ($3.60) returned to PayToWin1001
PayToWin1001 collected $6.30 from pot
*** SUMMARY ***
Total pot $6.30 | Rake $0 
Seat 4: rrrro
Seat 1: ptolejmus folded before Flop (didn't bet)
Seat 2: PayToWin1001 (button) collected ($6.30)
Seat 3: probes75 (small blind) folded before Flop
Seat 5: Timonessb (big blind) folded before Flop
Seat 6: Kristo 914 folded before Flop



PokerStars Hand #254460170131:  Hold'em No Limit ($0.50/$1.00 USD) - 2025/01/19 1:29:13 WET [2025/01/19 20:29:13 ET]
Table 'Vinata III' 6-max Seat #3 is the button
Seat 4: rrrro ($108.85 in chips) is sitting out
Seat 1: ptolejmus ($17.29 in chips) 
Seat 2: PayToWin1001 ($51.39 in chips) 
Seat 3: probes75 ($80.68 in chips) 
Seat 5: Timonessb ($100 in chips) 
Seat 6: Kristo 914 ($100 in chips) 
Timonessb: posts small blind $0.50
Kristo 914: posts big blind $1
*** HOLE CARDS ***
ptolejmus: folds 
PayToWin1001: raises $2 to $3
probes75: folds 
Timonessb: folds 
Kristo 914: folds 
Uncalled bet ($2) returned to PayToWin1001
PayToWin1001 collected $2.50 from pot
*** SUMMARY ***
Total pot $2.50 | Rake $0 
Seat 4: rrrro
Seat 1: ptolejmus folded before Flop (didn't bet)
Seat 2: PayToWin1001 collected ($2.50)
Seat 3: probes75 (button) folded before Flop (didn't bet)
Seat 5: Timonessb (small blind) folded before Flop
Seat 6: Kristo 914 (big blind) folded before Flop



PokerStars Hand #254460173789:  Hold'em No Limit ($0.50/$1.00 USD) - 2025/01/19 1:29:33 WET [2025/01/19 20:29:33 ET]
Table 'Vinata III' 6-max Seat #5 is the button
Seat 1: ptolejmus ($17.29 in chips) is sitting out
Seat 4: rrrro ($108.85 in chips) is sitting out
Seat 2: PayToWin1001 ($52.89 in chips) 
Seat 3: probes75 ($80.68 in chips) 
Seat 5: Timonessb ($100 in chips) 
Seat 6: Kristo 914 ($100 in chips) 
Kristo 914: posts small blind $0.50
ptolejmus: is sitting out 
PayToWin1001: posts big blind $1
rrrro: sits out 
*** HOLE CARDS ***
probes75: raises $1 to $2
Timonessb: raises $5 to $7
Kristo 914: folds 
ptolejmus leaves the table
PayToWin1001: folds 
probes75: calls $5
*** FLOP *** [3h 7s 9c]
probes75: checks 
Timonessb: bets $9.86
probes75: calls $9.86
*** TURN *** [3h 7s 9c] [3d]
probes75: checks 
Timonessb: checks 
*** RIVER *** [3h 7s 9c 3d] [Qc]
probes75: bets $17.11
Timonessb: folds 
Uncalled bet ($17.11) returned to probes75
probes75 collected $34.22 from pot
probes75: doesn't show hand 
*** SUMMARY ***
Total pot $35.22 | Rake $1 
Board [3h 7s 9c 3d Qc]
Seat 1: ptolejmus
Seat 4: rrrro
Seat 2: PayToWin1001 (big blind) folded before Flop
Seat 3: probes75 collected ($34.22)
Seat 5: Timonessb (button) folded on the River
Seat 6: Kristo 914 (small blind) folded before Flop



PokerStars Hand #254460183140:  Hold'em No Limit ($0.50/$1.00 USD) - 2025/01/19 1:30:25 WET [2025/01/19 20:30:25 ET]
Table 'Vinata III' 6-max Seat #6 is the button
Seat 4: rrrro ($108.85 in chips) is sitting out
Seat 2: PayToWin1001 ($51.89 in chips) 
Seat 3: probes75 ($98.04 in chips) 
Seat 5: Timonessb ($100 in chips) 
Seat 6: Kristo 914 ($100 in chips) 
PayToWin1001: posts small blind $0.50
probes75: posts big blind $1
rrrro: sits out 
*** HOLE CARDS ***
Timonessb: folds 
Kristo 914: folds 
PayToWin1001: raises $50.89 to $51.89 and is all-in
probes75: folds 
Uncalled bet ($50.89) returned to PayToWin1001
PayToWin1001 collected $2 from pot
*** SUMMARY ***
Total pot $2 | Rake $0 
Seat 4: rrrro
Seat 2: PayToWin1001 (small blind) collected ($2)
Seat 3: probes75 (big blind) folded before Flop
Seat 5: Timonessb folded before Flop (didn't bet)
Seat 6: Kristo 914 (button) folded before Flop (didn't bet)



PokerStars Hand #254460186684:  Hold'em No Limit ($0.50/$1.00 USD) - 2025/01/19 1:30:44 WET [2025/01/19 20:30:44 ET]
Table 'Vinata III' 6-max Seat #2 is the button
Seat 2: PayToWin1001 ($52.89 in chips) 
Seat 3: probes75 ($97.04 in chips) 
Seat 4: rrrro ($108.85 in chips) 
Seat 5: Timonessb ($100 in chips) 
Seat 6: Kristo 914 ($100 in chips) 
probes75: posts small blind $0.50
rrrro: posts big blind $1
*** HOLE CARDS ***
Timonessb: folds 
Kristo 914: folds 
PayToWin1001: raises $2 to $3
probes75: calls $2.50
rrrro: folds 
*** FLOP *** [3h 9d 2d]
probes75: checks 
PayToWin1001: checks 
*** TURN *** [3h 9d 2d] [Qd]
probes75: checks 
PayToWin1001: checks 
*** RIVER *** [3h 9d 2d Qd] [6s]
probes75: bets $3.33
PayToWin1001: calls $3.33
*** SHOW DOWN ***
probes75: shows [Td Ts] (a pair of Tens)
PayToWin1001: mucks hand 
probes75 collected $12.98 from pot
*** SUMMARY ***
Total pot $13.66 | Rake $0.68 
Board [3h 9d 2d Qd 6s]
Seat 2: PayToWin1001 (button) mucked
Seat 3: probes75 (small blind) showed [Td Ts] and won ($12.98) with a pair of Tens
Seat 4: rrrro (big blind) folded before Flop
Seat 5: Timonessb folded before Flop (didn't bet)
Seat 6: Kristo 914 folded before Flop (didn't bet)



PokerStars Hand #254460192976:  Hold'em No Limit ($0.50/$1.00 USD) - 2025/01/19 1:31:18 WET [2025/01/19 20:31:18 ET]
Table 'Vinata III' 6-max Seat #3 is the button
Seat 2: PayToWin1001 ($46.56 in chips) 
Seat 3: probes75 ($103.69 in chips) 
Seat 4: rrrro ($107.85 in chips) 
Seat 5: Timonessb ($100 in chips) 
Seat 6: Kristo 914 ($100 in chips) 
rrrro: posts small blind $0.50
Timonessb: posts big blind $1
*** HOLE CARDS ***
Kristo 914: folds 
PayToWin1001: raises $3 to $4
probes75: calls $4
rrrro: folds 
Timonessb: folds 
*** FLOP *** [8c Td Jd]
PayToWin1001: checks 
probes75: bets $4.51
PayToWin1001: calls $4.51
*** TURN *** [8c Td Jd] [3h]
PayToWin1001: bets $8.80
probes75: calls $8.80
*** RIVER *** [8c Td Jd 3h] [Th]
PayToWin1001: bets $17.16
probes75: calls $17.16
*** SHOW DOWN ***
PayToWin1001: shows [9d Qd] (a straight, Eight to Queen)
probes75: mucks hand 
PayToWin1001 collected $67.94 from pot
*** SUMMARY ***
Total pot $70.44 | Rake $2.50 
Board [8c Td Jd 3h Th]
Seat 2: PayToWin1001 showed [9d Qd] and won ($67.94) with a straight, Eight to Queen
Seat 3: probes75 (button) mucked
Seat 4: rrrro (small blind) folded before Flop
Seat 5: Timonessb (big blind) folded before Flop
Seat 6: Kristo 914 folded before Flop (didn't bet)



PokerStars Hand #254460201890:  Hold'em No Limit ($0.50/$1.00 USD) - 2025/01/19 1:32:07 WET [2025/01/19 20:32:07 ET]
Table 'Vinata III' 6-max Seat #4 is the button
Seat 2: PayToWin1001 ($80.03 in chips) 
Seat 3: probes75 ($69.22 in chips) 
Seat 4: rrrro ($107.35 in chips) 
Seat 5: Timonessb ($100 in chips) 
Seat 6: Kristo 914 ($100 in chips) 
Timonessb: posts small blind $0.50
Kristo 914: posts big blind $1
*** HOLE CARDS ***
PayToWin1001: folds 
Rysiff joins the table at seat #1 
probes75: folds 
rrrro: raises $1.50 to $2.50
Timonessb: folds 
Kristo 914: folds 
Uncalled bet ($1.50) returned to rrrro
rrrro collected $2.50 from pot
rrrro: doesn't show hand 
*** SUMMARY ***
Total pot $2.50 | Rake $0 
Seat 2: PayToWin1001 folded before Flop (didn't bet)
Seat 3: probes75 folded before Flop (didn't bet)
Seat 4: rrrro (button) collected ($2.50)
Seat 5: Timonessb (small blind) folded before Flop
Seat 6: Kristo 914 (big blind) folded before Flop



PokerStars Hand #254460204622:  Hold'em No Limit ($0.50/$1.00 USD) - 2025/01/19 1:32:22 WET [2025/01/19 20:32:22 ET]
Table 'Vinata III' 6-max Seat #5 is the button
Seat 1: Rysiff ($100 in chips) 
Seat 2: PayToWin1001 ($80.03 in chips) 
Seat 3: probes75 ($69.22 in chips) 
Seat 4: rrrro ($108.85 in chips) 
Seat 5: Timonessb ($100 in chips) 
Seat 6: Kristo 914 ($100 in chips) 
Kristo 914: posts small blind $0.50
Rysiff: posts big blind $1
*** HOLE CARDS ***
PayToWin1001: calls $1
probes75: folds 
rrrro: folds 
Timonessb: raises $3.50 to $4.50
Kristo 914: folds 
Rysiff: folds 
PayToWin1001: calls $3.50
*** FLOP *** [Ks 2h 2s]
PayToWin1001: checks 
Timonessb: bets $6.69
PayToWin1001: calls $6.69
*** TURN *** [Ks 2h 2s] [Tc]
PayToWin1001: checks 
Timonessb: bets $15.70
PayToWin1001: calls $15.70
*** RIVER *** [Ks 2h 2s Tc] [9c]
PayToWin1001: bets $26.39
Timonessb: calls $26.39
*** SHOW DOWN ***
PayToWin1001: shows [4d 2d] (three of a kind, Deuces)
Timonessb: mucks hand 
PayToWin1001 collected $105.56 from pot
*** SUMMARY ***
Total pot $108.06 | Rake $2.50 
Board [Ks 2h 2s Tc 9c]
Seat 1: Rysiff (big blind) folded before Flop
Seat 2: PayToWin1001 showed [4d 2d] and won ($105.56) with three of a kind, Deuces
Seat 3: probes75 folded before Flop (didn't bet)
Seat 4: rrrro folded before Flop (didn't bet)
Seat 5: Timonessb (button) mucked
Seat 6: Kristo 914 (small blind) folded before Flop



PokerStars Hand #254460213569:  Hold'em No Limit ($0.50/$1.00 USD) - 2025/01/19 1:33:12 WET [2025/01/19 20:33:12 ET]
Table 'Vinata III' 6-max Seat #6 is the button
Seat 1: Rysiff ($100 in chips) 
Seat 2: PayToWin1001 ($132.31 in chips) 
Seat 3: probes75 ($69.22 in chips) 
Seat 4: rrrro ($108.85 in chips) 
Seat 5: Timonessb ($100 in chips) 
Seat 6: Kristo 914 ($100 in chips) 
Rysiff: posts small blind $0.50
PayToWin1001: posts big blind $1
*** HOLE CARDS ***
probes75: raises $1 to $2
rrrro: folds 
Timonessb: folds 
Kristo 914: raises $4.50 to $6.50
Rysiff: folds 
PayToWin1001: calls $5.50
probes75: calls $4.50
*** FLOP *** [Kc 8h 4h]
PayToWin1001: bets $8.50
probes75: folds 
Kristo 914: calls $8.50
*** TURN *** [Kc 8h 4h] [6h]
PayToWin1001: checks 
Kristo 914: bets $3.75
PayToWin1001: calls $3.75
*** RIVER *** [Kc 8h 4h 6h] [5h]
PayToWin1001: checks 
Kristo 914: bets $21.56
PayToWin1001: calls $21.56
*** SHOW DOWN ***
Kristo 914: shows [Qh Qc] (a flush, Queen high)
PayToWin1001: mucks hand 
Kristo 914 collected $85.12 from pot
*** SUMMARY ***
Total pot $87.62 | Rake $2.50 
Board [Kc 8h 4h 6h 5h]
Seat 1: Rysiff (small blind) folded before Flop
Seat 2: PayToWin1001 (big blind) mucked
Seat 3: probes75 folded on the Flop
Seat 4: rrrro folded before Flop (didn't bet)
Seat 5: Timonessb folded before Flop (didn't bet)
Seat 6: Kristo 914 (button) showed [Qh Qc] and won ($85.12) with a flush, Queen high



PokerStars Hand #254460227682:  Hold'em No Limit ($0.50/$1.00 USD) - 2025/01/19 1:34:31 WET [2025/01/19 20:34:31 ET]
Table 'Vinata III' 6-max Seat #1 is the button
Seat 1: Rysiff ($100 in chips) 
Seat 2: PayToWin1001 ($92 in chips) 
Seat 3: probes75 ($62.72 in chips) 
Seat 4: rrrro ($108.85 in chips) 
Seat 5: Timonessb ($100 in chips) 
Seat 6: Kristo 914 ($144.81 in chips) 
PayToWin1001: posts small blind $0.50
probes75: posts big blind $1
*** HOLE CARDS ***
rrrro: folds 
Timonessb: folds 
Kristo 914: raises $1.40 to $2.40
Rysiff: raises $4.60 to $7
PayToWin1001: calls $6.50
probes75: folds 
Kristo 914: calls $4.60
*** FLOP *** [5h 7h Jh]
PayToWin1001: bets $10.45
Kristo 914: folds 
Rysiff: calls $10.45
*** TURN *** [5h 7h Jh] [3d]
PayToWin1001: bets $19.38
Rysiff: calls $19.38
*** RIVER *** [5h 7h Jh 3d] [Kd]
PayToWin1001: checks 
Rysiff: bets $63.17 and is all-in
PayToWin1001: folds 
Uncalled bet ($63.17) returned to Rysiff
Rysiff collected $79.16 from pot
Rysiff: doesn't show hand 
*** SUMMARY ***
Total pot $81.66 | Rake $2.50 
Board [5h 7h Jh 3d Kd]
Seat 1: Rysiff (button) collected ($79.16)
Seat 2: PayToWin1001 (small blind) folded on the River
Seat 3: probes75 (big blind) folded before Flop
Seat 4: rrrro folded before Flop (didn't bet)
Seat 5: Timonessb folded before Flop (didn't bet)
Seat 6: Kristo 914 folded on the Flop



PokerStars Hand #254460240209:  Hold'em No Limit ($0.50/$1.00 USD) - 2025/01/19 1:35:42 WET [2025/01/19 20:35:42 ET]
Table 'Vinata III' 6-max Seat #2 is the button
Seat 1: Rysiff ($142.33 in chips) 
Seat 2: PayToWin1001 ($55.17 in chips) 
Seat 3: probes75 ($61.72 in chips) 
Seat 4: rrrro ($108.85 in chips) 
Seat 5: Timonessb ($100 in chips) 
Seat 6: Kristo 914 ($137.81 in chips) 
probes75: posts small blind $0.50
rrrro: posts big blind $1
*** HOLE CARDS ***
Timonessb: folds 
Kristo 914: folds 
Rysiff: folds 
PayToWin1001: folds 
PayToWin1001 leaves the table
probes75: folds 
Uncalled bet ($0.50) returned to rrrro
rrrro collected $1 from pot
rrrro: doesn't show hand 
*** SUMMARY ***
Total pot $1 | Rake $0 
Seat 1: Rysiff folded before Flop (didn't bet)
Seat 2: PayToWin1001 (button) folded before Flop (didn't bet)
Seat 3: probes75 (small blind) folded before Flop
Seat 4: rrrro (big blind) collected ($1)
Seat 5: Timonessb folded before Flop (didn't bet)
Seat 6: Kristo 914 folded before Flop (didn't bet)



PokerStars Hand #254460242178:  Hold'em No Limit ($0.50/$1.00 USD) - 2025/01/19 1:35:53 WET [2025/01/19 20:35:53 ET]
Table 'Vinata III' 6-max Seat #3 is the button
Seat 1: Rysiff ($142.33 in chips) 
Seat 3: probes75 ($61.22 in chips) 
Seat 4: rrrro ($109.35 in chips) 
Seat 5: Timonessb ($100 in chips) 
Seat 6: Kristo 914 ($137.81 in chips) 
rrrro: posts small blind $0.50
Timonessb: posts big blind $1
*** HOLE CARDS ***
Kristo 914: raises $1.40 to $2.40
Rysiff: folds 
probes75: folds 
rrrro: folds 
Timonessb: folds 
Uncalled bet ($1.40) returned to Kristo 914
Kristo 914 collected $2.50 from pot
Kristo 914: doesn't show hand 
*** SUMMARY ***
Total pot $2.50 | Rake $0 
Seat 1: Rysiff folded before Flop (didn't bet)
Seat 3: probes75 (button) folded before Flop (didn't bet)
Seat 4: rrrro (small blind) folded before Flop
Seat 5: Timonessb (big blind) folded before Flop
Seat 6: Kristo 914 collected ($2.50)



PokerStars Hand #254460245602:  Hold'em No Limit ($0.50/$1.00 USD) - 2025/01/19 1:36:13 WET [2025/01/19 20:36:13 ET]
Table 'Vinata III' 6-max Seat #4 is the button
Seat 1: Rysiff ($142.33 in chips) 
Seat 3: probes75 ($61.22 in chips) 
Seat 4: rrrro ($108.85 in chips) 
Seat 5: Timonessb ($100 in chips) 
Seat 6: Kristo 914 ($139.31 in chips) 
Timonessb: posts small blind $0.50
Kristo 914: posts big blind $1
*** HOLE CARDS ***
Rysiff: raises $1.50 to $2.50
probes75: folds 
rrrro: folds 
Timonessb: folds 
Kristo 914: folds 
Uncalled bet ($1.50) returned to Rysiff
Rysiff collected $2.50 from pot
Rysiff: doesn't show hand 
*** SUMMARY ***
Total pot $2.50 | Rake $0 
Seat 1: Rysiff collected ($2.50)
Seat 3: probes75 folded before Flop (didn't bet)
Seat 4: rrrro (button) folded before Flop (didn't bet)
Seat 5: Timonessb (small blind) folded before Flop
Seat 6: Kristo 914 (big blind) folded before Flop



PokerStars Hand #254460247472:  Hold'em No Limit ($0.50/$1.00 USD) - 2025/01/19 1:36:24 WET [2025/01/19 20:36:24 ET]
Table 'Vinata III' 6-max Seat #5 is the button
Seat 1: Rysiff ($143.83 in chips) 
Seat 3: probes75 ($61.22 in chips) 
Seat 4: rrrro ($108.85 in chips) 
Seat 5: Timonessb ($100 in chips) 
Seat 6: Kristo 914 ($138.31 in chips) 
Kristo 914: posts small blind $0.50
Rysiff: posts big blind $1
*** HOLE CARDS ***
probes75: folds 
rrrro: folds 
Timonessb has timed out
Timonessb: folds 
Kristo 914: folds 
Uncalled bet ($0.50) returned to Rysiff
Rysiff collected $1 from pot
Rysiff: doesn't show hand 
*** SUMMARY ***
Total pot $1 | Rake $0 
Seat 1: Rysiff (big blind) collected ($1)
Seat 3: probes75 folded before Flop (didn't bet)
Seat 4: rrrro folded before Flop (didn't bet)
Seat 5: Timonessb (button) folded before Flop (didn't bet)
Seat 6: Kristo 914 (small blind) folded before Flop



PokerStars Hand #254460258252:  Hold'em No Limit ($0.50/$1.00 USD) - 2025/01/19 1:37:25 WET [2025/01/19 20:37:25 ET]
Table 'Vinata III' 6-max Seat #6 is the button
Seat 1: Rysiff ($144.33 in chips) 
Seat 3: probes75 ($69.17 in chips) 
Seat 4: rrrro ($108.85 in chips) 
Seat 5: Timonessb ($100 in chips) 
Seat 6: Kristo 914 ($137.81 in chips) 
Rysiff: posts small blind $0.50
probes75: posts big blind $1
*** HOLE CARDS ***
rrrro: folds 
Timonessb: raises $1.50 to $2.50
Kristo 914: folds 
Rysiff: folds 
probes75: folds 
Uncalled bet ($1.50) returned to Timonessb
Timonessb collected $2.50 from pot
Timonessb: doesn't show hand 
*** SUMMARY ***
Total pot $2.50 | Rake $0 
Seat 1: Rysiff (small blind) folded before Flop
Seat 3: probes75 (big blind) folded before Flop
Seat 4: rrrro folded before Flop (didn't bet)
Seat 5: Timonessb collected ($2.50)
Seat 6: Kristo 914 (button) folded before Flop (didn't bet)



PokerStars Hand #254460261463:  Hold'em No Limit ($0.50/$1.00 USD) - 2025/01/19 1:37:43 WET [2025/01/19 20:37:43 ET]
Table 'Vinata III' 6-max Seat #1 is the button
Seat 1: Rysiff ($143.83 in chips) 
Seat 3: probes75 ($68.17 in chips) 
Seat 4: rrrro ($108.85 in chips) 
Seat 5: Timonessb ($101.50 in chips) 
Seat 6: Kristo 914 ($137.81 in chips) 
probes75: posts small blind $0.50
rrrro: posts big blind $1
*** HOLE CARDS ***
Timonessb: folds 
Kristo 914: raises $1.40 to $2.40
Rysiff: folds 
probes75: folds 
Rysiff leaves the table
rrrro: folds 
Uncalled bet ($1.40) returned to Kristo 914
Kristo 914 collected $2.50 from pot
Kristo 914: doesn't show hand 
*** SUMMARY ***
Total pot $2.50 | Rake $0 
Seat 1: Rysiff (button) folded before Flop (didn't bet)
Seat 3: probes75 (small blind) folded before Flop
Seat 4: rrrro (big blind) folded before Flop
Seat 5: Timonessb folded before Flop (didn't bet)
Seat 6: Kristo 914 collected ($2.50)



PokerStars Hand #254459825355:  Hold'em No Limit ($0.50/$1.00 USD) - 2025/01/19 0:56:39 WET [2025/01/19 19:56:39 ET]
Table 'Vinata III' 6-max Seat #1 is the button
Seat 1: steepfell ($103 in chips) 
Seat 2: shootingGRID ($100 in chips) 
Seat 6: jujupipa27 ($12.89 in chips) 
probes75 joins the table at seat #3 
shootingGRID: posts small blind $0.50
jujupipa27: posts big blind $1
*** HOLE CARDS ***
steepfell: folds 
shootingGRID: folds 
Uncalled bet ($0.50) returned to jujupipa27
jujupipa27 collected $1 from pot
*** SUMMARY ***
Total pot $1 | Rake $0 
Seat 1: steepfell (button) folded before Flop (didn't bet)
Seat 2: shootingGRID (small blind) folded before Flop
Seat 6: jujupipa27 (big blind) collected ($1)



PokerStars Hand #254459826408:  Hold'em No Limit ($0.50/$1.00 USD) - 2025/01/19 0:56:46 WET [2025/01/19 19:56:46 ET]
Table 'Vinata III' 6-max Seat #2 is the button
Seat 3: probes75 ($73.61 in chips) is sitting out
Seat 1: steepfell ($103 in chips) 
Seat 2: shootingGRID ($100 in chips) 
Seat 6: jujupipa27 ($13.39 in chips) 
jujupipa27: posts small blind $0.50
steepfell: posts big blind $1
*** HOLE CARDS ***
shootingGRID: raises $1.50 to $2.50
jujupipa27: raises $10.89 to $13.39 and is all-in
steepfell: folds 
shootingGRID: calls $10.89
*** FLOP *** [Qc Qh 9h]
*** TURN *** [Qc Qh 9h] [5s]
*** RIVER *** [Qc Qh 9h 5s] [Kc]
rrrro joins the table at seat #4 
*** SHOW DOWN ***
jujupipa27: shows [8s 8d] (two pair, Queens and Eights)
shootingGRID: shows [Ks Ts] (two pair, Kings and Queens)
shootingGRID collected $26.78 from pot
*** SUMMARY ***
Total pot $27.78 | Rake $1 
Board [Qc Qh 9h 5s Kc]
Seat 3: probes75
Seat 1: steepfell (big blind) folded before Flop
Seat 2: shootingGRID (button) showed [Ks Ts] and won ($26.78) with two pair, Kings and Queens
Seat 6: jujupipa27 (small blind) showed [8s 8d] and lost with two pair, Queens and Eights



PokerStars Hand #254459829265:  Hold'em No Limit ($0.50/$1.00 USD) - 2025/01/19 0:57:06 WET [2025/01/19 19:57:06 ET]
Table 'Vinata III' 6-max Seat #1 is the button
Seat 4: rrrro ($100 in chips) is sitting out
Seat 6: jujupipa27 ($0 in chips) is sitting out
Seat 1: steepfell ($102 in chips) 
Seat 2: shootingGRID ($113.39 in chips) 
Seat 3: probes75 ($73.61 in chips) 
shootingGRID: posts small blind $0.50
probes75: posts big blind $1
rrrro: sits out 
*** HOLE CARDS ***
steepfell: raises $1.50 to $2.50
jujupipa27 leaves the table
shootingGRID: folds 
probes75: calls $1.50
*** FLOP *** [2h Qh 7h]
probes75: checks 
steepfell: checks 
*** TURN *** [2h Qh 7h] [6h]
probes75: checks 
steepfell: checks 
*** RIVER *** [2h Qh 7h 6h] [8s]
probes75: checks 
steepfell: checks 
*** SHOW DOWN ***
probes75: shows [4d 4c] (a pair of Fours)
steepfell: shows [Jc Js] (a pair of Jacks)
steepfell collected $5.22 from pot
*** SUMMARY ***
Total pot $5.50 | Rake $0.28 
Board [2h Qh 7h 6h 8s]
Seat 4: rrrro
Seat 6: jujupipa27
Seat 1: steepfell (button) showed [Jc Js] and won ($5.22) with a pair of Jacks
Seat 2: shootingGRID (small blind) folded before Flop
Seat 3: probes75 (big blind) showed [4d 4c] and lost with a pair of Fours



PokerStars Hand #254459836399:  Hold'em No Limit ($0.50/$1.00 USD) - 2025/01/19 0:57:56 WET [2025/01/19 19:57:56 ET]
Table 'Vinata III' 6-max Seat #2 is the button
Seat 1: steepfell ($104.72 in chips) 
Seat 2: shootingGRID ($112.89 in chips) 
Seat 3: probes75 ($71.11 in chips) 
Seat 4: rrrro ($100 in chips) 
probes75: posts small blind $0.50
rrrro: posts big blind $1
*** HOLE CARDS ***
steepfell: folds 
shootingGRID: folds 
probes75: raises $1 to $2
rrrro: calls $1
*** FLOP *** [Kc 2d Ts]
probes75: checks 
rrrro: checks 
*** TURN *** [Kc 2d Ts] [Qs]
probes75: checks 
rrrro: checks 
*** RIVER *** [Kc 2d Ts Qs] [3d]
probes75: checks 
rrrro: checks 
*** SHOW DOWN ***
probes75: shows [9s 7s] (high card King)
rrrro: shows [7c As] (high card Ace)
rrrro collected $3.80 from pot
*** SUMMARY ***
Total pot $4 | Rake $0.20 
Board [Kc 2d Ts Qs 3d]
Seat 1: steepfell folded before Flop (didn't bet)
Seat 2: shootingGRID (button) folded before Flop (didn't bet)
Seat 3: probes75 (small blind) showed [9s 7s] and lost with high card King
Seat 4: rrrro (big blind) showed [7c As] and won ($3.80) with high card Ace



PokerStars Hand #254459844507:  Hold'em No Limit ($0.50/$1.00 USD) - 2025/01/19 0:58:54 WET [2025/01/19 19:58:54 ET]
Table 'Vinata III' 6-max Seat #3 is the button
Seat 1: steepfell ($104.72 in chips) 
Seat 2: shootingGRID ($112.89 in chips) 
Seat 3: probes75 ($69.11 in chips) 
Seat 4: rrrro ($101.80 in chips) 
rrrro: posts small blind $0.50
steepfell: posts big blind $1
*** HOLE CARDS ***
shootingGRID: folds 
probes75: folds 
Kristo 914 joins the table at seat #6 
rrrro: folds 
Uncalled bet ($0.50) returned to steepfell
steepfell collected $1 from pot
steepfell: doesn't show hand 
*** SUMMARY ***
Total pot $1 | Rake $0 
Seat 1: steepfell (big blind) collected ($1)
Seat 2: shootingGRID folded before Flop (didn't bet)
Seat 3: probes75 (button) folded before Flop (didn't bet)
Seat 4: rrrro (small blind) folded before Flop



PokerStars Hand #254459847686:  Hold'em No Limit ($0.50/$1.00 USD) - 2025/01/19 0:59:16 WET [2025/01/19 19:59:16 ET]
Table 'Vinata III' 6-max Seat #4 is the button
Seat 6: Kristo 914 ($100 in chips) is sitting out
Seat 1: steepfell ($105.22 in chips) 
Seat 2: shootingGRID ($112.89 in chips) 
Seat 3: probes75 ($69.11 in chips) 
Seat 4: rrrro ($101.30 in chips) 
steepfell: posts small blind $0.50
shootingGRID: posts big blind $1
*** HOLE CARDS ***
probes75: raises $1 to $2
rrrro: folds 
steepfell: folds 
shootingGRID: folds 
Uncalled bet ($1) returned to probes75
probes75 collected $2.50 from pot
probes75: doesn't show hand 
*** SUMMARY ***
Total pot $2.50 | Rake $0 
Seat 6: Kristo 914
Seat 1: steepfell (small blind) folded before Flop
Seat 2: shootingGRID (big blind) folded before Flop
Seat 3: probes75 collected ($2.50)
Seat 4: rrrro (button) folded before Flop (didn't bet)



PokerStars Hand #254459850619:  Hold'em No Limit ($0.50/$1.00 USD) - 2025/01/19 0:59:37 WET [2025/01/19 19:59:37 ET]
Table 'Vinata III' 6-max Seat #1 is the button
Seat 6: Kristo 914 ($100 in chips) is sitting out
Seat 1: steepfell ($104.72 in chips) 
Seat 2: shootingGRID ($111.89 in chips) 
Seat 3: probes75 ($70.61 in chips) 
Seat 4: rrrro ($101.30 in chips) 
shootingGRID: posts small blind $0.50
probes75: posts big blind $1
Kristo 914: sits out 
*** HOLE CARDS ***
rrrro: folds 
steepfell: raises $1.50 to $2.50
shootingGRID: folds 
probes75: folds 
Uncalled bet ($1.50) returned to steepfell
steepfell collected $2.50 from pot
steepfell: doesn't show hand 
*** SUMMARY ***
Total pot $2.50 | Rake $0 
Seat 6: Kristo 914
Seat 1: steepfell (button) collected ($2.50)
Seat 2: shootingGRID (small blind) folded before Flop
Seat 3: probes75 (big blind) folded before Flop
Seat 4: rrrro folded before Flop (didn't bet)



PokerStars Hand #254459853033:  Hold'em No Limit ($0.50/$1.00 USD) - 2025/01/19 0:59:54 WET [2025/01/19 19:59:54 ET]
Table 'Vinata III' 6-max Seat #2 is the button
Seat 6: Kristo 914 ($100 in chips) is sitting out
Seat 1: steepfell ($106.22 in chips) 
Seat 2: shootingGRID ($111.39 in chips) 
Seat 3: probes75 ($69.61 in chips) 
Seat 4: rrrro ($101.30 in chips) 
probes75: posts small blind $0.50
rrrro: posts big blind $1
Kristo 914: sits out 
*** HOLE CARDS ***
steepfell: folds 
shootingGRID: folds 
probes75: folds 
Uncalled bet ($0.50) returned to rrrro
rrrro collected $1 from pot
rrrro: doesn't show hand 
*** SUMMARY ***
Total pot $1 | Rake $0 
Seat 6: Kristo 914
Seat 1: steepfell folded before Flop (didn't bet)
Seat 2: shootingGRID (button) folded before Flop (didn't bet)
Seat 3: probes75 (small blind) folded before Flop
Seat 4: rrrro (big blind) collected ($1)



PokerStars Hand #254459854091:  Hold'em No Limit ($0.50/$1.00 USD) - 2025/01/19 1:00:01 WET [2025/01/19 20:00:01 ET]
Table 'Vinata III' 6-max Seat #3 is the button
Seat 1: steepfell ($106.22 in chips) 
Seat 2: shootingGRID ($111.39 in chips) 
Seat 3: probes75 ($69.11 in chips) 
Seat 4: rrrro ($101.80 in chips) 
Seat 6: Kristo 914 ($100 in chips) 
rrrro: posts small blind $0.50
Kristo 914: posts big blind $1
*** HOLE CARDS ***
steepfell: folds 
shootingGRID: folds 
probes75: raises $1 to $2
rrrro: raises $8 to $10
Kristo 914: folds 
probes75: folds 
Uncalled bet ($8) returned to rrrro
rrrro collected $5 from pot
rrrro: doesn't show hand 
*** SUMMARY ***
Total pot $5 | Rake $0 
Seat 1: steepfell folded before Flop (didn't bet)
Seat 2: shootingGRID folded before Flop (didn't bet)
Seat 3: probes75 (button) folded before Flop
Seat 4: rrrro (small blind) collected ($5)
Seat 6: Kristo 914 (big blind) folded before Flop



PokerStars Hand #254459859993:  Hold'em No Limit ($0.50/$1.00 USD) - 2025/01/19 1:00:40 WET [2025/01/19 20:00:40 ET]
Table 'Vinata III' 6-max Seat #4 is the button
Seat 1: steepfell ($106.22 in chips) 
Seat 2: shootingGRID ($111.39 in chips) 
Seat 3: probes75 ($67.11 in chips) 
Seat 4: rrrro ($104.80 in chips) 
Seat 6: Kristo 914 ($100 in chips) 
Kristo 914: posts small blind $0.50
steepfell: posts big blind $1
*** HOLE CARDS ***
shootingGRID: folds 
probes75: folds 
rrrro: folds 
Kristo 914: folds 
Uncalled bet ($0.50) returned to steepfell
steepfell collected $1 from pot
steepfell: doesn't show hand 
*** SUMMARY ***
Total pot $1 | Rake $0 
Seat 1: steepfell (big blind) collected ($1)
Seat 2: shootingGRID folded before Flop (didn't bet)
Seat 3: probes75 folded before Flop (didn't bet)
Seat 4: rrrro (button) folded before Flop (didn't bet)
Seat 6: Kristo 914 (small blind) folded before Flop



PokerStars Hand #254459862100:  Hold'em No Limit ($0.50/$1.00 USD) - 2025/01/19 1:00:52 WET [2025/01/19 20:00:52 ET]
Table 'Vinata III' 6-max Seat #6 is the button
Seat 1: steepfell ($106.72 in chips) 
Seat 2: shootingGRID ($111.39 in chips) 
Seat 3: probes75 ($67.11 in chips) 
Seat 4: rrrro ($104.80 in chips) 
Seat 6: Kristo 914 ($100 in chips) 
steepfell: posts small blind $0.50
shootingGRID: posts big blind $1
*** HOLE CARDS ***
probes75: folds 
rrrro: raises $1.30 to $2.30
Dumebag joins the table at seat #5 
Kristo 914: folds 
steepfell: folds 
Dumebag is disconnected 
shootingGRID: raises $10.20 to $12.50
Dumebag is disconnected 
rrrro: folds 
Uncalled bet ($10.20) returned to shootingGRID
shootingGRID collected $5.10 from pot
*** SUMMARY ***
Total pot $5.10 | Rake $0 
Seat 1: steepfell (small blind) folded before Flop
Seat 2: shootingGRID (big blind) collected ($5.10)
Seat 3: probes75 folded before Flop (didn't bet)
Seat 4: rrrro folded before Flop
Seat 6: Kristo 914 (button) folded before Flop (didn't bet)



PokerStars Hand #254459871675:  Hold'em No Limit ($0.50/$1.00 USD) - 2025/01/19 1:01:46 WET [2025/01/19 20:01:46 ET]
Table 'Vinata III' 6-max Seat #1 is the button
Seat 5: Dumebag ($25.42 in chips) is sitting out
Seat 1: steepfell ($106.22 in chips) 
Seat 2: shootingGRID ($114.19 in chips) 
Seat 3: probes75 ($67.11 in chips) 
Seat 4: rrrro ($102.50 in chips) 
Seat 6: Kristo 914 ($100 in chips) 
shootingGRID: posts small blind $0.50
probes75: posts big blind $1
Dumebag is connected 
Dumebag: sits out 
*** HOLE CARDS ***
rrrro: folds 
Kristo 914: folds 
steepfell: raises $1.50 to $2.50
shootingGRID: folds 
probes75: calls $1.50
*** FLOP *** [3s Th Js]
probes75: checks 
steepfell: bets $2.61
probes75: folds 
Uncalled bet ($2.61) returned to steepfell
steepfell collected $5.22 from pot
steepfell: doesn't show hand 
*** SUMMARY ***
Total pot $5.50 | Rake $0.28 
Board [3s Th Js]
Seat 5: Dumebag
Seat 1: steepfell (button) collected ($5.22)
Seat 2: shootingGRID (small blind) folded before Flop
Seat 3: probes75 (big blind) folded on the Flop
Seat 4: rrrro folded before Flop (didn't bet)
Seat 6: Kristo 914 folded before Flop (didn't bet)



PokerStars Hand #254459877702:  Hold'em No Limit ($0.50/$1.00 USD) - 2025/01/19 1:02:20 WET [2025/01/19 20:02:20 ET]
Table 'Vinata III' 6-max Seat #2 is the button
Seat 5: Dumebag ($25.42 in chips) is sitting out
Seat 1: steepfell ($108.94 in chips) 
Seat 2: shootingGRID ($113.69 in chips) 
Seat 3: probes75 ($64.61 in chips) 
Seat 4: rrrro ($102.50 in chips) 
Seat 6: Kristo 914 ($100 in chips) 
probes75: posts small blind $0.50
rrrro: posts big blind $1
Dumebag: sits out 
*** HOLE CARDS ***
Kristo 914: folds 
steepfell: folds 
shootingGRID: folds 
probes75: calls $0.50
rrrro: checks 
*** FLOP *** [6c Kc Ah]
probes75: checks 
rrrro: checks 
*** TURN *** [6c Kc Ah] [3c]
probes75: checks 
rrrro: checks 
*** RIVER *** [6c Kc Ah 3c] [5s]
probes75: checks 
rrrro: bets $2.38
Dumebag leaves the table
probes75: folds 
Uncalled bet ($2.38) returned to rrrro
rrrro collected $1.90 from pot
rrrro: doesn't show hand 
*** SUMMARY ***
Total pot $2 | Rake $0.10 
Board [6c Kc Ah 3c 5s]
Seat 5: Dumebag
Seat 1: steepfell folded before Flop (didn't bet)
Seat 2: shootingGRID (button) folded before Flop (didn't bet)
Seat 3: probes75 (small blind) folded on the River
Seat 4: rrrro (big blind) collected ($1.90)
Seat 6: Kristo 914 folded before Flop (didn't bet)



PokerStars Hand #254459893330:  Hold'em No Limit ($0.50/$1.00 USD) - 2025/01/19 1:03:42 WET [2025/01/19 20:03:42 ET]
Table 'Vinata III' 6-max Seat #3 is the button
Seat 1: steepfell ($108.94 in chips) 
Seat 2: shootingGRID ($113.69 in chips) 
Seat 3: probes75 ($63.61 in chips) 
Seat 4: rrrro ($103.40 in chips) 
Seat 6: Kristo 914 ($100 in chips) 
rrrro: posts small blind $0.50
Kristo 914: posts big blind $1
*** HOLE CARDS ***
steepfell: folds 
shootingGRID: raises $1.25 to $2.25
probes75: calls $2.25
rrrro: folds 
Kristo 914: folds 
*** FLOP *** [9h 3s 9c]
shootingGRID: bets $1.42
probes75: calls $1.42
*** TURN *** [9h 3s 9c] [9s]
shootingGRID: checks 
probes75: bets $4.20
shootingGRID: raises $11.09 to $15.29
probes75: calls $11.09
*** RIVER *** [9h 3s 9c 9s] [2h]
shootingGRID: checks 
probes75: checks 
*** SHOW DOWN ***
shootingGRID: shows [Kc Qc] (three of a kind, Nines)
probes75: shows [7h 7c] (a full house, Nines full of Sevens)
probes75 collected $37.45 from pot
*** SUMMARY ***
Total pot $39.42 | Rake $1.97 
Board [9h 3s 9c 9s 2h]
Seat 1: steepfell folded before Flop (didn't bet)
Seat 2: shootingGRID showed [Kc Qc] and lost with three of a kind, Nines
Seat 3: probes75 (button) showed [7h 7c] and won ($37.45) with a full house, Nines full of Sevens
Seat 4: rrrro (small blind) folded before Flop
Seat 6: Kristo 914 (big blind) folded before Flop



PokerStars Hand #254459904172:  Hold'em No Limit ($0.50/$1.00 USD) - 2025/01/19 1:04:39 WET [2025/01/19 20:04:39 ET]
Table 'Vinata III' 6-max Seat #4 is the button
Seat 1: steepfell ($108.94 in chips) is sitting out
Seat 2: shootingGRID ($100 in chips) 
Seat 3: probes75 ($82.10 in chips) 
Seat 4: rrrro ($102.90 in chips) 
Seat 6: Kristo 914 ($100 in chips) 
Kristo 914: posts small blind $0.50
steepfell: is sitting out 
shootingGRID: posts big blind $1
*** HOLE CARDS ***
steepfell leaves the table
probes75: raises $2 to $3
rrrro: folds 
Kristo 914: folds 
shootingGRID: folds 
Uncalled bet ($2) returned to probes75
shootingGRID leaves the table
probes75 collected $2.50 from pot
probes75: doesn't show hand 
*** SUMMARY ***
Total pot $2.50 | Rake $0 
Seat 1: steepfell
Seat 2: shootingGRID (big blind) folded before Flop
Seat 3: probes75 collected ($2.50)
Seat 4: rrrro (button) folded before Flop (didn't bet)
Seat 6: Kristo 914 (small blind) folded before Flop



PokerStars Hand #254459907643:  Hold'em No Limit ($0.50/$1.00 USD) - 2025/01/19 1:04:57 WET [2025/01/19 20:04:57 ET]
Table 'Vinata III' 6-max Seat #6 is the button
Seat 3: probes75 ($83.60 in chips) 
Seat 4: rrrro ($102.90 in chips) 
Seat 6: Kristo 914 ($100 in chips) 
probes75: posts small blind $0.50
rrrro: posts big blind $1
*** HOLE CARDS ***
Kristo 914: folds 
probes75: raises $1 to $2
Timonessb joins the table at seat #5 
rrrro: calls $1
*** FLOP *** [Td 8h 8c]
probes75: checks 
rrrro: bets $1.25
probes75: folds 
Uncalled bet ($1.25) returned to rrrro
rrrro collected $3.80 from pot
rrrro: doesn't show hand 
*** SUMMARY ***
Total pot $4 | Rake $0.20 
Board [Td 8h 8c]
Seat 3: probes75 (small blind) folded on the Flop
Seat 4: rrrro (big blind) collected ($3.80)
Seat 6: Kristo 914 (button) folded before Flop (didn't bet)



PokerStars Hand #254459914715:  Hold'em No Limit ($0.50/$1.00 USD) - 2025/01/19 1:05:34 WET [2025/01/19 20:05:34 ET]
Table 'Vinata III' 6-max Seat #3 is the button
Seat 3: probes75 ($81.60 in chips) 
Seat 4: rrrro ($104.70 in chips) 
Seat 5: Timonessb ($100 in chips) 
Seat 6: Kristo 914 ($100 in chips) 
rrrro: posts small blind $0.50
Timonessb: posts big blind $1
*** HOLE CARDS ***
fossil500 joins the table at seat #2 
Kristo 914: folds 
probes75: raises $1 to $2
rrrro: folds 
Timonessb: raises $8 to $10
probes75: calls $8
*** FLOP *** [5s Qs Tc]
Timonessb: checks 
probes75: checks 
*** TURN *** [5s Qs Tc] [Qd]
Timonessb: checks 
probes75: checks 
*** RIVER *** [5s Qs Tc Qd] [5c]
Timonessb: bets $9.95
probes75: folds 
Uncalled bet ($9.95) returned to Timonessb
Timonessb collected $19.50 from pot
Timonessb: doesn't show hand 
*** SUMMARY ***
Total pot $20.50 | Rake $1 
Board [5s Qs Tc Qd 5c]
Seat 3: probes75 (button) folded on the River
Seat 4: rrrro (small blind) folded before Flop
Seat 5: Timonessb (big blind) collected ($19.50)
Seat 6: Kristo 914 folded before Flop (didn't bet)



PokerStars Hand #254459922768:  Hold'em No Limit ($0.50/$1.00 USD) - 2025/01/19 1:06:16 WET [2025/01/19 20:06:16 ET]
Table 'Vinata III' 6-max Seat #4 is the button
Seat 2: fossil500 ($100 in chips) is sitting out
Seat 3: probes75 ($71.60 in chips) 
Seat 4: rrrro ($104.20 in chips) 
Seat 5: Timonessb ($109.50 in chips) 
Seat 6: Kristo 914 ($100 in chips) 
Timonessb: posts small blind $0.50
Kristo 914: posts big blind $1
fossil500: sits out 
*** HOLE CARDS ***
probes75: raises $1 to $2
rrrro: raises $4.50 to $6.50
Timonessb: folds 
Kristo 914: folds 
probes75: calls $4.50
*** FLOP *** [9h Td 8s]
probes75: checks 
rrrro: bets $3.45
probes75: folds 
Uncalled bet ($3.45) returned to rrrro
rrrro collected $13.78 from pot
rrrro: doesn't show hand 
*** SUMMARY ***
Total pot $14.50 | Rake $0.72 
Board [9h Td 8s]
Seat 2: fossil500
Seat 3: probes75 folded on the Flop
Seat 4: rrrro (button) collected ($13.78)
Seat 5: Timonessb (small blind) folded before Flop
Seat 6: Kristo 914 (big blind) folded before Flop



PokerStars Hand #254459931851:  Hold'em No Limit ($0.50/$1.00 USD) - 2025/01/19 1:07:04 WET [2025/01/19 20:07:04 ET]
Table 'Vinata III' 6-max Seat #5 is the button
Seat 2: fossil500 ($100 in chips) 
Seat 3: probes75 ($65.10 in chips) 
Seat 4: rrrro ($111.48 in chips) 
Seat 5: Timonessb ($109 in chips) 
Seat 6: Kristo 914 ($100 in chips) 
Kristo 914: posts small blind $0.50
fossil500: posts big blind $1
*** HOLE CARDS ***
probes75: folds 
rrrro: folds 
Timonessb: folds 
Kristo 914: folds 
Uncalled bet ($0.50) returned to fossil500
fossil500 collected $1 from pot
fossil500: doesn't show hand 
*** SUMMARY ***
Total pot $1 | Rake $0 
Seat 2: fossil500 (big blind) collected ($1)
Seat 3: probes75 folded before Flop (didn't bet)
Seat 4: rrrro folded before Flop (didn't bet)
Seat 5: Timonessb (button) folded before Flop (didn't bet)
Seat 6: Kristo 914 (small blind) folded before Flop



PokerStars Hand #254459935415:  Hold'em No Limit ($0.50/$1.00 USD) - 2025/01/19 1:07:22 WET [2025/01/19 20:07:22 ET]
Table 'Vinata III' 6-max Seat #6 is the button
Seat 2: fossil500 ($100.50 in chips) 
Seat 3: probes75 ($65.10 in chips) 
Seat 4: rrrro ($111.48 in chips) 
Seat 5: Timonessb ($109 in chips) 
Seat 6: Kristo 914 ($100 in chips) 
fossil500: posts small blind $0.50
probes75: posts big blind $1
*** HOLE CARDS ***
rrrro: folds 
Timonessb: folds 
Kristo 914: folds 
fossil500: calls $0.50
probes75: checks 
*** FLOP *** [3c Js 7d]
fossil500: bets $1
probes75: folds 
Uncalled bet ($1) returned to fossil500
fossil500 collected $1.90 from pot
fossil500: doesn't show hand 
*** SUMMARY ***
Total pot $2 | Rake $0.10 
Board [3c Js 7d]
Seat 2: fossil500 (small blind) collected ($1.90)
Seat 3: probes75 (big blind) folded on the Flop
Seat 4: rrrro folded before Flop (didn't bet)
Seat 5: Timonessb folded before Flop (didn't bet)
Seat 6: Kristo 914 (button) folded before Flop (didn't bet)



PokerStars Hand #254459941645:  Hold'em No Limit ($0.50/$1.00 USD) - 2025/01/19 1:07:56 WET [2025/01/19 20:07:56 ET]
Table 'Vinata III' 6-max Seat #2 is the button
Seat 2: fossil500 ($101.40 in chips) 
Seat 3: probes75 ($64.10 in chips) 
Seat 4: rrrro ($111.48 in chips) 
Seat 5: Timonessb ($109 in chips) 
Seat 6: Kristo 914 ($100 in chips) 
probes75: posts small blind $0.50
rrrro: posts big blind $1
*** HOLE CARDS ***
Timonessb: folds 
Kristo 914: folds 
fossil500: raises $1.50 to $2.50
probes75: raises $5.50 to $8
rrrro: folds 
fossil500: folds 
Uncalled bet ($5.50) returned to probes75
probes75 collected $6 from pot
probes75: doesn't show hand 
*** SUMMARY ***
Total pot $6 | Rake $0 
Seat 2: fossil500 (button) folded before Flop
Seat 3: probes75 (small blind) collected ($6)
Seat 4: rrrro (big blind) folded before Flop
Seat 5: Timonessb folded before Flop (didn't bet)
Seat 6: Kristo 914 folded before Flop (didn't bet)



PokerStars Hand #254459947449:  Hold'em No Limit ($0.50/$1.00 USD) - 2025/01/19 1:08:26 WET [2025/01/19 20:08:26 ET]
Table 'Vinata III' 6-max Seat #3 is the button
Seat 2: fossil500 ($100 in chips) 
Seat 3: probes75 ($67.60 in chips) 
Seat 4: rrrro ($110.48 in chips) 
Seat 5: Timonessb ($109 in chips) 
Seat 6: Kristo 914 ($100 in chips) 
rrrro: posts small blind $0.50
Timonessb: posts big blind $1
*** HOLE CARDS ***
Kristo 914: raises $1.40 to $2.40
fossil500: folds 
probes75: folds 
rrrro: folds 
Timonessb: calls $1.40
*** FLOP *** [3s Ts 3c]
Timonessb: checks 
Kristo 914: bets $1.46
Timonessb: calls $1.46
*** TURN *** [3s Ts 3c] [5d]
Timonessb: checks 
Kristo 914: checks 
*** RIVER *** [3s Ts 3c 5d] [Jd]
Timonessb: checks 
Kristo 914: checks 
*** SHOW DOWN ***
Timonessb: shows [Ac Qs] (a pair of Threes)
Kristo 914: shows [Qc Ah] (a pair of Threes)
Timonessb collected $3.91 from pot
Kristo 914 collected $3.90 from pot
*** SUMMARY ***
Total pot $8.22 | Rake $0.41 
Board [3s Ts 3c 5d Jd]
Seat 2: fossil500 folded before Flop (didn't bet)
Seat 3: probes75 (button) folded before Flop (didn't bet)
Seat 4: rrrro (small blind) folded before Flop
Seat 5: Timonessb (big blind) showed [Ac Qs] and won ($3.91) with a pair of Threes
Seat 6: Kristo 914 showed [Qc Ah] and won ($3.90) with a pair of Threes



PokerStars Hand #254459958425:  Hold'em No Limit ($0.50/$1.00 USD) - 2025/01/19 1:09:26 WET [2025/01/19 20:09:26 ET]
Table 'Vinata III' 6-max Seat #4 is the button
Seat 2: fossil500 ($100 in chips) 
Seat 3: probes75 ($67.60 in chips) 
Seat 4: rrrro ($109.98 in chips) 
Seat 5: Timonessb ($109.05 in chips) 
Seat 6: Kristo 914 ($100.04 in chips) 
Timonessb: posts small blind $0.50
Kristo 914: posts big blind $1
*** HOLE CARDS ***
fossil500: folds 
probes75: folds 
rrrro: folds 
Timonessb: raises $2 to $3
ptolejmus joins the table at seat #1 
Kristo 914: raises $7 to $10
Timonessb: calls $7
*** FLOP *** [6h 7h Kc]
Timonessb: checks 
Kristo 914: bets $4.28
Timonessb: folds 
Uncalled bet ($4.28) returned to Kristo 914
Kristo 914 collected $19 from pot
Kristo 914: doesn't show hand 
*** SUMMARY ***
Total pot $20 | Rake $1 
Board [6h 7h Kc]
Seat 2: fossil500 folded before Flop (didn't bet)
Seat 3: probes75 folded before Flop (didn't bet)
Seat 4: rrrro (button) folded before Flop (didn't bet)
Seat 5: Timonessb (small blind) folded on the Flop
Seat 6: Kristo 914 (big blind) collected ($19)



PokerStars Hand #254459964767:  Hold'em No Limit ($0.50/$1.00 USD) - 2025/01/19 1:10:00 WET [2025/01/19 20:10:00 ET]
Table 'Vinata III' 6-max Seat #5 is the button
Seat 1: ptolejmus ($10 in chips) 
Seat 2: fossil500 ($100 in chips) 
Seat 3: probes75 ($67.60 in chips) 
Seat 4: rrrro ($109.98 in chips) 
Seat 5: Timonessb ($100 in chips) 
Seat 6: Kristo 914 ($109.04 in chips) 
Kristo 914: posts small blind $0.50
ptolejmus: posts big blind $1
*** HOLE CARDS ***
fossil500: folds 
probes75: folds 
rrrro: folds 
Timonessb: raises $1.50 to $2.50
Kristo 914: folds 
ptolejmus: folds 
Uncalled bet ($1.50) returned to Timonessb
Timonessb collected $2.50 from pot
Timonessb: doesn't show hand 
*** SUMMARY ***
Total pot $2.50 | Rake $0 
Seat 1: ptolejmus (big blind) folded before Flop
Seat 2: fossil500 folded before Flop (didn't bet)
Seat 3: probes75 folded before Flop (didn't bet)
Seat 4: rrrro folded before Flop (didn't bet)
Seat 5: Timonessb (button) collected ($2.50)
Seat 6: Kristo 914 (small blind) folded before Flop



PokerStars Hand #254459967780:  Hold'em No Limit ($0.50/$1.00 USD) - 2025/01/19 1:10:16 WET [2025/01/19 20:10:16 ET]
Table 'Vinata III' 6-max Seat #6 is the button
Seat 1: ptolejmus ($10 in chips) 
Seat 2: fossil500 ($100 in chips) 
Seat 3: probes75 ($67.60 in chips) 
Seat 4: rrrro ($109.98 in chips) 
Seat 5: Timonessb ($101.50 in chips) 
Seat 6: Kristo 914 ($108.54 in chips) 
ptolejmus: posts small blind $0.50
fossil500: posts big blind $1
*** HOLE CARDS ***
probes75: folds 
rrrro: raises $1 to $2
Timonessb: folds 
Kristo 914: folds 
ptolejmus: folds 
fossil500: folds 
Uncalled bet ($1) returned to rrrro
rrrro collected $2.50 from pot
rrrro: doesn't show hand 
*** SUMMARY ***
Total pot $2.50 | Rake $0 
Seat 1: ptolejmus (small blind) folded before Flop
Seat 2: fossil500 (big blind) folded before Flop
Seat 3: probes75 folded before Flop (didn't bet)
Seat 4: rrrro collected ($2.50)
Seat 5: Timonessb folded before Flop (didn't bet)
Seat 6: Kristo 914 (button) folded before Flop (didn't bet)



PokerStars Hand #254459974531:  Hold'em No Limit ($0.50/$1.00 USD) - 2025/01/19 1:10:54 WET [2025/01/19 20:10:54 ET]
Table 'Vinata III' 6-max Seat #1 is the button
Seat 1: ptolejmus ($10 in chips) 
Seat 2: fossil500 ($100 in chips) 
Seat 3: probes75 ($67.60 in chips) 
Seat 4: rrrro ($111.48 in chips) 
Seat 5: Timonessb ($101.50 in chips) 
Seat 6: Kristo 914 ($108.54 in chips) 
fossil500: posts small blind $0.50
probes75: posts big blind $1
*** HOLE CARDS ***
rrrro: folds 
Timonessb: folds 
Kristo 914: folds 
ptolejmus: raises $1 to $2
fossil500: folds 
probes75: calls $1
*** FLOP *** [Tc Ad Kh]
probes75: checks 
ptolejmus: bets $2.18
probes75: raises $4.32 to $6.50
ptolejmus: folds 
Uncalled bet ($4.32) returned to probes75
probes75 collected $8.42 from pot
probes75: doesn't show hand 
*** SUMMARY ***
Total pot $8.86 | Rake $0.44 
Board [Tc Ad Kh]
Seat 1: ptolejmus (button) folded on the Flop
Seat 2: fossil500 (small blind) folded before Flop
Seat 3: probes75 (big blind) collected ($8.42)
Seat 4: rrrro folded before Flop (didn't bet)
Seat 5: Timonessb folded before Flop (didn't bet)
Seat 6: Kristo 914 folded before Flop (didn't bet)



PokerStars Hand #254459990120:  Hold'em No Limit ($0.50/$1.00 USD) - 2025/01/19 1:12:20 WET [2025/01/19 20:12:20 ET]
Table 'Vinata III' 6-max Seat #2 is the button
Seat 1: ptolejmus ($10 in chips) 
Seat 2: fossil500 ($100 in chips) 
Seat 3: probes75 ($71.84 in chips) 
Seat 4: rrrro ($111.48 in chips) 
Seat 5: Timonessb ($101.50 in chips) 
Seat 6: Kristo 914 ($108.54 in chips) 
probes75: posts small blind $0.50
rrrro: posts big blind $1
*** HOLE CARDS ***
Timonessb: folds 
Kristo 914: folds 
ptolejmus: folds 
fossil500: raises $1.50 to $2.50
probes75: folds 
rrrro: folds 
Uncalled bet ($1.50) returned to fossil500
fossil500 collected $2.50 from pot
fossil500: doesn't show hand 
*** SUMMARY ***
Total pot $2.50 | Rake $0 
Seat 1: ptolejmus folded before Flop (didn't bet)
Seat 2: fossil500 (button) collected ($2.50)
Seat 3: probes75 (small blind) folded before Flop
Seat 4: rrrro (big blind) folded before Flop
Seat 5: Timonessb folded before Flop (didn't bet)
Seat 6: Kristo 914 folded before Flop (didn't bet)



PokerStars Hand #254459992840:  Hold'em No Limit ($0.50/$1.00 USD) - 2025/01/19 1:12:35 WET [2025/01/19 20:12:35 ET]
Table 'Vinata III' 6-max Seat #3 is the button
Seat 1: ptolejmus ($10 in chips) 
Seat 2: fossil500 ($101.50 in chips) 
Seat 3: probes75 ($71.34 in chips) 
Seat 4: rrrro ($110.48 in chips) 
Seat 5: Timonessb ($101.50 in chips) 
Seat 6: Kristo 914 ($108.54 in chips) 
rrrro: posts small blind $0.50
Timonessb: posts big blind $1
*** HOLE CARDS ***
Kristo 914: folds 
ptolejmus: raises $1 to $2
fossil500: calls $2
probes75: raises $6 to $8
rrrro: folds 
Timonessb: folds 
ptolejmus: folds 
fossil500: folds 
Uncalled bet ($6) returned to probes75
probes75 collected $7.50 from pot
probes75: doesn't show hand 
*** SUMMARY ***
Total pot $7.50 | Rake $0 
Seat 1: ptolejmus folded before Flop
Seat 2: fossil500 folded before Flop
Seat 3: probes75 (button) collected ($7.50)
Seat 4: rrrro (small blind) folded before Flop
Seat 5: Timonessb (big blind) folded before Flop
Seat 6: Kristo 914 folded before Flop (didn't bet)



PokerStars Hand #254460263813:  Hold'em No Limit ($0.50/$1.00 USD) - 2025/01/19 1:37:56 WET [2025/01/19 20:37:56 ET]
Table 'Vinata III' 6-max Seat #3 is the button
Seat 3: probes75 ($67.67 in chips) 
Seat 4: rrrro ($107.85 in chips) 
Seat 5: Timonessb ($101.50 in chips) 
rrrro: posts small blind $0.50
Timonessb: posts big blind $1
*** HOLE CARDS ***
mossgez joins the table at seat #1 
mossgez is disconnected 
probes75: folds 
rrrro: raises $2 to $3
Timonessb: folds 
Uncalled bet ($2) returned to rrrro
rrrro collected $2 from pot
rrrro: doesn't show hand 
*** SUMMARY ***
Total pot $2 | Rake $0 
Seat 3: probes75 (button) folded before Flop (didn't bet)
Seat 4: rrrro (small blind) collected ($2)
Seat 5: Timonessb (big blind) folded before Flop



PokerStars Hand #254460265890:  Hold'em No Limit ($0.50/$1.00 USD) - 2025/01/19 1:38:07 WET [2025/01/19 20:38:07 ET]
Table 'Vinata III' 6-max Seat #4 is the button
Seat 1: mossgez ($42.18 in chips) 
Seat 3: probes75 ($67.67 in chips) 
Seat 4: rrrro ($108.85 in chips) 
Seat 5: Timonessb ($100.50 in chips) 
Timonessb: posts small blind $0.50
mossgez: posts big blind $1
*** HOLE CARDS ***
probes75: folds 
Tibibacsi joins the table at seat #2 
rrrro: folds 
Timonessb: folds 
Uncalled bet ($0.50) returned to mossgez
mossgez collected $1 from pot
*** SUMMARY ***
Total pot $1 | Rake $0 
Seat 1: mossgez (big blind) collected ($1)
Seat 3: probes75 folded before Flop (didn't bet)
Seat 4: rrrro (button) folded before Flop (didn't bet)
Seat 5: Timonessb (small blind) folded before Flop



PokerStars Hand #254460268384:  Hold'em No Limit ($0.50/$1.00 USD) - 2025/01/19 1:38:22 WET [2025/01/19 20:38:22 ET]
Table 'Vinata III' 6-max Seat #5 is the button
Seat 1: mossgez ($42.68 in chips) 
Seat 2: Tibibacsi ($100 in chips) 
Seat 3: probes75 ($67.67 in chips) 
Seat 4: rrrro ($108.85 in chips) 
Seat 5: Timonessb ($100 in chips) 
mossgez: posts small blind $0.50
Tibibacsi: posts big blind $1
*** HOLE CARDS ***
probes75: folds 
rrrro is connected 
rrrro: folds 
Timonessb: folds 
mossgez: folds 
Uncalled bet ($0.50) returned to Tibibacsi
Tibibacsi collected $1 from pot
Tibibacsi: doesn't show hand 
*** SUMMARY ***
Total pot $1 | Rake $0 
Seat 1: mossgez (small blind) folded before Flop
Seat 2: Tibibacsi (big blind) collected ($1)
Seat 3: probes75 folded before Flop (didn't bet)
Seat 4: rrrro folded before Flop (didn't bet)
Seat 5: Timonessb (button) folded before Flop (didn't bet)



PokerStars Hand #254460270362:  Hold'em No Limit ($0.50/$1.00 USD) - 2025/01/19 1:38:33 WET [2025/01/19 20:38:33 ET]
Table 'Vinata III' 6-max Seat #1 is the button
Seat 1: mossgez ($42.18 in chips) 
Seat 2: Tibibacsi ($100.50 in chips) 
Seat 3: probes75 ($67.67 in chips) 
Seat 4: rrrro ($108.85 in chips) 
Seat 5: Timonessb ($100 in chips) 
Tibibacsi: posts small blind $0.50
probes75: posts big blind $1
*** HOLE CARDS ***
rrrro: folds 
Timonessb: folds 
mossgez: folds 
Tibibacsi: raises $2 to $3
probes75: raises $6 to $9
Tibibacsi: folds 
Uncalled bet ($6) returned to probes75
probes75 collected $6 from pot
probes75: doesn't show hand 
*** SUMMARY ***
Total pot $6 | Rake $0 
Seat 1: mossgez (button) folded before Flop (didn't bet)
Seat 2: Tibibacsi (small blind) folded before Flop
Seat 3: probes75 (big blind) collected ($6)
Seat 4: rrrro folded before Flop (didn't bet)
Seat 5: Timonessb folded before Flop (didn't bet)



PokerStars Hand #254460275454:  Hold'em No Limit ($0.50/$1.00 USD) - 2025/01/19 1:39:02 WET [2025/01/19 20:39:02 ET]
Table 'Vinata III' 6-max Seat #2 is the button
Seat 1: mossgez ($42.18 in chips) 
Seat 2: Tibibacsi ($100 in chips) 
Seat 3: probes75 ($70.67 in chips) 
Seat 4: rrrro ($108.85 in chips) 
Seat 5: Timonessb ($100 in chips) 
probes75: posts small blind $0.50
rrrro: posts big blind $1
*** HOLE CARDS ***
Timonessb: folds 
mossgez: folds 
Tibibacsi: folds 
probes75: folds 
Uncalled bet ($0.50) returned to rrrro
rrrro collected $1 from pot
rrrro: doesn't show hand 
*** SUMMARY ***
Total pot $1 | Rake $0 
Seat 1: mossgez folded before Flop (didn't bet)
Seat 2: Tibibacsi (button) folded before Flop (didn't bet)
Seat 3: probes75 (small blind) folded before Flop
Seat 4: rrrro (big blind) collected ($1)
Seat 5: Timonessb folded before Flop (didn't bet)



PokerStars Hand #254460278027:  Hold'em No Limit ($0.50/$1.00 USD) - 2025/01/19 1:39:16 WET [2025/01/19 20:39:16 ET]
Table 'Vinata III' 6-max Seat #3 is the button
Seat 1: mossgez ($42.18 in chips) 
Seat 2: Tibibacsi ($100 in chips) 
Seat 3: probes75 ($70.17 in chips) 
Seat 4: rrrro ($109.35 in chips) 
Seat 5: Timonessb ($100 in chips) 
rrrro: posts small blind $0.50
Timonessb: posts big blind $1
*** HOLE CARDS ***
mossgez: folds 
Tibibacsi: folds 
probes75: raises $2 to $3
rrrro: folds 
Timonessb: calls $2
*** FLOP *** [6c Kd As]
Timonessb: checks 
probes75: bets $4
Timonessb: calls $4
*** TURN *** [6c Kd As] [Jh]
Timonessb: checks 
probes75: checks 
*** RIVER *** [6c Kd As Jh] [Qc]
Timonessb: bets $14.19
probes75: folds 
Uncalled bet ($14.19) returned to Timonessb
Timonessb collected $13.78 from pot
Timonessb: doesn't show hand 
*** SUMMARY ***
Total pot $14.50 | Rake $0.72 
Board [6c Kd As Jh Qc]
Seat 1: mossgez folded before Flop (didn't bet)
Seat 2: Tibibacsi folded before Flop (didn't bet)
Seat 3: probes75 (button) folded on the River
Seat 4: rrrro (small blind) folded before Flop
Seat 5: Timonessb (big blind) collected ($13.78)



PokerStars Hand #254460283427:  Hold'em No Limit ($0.50/$1.00 USD) - 2025/01/19 1:39:47 WET [2025/01/19 20:39:47 ET]
Table 'Vinata III' 6-max Seat #4 is the button
Seat 1: mossgez ($42.18 in chips) 
Seat 2: Tibibacsi ($100 in chips) 
Seat 3: probes75 ($63.17 in chips) 
Seat 4: rrrro ($108.85 in chips) 
Seat 5: Timonessb ($106.78 in chips) 
Timonessb: posts small blind $0.50
mossgez: posts big blind $1
*** HOLE CARDS ***
Tibibacsi: folds 
probes75: raises $2 to $3
rrrro: raises $6 to $9
Timonessb: folds 
mossgez: folds 
probes75: raises $11 to $20
rrrro: folds 
Uncalled bet ($11) returned to probes75
probes75 collected $19.50 from pot
probes75: doesn't show hand 
*** SUMMARY ***
Total pot $19.50 | Rake $0 
Seat 1: mossgez (big blind) folded before Flop
Seat 2: Tibibacsi folded before Flop (didn't bet)
Seat 3: probes75 collected ($19.50)
Seat 4: rrrro (button) folded before Flop
Seat 5: Timonessb (small blind) folded before Flop



PokerStars Hand #254460289171:  Hold'em No Limit ($0.50/$1.00 USD) - 2025/01/19 1:40:20 WET [2025/01/19 20:40:20 ET]
Table 'Vinata III' 6-max Seat #5 is the button
Seat 1: mossgez ($41.18 in chips) 
Seat 2: Tibibacsi ($100 in chips) 
Seat 3: probes75 ($73.67 in chips) 
Seat 4: rrrro ($100 in chips) 
Seat 5: Timonessb ($106.28 in chips) 
mossgez: posts small blind $0.50
Tibibacsi: posts big blind $1
*** HOLE CARDS ***
probes75: folds 
rrrro: folds 
Timonessb: raises $1.50 to $2.50
mossgez: folds 
Tibibacsi: folds 
Uncalled bet ($1.50) returned to Timonessb
Timonessb collected $2.50 from pot
Timonessb: doesn't show hand 
*** SUMMARY ***
Total pot $2.50 | Rake $0 
Seat 1: mossgez (small blind) folded before Flop
Seat 2: Tibibacsi (big blind) folded before Flop
Seat 3: probes75 folded before Flop (didn't bet)
Seat 4: rrrro folded before Flop (didn't bet)
Seat 5: Timonessb (button) collected ($2.50)



PokerStars Hand #254460290889:  Hold'em No Limit ($0.50/$1.00 USD) - 2025/01/19 1:40:30 WET [2025/01/19 20:40:30 ET]
Table 'Vinata III' 6-max Seat #1 is the button
Seat 1: mossgez ($40.68 in chips) 
Seat 2: Tibibacsi ($100 in chips) 
Seat 3: probes75 ($73.67 in chips) 
Seat 4: rrrro ($100 in chips) 
Seat 5: Timonessb ($107.78 in chips) 
Tibibacsi: posts small blind $0.50
probes75: posts big blind $1
*** HOLE CARDS ***
rrrro: folds 
Timonessb: folds 
mossgez: folds 
Tibibacsi: raises $2 to $3
probes75: raises $6 to $9
Tibibacsi: folds 
Uncalled bet ($6) returned to probes75
probes75 collected $6 from pot
probes75: doesn't show hand 
*** SUMMARY ***
Total pot $6 | Rake $0 
Seat 1: mossgez (button) folded before Flop (didn't bet)
Seat 2: Tibibacsi (small blind) folded before Flop
Seat 3: probes75 (big blind) collected ($6)
Seat 4: rrrro folded before Flop (didn't bet)
Seat 5: Timonessb folded before Flop (didn't bet)



PokerStars Hand #254460297122:  Hold'em No Limit ($0.50/$1.00 USD) - 2025/01/19 1:41:06 WET [2025/01/19 20:41:06 ET]
Table 'Vinata III' 6-max Seat #2 is the button
Seat 1: mossgez ($40.68 in chips) 
Seat 2: Tibibacsi ($100 in chips) 
Seat 3: probes75 ($76.67 in chips) 
Seat 4: rrrro ($100 in chips) 
Seat 5: Timonessb ($107.78 in chips) 
probes75: posts small blind $0.50
rrrro: posts big blind $1
*** HOLE CARDS ***
Timonessb: folds 
mossgez: folds 
Tibibacsi: raises $1.50 to $2.50
probes75: folds 
rrrro: folds 
Uncalled bet ($1.50) returned to Tibibacsi
Tibibacsi collected $2.50 from pot
Tibibacsi: doesn't show hand 
*** SUMMARY ***
Total pot $2.50 | Rake $0 
Seat 1: mossgez folded before Flop (didn't bet)
Seat 2: Tibibacsi (button) collected ($2.50)
Seat 3: probes75 (small blind) folded before Flop
Seat 4: rrrro (big blind) folded before Flop
Seat 5: Timonessb folded before Flop (didn't bet)



PokerStars Hand #254460299868:  Hold'em No Limit ($0.50/$1.00 USD) - 2025/01/19 1:41:21 WET [2025/01/19 20:41:21 ET]
Table 'Vinata III' 6-max Seat #3 is the button
Seat 1: mossgez ($40.68 in chips) 
Seat 2: Tibibacsi ($101.50 in chips) 
Seat 3: probes75 ($76.17 in chips) 
Seat 4: rrrro ($100 in chips) 
Seat 5: Timonessb ($107.78 in chips) 
rrrro: posts small blind $0.50
Timonessb: posts big blind $1
*** HOLE CARDS ***
mossgez: folds 
Tibibacsi: folds 
probes75: raises $1 to $2
rrrro: raises $8 to $10
belgianbeer2 joins the table at seat #6 
Timonessb: folds 
probes75: calls $8
*** FLOP *** [Jc 6c 6d]
rrrro: bets $9.98
probes75: folds 
Uncalled bet ($9.98) returned to rrrro
rrrro collected $19.95 from pot
rrrro: doesn't show hand 
*** SUMMARY ***
Total pot $21 | Rake $1.05 
Board [Jc 6c 6d]
Seat 1: mossgez folded before Flop (didn't bet)
Seat 2: Tibibacsi folded before Flop (didn't bet)
Seat 3: probes75 (button) folded on the Flop
Seat 4: rrrro (small blind) collected ($19.95)
Seat 5: Timonessb (big blind) folded before Flop



PokerStars Hand #254460305527:  Hold'em No Limit ($0.50/$1.00 USD) - 2025/01/19 1:41:54 WET [2025/01/19 20:41:54 ET]
Table 'Vinata III' 6-max Seat #4 is the button
Seat 1: mossgez ($40.68 in chips) 
Seat 2: Tibibacsi ($101.50 in chips) 
Seat 3: probes75 ($66.17 in chips) 
Seat 4: rrrro ($109.95 in chips) 
Seat 5: Timonessb ($106.78 in chips) 
Seat 6: belgianbeer2 ($100 in chips) 
Timonessb: posts small blind $0.50
belgianbeer2: posts big blind $1
*** HOLE CARDS ***
mossgez: folds 
Tibibacsi: folds 
probes75: raises $2 to $3
rrrro: folds 
Timonessb: folds 
belgianbeer2: raises $9.50 to $12.50
probes75: calls $9.50
*** FLOP *** [7d Td 8s]
belgianbeer2: bets $9.18
probes75: calls $9.18
*** TURN *** [7d Td 8s] [7h]
belgianbeer2: bets $16.06
probes75: raises $28.43 to $44.49 and is all-in
belgianbeer2: calls $28.43
*** RIVER *** [7d Td 8s 7h] [4c]
*** SHOW DOWN ***
belgianbeer2: shows [Js Jh] (two pair, Jacks and Sevens)
probes75: shows [6c 7c] (three of a kind, Sevens)
probes75 collected $130.34 from pot
*** SUMMARY ***
Total pot $132.84 | Rake $2.50 
Board [7d Td 8s 7h 4c]
Seat 1: mossgez folded before Flop (didn't bet)
Seat 2: Tibibacsi folded before Flop (didn't bet)
Seat 3: probes75 showed [6c 7c] and won ($130.34) with three of a kind, Sevens
Seat 4: rrrro (button) folded before Flop (didn't bet)
Seat 5: Timonessb (small blind) folded before Flop
Seat 6: belgianbeer2 (big blind) showed [Js Jh] and lost with two pair, Jacks and Sevens



PokerStars Hand #254460320688:  Hold'em No Limit ($0.50/$1.00 USD) - 2025/01/19 1:43:22 WET [2025/01/19 20:43:22 ET]
Table 'Vinata III' 6-max Seat #5 is the button
Seat 1: mossgez ($40.68 in chips) 
Seat 2: Tibibacsi ($101.50 in chips) 
Seat 3: probes75 ($130.34 in chips) 
Seat 4: rrrro ($109.95 in chips) 
Seat 5: Timonessb ($106.28 in chips) 
Seat 6: belgianbeer2 ($100 in chips) 
belgianbeer2: posts small blind $0.50
mossgez: posts big blind $1
*** HOLE CARDS ***
Tibibacsi: folds 
probes75: raises $2 to $3
rrrro: folds 
Timonessb: folds 
belgianbeer2: folds 
mossgez: folds 
Uncalled bet ($2) returned to probes75
probes75 collected $2.50 from pot
probes75: doesn't show hand 
*** SUMMARY ***
Total pot $2.50 | Rake $0 
Seat 1: mossgez (big blind) folded before Flop
Seat 2: Tibibacsi folded before Flop (didn't bet)
Seat 3: probes75 collected ($2.50)
Seat 4: rrrro folded before Flop (didn't bet)
Seat 5: Timonessb (button) folded before Flop (didn't bet)
Seat 6: belgianbeer2 (small blind) folded before Flop



PokerStars Hand #254460323843:  Hold'em No Limit ($0.50/$1.00 USD) - 2025/01/19 1:43:40 WET [2025/01/19 20:43:40 ET]
Table 'Vinata III' 6-max Seat #6 is the button
Seat 1: mossgez ($39.68 in chips) 
Seat 2: Tibibacsi ($101.50 in chips) 
Seat 3: probes75 ($131.84 in chips) 
Seat 4: rrrro ($109.95 in chips) 
Seat 5: Timonessb ($106.28 in chips) 
Seat 6: belgianbeer2 ($100 in chips) 
mossgez: posts small blind $0.50
Tibibacsi: posts big blind $1
*** HOLE CARDS ***
probes75: raises $1 to $2
rrrro: folds 
Timonessb: folds 
belgianbeer2: folds 
mossgez: folds 
Tibibacsi: folds 
Uncalled bet ($1) returned to probes75
probes75 collected $2.50 from pot
probes75: doesn't show hand 
*** SUMMARY ***
Total pot $2.50 | Rake $0 
Seat 1: mossgez (small blind) folded before Flop
Seat 2: Tibibacsi (big blind) folded before Flop
Seat 3: probes75 collected ($2.50)
Seat 4: rrrro folded before Flop (didn't bet)
Seat 5: Timonessb folded before Flop (didn't bet)
Seat 6: belgianbeer2 (button) folded before Flop (didn't bet)



PokerStars Hand #254460327700:  Hold'em No Limit ($0.50/$1.00 USD) - 2025/01/19 1:44:02 WET [2025/01/19 20:44:02 ET]
Table 'Vinata III' 6-max Seat #1 is the button
Seat 1: mossgez ($39.18 in chips) 
Seat 2: Tibibacsi ($100.50 in chips) 
Seat 3: probes75 ($133.34 in chips) 
Seat 4: rrrro ($109.95 in chips) 
Seat 5: Timonessb ($106.28 in chips) 
Seat 6: belgianbeer2 ($100 in chips) 
Tibibacsi: posts small blind $0.50
probes75: posts big blind $1
*** HOLE CARDS ***
rrrro: folds 
Timonessb: raises $1.30 to $2.30
belgianbeer2: folds 
mossgez: folds 
Tibibacsi: folds 
probes75: calls $1.30
*** FLOP *** [5s 2h 7d]
probes75: checks 
Timonessb: bets $1
probes75: raises $3 to $4
Timonessb: raises $4 to $8
probes75: calls $4
*** TURN *** [5s 2h 7d] [6c]
probes75: checks 
Timonessb: bets $16
probes75: folds 
Uncalled bet ($16) returned to Timonessb
Timonessb collected $20.04 from pot
Timonessb: doesn't show hand 
*** SUMMARY ***
Total pot $21.10 | Rake $1.06 
Board [5s 2h 7d 6c]
Seat 1: mossgez (button) folded before Flop (didn't bet)
Seat 2: Tibibacsi (small blind) folded before Flop
Seat 3: probes75 (big blind) folded on the Turn
Seat 4: rrrro folded before Flop (didn't bet)
Seat 5: Timonessb collected ($20.04)
Seat 6: belgianbeer2 folded before Flop (didn't bet)



PokerStars Hand #254460339341:  Hold'em No Limit ($0.50/$1.00 USD) - 2025/01/19 1:45:09 WET [2025/01/19 20:45:09 ET]
Table 'Vinata III' 6-max Seat #2 is the button
Seat 1: mossgez ($39.18 in chips) 
Seat 2: Tibibacsi ($100 in chips) 
Seat 3: probes75 ($123.04 in chips) 
Seat 4: rrrro ($109.95 in chips) 
Seat 5: Timonessb ($116.02 in chips) 
Seat 6: belgianbeer2 ($100 in chips) 
probes75: posts small blind $0.50
rrrro: posts big blind $1
*** HOLE CARDS ***
Timonessb: folds 
belgianbeer2: folds 
mossgez: folds 
Tibibacsi: folds 
probes75: folds 
Uncalled bet ($0.50) returned to rrrro
rrrro collected $1 from pot
rrrro: doesn't show hand 
*** SUMMARY ***
Total pot $1 | Rake $0 
Seat 1: mossgez folded before Flop (didn't bet)
Seat 2: Tibibacsi (button) folded before Flop (didn't bet)
Seat 3: probes75 (small blind) folded before Flop
Seat 4: rrrro (big blind) collected ($1)
Seat 5: Timonessb folded before Flop (didn't bet)
Seat 6: belgianbeer2 folded before Flop (didn't bet)



PokerStars Hand #254460341115:  Hold'em No Limit ($0.50/$1.00 USD) - 2025/01/19 1:45:19 WET [2025/01/19 20:45:19 ET]
Table 'Vinata III' 6-max Seat #3 is the button
Seat 1: mossgez ($39.18 in chips) 
Seat 2: Tibibacsi ($100 in chips) 
Seat 3: probes75 ($122.54 in chips) 
Seat 4: rrrro ($110.45 in chips) 
Seat 5: Timonessb ($116.02 in chips) 
Seat 6: belgianbeer2 ($100 in chips) 
rrrro: posts small blind $0.50
Timonessb: posts big blind $1
*** HOLE CARDS ***
belgianbeer2: folds 
mossgez: folds 
Tibibacsi: raises $1 to $2
probes75: folds 
rrrro: folds 
Timonessb: calls $1
*** FLOP *** [6h Jd 2h]
Timonessb: checks 
Tibibacsi: checks 
*** TURN *** [6h Jd 2h] [2s]
Timonessb: checks 
Tibibacsi: checks 
*** RIVER *** [6h Jd 2h 2s] [5c]
Timonessb: checks 
Tibibacsi: checks 
*** SHOW DOWN ***
Timonessb: shows [8h 9d] (a pair of Deuces)
Tibibacsi: shows [Kh Qs] (a pair of Deuces - King kicker)
Tibibacsi collected $4.28 from pot
*** SUMMARY ***
Total pot $4.50 | Rake $0.22 
Board [6h Jd 2h 2s 5c]
Seat 1: mossgez folded before Flop (didn't bet)
Seat 2: Tibibacsi showed [Kh Qs] and won ($4.28) with a pair of Deuces
Seat 3: probes75 (button) folded before Flop (didn't bet)
Seat 4: rrrro (small blind) folded before Flop
Seat 5: Timonessb (big blind) showed [8h 9d] and lost with a pair of Deuces
Seat 6: belgianbeer2 folded before Flop (didn't bet)



PokerStars Hand #254460348609:  Hold'em No Limit ($0.50/$1.00 USD) - 2025/01/19 1:46:02 WET [2025/01/19 20:46:02 ET]
Table 'Vinata III' 6-max Seat #4 is the button
Seat 1: mossgez ($39.18 in chips) 
Seat 2: Tibibacsi ($102.28 in chips) 
Seat 3: probes75 ($122.54 in chips) 
Seat 4: rrrro ($109.95 in chips) 
Seat 5: Timonessb ($114.02 in chips) 
Seat 6: belgianbeer2 ($100 in chips) 
Timonessb: posts small blind $0.50
belgianbeer2: posts big blind $1
*** HOLE CARDS ***
mossgez: folds 
Tibibacsi: folds 
probes75: folds 
rrrro: folds 
Timonessb: raises $2 to $3
belgianbeer2: folds 
Uncalled bet ($2) returned to Timonessb
Timonessb collected $2 from pot
Timonessb: doesn't show hand 
*** SUMMARY ***
Total pot $2 | Rake $0 
Seat 1: mossgez folded before Flop (didn't bet)
Seat 2: Tibibacsi folded before Flop (didn't bet)
Seat 3: probes75 folded before Flop (didn't bet)
Seat 4: rrrro (button) folded before Flop (didn't bet)
Seat 5: Timonessb (small blind) collected ($2)
Seat 6: belgianbeer2 (big blind) folded before Flop



PokerStars Hand #254460351533:  Hold'em No Limit ($0.50/$1.00 USD) - 2025/01/19 1:46:19 WET [2025/01/19 20:46:19 ET]
Table 'Vinata III' 6-max Seat #5 is the button
Seat 1: mossgez ($39.18 in chips) 
Seat 2: Tibibacsi ($102.28 in chips) 
Seat 3: probes75 ($122.54 in chips) 
Seat 4: rrrro ($109.95 in chips) 
Seat 5: Timonessb ($115.02 in chips) 
Seat 6: belgianbeer2 ($100 in chips) 
belgianbeer2: posts small blind $0.50
mossgez: posts big blind $1
*** HOLE CARDS ***
Tibibacsi: folds 
probes75: folds 
rrrro: folds 
Timonessb: raises $1.50 to $2.50
belgianbeer2: folds 
mossgez: calls $1.50
*** FLOP *** [5h Kc 2s]
mossgez: checks 
Timonessb: bets $1.72
mossgez: calls $1.72
*** TURN *** [5h Kc 2s] [6d]
mossgez: checks 
Timonessb: checks 
*** RIVER *** [5h Kc 2s 6d] [As]
mossgez: checks 
Timonessb: checks 
*** SHOW DOWN ***
mossgez: shows [3h Ad] (a pair of Aces)
Timonessb: mucks hand 
mossgez collected $8.49 from pot
*** SUMMARY ***
Total pot $8.94 | Rake $0.45 
Board [5h Kc 2s 6d As]
Seat 1: mossgez (big blind) showed [3h Ad] and won ($8.49) with a pair of Aces
Seat 2: Tibibacsi folded before Flop (didn't bet)
Seat 3: probes75 folded before Flop (didn't bet)
Seat 4: rrrro folded before Flop (didn't bet)
Seat 5: Timonessb (button) mucked
Seat 6: belgianbeer2 (small blind) folded before Flop



PokerStars Hand #254460357035:  Hold'em No Limit ($0.50/$1.00 USD) - 2025/01/19 1:46:51 WET [2025/01/19 20:46:51 ET]
Table 'Vinata III' 6-max Seat #6 is the button
Seat 1: mossgez ($43.45 in chips) 
Seat 2: Tibibacsi ($102.28 in chips) 
Seat 3: probes75 ($122.54 in chips) 
Seat 4: rrrro ($109.95 in chips) 
Seat 5: Timonessb ($110.80 in chips) 
Seat 6: belgianbeer2 ($100 in chips) 
mossgez: posts small blind $0.50
Tibibacsi: posts big blind $1
*** HOLE CARDS ***
probes75: folds 
rrrro: raises $1 to $2
Timonessb: raises $5.50 to $7.50
belgianbeer2: folds 
mossgez: folds 
Tibibacsi: folds 
rrrro: folds 
Uncalled bet ($5.50) returned to Timonessb
Timonessb collected $5.50 from pot
Timonessb: doesn't show hand 
*** SUMMARY ***
Total pot $5.50 | Rake $0 
Seat 1: mossgez (small blind) folded before Flop
Seat 2: Tibibacsi (big blind) folded before Flop
Seat 3: probes75 folded before Flop (didn't bet)
Seat 4: rrrro folded before Flop
Seat 5: Timonessb collected ($5.50)
Seat 6: belgianbeer2 (button) folded before Flop (didn't bet)



PokerStars Hand #254460360458:  Hold'em No Limit ($0.50/$1.00 USD) - 2025/01/19 1:47:12 WET [2025/01/19 20:47:12 ET]
Table 'Vinata III' 6-max Seat #1 is the button
Seat 1: mossgez ($42.95 in chips) 
Seat 2: Tibibacsi ($101.28 in chips) 
Seat 3: probes75 ($122.54 in chips) 
Seat 4: rrrro ($107.95 in chips) 
Seat 5: Timonessb ($114.30 in chips) 
Seat 6: belgianbeer2 ($100 in chips) 
Tibibacsi: posts small blind $0.50
probes75: posts big blind $1
*** HOLE CARDS ***
rrrro: folds 
Timonessb: folds 
belgianbeer2: raises $1.50 to $2.50
mossgez: calls $2.50
Tibibacsi: folds 
probes75: calls $1.50
*** FLOP *** [3c 4s 2h]
probes75: checks 
belgianbeer2: checks 
mossgez: checks 
*** TURN *** [3c 4s 2h] [4c]
probes75: bets $3.80
belgianbeer2: folds 
mossgez: calls $3.80
*** RIVER *** [3c 4s 2h 4c] [As]
probes75: bets $7.41
mossgez: calls $7.41
*** SHOW DOWN ***
probes75: shows [2c Ac] (two pair, Aces and Fours)
mossgez: shows [5d Jd] (a straight, Ace to Five)
mossgez collected $28.90 from pot
*** SUMMARY ***
Total pot $30.42 | Rake $1.52 
Board [3c 4s 2h 4c As]
Seat 1: mossgez (button) showed [5d Jd] and won ($28.90) with a straight, Ace to Five
Seat 2: Tibibacsi (small blind) folded before Flop
Seat 3: probes75 (big blind) showed [2c Ac] and lost with two pair, Aces and Fours
Seat 4: rrrro folded before Flop (didn't bet)
Seat 5: Timonessb folded before Flop (didn't bet)
Seat 6: belgianbeer2 folded on the Turn



PokerStars Hand #254460368811:  Hold'em No Limit ($0.50/$1.00 USD) - 2025/01/19 1:48:01 WET [2025/01/19 20:48:01 ET]
Table 'Vinata III' 6-max Seat #2 is the button
Seat 1: mossgez ($58.14 in chips) 
Seat 2: Tibibacsi ($100.78 in chips) 
Seat 3: probes75 ($108.83 in chips) 
Seat 4: rrrro ($107.95 in chips) 
Seat 5: Timonessb ($114.30 in chips) 
Seat 6: belgianbeer2 ($100 in chips) 
probes75: posts small blind $0.50
rrrro: posts big blind $1
*** HOLE CARDS ***
Timonessb: folds 
belgianbeer2: folds 
mossgez: raises $2 to $3
Tibibacsi: folds 
probes75: folds 
rrrro: folds 
Uncalled bet ($2) returned to mossgez
mossgez collected $2.50 from pot
*** SUMMARY ***
Total pot $2.50 | Rake $0 
Seat 1: mossgez collected ($2.50)
Seat 2: Tibibacsi (button) folded before Flop (didn't bet)
Seat 3: probes75 (small blind) folded before Flop
Seat 4: rrrro (big blind) folded before Flop
Seat 5: Timonessb folded before Flop (didn't bet)
Seat 6: belgianbeer2 folded before Flop (didn't bet)



PokerStars Hand #254460374181:  Hold'em No Limit ($0.50/$1.00 USD) - 2025/01/19 1:48:33 WET [2025/01/19 20:48:33 ET]
Table 'Vinata III' 6-max Seat #3 is the button
Seat 1: mossgez ($59.64 in chips) 
Seat 2: Tibibacsi ($100.78 in chips) 
Seat 3: probes75 ($108.33 in chips) 
Seat 4: rrrro ($106.95 in chips) 
Seat 5: Timonessb ($114.30 in chips) 
Seat 6: belgianbeer2 ($100 in chips) 
rrrro: posts small blind $0.50
Timonessb: posts big blind $1
*** HOLE CARDS ***
belgianbeer2: folds 
mossgez: raises $2 to $3
Tibibacsi: folds 
probes75: folds 
rrrro: folds 
Timonessb: folds 
Uncalled bet ($2) returned to mossgez
mossgez collected $2.50 from pot
*** SUMMARY ***
Total pot $2.50 | Rake $0 
Seat 1: mossgez collected ($2.50)
Seat 2: Tibibacsi folded before Flop (didn't bet)
Seat 3: probes75 (button) folded before Flop (didn't bet)
Seat 4: rrrro (small blind) folded before Flop
Seat 5: Timonessb (big blind) folded before Flop
Seat 6: belgianbeer2 folded before Flop (didn't bet)



PokerStars Hand #254460376749:  Hold'em No Limit ($0.50/$1.00 USD) - 2025/01/19 1:48:48 WET [2025/01/19 20:48:48 ET]
Table 'Vinata III' 6-max Seat #4 is the button
Seat 1: mossgez ($61.14 in chips) 
Seat 2: Tibibacsi ($100.78 in chips) 
Seat 3: probes75 ($108.33 in chips) 
Seat 4: rrrro ($106.45 in chips) 
Seat 5: Timonessb ($113.30 in chips) 
Seat 6: belgianbeer2 ($100 in chips) 
Timonessb: posts small blind $0.50
belgianbeer2: posts big blind $1
*** HOLE CARDS ***
mossgez: folds 
Tibibacsi: folds 
probes75: folds 
rrrro: raises $1.50 to $2.50
Timonessb: folds 
belgianbeer2: folds 
Uncalled bet ($1.50) returned to rrrro
rrrro collected $2.50 from pot
rrrro: doesn't show hand 
*** SUMMARY ***
Total pot $2.50 | Rake $0 
Seat 1: mossgez folded before Flop (didn't bet)
Seat 2: Tibibacsi folded before Flop (didn't bet)
Seat 3: probes75 folded before Flop (didn't bet)
Seat 4: rrrro (button) collected ($2.50)
Seat 5: Timonessb (small blind) folded before Flop
Seat 6: belgianbeer2 (big blind) folded before Flop



PokerStars Hand #254460381538:  Hold'em No Limit ($0.50/$1.00 USD) - 2025/01/19 1:49:16 WET [2025/01/19 20:49:16 ET]
Table 'Vinata III' 6-max Seat #5 is the button
Seat 1: mossgez ($61.14 in chips) 
Seat 2: Tibibacsi ($100.78 in chips) 
Seat 3: probes75 ($108.33 in chips) 
Seat 4: rrrro ($107.95 in chips) 
Seat 5: Timonessb ($112.80 in chips) 
Seat 6: belgianbeer2 ($100 in chips) 
belgianbeer2: posts small blind $0.50
mossgez: posts big blind $1
*** HOLE CARDS ***
Tibibacsi: folds 
probes75: folds 
rrrro: folds 
Timonessb: folds 
belgianbeer2: raises $1.50 to $2.50
mossgez: folds 
Uncalled bet ($1.50) returned to belgianbeer2
mossgez leaves the table
belgianbeer2 collected $2 from pot
belgianbeer2: doesn't show hand 
*** SUMMARY ***
Total pot $2 | Rake $0 
Seat 1: mossgez (big blind) folded before Flop
Seat 2: Tibibacsi folded before Flop (didn't bet)
Seat 3: probes75 folded before Flop (didn't bet)
Seat 4: rrrro folded before Flop (didn't bet)
Seat 5: Timonessb (button) folded before Flop (didn't bet)
Seat 6: belgianbeer2 (small blind) collected ($2)



PokerStars Hand #254460383704:  Hold'em No Limit ($0.50/$1.00 USD) - 2025/01/19 1:49:29 WET [2025/01/19 20:49:29 ET]
Table 'Vinata III' 6-max Seat #6 is the button
Seat 2: Tibibacsi ($100.78 in chips) 
Seat 3: probes75 ($108.33 in chips) 
Seat 4: rrrro ($107.95 in chips) 
Seat 5: Timonessb ($112.80 in chips) 
Seat 6: belgianbeer2 ($101 in chips) 
Tibibacsi: posts small blind $0.50
probes75: posts big blind $1
*** HOLE CARDS ***
rrrro: folds 
Timonessb: folds 
belgianbeer2: raises $1.50 to $2.50
Tibibacsi: folds 
probes75: folds 
Uncalled bet ($1.50) returned to belgianbeer2
avlee1 joins the table at seat #1 
belgianbeer2 collected $2.50 from pot
belgianbeer2: doesn't show hand 
*** SUMMARY ***
Total pot $2.50 | Rake $0 
Seat 2: Tibibacsi (small blind) folded before Flop
Seat 3: probes75 (big blind) folded before Flop
Seat 4: rrrro folded before Flop (didn't bet)
Seat 5: Timonessb folded before Flop (didn't bet)
Seat 6: belgianbeer2 (button) collected ($2.50)



PokerStars Hand #254460387099:  Hold'em No Limit ($0.50/$1.00 USD) - 2025/01/19 1:49:49 WET [2025/01/19 20:49:49 ET]
Table 'Vinata III' 6-max Seat #2 is the button
Seat 1: avlee1 ($100 in chips) is sitting out
Seat 2: Tibibacsi ($100.28 in chips) 
Seat 3: probes75 ($107.33 in chips) 
Seat 4: rrrro ($107.95 in chips) 
Seat 5: Timonessb ($112.80 in chips) 
Seat 6: belgianbeer2 ($102.50 in chips) 
probes75: posts small blind $0.50
rrrro: posts big blind $1
avlee1: sits out 
*** HOLE CARDS ***
Timonessb: folds 
belgianbeer2: folds 
Tibibacsi: raises $1.50 to $2.50
probes75: folds 
rrrro: folds 
Uncalled bet ($1.50) returned to Tibibacsi
Tibibacsi collected $2.50 from pot
Tibibacsi: doesn't show hand 
*** SUMMARY ***
Total pot $2.50 | Rake $0 
Seat 1: avlee1
Seat 2: Tibibacsi (button) collected ($2.50)
Seat 3: probes75 (small blind) folded before Flop
Seat 4: rrrro (big blind) folded before Flop
Seat 5: Timonessb folded before Flop (didn't bet)
Seat 6: belgianbeer2 folded before Flop (didn't bet)



PokerStars Hand #254460391184:  Hold'em No Limit ($0.50/$1.00 USD) - 2025/01/19 1:50:13 WET [2025/01/19 20:50:13 ET]
Table 'Vinata III' 6-max Seat #3 is the button
Seat 1: avlee1 ($100 in chips) is sitting out
Seat 2: Tibibacsi ($101.78 in chips) 
Seat 3: probes75 ($106.83 in chips) 
Seat 4: rrrro ($106.95 in chips) 
Seat 5: Timonessb ($112.80 in chips) 
Seat 6: belgianbeer2 ($102.50 in chips) 
rrrro: posts small blind $0.50
Timonessb: posts big blind $1
avlee1: sits out 
*** HOLE CARDS ***
belgianbeer2: raises $1.50 to $2.50
Tibibacsi: folds 
probes75: calls $2.50
rrrro: folds 
Timonessb: folds 
*** FLOP *** [Tc Qs Kc]
belgianbeer2: checks 
probes75: checks 
*** TURN *** [Tc Qs Kc] [5d]
belgianbeer2: checks 
probes75: checks 
*** RIVER *** [Tc Qs Kc 5d] [4d]
belgianbeer2: checks 
probes75: checks 
*** SHOW DOWN ***
belgianbeer2: shows [8d 8h] (a pair of Eights)
probes75: shows [Ts Jd] (a pair of Tens)
probes75 collected $6.18 from pot
*** SUMMARY ***
Total pot $6.50 | Rake $0.32 
Board [Tc Qs Kc 5d 4d]
Seat 1: avlee1
Seat 2: Tibibacsi folded before Flop (didn't bet)
Seat 3: probes75 (button) showed [Ts Jd] and won ($6.18) with a pair of Tens
Seat 4: rrrro (small blind) folded before Flop
Seat 5: Timonessb (big blind) folded before Flop
Seat 6: belgianbeer2 showed [8d 8h] and lost with a pair of Eights



PokerStars Hand #254460398131:  Hold'em No Limit ($0.50/$1.00 USD) - 2025/01/19 1:50:54 WET [2025/01/19 20:50:54 ET]
Table 'Vinata III' 6-max Seat #4 is the button
Seat 1: avlee1 ($100 in chips) is sitting out
Seat 2: Tibibacsi ($101.78 in chips) 
Seat 3: probes75 ($110.51 in chips) 
Seat 4: rrrro ($106.45 in chips) 
Seat 5: Timonessb ($111.80 in chips) 
Seat 6: belgianbeer2 ($100 in chips) 
Timonessb: posts small blind $0.50
belgianbeer2: posts big blind $1
avlee1: sits out 
*** HOLE CARDS ***
Tibibacsi: folds 
probes75: folds 
rrrro: folds 
Timonessb: folds 
Uncalled bet ($0.50) returned to belgianbeer2
belgianbeer2 collected $1 from pot
belgianbeer2: doesn't show hand 
*** SUMMARY ***
Total pot $1 | Rake $0 
Seat 1: avlee1
Seat 2: Tibibacsi folded before Flop (didn't bet)
Seat 3: probes75 folded before Flop (didn't bet)
Seat 4: rrrro (button) folded before Flop (didn't bet)
Seat 5: Timonessb (small blind) folded before Flop
Seat 6: belgianbeer2 (big blind) collected ($1)



PokerStars Hand #254460400543:  Hold'em No Limit ($0.50/$1.00 USD) - 2025/01/19 1:51:08 WET [2025/01/19 20:51:08 ET]
Table 'Vinata III' 6-max Seat #5 is the button
Seat 1: avlee1 ($100 in chips) 
Seat 2: Tibibacsi ($101.78 in chips) 
Seat 3: probes75 ($110.51 in chips) 
Seat 4: rrrro ($106.45 in chips) 
Seat 5: Timonessb ($111.30 in chips) 
Seat 6: belgianbeer2 ($100.50 in chips) 
belgianbeer2: posts small blind $0.50
avlee1: posts big blind $1
*** HOLE CARDS ***
Tibibacsi: raises $1 to $2
probes75: folds 
rrrro: folds 
Timonessb: folds 
belgianbeer2: folds 
avlee1: folds 
Uncalled bet ($1) returned to Tibibacsi
Tibibacsi collected $2.50 from pot
Tibibacsi: doesn't show hand 
*** SUMMARY ***
Total pot $2.50 | Rake $0 
Seat 1: avlee1 (big blind) folded before Flop
Seat 2: Tibibacsi collected ($2.50)
Seat 3: probes75 folded before Flop (didn't bet)
Seat 4: rrrro folded before Flop (didn't bet)
Seat 5: Timonessb (button) folded before Flop (didn't bet)
Seat 6: belgianbeer2 (small blind) folded before Flop



PokerStars Hand #254460403310:  Hold'em No Limit ($0.50/$1.00 USD) - 2025/01/19 1:51:24 WET [2025/01/19 20:51:24 ET]
Table 'Vinata III' 6-max Seat #6 is the button
Seat 2: Tibibacsi ($103.28 in chips) is sitting out
Seat 1: avlee1 ($100 in chips) 
Seat 3: probes75 ($110.51 in chips) 
Seat 4: rrrro ($106.45 in chips) 
Seat 5: Timonessb ($111.30 in chips) 
Seat 6: belgianbeer2 ($100 in chips) 
avlee1: posts small blind $0.50
Tibibacsi: is sitting out 
probes75: posts big blind $1
*** HOLE CARDS ***
rrrro: folds 
Timonessb: folds 
Tibibacsi leaves the table
belgianbeer2: folds 
stevoooo34 joins the table at seat #2 
stevoooo34 is disconnected 
avlee1: raises $2 to $3
probes75: calls $2
*** FLOP *** [Jd Qh 2c]
avlee1: bets $1.60
probes75: calls $1.60
*** TURN *** [Jd Qh 2c] [9c]
avlee1: checks 
probes75: checks 
*** RIVER *** [Jd Qh 2c 9c] [Ad]
avlee1: checks 
probes75: bets $4.37
avlee1: folds 
Uncalled bet ($4.37) returned to probes75
probes75 collected $8.74 from pot
probes75: doesn't show hand 
*** SUMMARY ***
Total pot $9.20 | Rake $0.46 
Board [Jd Qh 2c 9c Ad]
Seat 2: Tibibacsi
Seat 1: avlee1 (small blind) folded on the River
Seat 3: probes75 (big blind) collected ($8.74)
Seat 4: rrrro folded before Flop (didn't bet)
Seat 5: Timonessb folded before Flop (didn't bet)
Seat 6: belgianbeer2 (button) folded before Flop (didn't bet)



PokerStars Hand #254460411864:  Hold'em No Limit ($0.50/$1.00 USD) - 2025/01/19 1:52:15 WET [2025/01/19 20:52:15 ET]
Table 'Vinata III' 6-max Seat #1 is the button
Seat 2: stevoooo34 ($14.23 in chips) is sitting out
Seat 1: avlee1 ($100 in chips) 
Seat 3: probes75 ($114.65 in chips) 
Seat 4: rrrro ($106.45 in chips) 
Seat 5: Timonessb ($111.30 in chips) 
Seat 6: belgianbeer2 ($100 in chips) 
probes75: posts small blind $0.50
rrrro: posts big blind $1
*** HOLE CARDS ***
Timonessb: folds 
belgianbeer2: raises $1.50 to $2.50
avlee1: folds 
probes75: raises $4.50 to $7
rrrro: folds 
belgianbeer2: folds 
Uncalled bet ($4.50) returned to probes75
probes75 collected $6 from pot
probes75: doesn't show hand 
*** SUMMARY ***
Total pot $6 | Rake $0 
Seat 2: stevoooo34
Seat 1: avlee1 (button) folded before Flop (didn't bet)
Seat 3: probes75 (small blind) collected ($6)
Seat 4: rrrro (big blind) folded before Flop
Seat 5: Timonessb folded before Flop (didn't bet)
Seat 6: belgianbeer2 folded before Flop



PokerStars Hand #254460416862:  Hold'em No Limit ($0.50/$1.00 USD) - 2025/01/19 1:52:45 WET [2025/01/19 20:52:45 ET]
Table 'Vinata III' 6-max Seat #3 is the button
Seat 1: avlee1 ($100 in chips) 
Seat 2: stevoooo34 ($14.23 in chips) 
Seat 3: probes75 ($118.15 in chips) 
Seat 4: rrrro ($105.45 in chips) 
Seat 5: Timonessb ($111.30 in chips) 
Seat 6: belgianbeer2 ($100 in chips) 
rrrro: posts small blind $0.50
Timonessb: posts big blind $1
stevoooo34: posts big blind $1
*** HOLE CARDS ***
belgianbeer2: folds 
avlee1: folds 
stevoooo34: raises $1 to $2
probes75: folds 
rrrro: folds 
Timonessb: raises $12 to $14
stevoooo34: folds 
Uncalled bet ($12) returned to Timonessb
Timonessb collected $4.50 from pot
Timonessb: doesn't show hand 
*** SUMMARY ***
Total pot $4.50 | Rake $0 
Seat 1: avlee1 folded before Flop (didn't bet)
Seat 2: stevoooo34 folded before Flop
Seat 3: probes75 (button) folded before Flop (didn't bet)
Seat 4: rrrro (small blind) folded before Flop
Seat 5: Timonessb (big blind) collected ($4.50)
Seat 6: belgianbeer2 folded before Flop (didn't bet)



PokerStars Hand #254460421922:  Hold'em No Limit ($0.50/$1.00 USD) - 2025/01/19 1:53:15 WET [2025/01/19 20:53:15 ET]
Table 'Vinata III' 6-max Seat #4 is the button
Seat 1: avlee1 ($100 in chips) 
Seat 2: stevoooo34 ($12.23 in chips) 
Seat 3: probes75 ($118.15 in chips) 
Seat 4: rrrro ($104.95 in chips) 
Seat 5: Timonessb ($113.80 in chips) 
Seat 6: belgianbeer2 ($100 in chips) 
Timonessb: posts small blind $0.50
belgianbeer2: posts big blind $1
*** HOLE CARDS ***
avlee1: raises $1.50 to $2.50
stevoooo34: calls $2.50
probes75: folds 
rrrro: folds 
Timonessb: raises $10.50 to $13
belgianbeer2: folds 
avlee1: folds 
stevoooo34: calls $9.73 and is all-in
Uncalled bet ($0.77) returned to Timonessb
*** FLOP *** [9d Qs 6d]
*** TURN *** [9d Qs 6d] [9s]
*** RIVER *** [9d Qs 6d 9s] [5c]
*** SHOW DOWN ***
Timonessb: shows [8s 8c] (two pair, Nines and Eights)
stevoooo34: shows [Qd Kd] (two pair, Queens and Nines)
stevoooo34 collected $26.56 from pot
*** SUMMARY ***
Total pot $27.96 | Rake $1.40 
Board [9d Qs 6d 9s 5c]
Seat 1: avlee1 folded before Flop
Seat 2: stevoooo34 showed [Qd Kd] and won ($26.56) with two pair, Queens and Nines
Seat 3: probes75 folded before Flop (didn't bet)
Seat 4: rrrro (button) folded before Flop (didn't bet)
Seat 5: Timonessb (small blind) showed [8s 8c] and lost with two pair, Nines and Eights
Seat 6: belgianbeer2 (big blind) folded before Flop



PokerStars Hand #254460431371:  Hold'em No Limit ($0.50/$1.00 USD) - 2025/01/19 1:54:11 WET [2025/01/19 20:54:11 ET]
Table 'Vinata III' 6-max Seat #5 is the button
Seat 1: avlee1 ($100 in chips) is sitting out
Seat 2: stevoooo34 ($26.56 in chips) 
Seat 3: probes75 ($118.15 in chips) 
Seat 4: rrrro ($104.95 in chips) 
Seat 5: Timonessb ($101.57 in chips) 
Seat 6: belgianbeer2 ($100 in chips) 
belgianbeer2: posts small blind $0.50
avlee1: is sitting out 
stevoooo34: posts big blind $1
*** HOLE CARDS ***
probes75: folds 
avlee1 leaves the table
rrrro: folds 
Timonessb: folds 
belgianbeer2: raises $1.50 to $2.50
stevoooo34: folds 
Uncalled bet ($1.50) returned to belgianbeer2
belgianbeer2 collected $2 from pot
belgianbeer2: doesn't show hand 
*** SUMMARY ***
Total pot $2 | Rake $0 
Seat 1: avlee1
Seat 2: stevoooo34 (big blind) folded before Flop
Seat 3: probes75 folded before Flop (didn't bet)
Seat 4: rrrro folded before Flop (didn't bet)
Seat 5: Timonessb (button) folded before Flop (didn't bet)
Seat 6: belgianbeer2 (small blind) collected ($2)



PokerStars Hand #254460434463:  Hold'em No Limit ($0.50/$1.00 USD) - 2025/01/19 1:54:30 WET [2025/01/19 20:54:30 ET]
Table 'Vinata III' 6-max Seat #6 is the button
Seat 2: stevoooo34 ($25.56 in chips) 
Seat 3: probes75 ($118.15 in chips) 
Seat 4: rrrro ($104.95 in chips) 
Seat 5: Timonessb ($101.57 in chips) 
Seat 6: belgianbeer2 ($101 in chips) 
stevoooo34: posts small blind $0.50
probes75: posts big blind $1
*** HOLE CARDS ***
rrrro: folds 
Timonessb: folds 
belgianbeer2: raises $1.50 to $2.50
stevoooo34: folds 
probes75: calls $1.50
*** FLOP *** [6h Kh 4c]
probes75: checks 
belgianbeer2: bets $1.72
probes75: folds 
Uncalled bet ($1.72) returned to belgianbeer2
belgianbeer2 collected $5.22 from pot
belgianbeer2: doesn't show hand 
*** SUMMARY ***
Total pot $5.50 | Rake $0.28 
Board [6h Kh 4c]
Seat 2: stevoooo34 (small blind) folded before Flop
Seat 3: probes75 (big blind) folded on the Flop
Seat 4: rrrro folded before Flop (didn't bet)
Seat 5: Timonessb folded before Flop (didn't bet)
Seat 6: belgianbeer2 (button) collected ($5.22)



PokerStars Hand #254460440285:  Hold'em No Limit ($0.50/$1.00 USD) - 2025/01/19 1:55:05 WET [2025/01/19 20:55:05 ET]
Table 'Vinata III' 6-max Seat #2 is the button
Seat 2: stevoooo34 ($25.06 in chips) 
Seat 3: probes75 ($115.65 in chips) 
Seat 4: rrrro ($104.95 in chips) 
Seat 5: Timonessb ($101.57 in chips) 
Seat 6: belgianbeer2 ($103.72 in chips) 
probes75: posts small blind $0.50
rrrro: posts big blind $1
*** HOLE CARDS ***
Timonessb: raises $1.50 to $2.50
belgianbeer2: folds 
stevoooo34: folds 
probes75: folds 
rrrro: folds 
Uncalled bet ($1.50) returned to Timonessb
Timonessb collected $2.50 from pot
Timonessb: doesn't show hand 
*** SUMMARY ***
Total pot $2.50 | Rake $0 
Seat 2: stevoooo34 (button) folded before Flop (didn't bet)
Seat 3: probes75 (small blind) folded before Flop
Seat 4: rrrro (big blind) folded before Flop
Seat 5: Timonessb collected ($2.50)
Seat 6: belgianbeer2 folded before Flop (didn't bet)



PokerStars Hand #254460442457:  Hold'em No Limit ($0.50/$1.00 USD) - 2025/01/19 1:55:23 WET [2025/01/19 20:55:23 ET]
Table 'Vinata III' 6-max Seat #3 is the button
Seat 2: stevoooo34 ($25.06 in chips) 
Seat 3: probes75 ($115.15 in chips) 
Seat 4: rrrro ($103.95 in chips) 
Seat 5: Timonessb ($103.07 in chips) 
Seat 6: belgianbeer2 ($103.72 in chips) 
rrrro: posts small blind $0.50
Timonessb: posts big blind $1
*** HOLE CARDS ***
belgianbeer2: folds 
stevoooo34: folds 
probes75: raises $2 to $3
rrrro: folds 
Timonessb: calls $2
*** FLOP *** [Qh Jc 4s]
Timonessb: checks 
probes75: bets $4
Timonessb: folds 
Uncalled bet ($4) returned to probes75
probes75 collected $6.18 from pot
probes75: doesn't show hand 
*** SUMMARY ***
Total pot $6.50 | Rake $0.32 
Board [Qh Jc 4s]
Seat 2: stevoooo34 folded before Flop (didn't bet)
Seat 3: probes75 (button) collected ($6.18)
Seat 4: rrrro (small blind) folded before Flop
Seat 5: Timonessb (big blind) folded on the Flop
Seat 6: belgianbeer2 folded before Flop (didn't bet)



PokerStars Hand #254460446460:  Hold'em No Limit ($0.50/$1.00 USD) - 2025/01/19 1:55:55 WET [2025/01/19 20:55:55 ET]
Table 'Vinata III' 6-max Seat #4 is the button
Seat 2: stevoooo34 ($25.06 in chips) 
Seat 3: probes75 ($118.33 in chips) 
Seat 4: rrrro ($103.45 in chips) 
Seat 5: Timonessb ($100.07 in chips) 
Seat 6: belgianbeer2 ($103.72 in chips) 
Timonessb: posts small blind $0.50
belgianbeer2: posts big blind $1
*** HOLE CARDS ***
stevoooo34: folds 
probes75: raises $2 to $3
rrrro: folds 
Timonessb: folds 
belgianbeer2: raises $9.50 to $12.50
probes75: calls $9.50
*** FLOP *** [5d Tc 4d]
belgianbeer2: bets $23.26
probes75: calls $23.26
*** TURN *** [5d Tc 4d] [3h]
belgianbeer2: checks 
probes75: checks 
*** RIVER *** [5d Tc 4d 3h] [8d]
belgianbeer2: checks 
probes75: checks 
*** SHOW DOWN ***
belgianbeer2: shows [Jh Ac] (high card Ace)
probes75: shows [7s 7h] (a pair of Sevens)
probes75 collected $69.52 from pot
*** SUMMARY ***
Total pot $72.02 | Rake $2.50 
Board [5d Tc 4d 3h 8d]
Seat 2: stevoooo34 folded before Flop (didn't bet)
Seat 3: probes75 showed [7s 7h] and won ($69.52) with a pair of Sevens
Seat 4: rrrro (button) folded before Flop (didn't bet)
Seat 5: Timonessb (small blind) folded before Flop
Seat 6: belgianbeer2 (big blind) showed [Jh Ac] and lost with high card Ace



PokerStars Hand #254460455190:  Hold'em No Limit ($0.50/$1.00 USD) - 2025/01/19 1:57:06 WET [2025/01/19 20:57:06 ET]
Table 'Vinata III' 6-max Seat #5 is the button
Seat 2: stevoooo34 ($25.06 in chips) 
Seat 3: probes75 ($152.09 in chips) 
Seat 4: rrrro ($103.45 in chips) 
Seat 5: Timonessb ($100 in chips) 
Seat 6: belgianbeer2 ($100 in chips) 
belgianbeer2: posts small blind $0.50
stevoooo34: posts big blind $1
*** HOLE CARDS ***
probes75: raises $1 to $2
rrrro: folds 
Timonessb: raises $5.50 to $7.50
belgianbeer2: folds 
stevoooo34: folds 
probes75: calls $5.50
*** FLOP *** [Ad 3d Ts]
probes75: checks 
Timonessb: bets $5.17
probes75: calls $5.17
*** TURN *** [Ad 3d Ts] [Jc]
probes75: checks 
Timonessb: checks 
*** RIVER *** [Ad 3d Ts Jc] [9c]
probes75: checks 
Timonessb: checks 
*** SHOW DOWN ***
probes75: shows [7c 3c] (a pair of Threes)
Timonessb: shows [9h Ac] (two pair, Aces and Nines)
Timonessb collected $25.50 from pot
*** SUMMARY ***
Total pot $26.84 | Rake $1.34 
Board [Ad 3d Ts Jc 9c]
Seat 2: stevoooo34 (big blind) folded before Flop
Seat 3: probes75 showed [7c 3c] and lost with a pair of Threes
Seat 4: rrrro folded before Flop (didn't bet)
Seat 5: Timonessb (button) showed [9h Ac] and won ($25.50) with two pair, Aces and Nines
Seat 6: belgianbeer2 (small blind) folded before Flop



PokerStars Hand #254460461808:  Hold'em No Limit ($0.50/$1.00 USD) - 2025/01/19 1:58:00 WET [2025/01/19 20:58:00 ET]
Table 'Vinata III' 6-max Seat #6 is the button
Seat 2: stevoooo34 ($24.06 in chips) 
Seat 3: probes75 ($139.42 in chips) 
Seat 4: rrrro ($103.45 in chips) 
Seat 5: Timonessb ($112.83 in chips) 
Seat 6: belgianbeer2 ($100 in chips) 
stevoooo34: posts small blind $0.50
probes75: posts big blind $1
*** HOLE CARDS ***
rrrro: folds 
Timonessb: raises $1.30 to $2.30
belgianbeer2: folds 
stevoooo34: folds 
probes75: folds 
Uncalled bet ($1.30) returned to Timonessb
Timonessb collected $2.50 from pot
Timonessb: doesn't show hand 
*** SUMMARY ***
Total pot $2.50 | Rake $0 
Seat 2: stevoooo34 (small blind) folded before Flop
Seat 3: probes75 (big blind) folded before Flop
Seat 4: rrrro folded before Flop (didn't bet)
Seat 5: Timonessb collected ($2.50)
Seat 6: belgianbeer2 (button) folded before Flop (didn't bet)



PokerStars Hand #254460463764:  Hold'em No Limit ($0.50/$1.00 USD) - 2025/01/19 1:58:15 WET [2025/01/19 20:58:15 ET]
Table 'Vinata III' 6-max Seat #2 is the button
Seat 2: stevoooo34 ($23.56 in chips) 
Seat 3: probes75 ($138.42 in chips) 
Seat 4: rrrro ($103.45 in chips) 
Seat 5: Timonessb ($114.33 in chips) 
Seat 6: belgianbeer2 ($100 in chips) 
probes75: posts small blind $0.50
rrrro: posts big blind $1
*** HOLE CARDS ***
Timonessb: folds 
belgianbeer2: folds 
stevoooo34: folds 
probes75: raises $2 to $3
rrrro: calls $2
*** FLOP *** [6d As Ac]
probes75: checks 
rrrro: bets $1.43
probes75: calls $1.43
*** TURN *** [6d As Ac] [6c]
probes75: checks 
rrrro: checks 
*** RIVER *** [6d As Ac 6c] [5c]
probes75: bets $4.21
rrrro: folds 
Uncalled bet ($4.21) returned to probes75
probes75 collected $8.42 from pot
probes75: doesn't show hand 
*** SUMMARY ***
Total pot $8.86 | Rake $0.44 
Board [6d As Ac 6c 5c]
Seat 2: stevoooo34 (button) folded before Flop (didn't bet)
Seat 3: probes75 (small blind) collected ($8.42)
Seat 4: rrrro (big blind) folded on the River
Seat 5: Timonessb folded before Flop (didn't bet)
Seat 6: belgianbeer2 folded before Flop (didn't bet)



PokerStars Hand #254460472410:  Hold'em No Limit ($0.50/$1.00 USD) - 2025/01/19 1:59:25 WET [2025/01/19 20:59:25 ET]
Table 'Vinata III' 6-max Seat #3 is the button
Seat 2: stevoooo34 ($23.56 in chips) 
Seat 3: probes75 ($142.41 in chips) 
Seat 4: rrrro ($100 in chips) 
Seat 5: Timonessb ($114.33 in chips) 
Seat 6: belgianbeer2 ($100 in chips) 
rrrro: posts small blind $0.50
Timonessb: posts big blind $1
*** HOLE CARDS ***
belgianbeer2: raises $1.50 to $2.50
stevoooo34: folds 
probes75: folds 
rrrro: folds 
Timonessb: folds 
Uncalled bet ($1.50) returned to belgianbeer2
belgianbeer2 collected $2.50 from pot
belgianbeer2: doesn't show hand 
*** SUMMARY ***
Total pot $2.50 | Rake $0 
Seat 2: stevoooo34 folded before Flop (didn't bet)
Seat 3: probes75 (button) folded before Flop (didn't bet)
Seat 4: rrrro (small blind) folded before Flop
Seat 5: Timonessb (big blind) folded before Flop
Seat 6: belgianbeer2 collected ($2.50)



PokerStars Hand #254460474956:  Hold'em No Limit ($0.50/$1.00 USD) - 2025/01/19 1:59:45 WET [2025/01/19 20:59:45 ET]
Table 'Vinata III' 6-max Seat #4 is the button
Seat 2: stevoooo34 ($23.56 in chips) 
Seat 3: probes75 ($142.41 in chips) 
Seat 4: rrrro ($100 in chips) 
Seat 5: Timonessb ($113.33 in chips) 
Seat 6: belgianbeer2 ($101.50 in chips) 
Timonessb: posts small blind $0.50
belgianbeer2: posts big blind $1
*** HOLE CARDS ***
stevoooo34: folds 
probes75: folds 
rrrro: raises $1.50 to $2.50
Timonessb: folds 
belgianbeer2: folds 
Uncalled bet ($1.50) returned to rrrro
rrrro collected $2.50 from pot
rrrro: doesn't show hand 
*** SUMMARY ***
Total pot $2.50 | Rake $0 
Seat 2: stevoooo34 folded before Flop (didn't bet)
Seat 3: probes75 folded before Flop (didn't bet)
Seat 4: rrrro (button) collected ($2.50)
Seat 5: Timonessb (small blind) folded before Flop
Seat 6: belgianbeer2 (big blind) folded before Flop



PokerStars Hand #254460478361:  Hold'em No Limit ($0.50/$1.00 USD) - 2025/01/19 2:00:12 WET [2025/01/19 21:00:12 ET]
Table 'Vinata III' 6-max Seat #5 is the button
Seat 2: stevoooo34 ($23.56 in chips) 
Seat 3: probes75 ($142.41 in chips) 
Seat 4: rrrro ($101.50 in chips) 
Seat 5: Timonessb ($112.83 in chips) 
Seat 6: belgianbeer2 ($100.50 in chips) 
belgianbeer2: posts small blind $0.50
stevoooo34: posts big blind $1
*** HOLE CARDS ***
probes75: raises $2 to $3
rrrro: folds 
Timonessb: folds 
belgianbeer2: folds 
stevoooo34: folds 
Uncalled bet ($2) returned to probes75
probes75 collected $2.50 from pot
probes75: doesn't show hand 
*** SUMMARY ***
Total pot $2.50 | Rake $0 
Seat 2: stevoooo34 (big blind) folded before Flop
Seat 3: probes75 collected ($2.50)
Seat 4: rrrro folded before Flop (didn't bet)
Seat 5: Timonessb (button) folded before Flop (didn't bet)
Seat 6: belgianbeer2 (small blind) folded before Flop



PokerStars Hand #254460481769:  Hold'em No Limit ($0.50/$1.00 USD) - 2025/01/19 2:00:36 WET [2025/01/19 21:00:36 ET]
Table 'Vinata III' 6-max Seat #6 is the button
Seat 2: stevoooo34 ($22.56 in chips) 
Seat 3: probes75 ($143.91 in chips) 
Seat 4: rrrro ($101.50 in chips) 
Seat 5: Timonessb ($112.83 in chips) 
Seat 6: belgianbeer2 ($100 in chips) 
stevoooo34: posts small blind $0.50
probes75: posts big blind $1
*** HOLE CARDS ***
rrrro: raises $1 to $2
Timonessb: folds 
belgianbeer2: folds 
stevoooo34: folds 
probes75: calls $1
*** FLOP *** [Kc 4d Th]
probes75: bets $2.14
rrrro: calls $2.14
*** TURN *** [Kc 4d Th] [7d]
probes75: bets $5
rrrro: calls $5
*** RIVER *** [Kc 4d Th 7d] [Jd]
probes75: checks 
rrrro: checks 
*** SHOW DOWN ***
probes75: shows [Kd Ts] (two pair, Kings and Tens)
rrrro: mucks hand 
probes75 collected $17.84 from pot
*** SUMMARY ***
Total pot $18.78 | Rake $0.94 
Board [Kc 4d Th 7d Jd]
Seat 2: stevoooo34 (small blind) folded before Flop
Seat 3: probes75 (big blind) showed [Kd Ts] and won ($17.84) with two pair, Kings and Tens
Seat 4: rrrro mucked
Seat 5: Timonessb folded before Flop (didn't bet)
Seat 6: belgianbeer2 (button) folded before Flop (didn't bet)



PokerStars Hand #254460491852:  Hold'em No Limit ($0.50/$1.00 USD) - 2025/01/19 2:01:41 WET [2025/01/19 21:01:41 ET]
Table 'Vinata III' 6-max Seat #2 is the button
Seat 2: stevoooo34 ($22.06 in chips) 
Seat 3: probes75 ($152.61 in chips) 
Seat 4: rrrro ($100 in chips) 
Seat 5: Timonessb ($112.83 in chips) 
Seat 6: belgianbeer2 ($100 in chips) 
probes75: posts small blind $0.50
rrrro: posts big blind $1
*** HOLE CARDS ***
Timonessb: folds 
franbasualdo10 joins the table at seat #1 
franbasualdo10 is disconnected 
belgianbeer2: folds 
stevoooo34: folds 
probes75: folds 
Uncalled bet ($0.50) returned to rrrro
rrrro collected $1 from pot
rrrro: doesn't show hand 
*** SUMMARY ***
Total pot $1 | Rake $0 
Seat 2: stevoooo34 (button) folded before Flop (didn't bet)
Seat 3: probes75 (small blind) folded before Flop
Seat 4: rrrro (big blind) collected ($1)
Seat 5: Timonessb folded before Flop (didn't bet)
Seat 6: belgianbeer2 folded before Flop (didn't bet)



PokerStars Hand #254460494631:  Hold'em No Limit ($0.50/$1.00 USD) - 2025/01/19 2:01:59 WET [2025/01/19 21:01:59 ET]
Table 'Vinata III' 6-max Seat #3 is the button
Seat 1: franbasualdo10 ($26.80 in chips) 
Seat 2: stevoooo34 ($22.06 in chips) 
Seat 3: probes75 ($152.11 in chips) 
Seat 4: rrrro ($100.50 in chips) 
Seat 5: Timonessb ($112.83 in chips) 
Seat 6: belgianbeer2 ($100 in chips) 
rrrro: posts small blind $0.50
Timonessb: posts big blind $1
franbasualdo10: posts big blind $1
*** HOLE CARDS ***
belgianbeer2: folds 
franbasualdo10: checks 
stevoooo34: folds 
probes75: calls $1
rrrro: folds 
Timonessb: raises $6 to $7
franbasualdo10: folds 
probes75: calls $6
*** FLOP *** [3s 8s Ks]
Timonessb: bets $4.86
probes75: calls $4.86
*** TURN *** [3s 8s Ks] [4d]
Timonessb: checks 
probes75: checks 
*** RIVER *** [3s 8s Ks 4d] [9d]
Timonessb: checks 
probes75: bets $12
Timonessb: folds 
Uncalled bet ($12) returned to probes75
probes75 collected $23.96 from pot
probes75: doesn't show hand 
*** SUMMARY ***
Total pot $25.22 | Rake $1.26 
Board [3s 8s Ks 4d 9d]
Seat 1: franbasualdo10 folded before Flop (didn't bet)
Seat 2: stevoooo34 folded before Flop (didn't bet)
Seat 3: probes75 (button) collected ($23.96)
Seat 4: rrrro (small blind) folded before Flop
Seat 5: Timonessb (big blind) folded on the River
Seat 6: belgianbeer2 folded before Flop (didn't bet)



PokerStars Hand #254460502762:  Hold'em No Limit ($0.50/$1.00 USD) - 2025/01/19 2:02:49 WET [2025/01/19 21:02:49 ET]
Table 'Vinata III' 6-max Seat #4 is the button
Seat 1: franbasualdo10 ($25.80 in chips) 
Seat 2: stevoooo34 ($22.06 in chips) 
Seat 3: probes75 ($164.21 in chips) 
Seat 4: rrrro ($100 in chips) 
Seat 5: Timonessb ($100.97 in chips) 
Seat 6: belgianbeer2 ($100 in chips) 
Timonessb: posts small blind $0.50
belgianbeer2: posts big blind $1
*** HOLE CARDS ***
franbasualdo10: raises $1 to $2
stevoooo34: folds 
probes75: folds 
rrrro: folds 
Timonessb: calls $1.50
belgianbeer2: folds 
*** FLOP *** [6h 8s Ks]
Timonessb: checks 
franbasualdo10: bets $2
Timonessb: raises $4.46 to $6.46
franbasualdo10: calls $4.46
*** TURN *** [6h 8s Ks] [Kh]
Timonessb: checks 
franbasualdo10: checks 
*** RIVER *** [6h 8s Ks Kh] [7d]
Timonessb: bets $17.53
franbasualdo10: calls $17.34 and is all-in
Uncalled bet ($0.19) returned to Timonessb
*** SHOW DOWN ***
Timonessb: shows [6c 6d] (a full house, Sixes full of Kings)
franbasualdo10: shows [Kc 5c] (three of a kind, Kings)
Timonessb collected $50.10 from pot
*** SUMMARY ***
Total pot $52.60 | Rake $2.50 
Board [6h 8s Ks Kh 7d]
Seat 1: franbasualdo10 showed [Kc 5c] and lost with three of a kind, Kings
Seat 2: stevoooo34 folded before Flop (didn't bet)
Seat 3: probes75 folded before Flop (didn't bet)
Seat 4: rrrro (button) folded before Flop (didn't bet)
Seat 5: Timonessb (small blind) showed [6c 6d] and won ($50.10) with a full house, Sixes full of Kings
Seat 6: belgianbeer2 (big blind) folded before Flop



PokerStars Hand #254460510195:  Hold'em No Limit ($0.50/$1.00 USD) - 2025/01/19 2:03:34 WET [2025/01/19 21:03:34 ET]
Table 'Vinata III' 6-max Seat #5 is the button
Seat 1: franbasualdo10 ($0 in chips) is sitting out
Seat 2: stevoooo34 ($22.06 in chips) 
Seat 3: probes75 ($164.21 in chips) 
Seat 4: rrrro ($100 in chips) 
Seat 5: Timonessb ($125.27 in chips) 
Seat 6: belgianbeer2 ($100 in chips) 
belgianbeer2: posts small blind $0.50
stevoooo34: posts big blind $1
*** HOLE CARDS ***
probes75: folds 
franbasualdo10 leaves the table
rrrro: raises $1.30 to $2.30
Timonessb: folds 
belgianbeer2: folds 
stevoooo34: calls $1.30
*** FLOP *** [5c 5d 7d]
stevoooo34: checks 
rrrro: bets $1.21
stevoooo34: folds 
Uncalled bet ($1.21) returned to rrrro
rrrro collected $4.84 from pot
rrrro: doesn't show hand 
*** SUMMARY ***
Total pot $5.10 | Rake $0.26 
Board [5c 5d 7d]
Seat 1: franbasualdo10
Seat 2: stevoooo34 (big blind) folded on the Flop
Seat 3: probes75 folded before Flop (didn't bet)
Seat 4: rrrro collected ($4.84)
Seat 5: Timonessb (button) folded before Flop (didn't bet)
Seat 6: belgianbeer2 (small blind) folded before Flop



PokerStars Hand #254460517096:  Hold'em No Limit ($0.50/$1.00 USD) - 2025/01/19 2:04:17 WET [2025/01/19 21:04:17 ET]
Table 'Vinata III' 6-max Seat #6 is the button
Seat 2: stevoooo34 ($19.76 in chips) 
Seat 3: probes75 ($164.21 in chips) 
Seat 4: rrrro ($102.54 in chips) 
Seat 5: Timonessb ($125.27 in chips) 
Seat 6: belgianbeer2 ($100 in chips) 
stevoooo34: posts small blind $0.50
probes75: posts big blind $1
*** HOLE CARDS ***
rrrro: folds 
Timonessb: raises $1.30 to $2.30
belgianbeer2: folds 
stevoooo34: folds 
probes75: calls $1.30
*** FLOP *** [3h Ks Qc]
probes75: checks 
Timonessb: bets $2.47
probes75: folds 
Uncalled bet ($2.47) returned to Timonessb
Timonessb collected $4.84 from pot
Timonessb: doesn't show hand 
*** SUMMARY ***
Total pot $5.10 | Rake $0.26 
Board [3h Ks Qc]
Seat 2: stevoooo34 (small blind) folded before Flop
Seat 3: probes75 (big blind) folded on the Flop
Seat 4: rrrro folded before Flop (didn't bet)
Seat 5: Timonessb collected ($4.84)
Seat 6: belgianbeer2 (button) folded before Flop (didn't bet)



PokerStars Hand #254460521552:  Hold'em No Limit ($0.50/$1.00 USD) - 2025/01/19 2:04:45 WET [2025/01/19 21:04:45 ET]
Table 'Vinata III' 6-max Seat #2 is the button
Seat 2: stevoooo34 ($19.26 in chips) 
Seat 3: probes75 ($161.91 in chips) 
Seat 4: rrrro ($102.54 in chips) 
Seat 5: Timonessb ($127.81 in chips) 
Seat 6: belgianbeer2 ($100 in chips) 
probes75: posts small blind $0.50
rrrro: posts big blind $1
*** HOLE CARDS ***
Timonessb: folds 
belgianbeer2: raises $1.50 to $2.50
stevoooo34: folds 
probes75: folds 
rrrro: folds 
Uncalled bet ($1.50) returned to belgianbeer2
belgianbeer2 collected $2.50 from pot
belgianbeer2: doesn't show hand 
*** SUMMARY ***
Total pot $2.50 | Rake $0 
Seat 2: stevoooo34 (button) folded before Flop (didn't bet)
Seat 3: probes75 (small blind) folded before Flop
Seat 4: rrrro (big blind) folded before Flop
Seat 5: Timonessb folded before Flop (didn't bet)
Seat 6: belgianbeer2 collected ($2.50)



PokerStars Hand #254460524078:  Hold'em No Limit ($0.50/$1.00 USD) - 2025/01/19 2:05:00 WET [2025/01/19 21:05:00 ET]
Table 'Vinata III' 6-max Seat #3 is the button
Seat 2: stevoooo34 ($19.26 in chips) 
Seat 3: probes75 ($161.41 in chips) 
Seat 4: rrrro ($101.54 in chips) 
Seat 5: Timonessb ($127.81 in chips) 
Seat 6: belgianbeer2 ($101.50 in chips) 
rrrro: posts small blind $0.50
Timonessb: posts big blind $1
*** HOLE CARDS ***
belgianbeer2: raises $1.50 to $2.50
stevoooo34: folds 
probes75: folds 
rrrro: folds 
Timonessb: folds 
Uncalled bet ($1.50) returned to belgianbeer2
belgianbeer2 collected $2.50 from pot
belgianbeer2: doesn't show hand 
*** SUMMARY ***
Total pot $2.50 | Rake $0 
Seat 2: stevoooo34 folded before Flop (didn't bet)
Seat 3: probes75 (button) folded before Flop (didn't bet)
Seat 4: rrrro (small blind) folded before Flop
Seat 5: Timonessb (big blind) folded before Flop
Seat 6: belgianbeer2 collected ($2.50)



PokerStars Hand #254460526146:  Hold'em No Limit ($0.50/$1.00 USD) - 2025/01/19 2:05:13 WET [2025/01/19 21:05:13 ET]
Table 'Vinata III' 6-max Seat #4 is the button
Seat 2: stevoooo34 ($19.26 in chips) 
Seat 3: probes75 ($161.41 in chips) 
Seat 4: rrrro ($101.04 in chips) 
Seat 5: Timonessb ($126.81 in chips) 
Seat 6: belgianbeer2 ($103 in chips) 
Timonessb: posts small blind $0.50
belgianbeer2: posts big blind $1
*** HOLE CARDS ***
stevoooo34: calls $1
probes75: folds 
rrrro: folds 
Timonessb: calls $0.50
belgianbeer2: checks 
*** FLOP *** [Tc Jd 8h]
Timonessb: bets $1.50
belgianbeer2: folds 
stevoooo34: calls $1.50
*** TURN *** [Tc Jd 8h] [6d]
Timonessb: bets $4.32
stevoooo34: calls $4.32
*** RIVER *** [Tc Jd 8h 6d] [7s]
Timonessb: bets $14.33
stevoooo34: folds 
Uncalled bet ($14.33) returned to Timonessb
Timonessb collected $13.91 from pot
Timonessb: doesn't show hand 
*** SUMMARY ***
Total pot $14.64 | Rake $0.73 
Board [Tc Jd 8h 6d 7s]
Seat 2: stevoooo34 folded on the River
Seat 3: probes75 folded before Flop (didn't bet)
Seat 4: rrrro (button) folded before Flop (didn't bet)
Seat 5: Timonessb (small blind) collected ($13.91)
Seat 6: belgianbeer2 (big blind) folded on the Flop



PokerStars Hand #254460537266:  Hold'em No Limit ($0.50/$1.00 USD) - 2025/01/19 2:06:24 WET [2025/01/19 21:06:24 ET]
Table 'Vinata III' 6-max Seat #5 is the button
Seat 2: stevoooo34 ($12.44 in chips) 
Seat 3: probes75 ($161.41 in chips) 
Seat 4: rrrro ($101.04 in chips) 
Seat 5: Timonessb ($133.90 in chips) 
Seat 6: belgianbeer2 ($102 in chips) 
belgianbeer2: posts small blind $0.50
stevoooo34: posts big blind $1
*** HOLE CARDS ***
probes75: folds 
rrrro: folds 
Timonessb: folds 
belgianbeer2: folds 
Uncalled bet ($0.50) returned to stevoooo34
stevoooo34 collected $1 from pot
*** SUMMARY ***
Total pot $1 | Rake $0 
Seat 2: stevoooo34 (big blind) collected ($1)
Seat 3: probes75 folded before Flop (didn't bet)
Seat 4: rrrro folded before Flop (didn't bet)
Seat 5: Timonessb (button) folded before Flop (didn't bet)
Seat 6: belgianbeer2 (small blind) folded before Flop



PokerStars Hand #254460539391:  Hold'em No Limit ($0.50/$1.00 USD) - 2025/01/19 2:06:37 WET [2025/01/19 21:06:37 ET]
Table 'Vinata III' 6-max Seat #6 is the button
Seat 2: stevoooo34 ($12.94 in chips) 
Seat 3: probes75 ($161.41 in chips) 
Seat 4: rrrro ($101.04 in chips) 
Seat 5: Timonessb ($133.90 in chips) 
Seat 6: belgianbeer2 ($101.50 in chips) 
stevoooo34: posts small blind $0.50
probes75: posts big blind $1
*** HOLE CARDS ***
rrrro: folds 
Timonessb: raises $1.30 to $2.30
belgianbeer2: folds 
stevoooo34: folds 
probes75: folds 
Uncalled bet ($1.30) returned to Timonessb
Timonessb collected $2.50 from pot
Timonessb: doesn't show hand 
*** SUMMARY ***
Total pot $2.50 | Rake $0 
Seat 2: stevoooo34 (small blind) folded before Flop
Seat 3: probes75 (big blind) folded before Flop
Seat 4: rrrro folded before Flop (didn't bet)
Seat 5: Timonessb collected ($2.50)
Seat 6: belgianbeer2 (button) folded before Flop (didn't bet)



PokerStars Hand #254460541312:  Hold'em No Limit ($0.50/$1.00 USD) - 2025/01/19 2:06:49 WET [2025/01/19 21:06:49 ET]
Table 'Vinata III' 6-max Seat #2 is the button
Seat 2: stevoooo34 ($12.44 in chips) 
Seat 3: probes75 ($160.41 in chips) 
Seat 4: rrrro ($101.04 in chips) 
Seat 5: Timonessb ($135.40 in chips) 
Seat 6: belgianbeer2 ($101.50 in chips) 
probes75: posts small blind $0.50
rrrro: posts big blind $1
*** HOLE CARDS ***
Timonessb: folds 
belgianbeer2: folds 
stevoooo34: folds 
probes75: calls $0.50
rrrro: checks 
*** FLOP *** [9h 6s 4s]
probes75: checks 
rrrro: bets $1
probes75: folds 
Uncalled bet ($1) returned to rrrro
rrrro collected $1.90 from pot
rrrro: doesn't show hand 
*** SUMMARY ***
Total pot $2 | Rake $0.10 
Board [9h 6s 4s]
Seat 2: stevoooo34 (button) folded before Flop (didn't bet)
Seat 3: probes75 (small blind) folded on the Flop
Seat 4: rrrro (big blind) collected ($1.90)
Seat 5: Timonessb folded before Flop (didn't bet)
Seat 6: belgianbeer2 folded before Flop (didn't bet)



PokerStars Hand #254460544400:  Hold'em No Limit ($0.50/$1.00 USD) - 2025/01/19 2:07:09 WET [2025/01/19 21:07:09 ET]
Table 'Vinata III' 6-max Seat #3 is the button
Seat 2: stevoooo34 ($12.44 in chips) 
Seat 3: probes75 ($159.41 in chips) 
Seat 4: rrrro ($101.94 in chips) 
Seat 5: Timonessb ($135.40 in chips) 
Seat 6: belgianbeer2 ($101.50 in chips) 
rrrro: posts small blind $0.50
Timonessb: posts big blind $1
*** HOLE CARDS ***
belgianbeer2: raises $1.50 to $2.50
stevoooo34: calls $2.50
probes75: calls $2.50
rrrro: folds 
Timonessb: calls $1.50
*** FLOP *** [Ac 8s Td]
Timonessb: checks 
belgianbeer2: checks 
stevoooo34: bets $1
probes75: calls $1
Timonessb: calls $1
belgianbeer2: folds 
*** TURN *** [Ac 8s Td] [9d]
Timonessb: checks 
stevoooo34: bets $8.94 and is all-in
probes75: folds 
Timonessb: calls $8.94
*** RIVER *** [Ac 8s Td 9d] [Jh]
*** SHOW DOWN ***
Timonessb: shows [Jc Qs] (a straight, Eight to Queen)
stevoooo34: shows [8h Ah] (two pair, Aces and Eights)
Timonessb collected $29.81 from pot
*** SUMMARY ***
Total pot $31.38 | Rake $1.57 
Board [Ac 8s Td 9d Jh]
Seat 2: stevoooo34 showed [8h Ah] and lost with two pair, Aces and Eights
Seat 3: probes75 (button) folded on the Turn
Seat 4: rrrro (small blind) folded before Flop
Seat 5: Timonessb (big blind) showed [Jc Qs] and won ($29.81) with a straight, Eight to Queen
Seat 6: belgianbeer2 folded on the Flop



PokerStars Hand #254460556035:  Hold'em No Limit ($0.50/$1.00 USD) - 2025/01/19 2:08:24 WET [2025/01/19 21:08:24 ET]
Table 'Vinata III' 6-max Seat #4 is the button
Seat 2: stevoooo34 ($0 in chips) is sitting out
Seat 3: probes75 ($155.91 in chips) 
Seat 4: rrrro ($101.44 in chips) 
Seat 5: Timonessb ($152.77 in chips) 
Seat 6: belgianbeer2 ($100 in chips) 
Timonessb: posts small blind $0.50
belgianbeer2: posts big blind $1
*** HOLE CARDS ***
probes75: raises $2 to $3
rrrro: folds 
Timonessb: folds 
belgianbeer2: folds 
Uncalled bet ($2) returned to probes75
probes75 collected $2.50 from pot
probes75: doesn't show hand 
*** SUMMARY ***
Total pot $2.50 | Rake $0 
Seat 2: stevoooo34
Seat 3: probes75 collected ($2.50)
Seat 4: rrrro (button) folded before Flop (didn't bet)
Seat 5: Timonessb (small blind) folded before Flop
Seat 6: belgianbeer2 (big blind) folded before Flop



PokerStars Hand #254460560661:  Hold'em No Limit ($0.50/$1.00 USD) - 2025/01/19 2:08:53 WET [2025/01/19 21:08:53 ET]
Table 'Vinata III' 6-max Seat #5 is the button
Seat 2: stevoooo34 ($0 in chips) is sitting out
Seat 3: probes75 ($157.41 in chips) 
Seat 4: rrrro ($101.44 in chips) 
Seat 5: Timonessb ($152.27 in chips) 
Seat 6: belgianbeer2 ($100 in chips) 
belgianbeer2: posts small blind $0.50
probes75: posts big blind $1
*** HOLE CARDS ***
rrrro: raises $1.30 to $2.30
Timonessb: folds 
belgianbeer2: folds 
probes75: folds 
Uncalled bet ($1.30) returned to rrrro
rrrro collected $2.50 from pot
rrrro: doesn't show hand 
*** SUMMARY ***
Total pot $2.50 | Rake $0 
Seat 2: stevoooo34
Seat 3: probes75 (big blind) folded before Flop
Seat 4: rrrro collected ($2.50)
Seat 5: Timonessb (button) folded before Flop (didn't bet)
Seat 6: belgianbeer2 (small blind) folded before Flop



PokerStars Hand #254460562916:  Hold'em No Limit ($0.50/$1.00 USD) - 2025/01/19 2:09:08 WET [2025/01/19 21:09:08 ET]
Table 'Vinata III' 6-max Seat #6 is the button
Seat 2: stevoooo34 ($0 in chips) is sitting out
Seat 4: rrrro ($102.94 in chips) is sitting out
Seat 3: probes75 ($156.41 in chips) 
Seat 5: Timonessb ($152.27 in chips) 
Seat 6: belgianbeer2 ($100 in chips) 
probes75: posts small blind $0.50
rrrro: is sitting out 
Timonessb: posts big blind $1
*** HOLE CARDS ***
belgianbeer2: folds 
probes75: raises $1 to $2
Timonessb: calls $1
*** FLOP *** [4h 3c Qc]
probes75: checks 
Timonessb: bets $1.94
probes75: folds 
Uncalled bet ($1.94) returned to Timonessb
Timonessb collected $3.80 from pot
Timonessb: doesn't show hand 
*** SUMMARY ***
Total pot $4 | Rake $0.20 
Board [4h 3c Qc]
Seat 2: stevoooo34
Seat 4: rrrro
Seat 3: probes75 (small blind) folded on the Flop
Seat 5: Timonessb (big blind) collected ($3.80)
Seat 6: belgianbeer2 (button) folded before Flop (didn't bet)



PokerStars Hand #254460566176:  Hold'em No Limit ($0.50/$1.00 USD) - 2025/01/19 2:09:29 WET [2025/01/19 21:09:29 ET]
Table 'Vinata III' 6-max Seat #3 is the button
Seat 2: stevoooo34 ($0 in chips) is sitting out
Seat 4: rrrro ($102.94 in chips) is sitting out
Seat 3: probes75 ($154.41 in chips) 
Seat 5: Timonessb ($154.07 in chips) 
Seat 6: belgianbeer2 ($100 in chips) 
Timonessb: posts small blind $0.50
belgianbeer2: posts big blind $1
*** HOLE CARDS ***
probes75: raises $2 to $3
Timonessb: folds 
belgianbeer2: calls $2
*** FLOP *** [7h Qd Th]
belgianbeer2: checks 
probes75: checks 
*** TURN *** [7h Qd Th] [9h]
belgianbeer2: checks 
probes75: bets $3.09
belgianbeer2: calls $3.09
*** RIVER *** [7h Qd Th 9h] [9s]
belgianbeer2: checks 
probes75: bets $11
belgianbeer2: folds 
Uncalled bet ($11) returned to probes75
probes75 collected $12.05 from pot
probes75: doesn't show hand 
*** SUMMARY ***
Total pot $12.68 | Rake $0.63 
Board [7h Qd Th 9h 9s]
Seat 2: stevoooo34
Seat 4: rrrro
Seat 3: probes75 (button) collected ($12.05)
Seat 5: Timonessb (small blind) folded before Flop
Seat 6: belgianbeer2 (big blind) folded on the River



PokerStars Hand #254460577247:  Hold'em No Limit ($0.50/$1.00 USD) - 2025/01/19 2:10:41 WET [2025/01/19 21:10:41 ET]
Table 'Vinata III' 6-max Seat #5 is the button
Seat 2: stevoooo34 ($0 in chips) is sitting out
Seat 4: rrrro ($102.94 in chips) is sitting out
Seat 3: probes75 ($160.37 in chips) 
Seat 5: Timonessb ($153.57 in chips) 
Seat 6: belgianbeer2 ($100 in chips) 
belgianbeer2: posts small blind $0.50
probes75: posts big blind $1
rrrro: sits out 
*** HOLE CARDS ***
Timonessb: folds 
belgianbeer2: folds 
Uncalled bet ($0.50) returned to probes75
probes75 collected $1 from pot
probes75: doesn't show hand 
*** SUMMARY ***
Total pot $1 | Rake $0 
Seat 2: stevoooo34
Seat 4: rrrro
Seat 3: probes75 (big blind) collected ($1)
Seat 5: Timonessb (button) folded before Flop (didn't bet)
Seat 6: belgianbeer2 (small blind) folded before Flop



PokerStars Hand #254460579153:  Hold'em No Limit ($0.50/$1.00 USD) - 2025/01/19 2:10:53 WET [2025/01/19 21:10:53 ET]
Table 'Vinata III' 6-max Seat #6 is the button
Seat 2: stevoooo34 ($0 in chips) is sitting out
Seat 3: probes75 ($160.87 in chips) 
Seat 4: rrrro ($102.94 in chips) 
Seat 5: Timonessb ($153.57 in chips) 
Seat 6: belgianbeer2 ($100 in chips) 
probes75: posts small blind $0.50
rrrro: posts big blind $1
*** HOLE CARDS ***
Timonessb: raises $1.30 to $2.30
belgianbeer2: folds 
probes75: folds 
rrrro: raises $9.70 to $12
Timonessb: folds 
Uncalled bet ($9.70) returned to rrrro
rrrro collected $5.10 from pot
rrrro: doesn't show hand 
*** SUMMARY ***
Total pot $5.10 | Rake $0 
Seat 2: stevoooo34
Seat 3: probes75 (small blind) folded before Flop
Seat 4: rrrro (big blind) collected ($5.10)
Seat 5: Timonessb folded before Flop
Seat 6: belgianbeer2 (button) folded before Flop (didn't bet)



PokerStars Hand #254460582678:  Hold'em No Limit ($0.50/$1.00 USD) - 2025/01/19 2:11:16 WET [2025/01/19 21:11:16 ET]
Table 'Vinata III' 6-max Seat #3 is the button
Seat 2: stevoooo34 ($0 in chips) is sitting out
Seat 3: probes75 ($160.37 in chips) 
Seat 4: rrrro ($105.74 in chips) 
Seat 5: Timonessb ($151.27 in chips) 
Seat 6: belgianbeer2 ($100 in chips) 
rrrro: posts small blind $0.50
Timonessb: posts big blind $1
*** HOLE CARDS ***
belgianbeer2: folds 
probes75: folds 
rrrro: folds 
Uncalled bet ($0.50) returned to Timonessb
Timonessb collected $1 from pot
Timonessb: doesn't show hand 
*** SUMMARY ***
Total pot $1 | Rake $0 
Seat 2: stevoooo34
Seat 3: probes75 (button) folded before Flop (didn't bet)
Seat 4: rrrro (small blind) folded before Flop
Seat 5: Timonessb (big blind) collected ($1)
Seat 6: belgianbeer2 folded before Flop (didn't bet)



PokerStars Hand #254460584498:  Hold'em No Limit ($0.50/$1.00 USD) - 2025/01/19 2:11:28 WET [2025/01/19 21:11:28 ET]
Table 'Vinata III' 6-max Seat #4 is the button
Seat 2: stevoooo34 ($0 in chips) is sitting out
Seat 3: probes75 ($160.37 in chips) 
Seat 4: rrrro ($105.24 in chips) 
Seat 5: Timonessb ($151.77 in chips) 
Seat 6: belgianbeer2 ($100 in chips) 
Timonessb: posts small blind $0.50
belgianbeer2: posts big blind $1
*** HOLE CARDS ***
probes75: folds 
rrrro: folds 
Timonessb: folds 
Uncalled bet ($0.50) returned to belgianbeer2
belgianbeer2 collected $1 from pot
belgianbeer2: doesn't show hand 
*** SUMMARY ***
Total pot $1 | Rake $0 
Seat 2: stevoooo34
Seat 3: probes75 folded before Flop (didn't bet)
Seat 4: rrrro (button) folded before Flop (didn't bet)
Seat 5: Timonessb (small blind) folded before Flop
Seat 6: belgianbeer2 (big blind) collected ($1)



PokerStars Hand #254460586782:  Hold'em No Limit ($0.50/$1.00 USD) - 2025/01/19 2:11:43 WET [2025/01/19 21:11:43 ET]
Table 'Vinata III' 6-max Seat #5 is the button
Seat 2: stevoooo34 ($0 in chips) is sitting out
Seat 3: probes75 ($160.37 in chips) 
Seat 4: rrrro ($105.24 in chips) 
Seat 5: Timonessb ($151.27 in chips) 
Seat 6: belgianbeer2 ($100.50 in chips) 
belgianbeer2: posts small blind $0.50
probes75: posts big blind $1
*** HOLE CARDS ***
rrrro: folds 
Timonessb: raises $1.50 to $2.50
belgianbeer2: raises $8.25 to $10.75
probes75: folds 
Timonessb: calls $8.25
*** FLOP *** [5h 5d Kh]
belgianbeer2: bets $5.37
Timonessb: calls $5.37
*** TURN *** [5h 5d Kh] [Ah]
belgianbeer2: checks 
Timonessb: bets $10.64
belgianbeer2: raises $13.64 to $24.28
Timonessb: calls $13.64
*** RIVER *** [5h 5d Kh Ah] [7d]
belgianbeer2: bets $60.10 and is all-in
Timonessb: calls $60.10
*** SHOW DOWN ***
belgianbeer2: shows [6s 6h] (two pair, Sixes and Fives)
Timonessb: shows [As 5s] (a full house, Fives full of Aces)
Timonessb collected $201 from pot
*** SUMMARY ***
Total pot $202 | Rake $1 
Board [5h 5d Kh Ah 7d]
Seat 2: stevoooo34
Seat 3: probes75 (big blind) folded before Flop
Seat 4: rrrro folded before Flop (didn't bet)
Seat 5: Timonessb (button) showed [As 5s] and won ($201) with a full house, Fives full of Aces
Seat 6: belgianbeer2 (small blind) showed [6s 6h] and lost with two pair, Sixes and Fives



PokerStars Hand #254460598914:  Hold'em No Limit ($0.50/$1.00 USD) - 2025/01/19 2:13:08 WET [2025/01/19 21:13:08 ET]
Table 'Vinata III' 6-max Seat #6 is the button
Seat 2: stevoooo34 ($10.43 in chips) is sitting out
Seat 3: probes75 ($159.37 in chips) 
Seat 4: rrrro ($105.24 in chips) 
Seat 5: Timonessb ($251.77 in chips) 
Seat 6: belgianbeer2 ($100 in chips) 
probes75: posts small blind $0.50
rrrro: posts big blind $1
*** HOLE CARDS ***
Timonessb: folds 
belgianbeer2: raises $1.50 to $2.50
probes75: calls $2
GERAKLmeat joins the table at seat #1 
rrrro: folds 
*** FLOP *** [Js Jd 3s]
probes75: checks 
belgianbeer2: bets $1.88
probes75: folds 
Uncalled bet ($1.88) returned to belgianbeer2
belgianbeer2 collected $5.70 from pot
belgianbeer2: doesn't show hand 
*** SUMMARY ***
Total pot $6 | Rake $0.30 
Board [Js Jd 3s]
Seat 2: stevoooo34
Seat 3: probes75 (small blind) folded on the Flop
Seat 4: rrrro (big blind) folded before Flop
Seat 5: Timonessb folded before Flop (didn't bet)
Seat 6: belgianbeer2 (button) collected ($5.70)



PokerStars Hand #254460605467:  Hold'em No Limit ($0.50/$1.00 USD) - 2025/01/19 2:13:52 WET [2025/01/19 21:13:52 ET]
Table 'Vinata III' 6-max Seat #3 is the button
Seat 1: GERAKLmeat ($10 in chips) is sitting out
Seat 2: stevoooo34 ($10.43 in chips) 
Seat 3: probes75 ($156.87 in chips) 
Seat 4: rrrro ($104.24 in chips) 
Seat 5: Timonessb ($251.77 in chips) 
Seat 6: belgianbeer2 ($103.20 in chips) 
rrrro: posts small blind $0.50
Timonessb: posts big blind $1
GERAKLmeat: sits out 
stevoooo34: posts small & big blinds $1.50
*** HOLE CARDS ***
belgianbeer2: folds 
stevoooo34: raises $8.93 to $9.93 and is all-in
probes75: folds 
rrrro: folds 
Timonessb: folds 
Uncalled bet ($8.93) returned to stevoooo34
stevoooo34 collected $3 from pot
*** SUMMARY ***
Total pot $3 | Rake $0 
Seat 1: GERAKLmeat
Seat 2: stevoooo34 collected ($3)
Seat 3: probes75 (button) folded before Flop (didn't bet)
Seat 4: rrrro (small blind) folded before Flop
Seat 5: Timonessb (big blind) folded before Flop
Seat 6: belgianbeer2 folded before Flop (didn't bet)



PokerStars Hand #254460608388:  Hold'em No Limit ($0.50/$1.00 USD) - 2025/01/19 2:14:12 WET [2025/01/19 21:14:12 ET]
Table 'Vinata III' 6-max Seat #4 is the button
Seat 1: GERAKLmeat ($10 in chips) is sitting out
Seat 2: stevoooo34 ($11.93 in chips) 
Seat 3: probes75 ($156.87 in chips) 
Seat 4: rrrro ($103.74 in chips) 
Seat 5: Timonessb ($250.77 in chips) 
Seat 6: belgianbeer2 ($103.20 in chips) 
Timonessb: posts small blind $0.50
belgianbeer2: posts big blind $1
GERAKLmeat: sits out 
*** HOLE CARDS ***
stevoooo34: folds 
probes75: folds 
rrrro: folds 
Timonessb: folds 
Uncalled bet ($0.50) returned to belgianbeer2
belgianbeer2 collected $1 from pot
belgianbeer2: doesn't show hand 
*** SUMMARY ***
Total pot $1 | Rake $0 
Seat 1: GERAKLmeat
Seat 2: stevoooo34 folded before Flop (didn't bet)
Seat 3: probes75 folded before Flop (didn't bet)
Seat 4: rrrro (button) folded before Flop (didn't bet)
Seat 5: Timonessb (small blind) folded before Flop
Seat 6: belgianbeer2 (big blind) collected ($1)



PokerStars Hand #254460611230:  Hold'em No Limit ($0.50/$1.00 USD) - 2025/01/19 2:14:31 WET [2025/01/19 21:14:31 ET]
Table 'Vinata III' 6-max Seat #5 is the button
Seat 1: GERAKLmeat ($10 in chips) 
Seat 2: stevoooo34 ($11.93 in chips) 
Seat 3: probes75 ($156.87 in chips) 
Seat 4: rrrro ($103.74 in chips) 
Seat 5: Timonessb ($250.27 in chips) 
Seat 6: belgianbeer2 ($103.70 in chips) 
belgianbeer2: posts small blind $0.50
GERAKLmeat: posts big blind $1
*** HOLE CARDS ***
stevoooo34: folds 
probes75: folds 
rrrro: folds 
Timonessb: raises $1.50 to $2.50
belgianbeer2: raises $8.25 to $10.75
GERAKLmeat: folds 
Timonessb: raises $13.25 to $24
belgianbeer2: calls $13.25
*** FLOP *** [2d 9d Qs]
belgianbeer2: checks 
Timonessb: bets $226.27 and is all-in
belgianbeer2: folds 
Uncalled bet ($226.27) returned to Timonessb
Timonessb collected $46.55 from pot
Timonessb: doesn't show hand 
*** SUMMARY ***
Total pot $49 | Rake $2.45 
Board [2d 9d Qs]
Seat 1: GERAKLmeat (big blind) folded before Flop
Seat 2: stevoooo34 folded before Flop (didn't bet)
Seat 3: probes75 folded before Flop (didn't bet)
Seat 4: rrrro folded before Flop (didn't bet)
Seat 5: Timonessb (button) collected ($46.55)
Seat 6: belgianbeer2 (small blind) folded on the Flop



PokerStars Hand #254460619158:  Hold'em No Limit ($0.50/$1.00 USD) - 2025/01/19 2:15:27 WET [2025/01/19 21:15:27 ET]
Table 'Vinata III' 6-max Seat #6 is the button
Seat 1: GERAKLmeat ($9 in chips) 
Seat 2: stevoooo34 ($11.93 in chips) 
Seat 3: probes75 ($156.87 in chips) 
Seat 4: rrrro ($103.74 in chips) 
Seat 5: Timonessb ($272.82 in chips) 
Seat 6: belgianbeer2 ($100 in chips) 
GERAKLmeat: posts small blind $0.50
stevoooo34: posts big blind $1
*** HOLE CARDS ***
probes75: folds 
rrrro: folds 
Timonessb: folds 
belgianbeer2: folds 
GERAKLmeat: raises $8 to $9 and is all-in
stevoooo34: folds 
Uncalled bet ($8) returned to GERAKLmeat
GERAKLmeat collected $2 from pot
GERAKLmeat: doesn't show hand 
*** SUMMARY ***
Total pot $2 | Rake $0 
Seat 1: GERAKLmeat (small blind) collected ($2)
Seat 2: stevoooo34 (big blind) folded before Flop
Seat 3: probes75 folded before Flop (didn't bet)
Seat 4: rrrro folded before Flop (didn't bet)
Seat 5: Timonessb folded before Flop (didn't bet)
Seat 6: belgianbeer2 (button) folded before Flop (didn't bet)



PokerStars Hand #254460622969:  Hold'em No Limit ($0.50/$1.00 USD) - 2025/01/19 2:15:57 WET [2025/01/19 21:15:57 ET]
Table 'Vinata III' 6-max Seat #1 is the button
Seat 1: GERAKLmeat ($10 in chips) 
Seat 2: stevoooo34 ($10.93 in chips) 
Seat 3: probes75 ($156.87 in chips) 
Seat 4: rrrro ($103.74 in chips) 
Seat 5: Timonessb ($272.82 in chips) 
Seat 6: belgianbeer2 ($100 in chips) 
stevoooo34: posts small blind $0.50
probes75: posts big blind $1
*** HOLE CARDS ***
rrrro: raises $1 to $2
Timonessb: folds 
belgianbeer2: folds 
GERAKLmeat: folds 
stevoooo34: folds 
probes75: folds 
Uncalled bet ($1) returned to rrrro
rrrro collected $2.50 from pot
rrrro: doesn't show hand 
*** SUMMARY ***
Total pot $2.50 | Rake $0 
Seat 1: GERAKLmeat (button) folded before Flop (didn't bet)
Seat 2: stevoooo34 (small blind) folded before Flop
Seat 3: probes75 (big blind) folded before Flop
Seat 4: rrrro collected ($2.50)
Seat 5: Timonessb folded before Flop (didn't bet)
Seat 6: belgianbeer2 folded before Flop (didn't bet)



PokerStars Hand #254460625892:  Hold'em No Limit ($0.50/$1.00 USD) - 2025/01/19 2:16:20 WET [2025/01/19 21:16:20 ET]
Table 'Vinata III' 6-max Seat #2 is the button
Seat 1: GERAKLmeat ($10 in chips) 
Seat 2: stevoooo34 ($10.43 in chips) 
Seat 3: probes75 ($155.87 in chips) 
Seat 4: rrrro ($105.24 in chips) 
Seat 5: Timonessb ($272.82 in chips) 
Seat 6: belgianbeer2 ($100 in chips) 
probes75: posts small blind $0.50
rrrro: posts big blind $1
*** HOLE CARDS ***
Timonessb: folds 
belgianbeer2: folds 
GERAKLmeat: raises $9 to $10 and is all-in
stevoooo34: folds 
probes75: calls $9.50
rrrro: folds 
*** FLOP *** [7s 7h Jc]
*** TURN *** [7s 7h Jc] [Qc]
*** RIVER *** [7s 7h Jc Qc] [Th]
*** SHOW DOWN ***
probes75: shows [As Js] (two pair, Jacks and Sevens)
GERAKLmeat: shows [8s Ad] (a pair of Sevens)
probes75 collected $19.95 from pot
*** SUMMARY ***
Total pot $21 | Rake $1.05 
Board [7s 7h Jc Qc Th]
Seat 1: GERAKLmeat showed [8s Ad] and lost with a pair of Sevens
Seat 2: stevoooo34 (button) folded before Flop (didn't bet)
Seat 3: probes75 (small blind) showed [As Js] and won ($19.95) with two pair, Jacks and Sevens
Seat 4: rrrro (big blind) folded before Flop
Seat 5: Timonessb folded before Flop (didn't bet)
Seat 6: belgianbeer2 folded before Flop (didn't bet)



PokerStars Hand #254460687742:  Hold'em No Limit ($0.50/$1.00 USD) - 2025/01/19 2:30:16 WET [2025/01/19 21:30:16 ET]
Table 'Vinata III' 6-max Seat #5 is the button
Seat 5: Timonessb ($272.82 in chips) 
Seat 6: belgianbeer2 ($100 in chips) 
Timonessb: posts small blind $0.50
belgianbeer2: posts big blind $1
*** HOLE CARDS ***
Timonessb: folds 
Uncalled bet ($0.50) returned to belgianbeer2
belgianbeer2 collected $1 from pot
belgianbeer2: doesn't show hand 
Timonessb leaves the table
*** SUMMARY ***
Total pot $1 | Rake $0 
Seat 5: Timonessb (button) (small blind) folded before Flop
Seat 6: belgianbeer2 (big blind) collected ($1)



PokerStars Hand #254460739593:  Hold'em No Limit ($0.50/$1.00 USD) - 2025/01/19 2:36:16 WET [2025/01/19 21:36:16 ET]
Table 'Vinata III' 6-max Seat #6 is the button
Seat 5: stevoooo34 ($10.43 in chips) 
Seat 6: rrrro ($104.24 in chips) 
rrrro: posts small blind $0.50
stevoooo34: posts big blind $1
*** HOLE CARDS ***
rrrro: raises $1 to $2
stevoooo34: folds 
Uncalled bet ($1) returned to rrrro
rrrro collected $2 from pot
rrrro: doesn't show hand 
*** SUMMARY ***
Total pot $2 | Rake $0 
Seat 5: stevoooo34 (big blind) folded before Flop
Seat 6: rrrro (button) (small blind) collected ($2)



PokerStars Hand #254460743276:  Hold'em No Limit ($0.50/$1.00 USD) - 2025/01/19 2:36:38 WET [2025/01/19 21:36:38 ET]
Table 'Vinata III' 6-max Seat #5 is the button
Seat 5: stevoooo34 ($9.43 in chips) 
Seat 6: rrrro ($105.24 in chips) 
stevoooo34: posts small blind $0.50
rrrro: posts big blind $1
*** HOLE CARDS ***
stevoooo34: folds 
Uncalled bet ($0.50) returned to rrrro
rrrro collected $1 from pot
rrrro: doesn't show hand 
*** SUMMARY ***
Total pot $1 | Rake $0 
Seat 5: stevoooo34 (button) (small blind) folded before Flop
Seat 6: rrrro (big blind) collected ($1)



PokerStars Hand #254460744401:  Hold'em No Limit ($0.50/$1.00 USD) - 2025/01/19 2:36:45 WET [2025/01/19 21:36:45 ET]
Table 'Vinata III' 6-max Seat #6 is the button
Seat 5: stevoooo34 ($8.93 in chips) 
Seat 6: rrrro ($105.74 in chips) 
rrrro: posts small blind $0.50
stevoooo34: posts big blind $1
*** HOLE CARDS ***
rrrro: raises $104.74 to $105.74 and is all-in
stevoooo34: calls $7.93 and is all-in
Uncalled bet ($96.81) returned to rrrro
*** FLOP *** [Qh 9h 3s]
*** TURN *** [Qh 9h 3s] [2s]
*** RIVER *** [Qh 9h 3s 2s] [4h]
*** SHOW DOWN ***
stevoooo34: shows [Ah Th] (a flush, Ace high)
rrrro: shows [7c 7d] (a pair of Sevens)
stevoooo34 collected $16.97 from pot
*** SUMMARY ***
Total pot $17.86 | Rake $0.89 
Board [Qh 9h 3s 2s 4h]
Seat 5: stevoooo34 (big blind) showed [Ah Th] and won ($16.97) with a flush, Ace high
Seat 6: rrrro (button) (small blind) showed [7c 7d] and lost with a pair of Sevens



PokerStars Hand #254460747502:  Hold'em No Limit ($0.50/$1.00 USD) - 2025/01/19 2:37:04 WET [2025/01/19 21:37:04 ET]
Table 'Vinata III' 6-max Seat #5 is the button
Seat 5: stevoooo34 ($16.97 in chips) 
Seat 6: rrrro ($100 in chips) 
stevoooo34: posts small blind $0.50
rrrro: posts big blind $1
*** HOLE CARDS ***
stevoooo34: folds 
Uncalled bet ($0.50) returned to rrrro
rrrro collected $1 from pot
rrrro: doesn't show hand 
*** SUMMARY ***
Total pot $1 | Rake $0 
Seat 5: stevoooo34 (button) (small blind) folded before Flop
Seat 6: rrrro (big blind) collected ($1)



PokerStars Hand #254460748997:  Hold'em No Limit ($0.50/$1.00 USD) - 2025/01/19 2:37:12 WET [2025/01/19 21:37:12 ET]
Table 'Vinata III' 6-max Seat #6 is the button
Seat 5: stevoooo34 ($16.47 in chips) 
Seat 6: rrrro ($100.50 in chips) 
rrrro: posts small blind $0.50
stevoooo34: posts big blind $1
*** HOLE CARDS ***
rrrro: raises $1 to $2
50CandyJoe joins the table at seat #1 
stevoooo34: calls $1
*** FLOP *** [4c Kd 9c]
stevoooo34: checks 
rrrro: bets $1
stevoooo34: calls $1
*** TURN *** [4c Kd 9c] [Ks]
stevoooo34: checks 
rrrro: checks 
*** RIVER *** [4c Kd 9c Ks] [6h]
stevoooo34: bets $3
sutata joins the table at seat #4 
rrrro: folds 
Uncalled bet ($3) returned to stevoooo34
stevoooo34 collected $5.70 from pot
*** SUMMARY ***
Total pot $6 | Rake $0.30 
Board [4c Kd 9c Ks 6h]
Seat 5: stevoooo34 (big blind) collected ($5.70)
Seat 6: rrrro (button) (small blind) folded on the River



PokerStars Hand #254460758067:  Hold'em No Limit ($0.50/$1.00 USD) - 2025/01/19 2:38:09 WET [2025/01/19 21:38:09 ET]
Table 'Vinata III' 6-max Seat #5 is the button
Seat 4: sutata ($100 in chips) is sitting out
Seat 1: 50CandyJoe ($100 in chips) 
Seat 5: stevoooo34 ($19.17 in chips) 
Seat 6: rrrro ($100 in chips) 
rrrro: posts small blind $0.50
50CandyJoe: posts big blind $1
*** HOLE CARDS ***
stevoooo34: folds 
rrrro: folds 
Uncalled bet ($0.50) returned to 50CandyJoe
50CandyJoe collected $1 from pot
50CandyJoe: doesn't show hand 
*** SUMMARY ***
Total pot $1 | Rake $0 
Seat 4: sutata
Seat 1: 50CandyJoe (big blind) collected ($1)
Seat 5: stevoooo34 (button) folded before Flop (didn't bet)
Seat 6: rrrro (small blind) folded before Flop



PokerStars Hand #254460760496:  Hold'em No Limit ($0.50/$1.00 USD) - 2025/01/19 2:38:26 WET [2025/01/19 21:38:26 ET]
Table 'Vinata III' 6-max Seat #6 is the button
Seat 4: sutata ($100 in chips) is sitting out
Seat 1: 50CandyJoe ($100.50 in chips) 
Seat 5: stevoooo34 ($19.17 in chips) 
Seat 6: rrrro ($100 in chips) 
50CandyJoe: posts small blind $0.50
stevoooo34: posts big blind $1
*** HOLE CARDS ***
rrrro: folds 
50CandyJoe: raises $1.50 to $2.50
stevoooo34: folds 
Uncalled bet ($1.50) returned to 50CandyJoe
50CandyJoe collected $2 from pot
50CandyJoe: doesn't show hand 
*** SUMMARY ***
Total pot $2 | Rake $0 
Seat 4: sutata
Seat 1: 50CandyJoe (small blind) collected ($2)
Seat 5: stevoooo34 (big blind) folded before Flop
Seat 6: rrrro (button) folded before Flop (didn't bet)



PokerStars Hand #254460762301:  Hold'em No Limit ($0.50/$1.00 USD) - 2025/01/19 2:38:38 WET [2025/01/19 21:38:38 ET]
Table 'Vinata III' 6-max Seat #1 is the button
Seat 4: sutata ($100 in chips) is sitting out
Seat 1: 50CandyJoe ($101.50 in chips) 
Seat 5: stevoooo34 ($18.17 in chips) 
Seat 6: rrrro ($100 in chips) 
stevoooo34: posts small blind $0.50
rrrro: posts big blind $1
*** HOLE CARDS ***
50CandyJoe: folds 
stevoooo34: raises $1 to $2
rrrro: calls $1
*** FLOP *** [5s 3h Th]
stevoooo34: checks 
rrrro: bets $1
stevoooo34: calls $1
*** TURN *** [5s 3h Th] [Ah]
stevoooo34: bets $3
rrrro: calls $3
*** RIVER *** [5s 3h Th Ah] [Jc]
stevoooo34: bets $5.70
rrrro: calls $5.70
*** SHOW DOWN ***
stevoooo34: shows [Kd Qc] (a straight, Ten to Ace)
rrrro: mucks hand 
stevoooo34 collected $22.40 from pot
*** SUMMARY ***
Total pot $23.40 | Rake $1 
Board [5s 3h Th Ah Jc]
Seat 4: sutata
Seat 1: 50CandyJoe (button) folded before Flop (didn't bet)
Seat 5: stevoooo34 (small blind) showed [Kd Qc] and won ($22.40) with a straight, Ten to Ace
Seat 6: rrrro (big blind) mucked



PokerStars Hand #254460772551:  Hold'em No Limit ($0.50/$1.00 USD) - 2025/01/19 2:39:45 WET [2025/01/19 21:39:45 ET]
Table 'Vinata III' 6-max Seat #5 is the button
Seat 4: sutata ($100 in chips) is sitting out
Seat 1: 50CandyJoe ($101.50 in chips) 
Seat 5: stevoooo34 ($28.87 in chips) 
Seat 6: rrrro ($100 in chips) 
rrrro: posts small blind $0.50
50CandyJoe: posts big blind $1
sutata: sits out 
*** HOLE CARDS ***
stevoooo34: calls $1
rrrro: calls $0.50
50CandyJoe: raises $4.50 to $5.50
stevoooo34: folds 
rrrro: folds 
Uncalled bet ($4.50) returned to 50CandyJoe
50CandyJoe collected $3 from pot
50CandyJoe: doesn't show hand 
*** SUMMARY ***
Total pot $3 | Rake $0 
Seat 4: sutata
Seat 1: 50CandyJoe (big blind) collected ($3)
Seat 5: stevoooo34 (button) folded before Flop
Seat 6: rrrro (small blind) folded before Flop



PokerStars Hand #254460776426:  Hold'em No Limit ($0.50/$1.00 USD) - 2025/01/19 2:40:12 WET [2025/01/19 21:40:12 ET]
Table 'Vinata III' 6-max Seat #6 is the button
Seat 1: 50CandyJoe ($103.50 in chips) 
Seat 4: sutata ($100 in chips) 
Seat 5: stevoooo34 ($27.87 in chips) 
Seat 6: rrrro ($100 in chips) 
50CandyJoe: posts small blind $0.50
sutata: posts big blind $1
*** HOLE CARDS ***
stevoooo34: folds 
rrrro: raises $1.50 to $2.50
50CandyJoe: folds 
sutata: raises $9.80 to $12.30
rrrro: calls $9.80
*** FLOP *** [6s 4s 7s]
sutata: bets $6.03
rrrro: calls $6.03
*** TURN *** [6s 4s 7s] [8c]
sutata: bets $9.04
rrrro: calls $9.04
*** RIVER *** [6s 4s 7s 8c] [2c]
sutata: checks 
rrrro: checks 
*** SHOW DOWN ***
sutata: shows [As Qc] (high card Ace)
rrrro: shows [Tc Th] (a pair of Tens)
rrrro collected $54.24 from pot
*** SUMMARY ***
Total pot $55.24 | Rake $1 
Board [6s 4s 7s 8c 2c]
Seat 1: 50CandyJoe (small blind) folded before Flop
Seat 4: sutata (big blind) showed [As Qc] and lost with high card Ace
Seat 5: stevoooo34 folded before Flop (didn't bet)
Seat 6: rrrro (button) showed [Tc Th] and won ($54.24) with a pair of Tens



PokerStars Hand #254460790229:  Hold'em No Limit ($0.50/$1.00 USD) - 2025/01/19 2:41:46 WET [2025/01/19 21:41:46 ET]
Table 'Vinata III' 6-max Seat #1 is the button
Seat 1: 50CandyJoe ($103 in chips) 
Seat 4: sutata ($100 in chips) 
Seat 5: stevoooo34 ($27.87 in chips) 
Seat 6: rrrro ($126.87 in chips) 
sutata: posts small blind $0.50
stevoooo34: posts big blind $1
*** HOLE CARDS ***
rrrro: folds 
50CandyJoe: folds 
sutata: raises $2 to $3
stevoooo34: folds 
Uncalled bet ($2) returned to sutata
sutata collected $2 from pot
sutata: doesn't show hand 
*** SUMMARY ***
Total pot $2 | Rake $0 
Seat 1: 50CandyJoe (button) folded before Flop (didn't bet)
Seat 4: sutata (small blind) collected ($2)
Seat 5: stevoooo34 (big blind) folded before Flop
Seat 6: rrrro folded before Flop (didn't bet)



PokerStars Hand #254460792385:  Hold'em No Limit ($0.50/$1.00 USD) - 2025/01/19 2:42:00 WET [2025/01/19 21:42:00 ET]
Table 'Vinata III' 6-max Seat #4 is the button
Seat 1: 50CandyJoe ($103 in chips) 
Seat 4: sutata ($101 in chips) 
Seat 5: stevoooo34 ($26.87 in chips) 
Seat 6: rrrro ($126.87 in chips) 
stevoooo34: posts small blind $0.50
rrrro: posts big blind $1
*** HOLE CARDS ***
50CandyJoe: raises $1.20 to $2.20
sutata: folds 
stevoooo34: folds 
rrrro: folds 
Uncalled bet ($1.20) returned to 50CandyJoe
50CandyJoe collected $2.50 from pot
50CandyJoe: doesn't show hand 
*** SUMMARY ***
Total pot $2.50 | Rake $0 
Seat 1: 50CandyJoe collected ($2.50)
Seat 4: sutata (button) folded before Flop (didn't bet)
Seat 5: stevoooo34 (small blind) folded before Flop
Seat 6: rrrro (big blind) folded before Flop



PokerStars Hand #254460796070:  Hold'em No Limit ($0.50/$1.00 USD) - 2025/01/19 2:42:25 WET [2025/01/19 21:42:25 ET]
Table 'Vinata III' 6-max Seat #5 is the button
Seat 1: 50CandyJoe ($104.50 in chips) 
Seat 4: sutata ($101 in chips) 
Seat 5: stevoooo34 ($26.37 in chips) 
Seat 6: rrrro ($125.87 in chips) 
rrrro: posts small blind $0.50
50CandyJoe: posts big blind $1
*** HOLE CARDS ***
sutata: folds 
stevoooo34: folds 
rrrro: folds 
Uncalled bet ($0.50) returned to 50CandyJoe
50CandyJoe collected $1 from pot
50CandyJoe: doesn't show hand 
*** SUMMARY ***
Total pot $1 | Rake $0 
Seat 1: 50CandyJoe (big blind) collected ($1)
Seat 4: sutata folded before Flop (didn't bet)
Seat 5: stevoooo34 (button) folded before Flop (didn't bet)
Seat 6: rrrro (small blind) folded before Flop



PokerStars Hand #254460799176:  Hold'em No Limit ($0.50/$1.00 USD) - 2025/01/19 2:42:47 WET [2025/01/19 21:42:47 ET]
Table 'Vinata III' 6-max Seat #6 is the button
Seat 1: 50CandyJoe ($105 in chips) 
Seat 4: sutata ($101 in chips) 
Seat 5: stevoooo34 ($26.37 in chips) 
Seat 6: rrrro ($125.37 in chips) 
50CandyJoe: posts small blind $0.50
sutata: posts big blind $1
*** HOLE CARDS ***
stevoooo34: folds 
rrrro: folds 
50CandyJoe: folds 
Uncalled bet ($0.50) returned to sutata
sutata collected $1 from pot
sutata: doesn't show hand 
Rysiff joins the table at seat #2 
*** SUMMARY ***
Total pot $1 | Rake $0 
Seat 1: 50CandyJoe (small blind) folded before Flop
Seat 4: sutata (big blind) collected ($1)
Seat 5: stevoooo34 folded before Flop (didn't bet)
Seat 6: rrrro (button) folded before Flop (didn't bet)



PokerStars Hand #254460800962:  Hold'em No Limit ($0.50/$1.00 USD) - 2025/01/19 2:42:59 WET [2025/01/19 21:42:59 ET]
Table 'Vinata III' 6-max Seat #1 is the button
Seat 2: Rysiff ($143.83 in chips) is sitting out
Seat 1: 50CandyJoe ($104.50 in chips) 
Seat 4: sutata ($101.50 in chips) 
Seat 5: stevoooo34 ($26.37 in chips) 
Seat 6: rrrro ($125.37 in chips) 
sutata: posts small blind $0.50
stevoooo34: posts big blind $1
*** HOLE CARDS ***
rrrro: folds 
edithlm joins the table at seat #3 
50CandyJoe: folds 
sutata: folds 
Uncalled bet ($0.50) returned to stevoooo34
edithlm is disconnected 
stevoooo34 collected $1 from pot
*** SUMMARY ***
Total pot $1 | Rake $0 
Seat 2: Rysiff
Seat 1: 50CandyJoe (button) folded before Flop (didn't bet)
Seat 4: sutata (small blind) folded before Flop
Seat 5: stevoooo34 (big blind) collected ($1)
Seat 6: rrrro folded before Flop (didn't bet)



PokerStars Hand #254460802009:  Hold'em No Limit ($0.50/$1.00 USD) - 2025/01/19 2:43:06 WET [2025/01/19 21:43:06 ET]
Table 'Vinata III' 6-max Seat #4 is the button
Seat 2: Rysiff ($143.83 in chips) is sitting out
Seat 3: edithlm ($25.22 in chips) is sitting out
Seat 1: 50CandyJoe ($104.50 in chips) 
Seat 4: sutata ($101 in chips) 
Seat 5: stevoooo34 ($26.87 in chips) 
Seat 6: rrrro ($125.37 in chips) 
stevoooo34: posts small blind $0.50
rrrro: posts big blind $1
Rysiff: sits out 
edithlm: sits out 
*** HOLE CARDS ***
50CandyJoe: folds 
sutata: raises $2 to $3
stevoooo34: folds 
rrrro: folds 
Uncalled bet ($2) returned to sutata
sutata collected $2.50 from pot
sutata: doesn't show hand 
*** SUMMARY ***
Total pot $2.50 | Rake $0 
Seat 2: Rysiff
Seat 3: edithlm
Seat 1: 50CandyJoe folded before Flop (didn't bet)
Seat 4: sutata (button) collected ($2.50)
Seat 5: stevoooo34 (small blind) folded before Flop
Seat 6: rrrro (big blind) folded before Flop



PokerStars Hand #254460805122:  Hold'em No Limit ($0.50/$1.00 USD) - 2025/01/19 2:43:27 WET [2025/01/19 21:43:27 ET]
Table 'Vinata III' 6-max Seat #5 is the button
Seat 2: Rysiff ($143.83 in chips) is sitting out
Seat 1: 50CandyJoe ($104.50 in chips) 
Seat 3: edithlm ($25.22 in chips) 
Seat 4: sutata ($102.50 in chips) 
Seat 5: stevoooo34 ($26.37 in chips) 
Seat 6: rrrro ($124.37 in chips) 
rrrro: posts small blind $0.50
50CandyJoe: posts big blind $1
Rysiff: sits out 
edithlm: posts big blind $1
*** HOLE CARDS ***
edithlm: checks 
sutata: folds 
stevoooo34: raises $1 to $2
rrrro: folds 
50CandyJoe: folds 
edithlm: calls $1
*** FLOP *** [3d Qs 4h]
edithlm: checks 
stevoooo34: checks 
*** TURN *** [3d Qs 4h] [Ks]
edithlm: checks 
stevoooo34: bets $3
edithlm: calls $3
*** RIVER *** [3d Qs 4h Ks] [7d]
edithlm: checks 
stevoooo34: checks 
*** SHOW DOWN ***
edithlm: shows [Jc 9c] (high card King)
stevoooo34: shows [Kc 6c] (a pair of Kings)
stevoooo34 collected $10.92 from pot
*** SUMMARY ***
Total pot $11.50 | Rake $0.58 
Board [3d Qs 4h Ks 7d]
Seat 2: Rysiff
Seat 1: 50CandyJoe (big blind) folded before Flop
Seat 3: edithlm showed [Jc 9c] and lost with high card King
Seat 4: sutata folded before Flop (didn't bet)
Seat 5: stevoooo34 (button) showed [Kc 6c] and won ($10.92) with a pair of Kings
Seat 6: rrrro (small blind) folded before Flop



PokerStars Hand #254460815168:  Hold'em No Limit ($0.50/$1.00 USD) - 2025/01/19 2:44:36 WET [2025/01/19 21:44:36 ET]
Table 'Vinata III' 6-max Seat #6 is the button
Seat 1: 50CandyJoe ($103.50 in chips) 
Seat 2: Rysiff ($143.83 in chips) 
Seat 3: edithlm ($20.22 in chips) 
Seat 4: sutata ($102.50 in chips) 
Seat 5: stevoooo34 ($32.29 in chips) 
Seat 6: rrrro ($123.87 in chips) 
50CandyJoe: posts small blind $0.50
Rysiff: posts big blind $1
*** HOLE CARDS ***
edithlm: folds 
sutata: raises $1.50 to $2.50
stevoooo34: folds 
rrrro: folds 
50CandyJoe: folds 
Rysiff: folds 
Uncalled bet ($1.50) returned to sutata
sutata collected $2.50 from pot
sutata: doesn't show hand 
*** SUMMARY ***
Total pot $2.50 | Rake $0 
Seat 1: 50CandyJoe (small blind) folded before Flop
Seat 2: Rysiff (big blind) folded before Flop
Seat 3: edithlm folded before Flop (didn't bet)
Seat 4: sutata collected ($2.50)
Seat 5: stevoooo34 folded before Flop (didn't bet)
Seat 6: rrrro (button) folded before Flop (didn't bet)



PokerStars Hand #254460820220:  Hold'em No Limit ($0.50/$1.00 USD) - 2025/01/19 2:45:11 WET [2025/01/19 21:45:11 ET]
Table 'Vinata III' 6-max Seat #1 is the button
Seat 1: 50CandyJoe ($103 in chips) 
Seat 2: Rysiff ($142.83 in chips) 
Seat 3: edithlm ($20.22 in chips) 
Seat 4: sutata ($104 in chips) 
Seat 5: stevoooo34 ($32.29 in chips) 
Seat 6: rrrro ($123.87 in chips) 
Rysiff: posts small blind $0.50
edithlm: posts big blind $1
*** HOLE CARDS ***
sutata: folds 
stevoooo34: raises $1 to $2
rrrro: folds 
50CandyJoe: folds 
Rysiff: raises $8 to $10
edithlm: folds 
stevoooo34: folds 
Uncalled bet ($8) returned to Rysiff
Rysiff collected $5 from pot
Rysiff: doesn't show hand 
*** SUMMARY ***
Total pot $5 | Rake $0 
Seat 1: 50CandyJoe (button) folded before Flop (didn't bet)
Seat 2: Rysiff (small blind) collected ($5)
Seat 3: edithlm (big blind) folded before Flop
Seat 4: sutata folded before Flop (didn't bet)
Seat 5: stevoooo34 folded before Flop
Seat 6: rrrro folded before Flop (didn't bet)



PokerStars Hand #254460824438:  Hold'em No Limit ($0.50/$1.00 USD) - 2025/01/19 2:45:41 WET [2025/01/19 21:45:41 ET]
Table 'Vinata III' 6-max Seat #2 is the button
Seat 1: 50CandyJoe ($103 in chips) 
Seat 2: Rysiff ($145.83 in chips) 
Seat 3: edithlm ($19.22 in chips) 
Seat 4: sutata ($104 in chips) 
Seat 5: stevoooo34 ($30.29 in chips) 
Seat 6: rrrro ($123.87 in chips) 
edithlm: posts small blind $0.50
sutata: posts big blind $1
*** HOLE CARDS ***
stevoooo34: folds 
rrrro: folds 
50CandyJoe: folds 
Rysiff: raises $1.50 to $2.50
edithlm: folds 
sutata: folds 
Uncalled bet ($1.50) returned to Rysiff
Rysiff collected $2.50 from pot
Rysiff: doesn't show hand 
*** SUMMARY ***
Total pot $2.50 | Rake $0 
Seat 1: 50CandyJoe folded before Flop (didn't bet)
Seat 2: Rysiff (button) collected ($2.50)
Seat 3: edithlm (small blind) folded before Flop
Seat 4: sutata (big blind) folded before Flop
Seat 5: stevoooo34 folded before Flop (didn't bet)
Seat 6: rrrro folded before Flop (didn't bet)



PokerStars Hand #254460828358:  Hold'em No Limit ($0.50/$1.00 USD) - 2025/01/19 2:46:08 WET [2025/01/19 21:46:08 ET]
Table 'Vinata III' 6-max Seat #3 is the button
Seat 1: 50CandyJoe ($103 in chips) 
Seat 2: Rysiff ($147.33 in chips) 
Seat 3: edithlm ($18.72 in chips) 
Seat 4: sutata ($103 in chips) 
Seat 5: stevoooo34 ($30.29 in chips) 
Seat 6: rrrro ($123.87 in chips) 
sutata: posts small blind $0.50
stevoooo34: posts big blind $1
*** HOLE CARDS ***
rrrro: folds 
50CandyJoe: raises $1.20 to $2.20
Rysiff: folds 
edithlm: calls $2.20
sutata: folds 
stevoooo34: calls $1.20
*** FLOP *** [Qc 9s 7s]
stevoooo34: checks 
50CandyJoe: bets $2.22
edithlm: folds 
stevoooo34: calls $2.22
*** TURN *** [Qc 9s 7s] [6c]
stevoooo34: checks 
50CandyJoe: checks 
*** RIVER *** [Qc 9s 7s 6c] [7h]
stevoooo34: bets $5.48
50CandyJoe: folds 
Uncalled bet ($5.48) returned to stevoooo34
stevoooo34 collected $10.96 from pot
*** SUMMARY ***
Total pot $11.54 | Rake $0.58 
Board [Qc 9s 7s 6c 7h]
Seat 1: 50CandyJoe folded on the River
Seat 2: Rysiff folded before Flop (didn't bet)
Seat 3: edithlm (button) folded on the Flop
Seat 4: sutata (small blind) folded before Flop
Seat 5: stevoooo34 (big blind) collected ($10.96)
Seat 6: rrrro folded before Flop (didn't bet)



PokerStars Hand #254460838577:  Hold'em No Limit ($0.50/$1.00 USD) - 2025/01/19 2:47:19 WET [2025/01/19 21:47:19 ET]
Table 'Vinata III' 6-max Seat #4 is the button
Seat 1: 50CandyJoe ($100 in chips) 
Seat 2: Rysiff ($147.33 in chips) 
Seat 3: edithlm ($16.52 in chips) 
Seat 4: sutata ($102.50 in chips) 
Seat 5: stevoooo34 ($36.83 in chips) 
Seat 6: rrrro ($123.87 in chips) 
stevoooo34: posts small blind $0.50
rrrro: posts big blind $1
*** HOLE CARDS ***
50CandyJoe: folds 
Rysiff: folds 
edithlm: folds 
sutata: folds 
stevoooo34: folds 
Uncalled bet ($0.50) returned to rrrro
rrrro collected $1 from pot
rrrro: doesn't show hand 
*** SUMMARY ***
Total pot $1 | Rake $0 
Seat 1: 50CandyJoe folded before Flop (didn't bet)
Seat 2: Rysiff folded before Flop (didn't bet)
Seat 3: edithlm folded before Flop (didn't bet)
Seat 4: sutata (button) folded before Flop (didn't bet)
Seat 5: stevoooo34 (small blind) folded before Flop
Seat 6: rrrro (big blind) collected ($1)



PokerStars Hand #254460841110:  Hold'em No Limit ($0.50/$1.00 USD) - 2025/01/19 2:47:37 WET [2025/01/19 21:47:37 ET]
Table 'Vinata III' 6-max Seat #5 is the button
Seat 1: 50CandyJoe ($100 in chips) 
Seat 2: Rysiff ($147.33 in chips) 
Seat 3: edithlm ($16.52 in chips) 
Seat 4: sutata ($102.50 in chips) 
Seat 5: stevoooo34 ($36.33 in chips) 
Seat 6: rrrro ($124.37 in chips) 
rrrro: posts small blind $0.50
50CandyJoe: posts big blind $1
*** HOLE CARDS ***
Rysiff: raises $1.50 to $2.50
edithlm: folds 
sutata: folds 
stevoooo34: folds 
rrrro: folds 
50CandyJoe: calls $1.50
*** FLOP *** [Jh 3s 8h]
50CandyJoe: checks 
Rysiff: bets $1.72
50CandyJoe: calls $1.72
*** TURN *** [Jh 3s 8h] [9s]
50CandyJoe: checks 
Rysiff: checks 
*** RIVER *** [Jh 3s 8h 9s] [6c]
50CandyJoe: bets $8.49
Rysiff: folds 
Uncalled bet ($8.49) returned to 50CandyJoe
50CandyJoe collected $8.49 from pot
50CandyJoe: doesn't show hand 
*** SUMMARY ***
Total pot $8.94 | Rake $0.45 
Board [Jh 3s 8h 9s 6c]
Seat 1: 50CandyJoe (big blind) collected ($8.49)
Seat 2: Rysiff folded on the River
Seat 3: edithlm folded before Flop (didn't bet)
Seat 4: sutata folded before Flop (didn't bet)
Seat 5: stevoooo34 (button) folded before Flop (didn't bet)
Seat 6: rrrro (small blind) folded before Flop



PokerStars Hand #254460849280:  Hold'em No Limit ($0.50/$1.00 USD) - 2025/01/19 2:48:34 WET [2025/01/19 21:48:34 ET]
Table 'Vinata III' 6-max Seat #6 is the button
Seat 1: 50CandyJoe ($104.27 in chips) 
Seat 2: Rysiff ($143.11 in chips) 
Seat 3: edithlm ($16.52 in chips) 
Seat 4: sutata ($102.50 in chips) 
Seat 5: stevoooo34 ($36.33 in chips) 
Seat 6: rrrro ($123.87 in chips) 
50CandyJoe: posts small blind $0.50
Rysiff: posts big blind $1
*** HOLE CARDS ***
edithlm: calls $1
sutata: folds 
stevoooo34: folds 
rrrro: folds 
50CandyJoe: folds 
Rysiff: raises $142.11 to $143.11 and is all-in
edithlm: calls $15.52 and is all-in
Uncalled bet ($126.59) returned to Rysiff
*** FLOP *** [As 9c 2c]
*** TURN *** [As 9c 2c] [5d]
*** RIVER *** [As 9c 2c 5d] [5c]
*** SHOW DOWN ***
Rysiff: shows [9s 9d] (a full house, Nines full of Fives)
edithlm: shows [8h Ah] (two pair, Aces and Fives)
Rysiff collected $31.86 from pot
edithlm cashed out the hand for $10.20 | Cash Out Fee $0.21
*** SUMMARY ***
Total pot $33.54 | Rake $1.68 
Board [As 9c 2c 5d 5c]
Seat 1: 50CandyJoe (small blind) folded before Flop
Seat 2: Rysiff (big blind) showed [9s 9d] and won ($31.86) with a full house, Nines full of Fives
Seat 3: edithlm showed [8h Ah] and lost with two pair, Aces and Fives (cashed out).
Seat 4: sutata folded before Flop (didn't bet)
Seat 5: stevoooo34 folded before Flop (didn't bet)
Seat 6: rrrro (button) folded before Flop (didn't bet)



PokerStars Hand #254460855742:  Hold'em No Limit ($0.50/$1.00 USD) - 2025/01/19 2:49:20 WET [2025/01/19 21:49:20 ET]
Table 'Vinata III' 6-max Seat #1 is the button
Seat 1: 50CandyJoe ($103.77 in chips) 
Seat 2: Rysiff ($158.45 in chips) 
Seat 3: edithlm ($10.20 in chips) 
Seat 4: sutata ($102.50 in chips) 
Seat 5: stevoooo34 ($36.33 in chips) 
Seat 6: rrrro ($123.87 in chips) 
Rysiff: posts small blind $0.50
edithlm: posts big blind $1
*** HOLE CARDS ***
sutata: raises $1.50 to $2.50
stevoooo34: folds 
rrrro: folds 
50CandyJoe: folds 
Rysiff: folds 
edithlm: folds 
Uncalled bet ($1.50) returned to sutata
sutata collected $2.50 from pot
sutata: doesn't show hand 
*** SUMMARY ***
Total pot $2.50 | Rake $0 
Seat 1: 50CandyJoe (button) folded before Flop (didn't bet)
Seat 2: Rysiff (small blind) folded before Flop
Seat 3: edithlm (big blind) folded before Flop
Seat 4: sutata collected ($2.50)
Seat 5: stevoooo34 folded before Flop (didn't bet)
Seat 6: rrrro folded before Flop (didn't bet)



PokerStars Hand #254460858789:  Hold'em No Limit ($0.50/$1.00 USD) - 2025/01/19 2:49:41 WET [2025/01/19 21:49:41 ET]
Table 'Vinata III' 6-max Seat #2 is the button
Seat 1: 50CandyJoe ($103.77 in chips) 
Seat 2: Rysiff ($157.95 in chips) 
Seat 3: edithlm ($9.20 in chips) 
Seat 4: sutata ($104 in chips) 
Seat 5: stevoooo34 ($36.33 in chips) 
Seat 6: rrrro ($123.87 in chips) 
edithlm: posts small blind $0.50
sutata: posts big blind $1
*** HOLE CARDS ***
stevoooo34: folds 
rrrro: raises $1 to $2
50CandyJoe: folds 
Rysiff: folds 
edithlm: folds 
sutata: calls $1
*** FLOP *** [2h Th 4c]
sutata: bets $1.43
rrrro: calls $1.43
*** TURN *** [2h Th 4c] [7d]
sutata: checks 
rrrro: bets $10.48
sutata: calls $10.48
*** RIVER *** [2h Th 4c 7d] [6h]
sutata: checks 
rrrro: bets $20.18
sutata: folds 
Uncalled bet ($20.18) returned to rrrro
rrrro collected $26.90 from pot
rrrro: doesn't show hand 
*** SUMMARY ***
Total pot $28.32 | Rake $1.42 
Board [2h Th 4c 7d 6h]
Seat 1: 50CandyJoe folded before Flop (didn't bet)
Seat 2: Rysiff (button) folded before Flop (didn't bet)
Seat 3: edithlm (small blind) folded before Flop
Seat 4: sutata (big blind) folded on the River
Seat 5: stevoooo34 folded before Flop (didn't bet)
Seat 6: rrrro collected ($26.90)



PokerStars Hand #254460870707:  Hold'em No Limit ($0.50/$1.00 USD) - 2025/01/19 2:51:05 WET [2025/01/19 21:51:05 ET]
Table 'Vinata III' 6-max Seat #3 is the button
Seat 1: 50CandyJoe ($103.77 in chips) 
Seat 2: Rysiff ($157.95 in chips) 
Seat 3: edithlm ($8.70 in chips) 
Seat 4: sutata ($100 in chips) 
Seat 5: stevoooo34 ($36.33 in chips) 
Seat 6: rrrro ($136.86 in chips) 
sutata: posts small blind $0.50
stevoooo34: posts big blind $1
*** HOLE CARDS ***
rrrro: folds 
50CandyJoe: folds 
Rysiff: folds 
edithlm: calls $1
sutata: folds 
stevoooo34: checks 
*** FLOP *** [3h Ks Tc]
stevoooo34: checks 
edithlm: bets $7.70 and is all-in
stevoooo34: folds 
Uncalled bet ($7.70) returned to edithlm
edithlm collected $2.38 from pot
*** SUMMARY ***
Total pot $2.50 | Rake $0.12 
Board [3h Ks Tc]
Seat 1: 50CandyJoe folded before Flop (didn't bet)
Seat 2: Rysiff folded before Flop (didn't bet)
Seat 3: edithlm (button) collected ($2.38)
Seat 4: sutata (small blind) folded before Flop
Seat 5: stevoooo34 (big blind) folded on the Flop
Seat 6: rrrro folded before Flop (didn't bet)



PokerStars Hand #254460876178:  Hold'em No Limit ($0.50/$1.00 USD) - 2025/01/19 2:51:43 WET [2025/01/19 21:51:43 ET]
Table 'Vinata III' 6-max Seat #4 is the button
Seat 1: 50CandyJoe ($103.77 in chips) 
Seat 2: Rysiff ($157.95 in chips) 
Seat 3: edithlm ($10.08 in chips) 
Seat 4: sutata ($100 in chips) 
Seat 5: stevoooo34 ($35.33 in chips) 
Seat 6: rrrro ($136.86 in chips) 
stevoooo34: posts small blind $0.50
rrrro: posts big blind $1
*** HOLE CARDS ***
50CandyJoe: folds 
Rysiff: folds 
edithlm: calls $1
sutata: folds 
stevoooo34: folds 
rrrro: checks 
*** FLOP *** [9d 3h Qd]
rrrro: checks 
edithlm: checks 
*** TURN *** [9d 3h Qd] [5c]
rrrro: checks 
edithlm: checks 
*** RIVER *** [9d 3h Qd 5c] [8s]
rrrro: checks 
edithlm: checks 
*** SHOW DOWN ***
rrrro: shows [5h Ac] (a pair of Fives)
edithlm: shows [6c 8h] (a pair of Eights)
edithlm collected $2.38 from pot
*** SUMMARY ***
Total pot $2.50 | Rake $0.12 
Board [9d 3h Qd 5c 8s]
Seat 1: 50CandyJoe folded before Flop (didn't bet)
Seat 2: Rysiff folded before Flop (didn't bet)
Seat 3: edithlm showed [6c 8h] and won ($2.38) with a pair of Eights
Seat 4: sutata (button) folded before Flop (didn't bet)
Seat 5: stevoooo34 (small blind) folded before Flop
Seat 6: rrrro (big blind) showed [5h Ac] and lost with a pair of Fives



PokerStars Hand #254460883300:  Hold'em No Limit ($0.50/$1.00 USD) - 2025/01/19 2:52:33 WET [2025/01/19 21:52:33 ET]
Table 'Vinata III' 6-max Seat #5 is the button
Seat 1: 50CandyJoe ($103.77 in chips) 
Seat 2: Rysiff ($157.95 in chips) 
Seat 3: edithlm ($11.46 in chips) 
Seat 4: sutata ($100 in chips) 
Seat 5: stevoooo34 ($34.83 in chips) 
Seat 6: rrrro ($135.86 in chips) 
rrrro: posts small blind $0.50
50CandyJoe: posts big blind $1
*** HOLE CARDS ***
Rysiff: folds 
edithlm: calls $1
sutata: folds 
stevoooo34: calls $1
rrrro: folds 
50CandyJoe: checks 
*** FLOP *** [Th 3c 2d]
50CandyJoe: checks 
edithlm: checks 
stevoooo34: bets $3.32
50CandyJoe: raises $5.68 to $9
edithlm: folds 
stevoooo34: folds 
Uncalled bet ($5.68) returned to 50CandyJoe
50CandyJoe collected $9.63 from pot
50CandyJoe: doesn't show hand 
*** SUMMARY ***
Total pot $10.14 | Rake $0.51 
Board [Th 3c 2d]
Seat 1: 50CandyJoe (big blind) collected ($9.63)
Seat 2: Rysiff folded before Flop (didn't bet)
Seat 3: edithlm folded on the Flop
Seat 4: sutata folded before Flop (didn't bet)
Seat 5: stevoooo34 (button) folded on the Flop
Seat 6: rrrro (small blind) folded before Flop



PokerStars Hand #254460891185:  Hold'em No Limit ($0.50/$1.00 USD) - 2025/01/19 2:53:29 WET [2025/01/19 21:53:29 ET]
Table 'Vinata III' 6-max Seat #6 is the button
Seat 1: 50CandyJoe ($109.08 in chips) 
Seat 2: Rysiff ($157.95 in chips) 
Seat 3: edithlm ($10.46 in chips) 
Seat 4: sutata ($100 in chips) 
Seat 5: stevoooo34 ($30.51 in chips) 
Seat 6: rrrro ($135.36 in chips) 
50CandyJoe: posts small blind $0.50
Rysiff: posts big blind $1
*** HOLE CARDS ***
edithlm: calls $1
sutata: folds 
stevoooo34: folds 
rrrro: raises $4 to $5
50CandyJoe: raises $10 to $15
Rysiff: folds 
edithlm: calls $9.46 and is all-in
rrrro: calls $10
*** FLOP *** [Kd 7d 2c]
50CandyJoe: bets $9.85
rrrro: folds 
Uncalled bet ($9.85) returned to 50CandyJoe
*** TURN *** [Kd 7d 2c] [2d]
*** RIVER *** [Kd 7d 2c 2d] [9s]
*** SHOW DOWN ***
50CandyJoe: shows [Kc Ah] (two pair, Kings and Deuces)
50CandyJoe collected $8.63 from side pot
edithlm: shows [Kh Jh] (two pair, Kings and Deuces - lower kicker)
50CandyJoe collected $30.76 from main pot
edithlm cashed out the hand for $3.83 | Cash Out Fee $0.08
*** SUMMARY ***
Total pot $41.46 Main pot $30.76. Side pot $8.63. | Rake $2.07 
Board [Kd 7d 2c 2d 9s]
Seat 1: 50CandyJoe (small blind) showed [Kc Ah] and won ($39.39) with two pair, Kings and Deuces
Seat 2: Rysiff (big blind) folded before Flop
Seat 3: edithlm showed [Kh Jh] and lost with two pair, Kings and Deuces (cashed out).
Seat 4: sutata folded before Flop (didn't bet)
Seat 5: stevoooo34 folded before Flop (didn't bet)
Seat 6: rrrro (button) folded on the Flop



PokerStars Hand #254460901810:  Hold'em No Limit ($0.50/$1.00 USD) - 2025/01/19 2:54:44 WET [2025/01/19 21:54:44 ET]
Table 'Vinata III' 6-max Seat #1 is the button
Seat 1: 50CandyJoe ($133.47 in chips) 
Seat 2: Rysiff ($156.95 in chips) 
Seat 3: edithlm ($3.83 in chips) 
Seat 4: sutata ($100 in chips) 
Seat 5: stevoooo34 ($30.51 in chips) 
Seat 6: rrrro ($120.36 in chips) 
Rysiff: posts small blind $0.50
edithlm: posts big blind $1
*** HOLE CARDS ***
sutata: folds 
stevoooo34: folds 
rrrro: raises $1.30 to $2.30
50CandyJoe: folds 
Rysiff: folds 
edithlm: folds 
Uncalled bet ($1.30) returned to rrrro
edithlm leaves the table
rrrro collected $2.50 from pot
rrrro: doesn't show hand 
*** SUMMARY ***
Total pot $2.50 | Rake $0 
Seat 1: 50CandyJoe (button) folded before Flop (didn't bet)
Seat 2: Rysiff (small blind) folded before Flop
Seat 3: edithlm (big blind) folded before Flop
Seat 4: sutata folded before Flop (didn't bet)
Seat 5: stevoooo34 folded before Flop (didn't bet)
Seat 6: rrrro collected ($2.50)



PokerStars Hand #254460905639:  Hold'em No Limit ($0.50/$1.00 USD) - 2025/01/19 2:55:14 WET [2025/01/19 21:55:14 ET]
Table 'Vinata III' 6-max Seat #2 is the button
Seat 1: 50CandyJoe ($133.47 in chips) 
Seat 2: Rysiff ($156.45 in chips) 
Seat 4: sutata ($100 in chips) 
Seat 5: stevoooo34 ($30.51 in chips) 
Seat 6: rrrro ($121.86 in chips) 
sutata: posts small blind $0.50
stevoooo34: posts big blind $1
*** HOLE CARDS ***
rrrro: raises $1 to $2
50CandyJoe: folds 
Rysiff: folds 
sutata: calls $1.50
ptolejmus joins the table at seat #3 
stevoooo34: calls $1
*** FLOP *** [6c 3c Kh]
sutata: checks 
stevoooo34: checks 
rrrro: bets $1.43
sutata: calls $1.43
stevoooo34: calls $1.43
*** TURN *** [6c 3c Kh] [3h]
sutata: checks 
stevoooo34: checks 
rrrro: checks 
*** RIVER *** [6c 3c Kh 3h] [5d]
sutata: bets $3.26
stevoooo34: folds 
rrrro: folds 
Uncalled bet ($3.26) returned to sutata
sutata collected $9.78 from pot
sutata: doesn't show hand 
*** SUMMARY ***
Total pot $10.29 | Rake $0.51 
Board [6c 3c Kh 3h 5d]
Seat 1: 50CandyJoe folded before Flop (didn't bet)
Seat 2: Rysiff (button) folded before Flop (didn't bet)
Seat 4: sutata (small blind) collected ($9.78)
Seat 5: stevoooo34 (big blind) folded on the River
Seat 6: rrrro folded on the River



PokerStars Hand #254460912105:  Hold'em No Limit ($0.50/$1.00 USD) - 2025/01/19 2:56:12 WET [2025/01/19 21:56:12 ET]
Table 'Vinata III' 6-max Seat #4 is the button
Seat 3: ptolejmus ($17.29 in chips) is sitting out
Seat 1: 50CandyJoe ($133.47 in chips) 
Seat 2: Rysiff ($156.45 in chips) 
Seat 4: sutata ($106.35 in chips) 
Seat 5: stevoooo34 ($27.08 in chips) 
Seat 6: rrrro ($118.43 in chips) 
stevoooo34: posts small blind $0.50
rrrro: posts big blind $1
ptolejmus: sits out 
*** HOLE CARDS ***
50CandyJoe: folds 
Rysiff: folds 
sutata: raises $2 to $3
stevoooo34: folds 
rrrro: folds 
Uncalled bet ($2) returned to sutata
sutata collected $2.50 from pot
sutata: doesn't show hand 
*** SUMMARY ***
Total pot $2.50 | Rake $0 
Seat 3: ptolejmus
Seat 1: 50CandyJoe folded before Flop (didn't bet)
Seat 2: Rysiff folded before Flop (didn't bet)
Seat 4: sutata (button) collected ($2.50)
Seat 5: stevoooo34 (small blind) folded before Flop
Seat 6: rrrro (big blind) folded before Flop



PokerStars Hand #254460913387:  Hold'em No Limit ($0.50/$1.00 USD) - 2025/01/19 2:56:24 WET [2025/01/19 21:56:24 ET]
Table 'Vinata III' 6-max Seat #5 is the button
Seat 3: ptolejmus ($17.29 in chips) is sitting out
Seat 1: 50CandyJoe ($133.47 in chips) 
Seat 2: Rysiff ($156.45 in chips) 
Seat 4: sutata ($107.85 in chips) 
Seat 5: stevoooo34 ($26.58 in chips) 
Seat 6: rrrro ($117.43 in chips) 
rrrro: posts small blind $0.50
50CandyJoe: posts big blind $1
ptolejmus: sits out 
*** HOLE CARDS ***
Rysiff: raises $1.50 to $2.50
sutata: folds 
stevoooo34: folds 
rrrro: folds 
50CandyJoe: calls $1.50
*** FLOP *** [2c 8h 5d]
50CandyJoe: checks 
Rysiff: checks 
*** TURN *** [2c 8h 5d] [Jd]
50CandyJoe: checks 
Rysiff: bets $4.18
50CandyJoe: calls $4.18
*** RIVER *** [2c 8h 5d Jd] [8c]
50CandyJoe: checks 
Rysiff: checks 
*** SHOW DOWN ***
50CandyJoe: shows [Th Jh] (two pair, Jacks and Eights)
Rysiff: mucks hand 
50CandyJoe collected $13.17 from pot
*** SUMMARY ***
Total pot $13.86 | Rake $0.69 
Board [2c 8h 5d Jd 8c]
Seat 3: ptolejmus
Seat 1: 50CandyJoe (big blind) showed [Th Jh] and won ($13.17) with two pair, Jacks and Eights
Seat 2: Rysiff mucked
Seat 4: sutata folded before Flop (didn't bet)
Seat 5: stevoooo34 (button) folded before Flop (didn't bet)
Seat 6: rrrro (small blind) folded before Flop



PokerStars Hand #254460918544:  Hold'em No Limit ($0.50/$1.00 USD) - 2025/01/19 2:57:10 WET [2025/01/19 21:57:10 ET]
Table 'Vinata III' 6-max Seat #6 is the button
Seat 2: Rysiff ($149.77 in chips) is sitting out
Seat 1: 50CandyJoe ($139.96 in chips) 
Seat 3: ptolejmus ($17.29 in chips) 
Seat 4: sutata ($107.85 in chips) 
Seat 5: stevoooo34 ($26.58 in chips) 
Seat 6: rrrro ($116.93 in chips) 
50CandyJoe: posts small blind $0.50
Rysiff: is sitting out 
ptolejmus: posts big blind $1
*** HOLE CARDS ***
Rysiff leaves the table
sutata: folds 
stevoooo34: folds 
rrrro: raises $1.50 to $2.50
50CandyJoe: raises $8.50 to $11
ptolejmus: folds 
rrrro: raises $12 to $23
50CandyJoe: raises $116.96 to $139.96 and is all-in
rrrro: calls $93.93 and is all-in
Uncalled bet ($23.03) returned to 50CandyJoe
*** FLOP *** [Jc 8c 7c]
*** TURN *** [Jc 8c 7c] [Qd]
*** RIVER *** [Jc 8c 7c Qd] [6h]
*** SHOW DOWN ***
50CandyJoe: shows [Kc Ad] (high card Ace)
rrrro: shows [Kd Kh] (a pair of Kings)
rrrro collected $232.36 from pot
*** SUMMARY ***
Total pot $234.86 | Rake $2.50 
Board [Jc 8c 7c Qd 6h]
Seat 2: Rysiff
Seat 1: 50CandyJoe (small blind) showed [Kc Ad] and lost with high card Ace
Seat 3: ptolejmus (big blind) folded before Flop
Seat 4: sutata folded before Flop (didn't bet)
Seat 5: stevoooo34 folded before Flop (didn't bet)
Seat 6: rrrro (button) showed [Kd Kh] and won ($232.36) with a pair of Kings



