PokerStars Hand #254449738659:  Hold'em No Limit ($0.50/$1.00 USD) - 2025/01/19 16:36:18 WET [2025/01/19 11:36:18 ET]
Table 'Hamiltonia IV' 6-max Seat #2 is the button
Seat 4: Alinyr ($103.77 in chips) is sitting out
Seat 1: bogarthump ($100.78 in chips) 
Seat 2: Pippa83 ($100 in chips) 
Seat 3: Qwickone ($52.48 in chips) 
Seat 5: Dearic99 ($100 in chips) 
Seat 6: Joker007r ($214.99 in chips) 
Qwickone: posts small blind $0.50
Alinyr: is sitting out 
Dearic99: posts big blind $1
*** HOLE CARDS ***
Joker007r: raises $2 to $3
bogarthump: folds 
Alinyr leaves the table
Pippa83: folds 
Qwickone: folds 
Dearic99: folds 
Uncalled bet ($2) returned to Joker007r
sta$igk joins the table at seat #4 
Joker007r collected $2.50 from pot
Joker007r: doesn't show hand 
*** SUMMARY ***
Total pot $2.50 | Rake $0 
Seat 4: Alinyr
Seat 1: bogarthump folded before Flop (didn't bet)
Seat 2: Pippa83 (button) folded before Flop (didn't bet)
Seat 3: Qwickone (small blind) folded before Flop
Seat 5: Dearic99 (big blind) folded before Flop
Seat 6: Joker007r collected ($2.50)



PokerStars Hand #254449742582:  Hold'em No Limit ($0.50/$1.00 USD) - 2025/01/19 16:36:31 WET [2025/01/19 11:36:31 ET]
Table 'Hamiltonia IV' 6-max Seat #3 is the button
Seat 4: sta$igk ($100 in chips) is sitting out
Seat 1: bogarthump ($100.78 in chips) 
Seat 2: Pippa83 ($100 in chips) 
Seat 3: Qwickone ($51.98 in chips) 
Seat 5: Dearic99 ($100 in chips) 
Seat 6: Joker007r ($216.49 in chips) 
Dearic99: posts small blind $0.50
Joker007r: posts big blind $1
*** HOLE CARDS ***
bogarthump: folds 
Pippa83: folds 
Qwickone: folds 
Dearic99: raises $2 to $3
Joker007r: calls $2
*** FLOP *** [Qd 8d 7c]
Dearic99: checks 
Joker007r: checks 
*** TURN *** [Qd 8d 7c] [4d]
Dearic99: bets $2.85
Joker007r: calls $2.85
*** RIVER *** [Qd 8d 7c 4d] [Ks]
Dearic99: bets $5.56
Joker007r: folds 
Uncalled bet ($5.56) returned to Dearic99
Dearic99 collected $11.12 from pot
Dearic99: doesn't show hand 
*** SUMMARY ***
Total pot $11.70 | Rake $0.58 
Board [Qd 8d 7c 4d Ks]
Seat 4: sta$igk
Seat 1: bogarthump folded before Flop (didn't bet)
Seat 2: Pippa83 folded before Flop (didn't bet)
Seat 3: Qwickone (button) folded before Flop (didn't bet)
Seat 5: Dearic99 (small blind) collected ($11.12)
Seat 6: Joker007r (big blind) folded on the River



PokerStars Hand #254449756381:  Hold'em No Limit ($0.50/$1.00 USD) - 2025/01/19 16:37:17 WET [2025/01/19 11:37:17 ET]
Table 'Hamiltonia IV' 6-max Seat #5 is the button
Seat 4: sta$igk ($100 in chips) is sitting out
Seat 1: bogarthump ($100.78 in chips) 
Seat 2: Pippa83 ($100 in chips) 
Seat 3: Qwickone ($54.27 in chips) 
Seat 5: Dearic99 ($105.27 in chips) 
Seat 6: Joker007r ($210.64 in chips) 
Joker007r: posts small blind $0.50
bogarthump: posts big blind $1
sta$igk: sits out 
*** HOLE CARDS ***
Pippa83: folds 
Qwickone: raises $2 to $3
Dearic99: folds 
Joker007r: folds 
bogarthump: folds 
Uncalled bet ($2) returned to Qwickone
Qwickone collected $2.50 from pot
*** SUMMARY ***
Total pot $2.50 | Rake $0 
Seat 4: sta$igk
Seat 1: bogarthump (big blind) folded before Flop
Seat 2: Pippa83 folded before Flop (didn't bet)
Seat 3: Qwickone collected ($2.50)
Seat 5: Dearic99 (button) folded before Flop (didn't bet)
Seat 6: Joker007r (small blind) folded before Flop



PokerStars Hand #254449762888:  Hold'em No Limit ($0.50/$1.00 USD) - 2025/01/19 16:37:39 WET [2025/01/19 11:37:39 ET]
Table 'Hamiltonia IV' 6-max Seat #6 is the button
Seat 4: sta$igk ($100 in chips) is sitting out
Seat 1: bogarthump ($99.78 in chips) 
Seat 2: Pippa83 ($100 in chips) 
Seat 3: Qwickone ($55.77 in chips) 
Seat 5: Dearic99 ($105.27 in chips) 
Seat 6: Joker007r ($210.14 in chips) 
bogarthump: posts small blind $0.50
Pippa83: posts big blind $1
sta$igk: sits out 
*** HOLE CARDS ***
Qwickone: raises $1.20 to $2.20
Dearic99: folds 
Joker007r: folds 
bogarthump: calls $1.70
Pippa83: folds 
*** FLOP *** [Jh 5h Ac]
bogarthump: checks 
Qwickone: checks 
*** TURN *** [Jh 5h Ac] [8d]
bogarthump: checks 
Qwickone: bets $3.57
bogarthump: calls $3.57
*** RIVER *** [Jh 5h Ac 8d] [6d]
bogarthump: checks 
Qwickone: checks 
*** SHOW DOWN ***
bogarthump: shows [6c 7c] (a pair of Sixes)
Qwickone: mucks hand 
bogarthump collected $11.91 from pot
*** SUMMARY ***
Total pot $12.54 | Rake $0.63 
Board [Jh 5h Ac 8d 6d]
Seat 4: sta$igk
Seat 1: bogarthump (small blind) showed [6c 7c] and won ($11.91) with a pair of Sixes
Seat 2: Pippa83 (big blind) folded before Flop
Seat 3: Qwickone mucked
Seat 5: Dearic99 folded before Flop (didn't bet)
Seat 6: Joker007r (button) folded before Flop (didn't bet)



PokerStars Hand #254449783960:  Hold'em No Limit ($0.50/$1.00 USD) - 2025/01/19 16:38:51 WET [2025/01/19 11:38:51 ET]
Table 'Hamiltonia IV' 6-max Seat #1 is the button
Seat 4: sta$igk ($100 in chips) is sitting out
Seat 1: bogarthump ($105.92 in chips) 
Seat 2: Pippa83 ($100 in chips) 
Seat 3: Qwickone ($50 in chips) 
Seat 5: Dearic99 ($105.27 in chips) 
Seat 6: Joker007r ($210.14 in chips) 
Pippa83: posts small blind $0.50
Qwickone: posts big blind $1
sta$igk: sits out 
*** HOLE CARDS ***
Dearic99: folds 
Joker007r: raises $1.50 to $2.50
bogarthump: folds 
Pippa83: folds 
Qwickone: calls $1.50
*** FLOP *** [4s 9h 5h]
Qwickone: checks 
Joker007r: bets $3.81
Qwickone: calls $3.81
*** TURN *** [4s 9h 5h] [3d]
Qwickone: checks 
Joker007r: checks 
*** RIVER *** [4s 9h 5h 3d] [7h]
Qwickone: checks 
Joker007r: checks 
*** SHOW DOWN ***
Qwickone: shows [Qc 5s] (a pair of Fives)
Joker007r: mucks hand 
Qwickone collected $12.46 from pot
*** SUMMARY ***
Total pot $13.12 | Rake $0.66 
Board [4s 9h 5h 3d 7h]
Seat 4: sta$igk
Seat 1: bogarthump (button) folded before Flop (didn't bet)
Seat 2: Pippa83 (small blind) folded before Flop
Seat 3: Qwickone (big blind) showed [Qc 5s] and won ($12.46) with a pair of Fives
Seat 5: Dearic99 folded before Flop (didn't bet)
Seat 6: Joker007r mucked



PokerStars Hand #254449800064:  Hold'em No Limit ($0.50/$1.00 USD) - 2025/01/19 16:39:45 WET [2025/01/19 11:39:45 ET]
Table 'Hamiltonia IV' 6-max Seat #2 is the button
Seat 1: bogarthump ($105.92 in chips) 
Seat 2: Pippa83 ($100 in chips) 
Seat 3: Qwickone ($56.15 in chips) 
Seat 4: sta$igk ($100 in chips) 
Seat 5: Dearic99 ($105.27 in chips) 
Seat 6: Joker007r ($203.83 in chips) 
Qwickone: posts small blind $0.50
sta$igk: posts big blind $1
*** HOLE CARDS ***
Dearic99: raises $1.50 to $2.50
Joker007r: folds 
bogarthump: folds 
Pippa83: raises $5 to $7.50
Qwickone: folds 
sta$igk: folds 
Dearic99: raises $15.50 to $23
Pippa83: folds 
Uncalled bet ($15.50) returned to Dearic99
Dearic99 collected $16.50 from pot
Dearic99: doesn't show hand 
*** SUMMARY ***
Total pot $16.50 | Rake $0 
Seat 1: bogarthump folded before Flop (didn't bet)
Seat 2: Pippa83 (button) folded before Flop
Seat 3: Qwickone (small blind) folded before Flop
Seat 4: sta$igk (big blind) folded before Flop
Seat 5: Dearic99 collected ($16.50)
Seat 6: Joker007r folded before Flop (didn't bet)



PokerStars Hand #254449814920:  Hold'em No Limit ($0.50/$1.00 USD) - 2025/01/19 16:40:35 WET [2025/01/19 11:40:35 ET]
Table 'Hamiltonia IV' 6-max Seat #3 is the button
Seat 1: bogarthump ($105.92 in chips) 
Seat 2: Pippa83 ($100 in chips) 
Seat 3: Qwickone ($55.65 in chips) 
Seat 4: sta$igk ($100 in chips) 
Seat 5: Dearic99 ($114.27 in chips) 
Seat 6: Joker007r ($203.83 in chips) 
sta$igk: posts small blind $0.50
Dearic99: posts big blind $1
*** HOLE CARDS ***
Joker007r: folds 
bogarthump: folds 
Pippa83: folds 
Qwickone: folds 
sta$igk: raises $2 to $3
Dearic99: folds 
Uncalled bet ($2) returned to sta$igk
sta$igk collected $2 from pot
sta$igk: doesn't show hand 
*** SUMMARY ***
Total pot $2 | Rake $0 
Seat 1: bogarthump folded before Flop (didn't bet)
Seat 2: Pippa83 folded before Flop (didn't bet)
Seat 3: Qwickone (button) folded before Flop (didn't bet)
Seat 4: sta$igk (small blind) collected ($2)
Seat 5: Dearic99 (big blind) folded before Flop
Seat 6: Joker007r folded before Flop (didn't bet)



PokerStars Hand #254449821750:  Hold'em No Limit ($0.50/$1.00 USD) - 2025/01/19 16:40:58 WET [2025/01/19 11:40:58 ET]
Table 'Hamiltonia IV' 6-max Seat #4 is the button
Seat 1: bogarthump ($105.92 in chips) 
Seat 2: Pippa83 ($100 in chips) 
Seat 3: Qwickone ($55.65 in chips) 
Seat 4: sta$igk ($101 in chips) 
Seat 5: Dearic99 ($113.27 in chips) 
Seat 6: Joker007r ($203.83 in chips) 
Dearic99: posts small blind $0.50
Joker007r: posts big blind $1
*** HOLE CARDS ***
bogarthump: folds 
Pippa83: raises $1.20 to $2.20
Qwickone: raises $5.90 to $8.10
sta$igk: folds 
Dearic99: folds 
Joker007r: folds 
Pippa83: folds 
Uncalled bet ($5.90) returned to Qwickone
Qwickone collected $5.90 from pot
*** SUMMARY ***
Total pot $5.90 | Rake $0 
Seat 1: bogarthump folded before Flop (didn't bet)
Seat 2: Pippa83 folded before Flop
Seat 3: Qwickone collected ($5.90)
Seat 4: sta$igk (button) folded before Flop (didn't bet)
Seat 5: Dearic99 (small blind) folded before Flop
Seat 6: Joker007r (big blind) folded before Flop



PokerStars Hand #254449828011:  Hold'em No Limit ($0.50/$1.00 USD) - 2025/01/19 16:41:19 WET [2025/01/19 11:41:19 ET]
Table 'Hamiltonia IV' 6-max Seat #5 is the button
Seat 1: bogarthump ($105.92 in chips) 
Seat 2: Pippa83 ($100 in chips) 
Seat 3: Qwickone ($59.35 in chips) 
Seat 4: sta$igk ($101 in chips) 
Seat 5: Dearic99 ($112.77 in chips) 
Seat 6: Joker007r ($202.83 in chips) 
Joker007r: posts small blind $0.50
bogarthump: posts big blind $1
*** HOLE CARDS ***
Pippa83: folds 
Qwickone: raises $1.20 to $2.20
sta$igk: raises $4.80 to $7
Dearic99: folds 
Joker007r: raises $13 to $20
bogarthump: folds 
Qwickone: calls $17.80
sta$igk: folds 
*** FLOP *** [9c 7s 6s]
Joker007r: bets $72.05
Qwickone: calls $39.35 and is all-in
Uncalled bet ($32.70) returned to Joker007r
*** FIRST TURN *** [9c 7s 6s] [Jd]
*** FIRST RIVER *** [9c 7s 6s Jd] [6d]
*** SECOND TURN *** [9c 7s 6s] [2d]
*** SECOND RIVER *** [9c 7s 6s 2d] [7h]
*** FIRST SHOW DOWN ***
Joker007r: shows [Qc Ac] (a pair of Sixes)
Qwickone: shows [8d 8h] (two pair, Eights and Sixes)
Qwickone collected $62.10 from pot
*** SECOND SHOW DOWN ***
Joker007r: shows [Qc Ac] (a pair of Sevens)
Qwickone: shows [8d 8h] (two pair, Eights and Sevens)
Qwickone collected $62.10 from pot
*** SUMMARY ***
Total pot $126.70 | Rake $2.50 
Hand was run twice
FIRST Board [9c 7s 6s Jd 6d]
SECOND Board [9c 7s 6s 2d 7h]
Seat 1: bogarthump (big blind) folded before Flop
Seat 2: Pippa83 folded before Flop (didn't bet)
Seat 3: Qwickone showed [8d 8h] and won ($62.10) with two pair, Eights and Sixes, and won ($62.10) with two pair, Eights and Sevens
Seat 4: sta$igk folded before Flop
Seat 5: Dearic99 (button) folded before Flop (didn't bet)
Seat 6: Joker007r (small blind) showed [Qc Ac] and lost with a pair of Sixes, and lost with a pair of Sevens



PokerStars Hand #254449844953:  Hold'em No Limit ($0.50/$1.00 USD) - 2025/01/19 16:42:16 WET [2025/01/19 11:42:16 ET]
Table 'Hamiltonia IV' 6-max Seat #6 is the button
Seat 1: bogarthump ($104.92 in chips) 
Seat 2: Pippa83 ($100 in chips) 
Seat 3: Qwickone ($124.20 in chips) 
Seat 4: sta$igk ($100 in chips) 
Seat 5: Dearic99 ($112.77 in chips) 
Seat 6: Joker007r ($143.48 in chips) 
bogarthump: posts small blind $0.50
Pippa83: posts big blind $1
*** HOLE CARDS ***
Qwickone: folds 
sta$igk: raises $1.50 to $2.50
Dearic99: folds 
Joker007r: folds 
bogarthump: calls $2
Pippa83: folds 
*** FLOP *** [4c 6d 2s]
bogarthump: checks 
sta$igk: bets $1.88
bogarthump: folds 
Uncalled bet ($1.88) returned to sta$igk
sta$igk collected $5.70 from pot
sta$igk: doesn't show hand 
*** SUMMARY ***
Total pot $6 | Rake $0.30 
Board [4c 6d 2s]
Seat 1: bogarthump (small blind) folded on the Flop
Seat 2: Pippa83 (big blind) folded before Flop
Seat 3: Qwickone folded before Flop (didn't bet)
Seat 4: sta$igk collected ($5.70)
Seat 5: Dearic99 folded before Flop (didn't bet)
Seat 6: Joker007r (button) folded before Flop (didn't bet)



PokerStars Hand #254449859116:  Hold'em No Limit ($0.50/$1.00 USD) - 2025/01/19 16:43:05 WET [2025/01/19 11:43:05 ET]
Table 'Hamiltonia IV' 6-max Seat #1 is the button
Seat 1: bogarthump ($102.42 in chips) 
Seat 2: Pippa83 ($100 in chips) 
Seat 3: Qwickone ($124.20 in chips) 
Seat 4: sta$igk ($103.20 in chips) 
Seat 5: Dearic99 ($112.77 in chips) 
Seat 6: Joker007r ($143.48 in chips) 
Pippa83: posts small blind $0.50
Qwickone: posts big blind $1
*** HOLE CARDS ***
sta$igk: folds 
Dearic99: folds 
Joker007r: folds 
bogarthump: raises $1 to $2
Pippa83: folds 
Qwickone: raises $7 to $9
bogarthump: folds 
Uncalled bet ($7) returned to Qwickone
Qwickone collected $4.50 from pot
*** SUMMARY ***
Total pot $4.50 | Rake $0 
Seat 1: bogarthump (button) folded before Flop
Seat 2: Pippa83 (small blind) folded before Flop
Seat 3: Qwickone (big blind) collected ($4.50)
Seat 4: sta$igk folded before Flop (didn't bet)
Seat 5: Dearic99 folded before Flop (didn't bet)
Seat 6: Joker007r folded before Flop (didn't bet)



PokerStars Hand #254449870479:  Hold'em No Limit ($0.50/$1.00 USD) - 2025/01/19 16:43:43 WET [2025/01/19 11:43:43 ET]
Table 'Hamiltonia IV' 6-max Seat #2 is the button
Seat 1: bogarthump ($100.42 in chips) 
Seat 2: Pippa83 ($100 in chips) 
Seat 3: Qwickone ($126.70 in chips) 
Seat 4: sta$igk ($103.20 in chips) 
Seat 5: Dearic99 ($112.77 in chips) 
Seat 6: Joker007r ($143.48 in chips) 
Qwickone: posts small blind $0.50
sta$igk: posts big blind $1
*** HOLE CARDS ***
Dearic99: folds 
Joker007r: raises $2 to $3
bogarthump: calls $3
Pippa83: folds 
Qwickone: calls $2.50
sta$igk: folds 
*** FLOP *** [5c Kd 7d]
Qwickone: checks 
Joker007r: bets $3.14
bogarthump: calls $3.14
Qwickone: folds 
*** TURN *** [5c Kd 7d] [Ts]
Joker007r: checks 
bogarthump: checks 
*** RIVER *** [5c Kd 7d Ts] [9s]
Joker007r: checks 
bogarthump: checks 
*** SHOW DOWN ***
Joker007r: shows [Kc 8c] (a pair of Kings)
bogarthump: mucks hand 
Joker007r collected $15.47 from pot
*** SUMMARY ***
Total pot $16.28 | Rake $0.81 
Board [5c Kd 7d Ts 9s]
Seat 1: bogarthump mucked
Seat 2: Pippa83 (button) folded before Flop (didn't bet)
Seat 3: Qwickone (small blind) folded on the Flop
Seat 4: sta$igk (big blind) folded before Flop
Seat 5: Dearic99 folded before Flop (didn't bet)
Seat 6: Joker007r showed [Kc 8c] and won ($15.47) with a pair of Kings



PokerStars Hand #254449884976:  Hold'em No Limit ($0.50/$1.00 USD) - 2025/01/19 16:44:31 WET [2025/01/19 11:44:31 ET]
Table 'Hamiltonia IV' 6-max Seat #3 is the button
Seat 1: bogarthump ($94.28 in chips) 
Seat 2: Pippa83 ($100 in chips) 
Seat 3: Qwickone ($123.70 in chips) 
Seat 4: sta$igk ($102.20 in chips) 
Seat 5: Dearic99 ($112.77 in chips) 
Seat 6: Joker007r ($152.81 in chips) 
sta$igk: posts small blind $0.50
Dearic99: posts big blind $1
*** HOLE CARDS ***
Joker007r: folds 
bogarthump: folds 
Pippa83: raises $1.50 to $2.50
Qwickone is disconnected 
Qwickone is connected 
Qwickone: calls $2.50
sta$igk: folds 
Dearic99: folds 
*** FLOP *** [3s Tc Td]
Pippa83: checks 
Qwickone: checks 
*** TURN *** [3s Tc Td] [8h]
Pippa83: bets $4.64
Qwickone: folds 
Uncalled bet ($4.64) returned to Pippa83
Pippa83 collected $6.18 from pot
Pippa83: doesn't show hand 
*** SUMMARY ***
Total pot $6.50 | Rake $0.32 
Board [3s Tc Td 8h]
Seat 1: bogarthump folded before Flop (didn't bet)
Seat 2: Pippa83 collected ($6.18)
Seat 3: Qwickone (button) folded on the Turn
Seat 4: sta$igk (small blind) folded before Flop
Seat 5: Dearic99 (big blind) folded before Flop
Seat 6: Joker007r folded before Flop (didn't bet)



PokerStars Hand #254449908561:  Hold'em No Limit ($0.50/$1.00 USD) - 2025/01/19 16:45:50 WET [2025/01/19 11:45:50 ET]
Table 'Hamiltonia IV' 6-max Seat #4 is the button
Seat 1: bogarthump ($94.28 in chips) 
Seat 2: Pippa83 ($103.68 in chips) 
Seat 3: Qwickone ($121.20 in chips) 
Seat 4: sta$igk ($101.70 in chips) 
Seat 5: Dearic99 ($111.77 in chips) 
Seat 6: Joker007r ($152.81 in chips) 
Dearic99: posts small blind $0.50
Joker007r: posts big blind $1
*** HOLE CARDS ***
bogarthump: raises $1 to $2
Pippa83: folds 
Qwickone: calls $2
sta$igk: folds 
Dearic99: calls $1.50
Joker007r: calls $1
*** FLOP *** [5c 3c Ts]
Dearic99: checks 
Joker007r: checks 
bogarthump: bets $6
Qwickone: folds 
Dearic99: folds 
Joker007r: folds 
Uncalled bet ($6) returned to bogarthump
bogarthump collected $7.60 from pot
bogarthump: doesn't show hand 
*** SUMMARY ***
Total pot $8 | Rake $0.40 
Board [5c 3c Ts]
Seat 1: bogarthump collected ($7.60)
Seat 2: Pippa83 folded before Flop (didn't bet)
Seat 3: Qwickone folded on the Flop
Seat 4: sta$igk (button) folded before Flop (didn't bet)
Seat 5: Dearic99 (small blind) folded on the Flop
Seat 6: Joker007r (big blind) folded on the Flop



PokerStars Hand #254449918313:  Hold'em No Limit ($0.50/$1.00 USD) - 2025/01/19 16:46:22 WET [2025/01/19 11:46:22 ET]
Table 'Hamiltonia IV' 6-max Seat #5 is the button
Seat 1: bogarthump ($99.88 in chips) 
Seat 2: Pippa83 ($103.68 in chips) 
Seat 3: Qwickone ($119.20 in chips) 
Seat 4: sta$igk ($101.70 in chips) 
Seat 5: Dearic99 ($109.77 in chips) 
Seat 6: Joker007r ($150.81 in chips) 
Joker007r: posts small blind $0.50
bogarthump: posts big blind $1
*** HOLE CARDS ***
Pippa83: folds 
Qwickone: folds 
sta$igk: raises $1.50 to $2.50
Dearic99: folds 
Joker007r: folds 
bogarthump: folds 
Uncalled bet ($1.50) returned to sta$igk
sta$igk collected $2.50 from pot
sta$igk: doesn't show hand 
*** SUMMARY ***
Total pot $2.50 | Rake $0 
Seat 1: bogarthump (big blind) folded before Flop
Seat 2: Pippa83 folded before Flop (didn't bet)
Seat 3: Qwickone folded before Flop (didn't bet)
Seat 4: sta$igk collected ($2.50)
Seat 5: Dearic99 (button) folded before Flop (didn't bet)
Seat 6: Joker007r (small blind) folded before Flop



PokerStars Hand #254449926817:  Hold'em No Limit ($0.50/$1.00 USD) - 2025/01/19 16:46:51 WET [2025/01/19 11:46:51 ET]
Table 'Hamiltonia IV' 6-max Seat #6 is the button
Seat 1: bogarthump ($98.88 in chips) 
Seat 2: Pippa83 ($103.68 in chips) 
Seat 3: Qwickone ($119.20 in chips) 
Seat 4: sta$igk ($103.20 in chips) 
Seat 5: Dearic99 ($109.77 in chips) 
Seat 6: Joker007r ($150.31 in chips) 
bogarthump: posts small blind $0.50
Pippa83: posts big blind $1
*** HOLE CARDS ***
Qwickone: folds 
sta$igk: folds 
Dearic99: folds 
Joker007r: folds 
bogarthump: folds 
Uncalled bet ($0.50) returned to Pippa83
Pippa83 collected $1 from pot
Pippa83: doesn't show hand 
*** SUMMARY ***
Total pot $1 | Rake $0 
Seat 1: bogarthump (small blind) folded before Flop
Seat 2: Pippa83 (big blind) collected ($1)
Seat 3: Qwickone folded before Flop (didn't bet)
Seat 4: sta$igk folded before Flop (didn't bet)
Seat 5: Dearic99 folded before Flop (didn't bet)
Seat 6: Joker007r (button) folded before Flop (didn't bet)



PokerStars Hand #254449932433:  Hold'em No Limit ($0.50/$1.00 USD) - 2025/01/19 16:47:10 WET [2025/01/19 11:47:10 ET]
Table 'Hamiltonia IV' 6-max Seat #1 is the button
Seat 1: bogarthump ($98.38 in chips) 
Seat 2: Pippa83 ($104.18 in chips) 
Seat 3: Qwickone ($119.20 in chips) 
Seat 4: sta$igk ($103.20 in chips) 
Seat 5: Dearic99 ($109.77 in chips) 
Seat 6: Joker007r ($150.31 in chips) 
Pippa83: posts small blind $0.50
Qwickone: posts big blind $1
*** HOLE CARDS ***
sta$igk: folds 
Dearic99: folds 
Joker007r: folds 
bogarthump: folds 
Pippa83: folds 
Uncalled bet ($0.50) returned to Qwickone
Qwickone collected $1 from pot
*** SUMMARY ***
Total pot $1 | Rake $0 
Seat 1: bogarthump (button) folded before Flop (didn't bet)
Seat 2: Pippa83 (small blind) folded before Flop
Seat 3: Qwickone (big blind) collected ($1)
Seat 4: sta$igk folded before Flop (didn't bet)
Seat 5: Dearic99 folded before Flop (didn't bet)
Seat 6: Joker007r folded before Flop (didn't bet)



PokerStars Hand #254449936134:  Hold'em No Limit ($0.50/$1.00 USD) - 2025/01/19 16:47:23 WET [2025/01/19 11:47:23 ET]
Table 'Hamiltonia IV' 6-max Seat #2 is the button
Seat 1: bogarthump ($98.38 in chips) 
Seat 2: Pippa83 ($103.68 in chips) 
Seat 3: Qwickone ($119.70 in chips) 
Seat 4: sta$igk ($103.20 in chips) 
Seat 5: Dearic99 ($109.77 in chips) 
Seat 6: Joker007r ($150.31 in chips) 
Qwickone: posts small blind $0.50
sta$igk: posts big blind $1
*** HOLE CARDS ***
Dearic99: folds 
Joker007r: folds 
bogarthump: calls $1
Pippa83: folds 
Qwickone: raises $2 to $3
sta$igk: raises $8 to $11
bogarthump: folds 
Qwickone: calls $8
*** FLOP *** [Qd Ac 8h]
Qwickone: checks 
sta$igk: bets $5.46
Qwickone: calls $5.46
*** TURN *** [Qd Ac 8h] [Ks]
Qwickone: checks 
sta$igk: checks 
*** RIVER *** [Qd Ac 8h Ks] [4d]
Qwickone: bets $16.11
sta$igk: folds 
Uncalled bet ($16.11) returned to Qwickone
Qwickone collected $32.22 from pot
*** SUMMARY ***
Total pot $33.92 | Rake $1.70 
Board [Qd Ac 8h Ks 4d]
Seat 1: bogarthump folded before Flop
Seat 2: Pippa83 (button) folded before Flop (didn't bet)
Seat 3: Qwickone (small blind) collected ($32.22)
Seat 4: sta$igk (big blind) folded on the River
Seat 5: Dearic99 folded before Flop (didn't bet)
Seat 6: Joker007r folded before Flop (didn't bet)



PokerStars Hand #254449965962:  Hold'em No Limit ($0.50/$1.00 USD) - 2025/01/19 16:49:03 WET [2025/01/19 11:49:03 ET]
Table 'Hamiltonia IV' 6-max Seat #3 is the button
Seat 1: bogarthump ($97.38 in chips) 
Seat 2: Pippa83 ($103.68 in chips) 
Seat 3: Qwickone ($135.46 in chips) 
Seat 4: sta$igk ($100 in chips) 
Seat 5: Dearic99 ($109.77 in chips) 
Seat 6: Joker007r ($150.31 in chips) 
sta$igk: posts small blind $0.50
Dearic99: posts big blind $1
*** HOLE CARDS ***
Joker007r: raises $2 to $3
bogarthump: folds 
Pippa83: folds 
Qwickone has timed out
Qwickone: folds 
sta$igk: folds 
Dearic99: folds 
Uncalled bet ($2) returned to Joker007r
Joker007r collected $2.50 from pot
Joker007r: doesn't show hand 
*** SUMMARY ***
Total pot $2.50 | Rake $0 
Seat 1: bogarthump folded before Flop (didn't bet)
Seat 2: Pippa83 folded before Flop (didn't bet)
Seat 3: Qwickone (button) folded before Flop (didn't bet)
Seat 4: sta$igk (small blind) folded before Flop
Seat 5: Dearic99 (big blind) folded before Flop
Seat 6: Joker007r collected ($2.50)



PokerStars Hand #254449977076:  Hold'em No Limit ($0.50/$1.00 USD) - 2025/01/19 16:49:41 WET [2025/01/19 11:49:41 ET]
Table 'Hamiltonia IV' 6-max Seat #4 is the button
Seat 3: Qwickone ($135.46 in chips) is sitting out
Seat 1: bogarthump ($97.38 in chips) 
Seat 2: Pippa83 ($103.68 in chips) 
Seat 4: sta$igk ($100 in chips) 
Seat 5: Dearic99 ($108.77 in chips) 
Seat 6: Joker007r ($151.81 in chips) 
Dearic99: posts small blind $0.50
Joker007r: posts big blind $1
*** HOLE CARDS ***
bogarthump: raises $1 to $2
Pippa83: calls $2
sta$igk: folds 
Dearic99: calls $1.50
Joker007r: folds 
*** FLOP *** [7h Jh 7s]
Dearic99: checks 
bogarthump: bets $3
Pippa83: folds 
Dearic99: calls $3
*** TURN *** [7h Jh 7s] [2c]
Dearic99: checks 
bogarthump: checks 
*** RIVER *** [7h Jh 7s 2c] [Kc]
Dearic99: bets $8
bogarthump: folds 
Uncalled bet ($8) returned to Dearic99
Dearic99 collected $12.35 from pot
Dearic99: doesn't show hand 
*** SUMMARY ***
Total pot $13 | Rake $0.65 
Board [7h Jh 7s 2c Kc]
Seat 3: Qwickone
Seat 1: bogarthump folded on the River
Seat 2: Pippa83 folded on the Flop
Seat 4: sta$igk (button) folded before Flop (didn't bet)
Seat 5: Dearic99 (small blind) collected ($12.35)
Seat 6: Joker007r (big blind) folded before Flop



PokerStars Hand #254449992600:  Hold'em No Limit ($0.50/$1.00 USD) - 2025/01/19 16:50:34 WET [2025/01/19 11:50:34 ET]
Table 'Hamiltonia IV' 6-max Seat #5 is the button
Seat 3: Qwickone ($135.46 in chips) is sitting out
Seat 1: bogarthump ($92.38 in chips) 
Seat 2: Pippa83 ($101.68 in chips) 
Seat 4: sta$igk ($100 in chips) 
Seat 5: Dearic99 ($116.12 in chips) 
Seat 6: Joker007r ($150.81 in chips) 
Joker007r: posts small blind $0.50
bogarthump: posts big blind $1
*** HOLE CARDS ***
Pippa83: folds 
sta$igk: raises $1.50 to $2.50
Dearic99: folds 
Joker007r: folds 
bogarthump: folds 
Uncalled bet ($1.50) returned to sta$igk
sta$igk collected $2.50 from pot
sta$igk: doesn't show hand 
*** SUMMARY ***
Total pot $2.50 | Rake $0 
Seat 3: Qwickone
Seat 1: bogarthump (big blind) folded before Flop
Seat 2: Pippa83 folded before Flop (didn't bet)
Seat 4: sta$igk collected ($2.50)
Seat 5: Dearic99 (button) folded before Flop (didn't bet)
Seat 6: Joker007r (small blind) folded before Flop



PokerStars Hand #254449999008:  Hold'em No Limit ($0.50/$1.00 USD) - 2025/01/19 16:50:55 WET [2025/01/19 11:50:55 ET]
Table 'Hamiltonia IV' 6-max Seat #6 is the button
Seat 3: Qwickone ($135.46 in chips) is sitting out
Seat 1: bogarthump ($91.38 in chips) 
Seat 2: Pippa83 ($101.68 in chips) 
Seat 4: sta$igk ($101.50 in chips) 
Seat 5: Dearic99 ($116.12 in chips) 
Seat 6: Joker007r ($150.31 in chips) 
bogarthump: posts small blind $0.50
Pippa83: posts big blind $1
*** HOLE CARDS ***
Qwickone is disconnected 
sta$igk: folds 
Dearic99: raises $1.50 to $2.50
Joker007r: folds 
bogarthump: folds 
Pippa83: folds 
Uncalled bet ($1.50) returned to Dearic99
Dearic99 collected $2.50 from pot
Dearic99: doesn't show hand 
*** SUMMARY ***
Total pot $2.50 | Rake $0 
Seat 3: Qwickone
Seat 1: bogarthump (small blind) folded before Flop
Seat 2: Pippa83 (big blind) folded before Flop
Seat 4: sta$igk folded before Flop (didn't bet)
Seat 5: Dearic99 collected ($2.50)
Seat 6: Joker007r (button) folded before Flop (didn't bet)



PokerStars Hand #254450004945:  Hold'em No Limit ($0.50/$1.00 USD) - 2025/01/19 16:51:15 WET [2025/01/19 11:51:15 ET]
Table 'Hamiltonia IV' 6-max Seat #1 is the button
Seat 3: Qwickone ($135.46 in chips) is sitting out
Seat 1: bogarthump ($90.88 in chips) 
Seat 2: Pippa83 ($100.68 in chips) 
Seat 4: sta$igk ($101.50 in chips) 
Seat 5: Dearic99 ($117.62 in chips) 
Seat 6: Joker007r ($150.31 in chips) 
Pippa83: posts small blind $0.50
sta$igk: posts big blind $1
*** HOLE CARDS ***
Dearic99: folds 
Joker007r: raises $1.50 to $2.50
bogarthump: calls $2.50
Pippa83: calls $2
sta$igk: folds 
*** FLOP *** [2d 5c 4h]
Pippa83: checks 
Joker007r: checks 
bogarthump: checks 
*** TURN *** [2d 5c 4h] [5s]
Pippa83: checks 
Joker007r: checks 
bogarthump: bets $4
Pippa83: folds 
Joker007r: calls $4
*** RIVER *** [2d 5c 4h 5s] [9h]
Joker007r: checks 
bogarthump: checks 
*** SHOW DOWN ***
Joker007r: shows [9s 9d] (a full house, Nines full of Fives)
bogarthump: mucks hand 
Joker007r collected $15.68 from pot
*** SUMMARY ***
Total pot $16.50 | Rake $0.82 
Board [2d 5c 4h 5s 9h]
Seat 3: Qwickone
Seat 1: bogarthump (button) mucked
Seat 2: Pippa83 (small blind) folded on the Turn
Seat 4: sta$igk (big blind) folded before Flop
Seat 5: Dearic99 folded before Flop (didn't bet)
Seat 6: Joker007r showed [9s 9d] and won ($15.68) with a full house, Nines full of Fives



PokerStars Hand #254450019989:  Hold'em No Limit ($0.50/$1.00 USD) - 2025/01/19 16:52:06 WET [2025/01/19 11:52:06 ET]
Table 'Hamiltonia IV' 6-max Seat #2 is the button
Seat 3: Qwickone ($135.46 in chips) is sitting out
Seat 1: bogarthump ($84.38 in chips) 
Seat 2: Pippa83 ($100 in chips) 
Seat 4: sta$igk ($100.50 in chips) 
Seat 5: Dearic99 ($117.62 in chips) 
Seat 6: Joker007r ($159.49 in chips) 
sta$igk: posts small blind $0.50
Dearic99: posts big blind $1
*** HOLE CARDS ***
Joker007r: folds 
bogarthump: folds 
Pippa83: folds 
sta$igk: folds 
Uncalled bet ($0.50) returned to Dearic99
Dearic99 collected $1 from pot
Dearic99: doesn't show hand 
*** SUMMARY ***
Total pot $1 | Rake $0 
Seat 3: Qwickone
Seat 1: bogarthump folded before Flop (didn't bet)
Seat 2: Pippa83 (button) folded before Flop (didn't bet)
Seat 4: sta$igk (small blind) folded before Flop
Seat 5: Dearic99 (big blind) collected ($1)
Seat 6: Joker007r folded before Flop (didn't bet)



PokerStars Hand #254450023130:  Hold'em No Limit ($0.50/$1.00 USD) - 2025/01/19 16:52:17 WET [2025/01/19 11:52:17 ET]
Table 'Hamiltonia IV' 6-max Seat #4 is the button
Seat 3: Qwickone ($135.46 in chips) is sitting out
Seat 1: bogarthump ($84.38 in chips) 
Seat 2: Pippa83 ($100 in chips) 
Seat 4: sta$igk ($100 in chips) 
Seat 5: Dearic99 ($118.12 in chips) 
Seat 6: Joker007r ($159.49 in chips) 
Dearic99: posts small blind $0.50
Joker007r: posts big blind $1
*** HOLE CARDS ***
bogarthump: folds 
Pippa83: folds 
sta$igk: folds 
Dearic99: raises $1 to $2
Joker007r: folds 
Uncalled bet ($1) returned to Dearic99
Dearic99 collected $2 from pot
Dearic99: doesn't show hand 
*** SUMMARY ***
Total pot $2 | Rake $0 
Seat 3: Qwickone
Seat 1: bogarthump folded before Flop (didn't bet)
Seat 2: Pippa83 folded before Flop (didn't bet)
Seat 4: sta$igk (button) folded before Flop (didn't bet)
Seat 5: Dearic99 (small blind) collected ($2)
Seat 6: Joker007r (big blind) folded before Flop



PokerStars Hand #254450026743:  Hold'em No Limit ($0.50/$1.00 USD) - 2025/01/19 16:52:29 WET [2025/01/19 11:52:29 ET]
Table 'Hamiltonia IV' 6-max Seat #5 is the button
Seat 3: Qwickone ($135.46 in chips) is sitting out
Seat 1: bogarthump ($84.38 in chips) 
Seat 2: Pippa83 ($100 in chips) 
Seat 4: sta$igk ($100 in chips) 
Seat 5: Dearic99 ($119.12 in chips) 
Seat 6: Joker007r ($158.49 in chips) 
Joker007r: posts small blind $0.50
bogarthump: posts big blind $1
*** HOLE CARDS ***
Pippa83: folds 
sta$igk: raises $1.50 to $2.50
Dearic99: folds 
Joker007r: folds 
bogarthump: folds 
Uncalled bet ($1.50) returned to sta$igk
sta$igk collected $2.50 from pot
sta$igk: doesn't show hand 
*** SUMMARY ***
Total pot $2.50 | Rake $0 
Seat 3: Qwickone
Seat 1: bogarthump (big blind) folded before Flop
Seat 2: Pippa83 folded before Flop (didn't bet)
Seat 4: sta$igk collected ($2.50)
Seat 5: Dearic99 (button) folded before Flop (didn't bet)
Seat 6: Joker007r (small blind) folded before Flop



PokerStars Hand #254450029335:  Hold'em No Limit ($0.50/$1.00 USD) - 2025/01/19 16:52:38 WET [2025/01/19 11:52:38 ET]
Table 'Hamiltonia IV' 6-max Seat #6 is the button
Seat 3: Qwickone ($135.46 in chips) is sitting out
Seat 1: bogarthump ($83.38 in chips) 
Seat 2: Pippa83 ($100 in chips) 
Seat 4: sta$igk ($101.50 in chips) 
Seat 5: Dearic99 ($119.12 in chips) 
Seat 6: Joker007r ($157.99 in chips) 
bogarthump: posts small blind $0.50
Pippa83: posts big blind $1
*** HOLE CARDS ***
sta$igk: folds 
Dearic99: raises $1.50 to $2.50
Joker007r: folds 
bogarthump: folds 
Pippa83: calls $1.50
*** FLOP *** [2c Td 3c]
Pippa83: checks 
Dearic99: checks 
*** TURN *** [2c Td 3c] [Jd]
Pippa83: checks 
Dearic99: bets $3.50
Pippa83: calls $3.50
*** RIVER *** [2c Td 3c Jd] [Ah]
Pippa83: checks 
Dearic99: bets $8.91
Pippa83: folds 
Uncalled bet ($8.91) returned to Dearic99
Dearic99 collected $11.88 from pot
Dearic99: doesn't show hand 
*** SUMMARY ***
Total pot $12.50 | Rake $0.62 
Board [2c Td 3c Jd Ah]
Seat 3: Qwickone
Seat 1: bogarthump (small blind) folded before Flop
Seat 2: Pippa83 (big blind) folded on the River
Seat 4: sta$igk folded before Flop (didn't bet)
Seat 5: Dearic99 collected ($11.88)
Seat 6: Joker007r (button) folded before Flop (didn't bet)



PokerStars Hand #254450042246:  Hold'em No Limit ($0.50/$1.00 USD) - 2025/01/19 16:53:22 WET [2025/01/19 11:53:22 ET]
Table 'Hamiltonia IV' 6-max Seat #1 is the button
Seat 3: Qwickone ($135.46 in chips) is sitting out
Seat 1: bogarthump ($82.88 in chips) 
Seat 2: Pippa83 ($100 in chips) 
Seat 4: sta$igk ($101.50 in chips) 
Seat 5: Dearic99 ($125 in chips) 
Seat 6: Joker007r ($157.99 in chips) 
Pippa83: posts small blind $0.50
sta$igk: posts big blind $1
*** HOLE CARDS ***
Dearic99: folds 
Joker007r: raises $1.50 to $2.50
bogarthump: calls $2.50
Pippa83: folds 
sta$igk: folds 
*** FLOP *** [4s As 3s]
Joker007r: bets $4.51
bogarthump: calls $4.51
*** TURN *** [4s As 3s] [9s]
Dearic99 is disconnected 
Joker007r: checks 
bogarthump: checks 
*** RIVER *** [4s As 3s 9s] [3d]
Joker007r: bets $10.76
bogarthump: folds 
Uncalled bet ($10.76) returned to Joker007r
Joker007r collected $14.74 from pot
Joker007r: doesn't show hand 
*** SUMMARY ***
Total pot $15.52 | Rake $0.78 
Board [4s As 3s 9s 3d]
Seat 3: Qwickone
Seat 1: bogarthump (button) folded on the River
Seat 2: Pippa83 (small blind) folded before Flop
Seat 4: sta$igk (big blind) folded before Flop
Seat 5: Dearic99 folded before Flop (didn't bet)
Seat 6: Joker007r collected ($14.74)



PokerStars Hand #254450061648:  Hold'em No Limit ($0.50/$1.00 USD) - 2025/01/19 16:54:27 WET [2025/01/19 11:54:27 ET]
Table 'Hamiltonia IV' 6-max Seat #2 is the button
Seat 3: Qwickone ($135.46 in chips) is sitting out
Seat 1: bogarthump ($75.87 in chips) 
Seat 2: Pippa83 ($100 in chips) 
Seat 4: sta$igk ($100.50 in chips) 
Seat 5: Dearic99 ($125 in chips) 
Seat 6: Joker007r ($165.72 in chips) 
sta$igk: posts small blind $0.50
Dearic99: posts big blind $1
*** HOLE CARDS ***
Joker007r: folds 
bogarthump: folds 
Pippa83: raises $1.50 to $2.50
sta$igk: folds 
Dearic99: folds 
Uncalled bet ($1.50) returned to Pippa83
Pippa83 collected $2.50 from pot
Pippa83: doesn't show hand 
*** SUMMARY ***
Total pot $2.50 | Rake $0 
Seat 3: Qwickone
Seat 1: bogarthump folded before Flop (didn't bet)
Seat 2: Pippa83 (button) collected ($2.50)
Seat 4: sta$igk (small blind) folded before Flop
Seat 5: Dearic99 (big blind) folded before Flop
Seat 6: Joker007r folded before Flop (didn't bet)



PokerStars Hand #254450065829:  Hold'em No Limit ($0.50/$1.00 USD) - 2025/01/19 16:54:41 WET [2025/01/19 11:54:41 ET]
Table 'Hamiltonia IV' 6-max Seat #4 is the button
Seat 3: Qwickone ($135.46 in chips) is sitting out
Seat 1: bogarthump ($75.87 in chips) 
Seat 2: Pippa83 ($101.50 in chips) 
Seat 4: sta$igk ($100 in chips) 
Seat 5: Dearic99 ($124 in chips) 
Seat 6: Joker007r ($165.72 in chips) 
Dearic99: posts small blind $0.50
Joker007r: posts big blind $1
*** HOLE CARDS ***
bogarthump: folds 
Pippa83: folds 
sta$igk: raises $1.50 to $2.50
Dearic99: folds 
Joker007r: folds 
Uncalled bet ($1.50) returned to sta$igk
sta$igk collected $2.50 from pot
sta$igk: doesn't show hand 
*** SUMMARY ***
Total pot $2.50 | Rake $0 
Seat 3: Qwickone
Seat 1: bogarthump folded before Flop (didn't bet)
Seat 2: Pippa83 folded before Flop (didn't bet)
Seat 4: sta$igk (button) collected ($2.50)
Seat 5: Dearic99 (small blind) folded before Flop
Seat 6: Joker007r (big blind) folded before Flop



PokerStars Hand #254450072920:  Hold'em No Limit ($0.50/$1.00 USD) - 2025/01/19 16:55:05 WET [2025/01/19 11:55:05 ET]
Table 'Hamiltonia IV' 6-max Seat #5 is the button
Seat 3: Qwickone ($135.46 in chips) is sitting out
Seat 1: bogarthump ($75.87 in chips) 
Seat 2: Pippa83 ($101.50 in chips) 
Seat 4: sta$igk ($101.50 in chips) 
Seat 5: Dearic99 ($123.50 in chips) 
Seat 6: Joker007r ($164.72 in chips) 
Joker007r: posts small blind $0.50
bogarthump: posts big blind $1
*** HOLE CARDS ***
Pippa83: folds 
sta$igk: raises $1.50 to $2.50
Dearic99: folds 
Joker007r: raises $7.50 to $10
bogarthump: folds 
sta$igk: calls $7.50
*** FLOP *** [As Ad 8d]
Joker007r: bets $6.58
sta$igk: folds 
Uncalled bet ($6.58) returned to Joker007r
Joker007r collected $19.95 from pot
Joker007r: doesn't show hand 
*** SUMMARY ***
Total pot $21 | Rake $1.05 
Board [As Ad 8d]
Seat 3: Qwickone
Seat 1: bogarthump (big blind) folded before Flop
Seat 2: Pippa83 folded before Flop (didn't bet)
Seat 4: sta$igk folded on the Flop
Seat 5: Dearic99 (button) folded before Flop (didn't bet)
Seat 6: Joker007r (small blind) collected ($19.95)



PokerStars Hand #254450079241:  Hold'em No Limit ($0.50/$1.00 USD) - 2025/01/19 16:55:37 WET [2025/01/19 11:55:37 ET]
Table 'Hamiltonia IV' 6-max Seat #6 is the button
Seat 3: Qwickone ($135.46 in chips) is sitting out
Seat 1: bogarthump ($74.87 in chips) 
Seat 2: Pippa83 ($101.50 in chips) 
Seat 4: sta$igk ($100 in chips) 
Seat 5: Dearic99 ($123.50 in chips) 
Seat 6: Joker007r ($174.67 in chips) 
bogarthump: posts small blind $0.50
Pippa83: posts big blind $1
*** HOLE CARDS ***
sta$igk: folds 
Dearic99: folds 
Joker007r: folds 
bogarthump: folds 
Uncalled bet ($0.50) returned to Pippa83
Pippa83 collected $1 from pot
Pippa83: doesn't show hand 
Qwickone leaves the table
*** SUMMARY ***
Total pot $1 | Rake $0 
Seat 3: Qwickone
Seat 1: bogarthump (small blind) folded before Flop
Seat 2: Pippa83 (big blind) collected ($1)
Seat 4: sta$igk folded before Flop (didn't bet)
Seat 5: Dearic99 folded before Flop (didn't bet)
Seat 6: Joker007r (button) folded before Flop (didn't bet)



PokerStars Hand #254450081072:  Hold'em No Limit ($0.50/$1.00 USD) - 2025/01/19 16:55:47 WET [2025/01/19 11:55:47 ET]
Table 'Hamiltonia IV' 6-max Seat #1 is the button
Seat 1: bogarthump ($74.37 in chips) 
Seat 2: Pippa83 ($102 in chips) 
Seat 4: sta$igk ($100 in chips) 
Seat 5: Dearic99 ($123.50 in chips) 
Seat 6: Joker007r ($174.67 in chips) 
Pippa83: posts small blind $0.50
sta$igk: posts big blind $1
*** HOLE CARDS ***
Joe_Li7 joins the table at seat #3 
Dearic99 is disconnected 
Dearic99 is connected 
Dearic99: folds 
Joker007r: raises $1.50 to $2.50
bogarthump: folds 
Pippa83: folds 
sta$igk: folds 
Uncalled bet ($1.50) returned to Joker007r
Joker007r collected $2.50 from pot
Joker007r: doesn't show hand 
*** SUMMARY ***
Total pot $2.50 | Rake $0 
Seat 1: bogarthump (button) folded before Flop (didn't bet)
Seat 2: Pippa83 (small blind) folded before Flop
Seat 4: sta$igk (big blind) folded before Flop
Seat 5: Dearic99 folded before Flop (didn't bet)
Seat 6: Joker007r collected ($2.50)



PokerStars Hand #254450087574:  Hold'em No Limit ($0.50/$1.00 USD) - 2025/01/19 16:56:20 WET [2025/01/19 11:56:20 ET]
Table 'Hamiltonia IV' 6-max Seat #2 is the button
Seat 3: Joe_Li7 ($100 in chips) is sitting out
Seat 1: bogarthump ($74.37 in chips) 
Seat 2: Pippa83 ($101.50 in chips) 
Seat 4: sta$igk ($100 in chips) 
Seat 5: Dearic99 ($123.50 in chips) 
Seat 6: Joker007r ($176.17 in chips) 
sta$igk: posts small blind $0.50
Dearic99: posts big blind $1
*** HOLE CARDS ***
Joker007r: folds 
bogarthump: folds 
Joker007r leaves the table
Pippa83: raises $1.50 to $2.50
sta$igk: folds 
Dearic99: folds 
Uncalled bet ($1.50) returned to Pippa83
Pippa83 collected $2.50 from pot
Pippa83: doesn't show hand 
*** SUMMARY ***
Total pot $2.50 | Rake $0 
Seat 3: Joe_Li7
Seat 1: bogarthump folded before Flop (didn't bet)
Seat 2: Pippa83 (button) collected ($2.50)
Seat 4: sta$igk (small blind) folded before Flop
Seat 5: Dearic99 (big blind) folded before Flop
Seat 6: Joker007r folded before Flop (didn't bet)



PokerStars Hand #254450090366:  Hold'em No Limit ($0.50/$1.00 USD) - 2025/01/19 16:56:34 WET [2025/01/19 11:56:34 ET]
Table 'Hamiltonia IV' 6-max Seat #4 is the button
Seat 3: Joe_Li7 ($100 in chips) is sitting out
Seat 1: bogarthump ($74.37 in chips) 
Seat 2: Pippa83 ($103 in chips) 
Seat 4: sta$igk ($100 in chips) 
Seat 5: Dearic99 ($122.50 in chips) 
Dearic99: posts small blind $0.50
bogarthump: posts big blind $1
Joe_Li7: sits out 
*** HOLE CARDS ***
Pippa83: folds 
sta$igk: folds 
Dearic99: folds 
Uncalled bet ($0.50) returned to bogarthump
bogarthump collected $1 from pot
Pippa83 leaves the table
bogarthump: doesn't show hand 
*** SUMMARY ***
Total pot $1 | Rake $0 
Seat 3: Joe_Li7
Seat 1: bogarthump (big blind) collected ($1)
Seat 2: Pippa83 folded before Flop (didn't bet)
Seat 4: sta$igk (button) folded before Flop (didn't bet)
Seat 5: Dearic99 (small blind) folded before Flop



PokerStars Hand #254450092712:  Hold'em No Limit ($0.50/$1.00 USD) - 2025/01/19 16:56:46 WET [2025/01/19 11:56:46 ET]
Table 'Hamiltonia IV' 6-max Seat #5 is the button
Seat 1: bogarthump ($74.87 in chips) 
Seat 3: Joe_Li7 ($100 in chips) 
Seat 4: sta$igk ($100 in chips) 
Seat 5: Dearic99 ($122 in chips) 
bogarthump: posts small blind $0.50
Joe_Li7: posts big blind $1
*** HOLE CARDS ***
sta$igk: raises $1.50 to $2.50
Dearic99: raises $5 to $7.50
bogarthump: folds 
blistein joins the table at seat #2 
Joe_Li7: folds 
sta$igk: folds 
Uncalled bet ($5) returned to Dearic99
sta$igk leaves the table
Dearic99 collected $6.50 from pot
Dearic99: doesn't show hand 
*** SUMMARY ***
Total pot $6.50 | Rake $0 
Seat 1: bogarthump (small blind) folded before Flop
Seat 3: Joe_Li7 (big blind) folded before Flop
Seat 4: sta$igk folded before Flop
Seat 5: Dearic99 (button) collected ($6.50)



PokerStars Hand #254450096841:  Hold'em No Limit ($0.50/$1.00 USD) - 2025/01/19 16:57:06 WET [2025/01/19 11:57:06 ET]
Table 'Hamiltonia IV' 6-max Seat #1 is the button
Seat 2: blistein ($100 in chips) is sitting out
Seat 1: bogarthump ($74.37 in chips) 
Seat 3: Joe_Li7 ($100 in chips) 
Seat 5: Dearic99 ($126 in chips) 
Joe_Li7: posts small blind $0.50
Dearic99: posts big blind $1
*** HOLE CARDS ***
zeek9966 joins the table at seat #6 
zeek9966 is disconnected 
bogarthump: folds 
Joe_Li7: folds 
Uncalled bet ($0.50) returned to Dearic99
Dearic99 collected $1 from pot
Dearic99: doesn't show hand 
*** SUMMARY ***
Total pot $1 | Rake $0 
Seat 2: blistein
Seat 1: bogarthump (button) folded before Flop (didn't bet)
Seat 3: Joe_Li7 (small blind) folded before Flop
Seat 5: Dearic99 (big blind) collected ($1)



PokerStars Hand #254450099018:  Hold'em No Limit ($0.50/$1.00 USD) - 2025/01/19 16:57:17 WET [2025/01/19 11:57:17 ET]
Table 'Hamiltonia IV' 6-max Seat #3 is the button
Seat 2: blistein ($100 in chips) is sitting out
Seat 1: bogarthump ($74.37 in chips) 
Seat 3: Joe_Li7 ($100 in chips) 
Seat 5: Dearic99 ($126.50 in chips) 
Seat 6: zeek9966 ($100 in chips) 
Dearic99: posts small blind $0.50
zeek9966: posts big blind $1
blistein: sits out 
*** HOLE CARDS ***
bogarthump: folds 
Joe_Li7: raises $1.50 to $2.50
Dearic99: folds 
zeek9966: folds 
Uncalled bet ($1.50) returned to Joe_Li7
Joe_Li7 collected $2.50 from pot
*** SUMMARY ***
Total pot $2.50 | Rake $0 
Seat 2: blistein
Seat 1: bogarthump folded before Flop (didn't bet)
Seat 3: Joe_Li7 (button) collected ($2.50)
Seat 5: Dearic99 (small blind) folded before Flop
Seat 6: zeek9966 (big blind) folded before Flop



PokerStars Hand #254450101747:  Hold'em No Limit ($0.50/$1.00 USD) - 2025/01/19 16:57:31 WET [2025/01/19 11:57:31 ET]
Table 'Hamiltonia IV' 6-max Seat #5 is the button
Seat 2: blistein ($100 in chips) is sitting out
Seat 1: bogarthump ($74.37 in chips) 
Seat 3: Joe_Li7 ($101.50 in chips) 
Seat 5: Dearic99 ($126 in chips) 
Seat 6: zeek9966 ($99 in chips) 
zeek9966: posts small blind $0.50
bogarthump: posts big blind $1
blistein: sits out 
*** HOLE CARDS ***
Joe_Li7: folds 
Dearic99: raises $1 to $2
zeek9966: raises $3.50 to $5.50
bogarthump: folds 
Dearic99: calls $3.50
*** FLOP *** [2c 9c Qs]
zeek9966: checks 
Dearic99: checks 
*** TURN *** [2c 9c Qs] [4s]
zeek9966: checks 
Dearic99: bets $8.55
70peppino joins the table at seat #4 
zeek9966: raises $11.45 to $20
Dearic99: raises $26 to $46
zeek9966: raises $47.50 to $93.50 and is all-in
Dearic99: calls $47.50
*** RIVER *** [2c 9c Qs 4s] [8s]
*** SHOW DOWN ***
zeek9966: shows [Qc Qh] (three of a kind, Queens)
Dearic99: shows [4c 4d] (three of a kind, Fours)
zeek9966 collected $198 from pot
*** SUMMARY ***
Total pot $199 | Rake $1 
Board [2c 9c Qs 4s 8s]
Seat 2: blistein
Seat 1: bogarthump (big blind) folded before Flop
Seat 3: Joe_Li7 folded before Flop (didn't bet)
Seat 5: Dearic99 (button) showed [4c 4d] and lost with three of a kind, Fours
Seat 6: zeek9966 (small blind) showed [Qc Qh] and won ($198) with three of a kind, Queens



PokerStars Hand #254450120078:  Hold'em No Limit ($0.50/$1.00 USD) - 2025/01/19 16:59:04 WET [2025/01/19 11:59:04 ET]
Table 'Hamiltonia IV' 6-max Seat #6 is the button
Seat 4: 70peppino ($100 in chips) is sitting out
Seat 1: bogarthump ($73.37 in chips) 
Seat 2: blistein ($100 in chips) 
Seat 3: Joe_Li7 ($101.50 in chips) 
Seat 5: Dearic99 ($100 in chips) 
Seat 6: zeek9966 ($198 in chips) 
bogarthump: posts small blind $0.50
blistein: posts big blind $1
70peppino: sits out 
*** HOLE CARDS ***
Joe_Li7: raises $1.20 to $2.20
Dearic99: folds 
zeek9966: folds 
bogarthump: folds 
blistein: folds 
Uncalled bet ($1.20) returned to Joe_Li7
Joe_Li7 collected $2.50 from pot
*** SUMMARY ***
Total pot $2.50 | Rake $0 
Seat 4: 70peppino
Seat 1: bogarthump (small blind) folded before Flop
Seat 2: blistein (big blind) folded before Flop
Seat 3: Joe_Li7 collected ($2.50)
Seat 5: Dearic99 folded before Flop (didn't bet)
Seat 6: zeek9966 (button) folded before Flop (didn't bet)



PokerStars Hand #254450124353:  Hold'em No Limit ($0.50/$1.00 USD) - 2025/01/19 16:59:24 WET [2025/01/19 11:59:24 ET]
Table 'Hamiltonia IV' 6-max Seat #1 is the button
Seat 4: 70peppino ($100 in chips) is sitting out
Seat 1: bogarthump ($72.87 in chips) 
Seat 2: blistein ($100 in chips) 
Seat 3: Joe_Li7 ($103 in chips) 
Seat 5: Dearic99 ($100 in chips) 
Seat 6: zeek9966 ($198 in chips) 
blistein: posts small blind $0.50
Joe_Li7: posts big blind $1
70peppino: sits out 
*** HOLE CARDS ***
Dearic99: raises $1.50 to $2.50
zeek9966: folds 
bogarthump: folds 
blistein: folds 
Joe_Li7: folds 
Uncalled bet ($1.50) returned to Dearic99
Dearic99 collected $2.50 from pot
Dearic99: doesn't show hand 
*** SUMMARY ***
Total pot $2.50 | Rake $0 
Seat 4: 70peppino
Seat 1: bogarthump (button) folded before Flop (didn't bet)
Seat 2: blistein (small blind) folded before Flop
Seat 3: Joe_Li7 (big blind) folded before Flop
Seat 5: Dearic99 collected ($2.50)
Seat 6: zeek9966 folded before Flop (didn't bet)



PokerStars Hand #254450126352:  Hold'em No Limit ($0.50/$1.00 USD) - 2025/01/19 16:59:34 WET [2025/01/19 11:59:34 ET]
Table 'Hamiltonia IV' 6-max Seat #2 is the button
Seat 1: bogarthump ($72.87 in chips) 
Seat 2: blistein ($100 in chips) 
Seat 3: Joe_Li7 ($102 in chips) 
Seat 4: 70peppino ($100 in chips) 
Seat 5: Dearic99 ($101.50 in chips) 
Seat 6: zeek9966 ($198 in chips) 
Joe_Li7: posts small blind $0.50
70peppino: posts big blind $1
*** HOLE CARDS ***
Dearic99: folds 
zeek9966: raises $1 to $2
bogarthump: folds 
blistein: folds 
Joe_Li7: folds 
70peppino: folds 
Uncalled bet ($1) returned to zeek9966
zeek9966 collected $2.50 from pot
*** SUMMARY ***
Total pot $2.50 | Rake $0 
Seat 1: bogarthump folded before Flop (didn't bet)
Seat 2: blistein (button) folded before Flop (didn't bet)
Seat 3: Joe_Li7 (small blind) folded before Flop
Seat 4: 70peppino (big blind) folded before Flop
Seat 5: Dearic99 folded before Flop (didn't bet)
Seat 6: zeek9966 collected ($2.50)



PokerStars Hand #254450130616:  Hold'em No Limit ($0.50/$1.00 USD) - 2025/01/19 16:59:54 WET [2025/01/19 11:59:54 ET]
Table 'Hamiltonia IV' 6-max Seat #3 is the button
Seat 1: bogarthump ($72.87 in chips) 
Seat 2: blistein ($100 in chips) 
Seat 3: Joe_Li7 ($101.50 in chips) 
Seat 4: 70peppino ($100 in chips) 
Seat 5: Dearic99 ($101.50 in chips) 
Seat 6: zeek9966 ($199.50 in chips) 
70peppino: posts small blind $0.50
Dearic99: posts big blind $1
*** HOLE CARDS ***
zeek9966: folds 
bogarthump: folds 
blistein: raises $1.30 to $2.30
Joe_Li7: folds 
70peppino: folds 
Dearic99: folds 
Uncalled bet ($1.30) returned to blistein
blistein collected $2.50 from pot
blistein: doesn't show hand 
*** SUMMARY ***
Total pot $2.50 | Rake $0 
Seat 1: bogarthump folded before Flop (didn't bet)
Seat 2: blistein collected ($2.50)
Seat 3: Joe_Li7 (button) folded before Flop (didn't bet)
Seat 4: 70peppino (small blind) folded before Flop
Seat 5: Dearic99 (big blind) folded before Flop
Seat 6: zeek9966 folded before Flop (didn't bet)



PokerStars Hand #254450134181:  Hold'em No Limit ($0.50/$1.00 USD) - 2025/01/19 17:00:12 WET [2025/01/19 12:00:12 ET]
Table 'Hamiltonia IV' 6-max Seat #4 is the button
Seat 1: bogarthump ($72.87 in chips) 
Seat 2: blistein ($101.50 in chips) 
Seat 3: Joe_Li7 ($101.50 in chips) 
Seat 4: 70peppino ($100 in chips) 
Seat 5: Dearic99 ($100.50 in chips) 
Seat 6: zeek9966 ($199.50 in chips) 
Dearic99: posts small blind $0.50
zeek9966: posts big blind $1
*** HOLE CARDS ***
bogarthump: folds 
blistein: folds 
Joe_Li7: folds 
70peppino: folds 
Dearic99: raises $2 to $3
zeek9966: calls $2
*** FLOP *** [2h 3c Kc]
Dearic99: checks 
zeek9966: checks 
*** TURN *** [2h 3c Kc] [As]
Dearic99: checks 
zeek9966: checks 
*** RIVER *** [2h 3c Kc As] [2s]
Dearic99: bets $3
zeek9966: folds 
Uncalled bet ($3) returned to Dearic99
Dearic99 collected $5.70 from pot
Dearic99: doesn't show hand 
*** SUMMARY ***
Total pot $6 | Rake $0.30 
Board [2h 3c Kc As 2s]
Seat 1: bogarthump folded before Flop (didn't bet)
Seat 2: blistein folded before Flop (didn't bet)
Seat 3: Joe_Li7 folded before Flop (didn't bet)
Seat 4: 70peppino (button) folded before Flop (didn't bet)
Seat 5: Dearic99 (small blind) collected ($5.70)
Seat 6: zeek9966 (big blind) folded on the River



PokerStars Hand #254450152184:  Hold'em No Limit ($0.50/$1.00 USD) - 2025/01/19 17:01:28 WET [2025/01/19 12:01:28 ET]
Table 'Hamiltonia IV' 6-max Seat #5 is the button
Seat 1: bogarthump ($72.87 in chips) 
Seat 2: blistein ($101.50 in chips) 
Seat 3: Joe_Li7 ($101.50 in chips) 
Seat 4: 70peppino ($100 in chips) 
Seat 5: Dearic99 ($103.20 in chips) 
Seat 6: zeek9966 ($196.50 in chips) 
zeek9966: posts small blind $0.50
bogarthump: posts big blind $1
*** HOLE CARDS ***
blistein: folds 
Joe_Li7: folds 
70peppino: folds 
Dearic99: folds 
zeek9966: folds 
Uncalled bet ($0.50) returned to bogarthump
bogarthump collected $1 from pot
bogarthump: doesn't show hand 
*** SUMMARY ***
Total pot $1 | Rake $0 
Seat 1: bogarthump (big blind) collected ($1)
Seat 2: blistein folded before Flop (didn't bet)
Seat 3: Joe_Li7 folded before Flop (didn't bet)
Seat 4: 70peppino folded before Flop (didn't bet)
Seat 5: Dearic99 (button) folded before Flop (didn't bet)
Seat 6: zeek9966 (small blind) folded before Flop



PokerStars Hand #254450155499:  Hold'em No Limit ($0.50/$1.00 USD) - 2025/01/19 17:01:41 WET [2025/01/19 12:01:41 ET]
Table 'Hamiltonia IV' 6-max Seat #6 is the button
Seat 1: bogarthump ($73.37 in chips) 
Seat 2: blistein ($101.50 in chips) 
Seat 3: Joe_Li7 ($101.50 in chips) 
Seat 4: 70peppino ($100 in chips) 
Seat 5: Dearic99 ($103.20 in chips) 
Seat 6: zeek9966 ($196 in chips) 
bogarthump: posts small blind $0.50
blistein: posts big blind $1
*** HOLE CARDS ***
Joe_Li7: folds 
70peppino: raises $1.10 to $2.10
Dearic99: folds 
zeek9966: folds 
bogarthump: calls $1.60
blistein: folds 
*** FLOP *** [3d 9h 3c]
bogarthump: checks 
70peppino: bets $2.80
bogarthump: calls $2.80
*** TURN *** [3d 9h 3c] [7c]
bogarthump: checks 
70peppino: bets $8
bogarthump: calls $8
*** RIVER *** [3d 9h 3c 7c] [Js]
bogarthump: checks 
70peppino: checks 
*** SHOW DOWN ***
bogarthump: shows [Ad 8d] (a pair of Threes)
70peppino: shows [As 9c] (two pair, Nines and Threes)
70peppino collected $25.46 from pot
*** SUMMARY ***
Total pot $26.80 | Rake $1.34 
Board [3d 9h 3c 7c Js]
Seat 1: bogarthump (small blind) showed [Ad 8d] and lost with a pair of Threes
Seat 2: blistein (big blind) folded before Flop
Seat 3: Joe_Li7 folded before Flop (didn't bet)
Seat 4: 70peppino showed [As 9c] and won ($25.46) with two pair, Nines and Threes
Seat 5: Dearic99 folded before Flop (didn't bet)
Seat 6: zeek9966 (button) folded before Flop (didn't bet)



PokerStars Hand #254450177120:  Hold'em No Limit ($0.50/$1.00 USD) - 2025/01/19 17:02:55 WET [2025/01/19 12:02:55 ET]
Table 'Hamiltonia IV' 6-max Seat #1 is the button
Seat 1: bogarthump ($60.47 in chips) 
Seat 2: blistein ($100.50 in chips) 
Seat 3: Joe_Li7 ($101.50 in chips) 
Seat 4: 70peppino ($112.56 in chips) 
Seat 5: Dearic99 ($103.20 in chips) 
Seat 6: zeek9966 ($196 in chips) 
blistein: posts small blind $0.50
Joe_Li7: posts big blind $1
*** HOLE CARDS ***
70peppino: folds 
Dearic99: folds 
zeek9966: calls $1
bogarthump: folds 
blistein: calls $0.50
Joe_Li7: checks 
*** FLOP *** [5h Qc 7d]
blistein: checks 
Joe_Li7: checks 
zeek9966: bets $2
blistein: folds 
Joe_Li7: calls $2
*** TURN *** [5h Qc 7d] [8d]
Joe_Li7: checks 
zeek9966: checks 
*** RIVER *** [5h Qc 7d 8d] [3s]
Joe_Li7: bets $1
zeek9966: calls $1
*** SHOW DOWN ***
Joe_Li7: shows [Th 7h] (a pair of Sevens)
zeek9966: shows [Kc Qh] (a pair of Queens)
zeek9966 collected $8.55 from pot
*** SUMMARY ***
Total pot $9 | Rake $0.45 
Board [5h Qc 7d 8d 3s]
Seat 1: bogarthump (button) folded before Flop (didn't bet)
Seat 2: blistein (small blind) folded on the Flop
Seat 3: Joe_Li7 (big blind) showed [Th 7h] and lost with a pair of Sevens
Seat 4: 70peppino folded before Flop (didn't bet)
Seat 5: Dearic99 folded before Flop (didn't bet)
Seat 6: zeek9966 showed [Kc Qh] and won ($8.55) with a pair of Queens



PokerStars Hand #254450198626:  Hold'em No Limit ($0.50/$1.00 USD) - 2025/01/19 17:04:07 WET [2025/01/19 12:04:07 ET]
Table 'Hamiltonia IV' 6-max Seat #2 is the button
Seat 1: bogarthump ($60.47 in chips) 
Seat 2: blistein ($100 in chips) 
Seat 3: Joe_Li7 ($100 in chips) 
Seat 4: 70peppino ($112.56 in chips) 
Seat 5: Dearic99 ($103.20 in chips) 
Seat 6: zeek9966 ($200.55 in chips) 
Joe_Li7: posts small blind $0.50
70peppino: posts big blind $1
*** HOLE CARDS ***
Dearic99: raises $1.50 to $2.50
zeek9966: folds 
bogarthump: folds 
blistein: folds 
Joe_Li7: folds 
70peppino: folds 
Uncalled bet ($1.50) returned to Dearic99
Dearic99 collected $2.50 from pot
Dearic99: doesn't show hand 
*** SUMMARY ***
Total pot $2.50 | Rake $0 
Seat 1: bogarthump folded before Flop (didn't bet)
Seat 2: blistein (button) folded before Flop (didn't bet)
Seat 3: Joe_Li7 (small blind) folded before Flop
Seat 4: 70peppino (big blind) folded before Flop
Seat 5: Dearic99 collected ($2.50)
Seat 6: zeek9966 folded before Flop (didn't bet)



PokerStars Hand #254450206244:  Hold'em No Limit ($0.50/$1.00 USD) - 2025/01/19 17:04:32 WET [2025/01/19 12:04:32 ET]
Table 'Hamiltonia IV' 6-max Seat #3 is the button
Seat 1: bogarthump ($60.47 in chips) 
Seat 2: blistein ($100 in chips) 
Seat 3: Joe_Li7 ($100 in chips) 
Seat 4: 70peppino ($111.56 in chips) 
Seat 5: Dearic99 ($104.70 in chips) 
Seat 6: zeek9966 ($200.55 in chips) 
70peppino: posts small blind $0.50
Dearic99: posts big blind $1
*** HOLE CARDS ***
zeek9966: raises $1 to $2
bogarthump: folds 
blistein: folds 
Joe_Li7: calls $2
70peppino: raises $10 to $12
Dearic99: folds 
zeek9966: folds 
Joe_Li7: folds 
Uncalled bet ($10) returned to 70peppino
70peppino collected $7 from pot
70peppino: doesn't show hand 
*** SUMMARY ***
Total pot $7 | Rake $0 
Seat 1: bogarthump folded before Flop (didn't bet)
Seat 2: blistein folded before Flop (didn't bet)
Seat 3: Joe_Li7 (button) folded before Flop
Seat 4: 70peppino (small blind) collected ($7)
Seat 5: Dearic99 (big blind) folded before Flop
Seat 6: zeek9966 folded before Flop



PokerStars Hand #254450217573:  Hold'em No Limit ($0.50/$1.00 USD) - 2025/01/19 17:05:08 WET [2025/01/19 12:05:08 ET]
Table 'Hamiltonia IV' 6-max Seat #4 is the button
Seat 1: bogarthump ($60.47 in chips) 
Seat 2: blistein ($100 in chips) 
Seat 3: Joe_Li7 ($100 in chips) 
Seat 4: 70peppino ($116.56 in chips) 
Seat 5: Dearic99 ($103.70 in chips) 
Seat 6: zeek9966 ($198.55 in chips) 
Dearic99: posts small blind $0.50
zeek9966: posts big blind $1
*** HOLE CARDS ***
bogarthump: folds 
blistein: folds 
Joe_Li7: folds 
70peppino: raises $1.50 to $2.50
Dearic99: raises $8.50 to $11
zeek9966: folds 
70peppino: raises $13 to $24
Dearic99: folds 
Uncalled bet ($13) returned to 70peppino
70peppino collected $23 from pot
70peppino: doesn't show hand 
*** SUMMARY ***
Total pot $23 | Rake $0 
Seat 1: bogarthump folded before Flop (didn't bet)
Seat 2: blistein folded before Flop (didn't bet)
Seat 3: Joe_Li7 folded before Flop (didn't bet)
Seat 4: 70peppino (button) collected ($23)
Seat 5: Dearic99 (small blind) folded before Flop
Seat 6: zeek9966 (big blind) folded before Flop



PokerStars Hand #254450230407:  Hold'em No Limit ($0.50/$1.00 USD) - 2025/01/19 17:05:51 WET [2025/01/19 12:05:51 ET]
Table 'Hamiltonia IV' 6-max Seat #5 is the button
Seat 1: bogarthump ($60.47 in chips) 
Seat 2: blistein ($100 in chips) 
Seat 3: Joe_Li7 ($100 in chips) 
Seat 4: 70peppino ($128.56 in chips) 
Seat 5: Dearic99 ($100 in chips) 
Seat 6: zeek9966 ($197.55 in chips) 
zeek9966: posts small blind $0.50
bogarthump: posts big blind $1
*** HOLE CARDS ***
blistein: folds 
Joe_Li7: folds 
70peppino: folds 
Dearic99: folds 
zeek9966: calls $0.50
bogarthump: checks 
*** FLOP *** [4c 6s Qd]
zeek9966: checks 
bogarthump: checks 
*** TURN *** [4c 6s Qd] [Jh]
zeek9966: bets $1
bogarthump: calls $1
*** RIVER *** [4c 6s Qd Jh] [Jc]
zeek9966: bets $3.80
bogarthump: calls $3.80
*** SHOW DOWN ***
zeek9966: shows [Kh Jd] (three of a kind, Jacks)
bogarthump: mucks hand 
zeek9966 collected $11.02 from pot
*** SUMMARY ***
Total pot $11.60 | Rake $0.58 
Board [4c 6s Qd Jh Jc]
Seat 1: bogarthump (big blind) mucked
Seat 2: blistein folded before Flop (didn't bet)
Seat 3: Joe_Li7 folded before Flop (didn't bet)
Seat 4: 70peppino folded before Flop (didn't bet)
Seat 5: Dearic99 (button) folded before Flop (didn't bet)
Seat 6: zeek9966 (small blind) showed [Kh Jd] and won ($11.02) with three of a kind, Jacks



PokerStars Hand #254450244136:  Hold'em No Limit ($0.50/$1.00 USD) - 2025/01/19 17:06:35 WET [2025/01/19 12:06:35 ET]
Table 'Hamiltonia IV' 6-max Seat #6 is the button
Seat 1: bogarthump ($54.67 in chips) 
Seat 2: blistein ($100 in chips) 
Seat 3: Joe_Li7 ($100 in chips) 
Seat 4: 70peppino ($128.56 in chips) 
Seat 5: Dearic99 ($100 in chips) 
Seat 6: zeek9966 ($202.77 in chips) 
bogarthump: posts small blind $0.50
blistein: posts big blind $1
*** HOLE CARDS ***
Joe_Li7: folds 
70peppino: folds 
Dearic99: folds 
zeek9966: raises $1 to $2
bogarthump: folds 
blistein: calls $1
*** FLOP *** [7c 4c Jd]
blistein: checks 
zeek9966: checks 
*** TURN *** [7c 4c Jd] [7s]
blistein: checks 
zeek9966: checks 
*** RIVER *** [7c 4c Jd 7s] [5c]
blistein: bets $3
zeek9966: calls $3
*** SHOW DOWN ***
blistein: shows [8s Qd] (a pair of Sevens)
zeek9966: shows [Th 4h] (two pair, Sevens and Fours)
zeek9966 collected $9.98 from pot
*** SUMMARY ***
Total pot $10.50 | Rake $0.52 
Board [7c 4c Jd 7s 5c]
Seat 1: bogarthump (small blind) folded before Flop
Seat 2: blistein (big blind) showed [8s Qd] and lost with a pair of Sevens
Seat 3: Joe_Li7 folded before Flop (didn't bet)
Seat 4: 70peppino folded before Flop (didn't bet)
Seat 5: Dearic99 folded before Flop (didn't bet)
Seat 6: zeek9966 (button) showed [Th 4h] and won ($9.98) with two pair, Sevens and Fours



PokerStars Hand #254450261892:  Hold'em No Limit ($0.50/$1.00 USD) - 2025/01/19 17:07:33 WET [2025/01/19 12:07:33 ET]
Table 'Hamiltonia IV' 6-max Seat #1 is the button
Seat 1: bogarthump ($54.17 in chips) 
Seat 2: blistein ($100 in chips) 
Seat 3: Joe_Li7 ($100 in chips) 
Seat 4: 70peppino ($128.56 in chips) 
Seat 5: Dearic99 ($100 in chips) 
Seat 6: zeek9966 ($207.75 in chips) 
blistein: posts small blind $0.50
Joe_Li7: posts big blind $1
*** HOLE CARDS ***
70peppino: folds 
Dearic99: folds 
zeek9966: raises $2 to $3
bogarthump: folds 
blistein: folds 
Joe_Li7: calls $2
*** FLOP *** [3d 5d 4h]
Joe_Li7: checks 
zeek9966: checks 
*** TURN *** [3d 5d 4h] [8d]
Joe_Li7: bets $2.04
zeek9966: calls $2.04
*** RIVER *** [3d 5d 4h 8d] [7s]
Joe_Li7: bets $3.33
zeek9966: folds 
Uncalled bet ($3.33) returned to Joe_Li7
Joe_Li7 collected $10.05 from pot
*** SUMMARY ***
Total pot $10.58 | Rake $0.53 
Board [3d 5d 4h 8d 7s]
Seat 1: bogarthump (button) folded before Flop (didn't bet)
Seat 2: blistein (small blind) folded before Flop
Seat 3: Joe_Li7 (big blind) collected ($10.05)
Seat 4: 70peppino folded before Flop (didn't bet)
Seat 5: Dearic99 folded before Flop (didn't bet)
Seat 6: zeek9966 folded on the River



PokerStars Hand #254450280301:  Hold'em No Limit ($0.50/$1.00 USD) - 2025/01/19 17:08:33 WET [2025/01/19 12:08:33 ET]
Table 'Hamiltonia IV' 6-max Seat #2 is the button
Seat 1: bogarthump ($54.17 in chips) 
Seat 2: blistein ($100 in chips) 
Seat 3: Joe_Li7 ($105.01 in chips) 
Seat 4: 70peppino ($128.56 in chips) 
Seat 5: Dearic99 ($100 in chips) 
Seat 6: zeek9966 ($202.71 in chips) 
Joe_Li7: posts small blind $0.50
70peppino: posts big blind $1
*** HOLE CARDS ***
Dearic99: folds 
zeek9966: folds 
bogarthump: folds 
blistein: raises $1.50 to $2.50
Joe_Li7: raises $8 to $10.50
70peppino: folds 
blistein: folds 
Uncalled bet ($8) returned to Joe_Li7
Joe_Li7 collected $6 from pot
*** SUMMARY ***
Total pot $6 | Rake $0 
Seat 1: bogarthump folded before Flop (didn't bet)
Seat 2: blistein (button) folded before Flop
Seat 3: Joe_Li7 (small blind) collected ($6)
Seat 4: 70peppino (big blind) folded before Flop
Seat 5: Dearic99 folded before Flop (didn't bet)
Seat 6: zeek9966 folded before Flop (didn't bet)



PokerStars Hand #254450290063:  Hold'em No Limit ($0.50/$1.00 USD) - 2025/01/19 17:09:05 WET [2025/01/19 12:09:05 ET]
Table 'Hamiltonia IV' 6-max Seat #3 is the button
Seat 1: bogarthump ($54.17 in chips) 
Seat 2: blistein ($100 in chips) 
Seat 3: Joe_Li7 ($108.51 in chips) 
Seat 4: 70peppino ($127.56 in chips) 
Seat 5: Dearic99 ($100 in chips) 
Seat 6: zeek9966 ($202.71 in chips) 
70peppino: posts small blind $0.50
Dearic99: posts big blind $1
*** HOLE CARDS ***
zeek9966: folds 
bogarthump: folds 
blistein: raises $1.30 to $2.30
Joe_Li7: folds 
70peppino: folds 
Dearic99: folds 
Uncalled bet ($1.30) returned to blistein
blistein collected $2.50 from pot
blistein: doesn't show hand 
*** SUMMARY ***
Total pot $2.50 | Rake $0 
Seat 1: bogarthump folded before Flop (didn't bet)
Seat 2: blistein collected ($2.50)
Seat 3: Joe_Li7 (button) folded before Flop (didn't bet)
Seat 4: 70peppino (small blind) folded before Flop
Seat 5: Dearic99 (big blind) folded before Flop
Seat 6: zeek9966 folded before Flop (didn't bet)



PokerStars Hand #254450297453:  Hold'em No Limit ($0.50/$1.00 USD) - 2025/01/19 17:09:29 WET [2025/01/19 12:09:29 ET]
Table 'Hamiltonia IV' 6-max Seat #4 is the button
Seat 1: bogarthump ($54.17 in chips) 
Seat 2: blistein ($101.50 in chips) 
Seat 3: Joe_Li7 ($108.51 in chips) 
Seat 4: 70peppino ($127.06 in chips) 
Seat 5: Dearic99 ($100 in chips) 
Seat 6: zeek9966 ($202.71 in chips) 
Dearic99: posts small blind $0.50
zeek9966: posts big blind $1
*** HOLE CARDS ***
bogarthump: folds 
blistein: folds 
Joe_Li7: raises $2 to $3
70peppino: folds 
Dearic99: calls $2.50
zeek9966: calls $2
*** FLOP *** [3h 2d Qs]
Dearic99: checks 
zeek9966: checks 
Joe_Li7: bets $2.57
Dearic99: calls $2.57
zeek9966: raises $7.43 to $10
Joe_Li7: folds 
Dearic99: folds 
Uncalled bet ($7.43) returned to zeek9966
zeek9966 collected $15.87 from pot
*** SUMMARY ***
Total pot $16.71 | Rake $0.84 
Board [3h 2d Qs]
Seat 1: bogarthump folded before Flop (didn't bet)
Seat 2: blistein folded before Flop (didn't bet)
Seat 3: Joe_Li7 folded on the Flop
Seat 4: 70peppino (button) folded before Flop (didn't bet)
Seat 5: Dearic99 (small blind) folded on the Flop
Seat 6: zeek9966 (big blind) collected ($15.87)



PokerStars Hand #254450312899:  Hold'em No Limit ($0.50/$1.00 USD) - 2025/01/19 17:10:19 WET [2025/01/19 12:10:19 ET]
Table 'Hamiltonia IV' 6-max Seat #5 is the button
Seat 1: bogarthump ($54.17 in chips) 
Seat 2: blistein ($101.50 in chips) 
Seat 3: Joe_Li7 ($102.94 in chips) 
Seat 4: 70peppino ($127.06 in chips) 
Seat 5: Dearic99 ($100 in chips) 
Seat 6: zeek9966 ($213.01 in chips) 
zeek9966: posts small blind $0.50
bogarthump: posts big blind $1
*** HOLE CARDS ***
blistein: folds 
Joe_Li7: raises $1.20 to $2.20
70peppino: folds 
Dearic99: folds 
zeek9966: calls $1.70
bogarthump: calls $1.20
*** FLOP *** [2h 8c Ad]
zeek9966: checks 
bogarthump: checks 
Joe_Li7: checks 
*** TURN *** [2h 8c Ad] [Kd]
zeek9966: checks 
bogarthump: checks 
Joe_Li7: checks 
*** RIVER *** [2h 8c Ad Kd] [4d]
zeek9966: checks 
bogarthump: checks 
Joe_Li7: checks 
*** SHOW DOWN ***
zeek9966: shows [9c Qc] (high card Ace)
bogarthump: shows [7s 8s] (a pair of Eights)
Joe_Li7: shows [Ks 6s] (a pair of Kings)
Joe_Li7 collected $6.27 from pot
*** SUMMARY ***
Total pot $6.60 | Rake $0.33 
Board [2h 8c Ad Kd 4d]
Seat 1: bogarthump (big blind) showed [7s 8s] and lost with a pair of Eights
Seat 2: blistein folded before Flop (didn't bet)
Seat 3: Joe_Li7 showed [Ks 6s] and won ($6.27) with a pair of Kings
Seat 4: 70peppino folded before Flop (didn't bet)
Seat 5: Dearic99 (button) folded before Flop (didn't bet)
Seat 6: zeek9966 (small blind) showed [9c Qc] and lost with high card Ace



PokerStars Hand #254450334689:  Hold'em No Limit ($0.50/$1.00 USD) - 2025/01/19 17:11:28 WET [2025/01/19 12:11:28 ET]
Table 'Hamiltonia IV' 6-max Seat #6 is the button
Seat 1: bogarthump ($51.97 in chips) 
Seat 2: blistein ($101.50 in chips) 
Seat 3: Joe_Li7 ($107.01 in chips) 
Seat 4: 70peppino ($127.06 in chips) 
Seat 5: Dearic99 ($100 in chips) 
Seat 6: zeek9966 ($210.81 in chips) 
bogarthump: posts small blind $0.50
blistein: posts big blind $1
*** HOLE CARDS ***
Joe_Li7: folds 
70peppino: folds 
Dearic99: folds 
zeek9966: folds 
bogarthump: folds 
Uncalled bet ($0.50) returned to blistein
blistein collected $1 from pot
blistein: doesn't show hand 
*** SUMMARY ***
Total pot $1 | Rake $0 
Seat 1: bogarthump (small blind) folded before Flop
Seat 2: blistein (big blind) collected ($1)
Seat 3: Joe_Li7 folded before Flop (didn't bet)
Seat 4: 70peppino folded before Flop (didn't bet)
Seat 5: Dearic99 folded before Flop (didn't bet)
Seat 6: zeek9966 (button) folded before Flop (didn't bet)



PokerStars Hand #254450337655:  Hold'em No Limit ($0.50/$1.00 USD) - 2025/01/19 17:11:37 WET [2025/01/19 12:11:37 ET]
Table 'Hamiltonia IV' 6-max Seat #1 is the button
Seat 1: bogarthump ($51.47 in chips) 
Seat 2: blistein ($102 in chips) 
Seat 3: Joe_Li7 ($107.01 in chips) 
Seat 4: 70peppino ($127.06 in chips) 
Seat 5: Dearic99 ($100 in chips) 
Seat 6: zeek9966 ($210.81 in chips) 
blistein: posts small blind $0.50
Joe_Li7: posts big blind $1
*** HOLE CARDS ***
70peppino: folds 
Dearic99: raises $1.50 to $2.50
zeek9966: calls $2.50
bogarthump: folds 
blistein: folds 
Joe_Li7: folds 
*** FLOP *** [Jh 4s 7s]
Dearic99: checks 
zeek9966: checks 
*** TURN *** [Jh 4s 7s] [2c]
Dearic99: bets $4.14
zeek9966: calls $4.14
*** RIVER *** [Jh 4s 7s 2c] [Tc]
Dearic99: bets $10.53
zeek9966: calls $10.53
*** SHOW DOWN ***
Dearic99: shows [Kd Kc] (a pair of Kings)
zeek9966: mucks hand 
Dearic99 collected $34.05 from pot
*** SUMMARY ***
Total pot $35.84 | Rake $1.79 
Board [Jh 4s 7s 2c Tc]
Seat 1: bogarthump (button) folded before Flop (didn't bet)
Seat 2: blistein (small blind) folded before Flop
Seat 3: Joe_Li7 (big blind) folded before Flop
Seat 4: 70peppino folded before Flop (didn't bet)
Seat 5: Dearic99 showed [Kd Kc] and won ($34.05) with a pair of Kings
Seat 6: zeek9966 mucked



PokerStars Hand #254450357762:  Hold'em No Limit ($0.50/$1.00 USD) - 2025/01/19 17:12:40 WET [2025/01/19 12:12:40 ET]
Table 'Hamiltonia IV' 6-max Seat #2 is the button
Seat 1: bogarthump ($51.47 in chips) 
Seat 2: blistein ($101.50 in chips) 
Seat 3: Joe_Li7 ($106.01 in chips) 
Seat 4: 70peppino ($127.06 in chips) 
Seat 5: Dearic99 ($116.88 in chips) 
Seat 6: zeek9966 ($193.64 in chips) 
Joe_Li7: posts small blind $0.50
70peppino: posts big blind $1
*** HOLE CARDS ***
Dearic99: folds 
zeek9966: folds 
bogarthump: folds 
blistein: folds 
Joe_Li7: folds 
Uncalled bet ($0.50) returned to 70peppino
70peppino collected $1 from pot
70peppino: doesn't show hand 
*** SUMMARY ***
Total pot $1 | Rake $0 
Seat 1: bogarthump folded before Flop (didn't bet)
Seat 2: blistein (button) folded before Flop (didn't bet)
Seat 3: Joe_Li7 (small blind) folded before Flop
Seat 4: 70peppino (big blind) collected ($1)
Seat 5: Dearic99 folded before Flop (didn't bet)
Seat 6: zeek9966 folded before Flop (didn't bet)



PokerStars Hand #254450361124:  Hold'em No Limit ($0.50/$1.00 USD) - 2025/01/19 17:12:50 WET [2025/01/19 12:12:50 ET]
Table 'Hamiltonia IV' 6-max Seat #3 is the button
Seat 1: bogarthump ($51.47 in chips) 
Seat 2: blistein ($101.50 in chips) 
Seat 3: Joe_Li7 ($105.51 in chips) 
Seat 4: 70peppino ($127.56 in chips) 
Seat 5: Dearic99 ($116.88 in chips) 
Seat 6: zeek9966 ($193.64 in chips) 
70peppino: posts small blind $0.50
Dearic99: posts big blind $1
*** HOLE CARDS ***
zeek9966: folds 
bogarthump: raises $1 to $2
blistein: folds 
Joe_Li7: raises $4.50 to $6.50
70peppino: folds 
Dearic99: folds 
bogarthump: calls $4.50
*** FLOP *** [Th 8c Qh]
bogarthump: bets $7
Joe_Li7: calls $7
*** TURN *** [Th 8c Qh] [6c]
bogarthump: bets $13.54
Joe_Li7: calls $13.54
*** RIVER *** [Th 8c Qh 6c] [Jd]
bogarthump: bets $24.43 and is all-in
Joe_Li7: calls $24.43
*** SHOW DOWN ***
bogarthump: shows [Ad 8d] (a pair of Eights)
Joe_Li7: shows [9s 9d] (a straight, Eight to Queen)
Joe_Li7 collected $101.94 from pot
*** SUMMARY ***
Total pot $104.44 | Rake $2.50 
Board [Th 8c Qh 6c Jd]
Seat 1: bogarthump showed [Ad 8d] and lost with a pair of Eights
Seat 2: blistein folded before Flop (didn't bet)
Seat 3: Joe_Li7 (button) showed [9s 9d] and won ($101.94) with a straight, Eight to Queen
Seat 4: 70peppino (small blind) folded before Flop
Seat 5: Dearic99 (big blind) folded before Flop
Seat 6: zeek9966 folded before Flop (didn't bet)



PokerStars Hand #254450386519:  Hold'em No Limit ($0.50/$1.00 USD) - 2025/01/19 17:14:09 WET [2025/01/19 12:14:09 ET]
Table 'Hamiltonia IV' 6-max Seat #4 is the button
Seat 1: bogarthump ($0 in chips) is sitting out
Seat 2: blistein ($101.50 in chips) 
Seat 3: Joe_Li7 ($155.98 in chips) 
Seat 4: 70peppino ($127.06 in chips) 
Seat 5: Dearic99 ($115.88 in chips) 
Seat 6: zeek9966 ($193.64 in chips) 
Dearic99: posts small blind $0.50
zeek9966: posts big blind $1
*** HOLE CARDS ***
blistein: folds 
Joe_Li7: folds 
70peppino: folds 
Dearic99: folds 
Uncalled bet ($0.50) returned to zeek9966
zeek9966 collected $1 from pot
bogarthump leaves the table
*** SUMMARY ***
Total pot $1 | Rake $0 
Seat 1: bogarthump
Seat 2: blistein folded before Flop (didn't bet)
Seat 3: Joe_Li7 folded before Flop (didn't bet)
Seat 4: 70peppino (button) folded before Flop (didn't bet)
Seat 5: Dearic99 (small blind) folded before Flop
Seat 6: zeek9966 (big blind) collected ($1)



PokerStars Hand #254450390449:  Hold'em No Limit ($0.50/$1.00 USD) - 2025/01/19 17:14:22 WET [2025/01/19 12:14:22 ET]
Table 'Hamiltonia IV' 6-max Seat #5 is the button
Seat 2: blistein ($101.50 in chips) 
Seat 3: Joe_Li7 ($155.98 in chips) 
Seat 4: 70peppino ($127.06 in chips) 
Seat 5: Dearic99 ($115.38 in chips) 
Seat 6: zeek9966 ($194.14 in chips) 
zeek9966: posts small blind $0.50
blistein: posts big blind $1
*** HOLE CARDS ***
Joe_Li7: folds 
70peppino: folds 
Dearic99: folds 
zeek9966: calls $0.50
blistein: checks 
*** FLOP *** [Kc Ah 9h]
zeek9966: bets $1
imhungarian8 joins the table at seat #1 
blistein: calls $1
*** TURN *** [Kc Ah 9h] [2c]
zeek9966: bets $3.80
blistein: folds 
Uncalled bet ($3.80) returned to zeek9966
zeek9966 collected $3.80 from pot
*** SUMMARY ***
Total pot $4 | Rake $0.20 
Board [Kc Ah 9h 2c]
Seat 2: blistein (big blind) folded on the Turn
Seat 3: Joe_Li7 folded before Flop (didn't bet)
Seat 4: 70peppino folded before Flop (didn't bet)
Seat 5: Dearic99 (button) folded before Flop (didn't bet)
Seat 6: zeek9966 (small blind) collected ($3.80)



PokerStars Hand #254450401880:  Hold'em No Limit ($0.50/$1.00 USD) - 2025/01/19 17:14:57 WET [2025/01/19 12:14:57 ET]
Table 'Hamiltonia IV' 6-max Seat #6 is the button
Seat 1: imhungarian8 ($100 in chips) is sitting out
Seat 2: blistein ($100 in chips) 
Seat 3: Joe_Li7 ($155.98 in chips) 
Seat 4: 70peppino ($127.06 in chips) 
Seat 5: Dearic99 ($115.38 in chips) 
Seat 6: zeek9966 ($195.94 in chips) 
blistein: posts small blind $0.50
Joe_Li7: posts big blind $1
*** HOLE CARDS ***
70peppino: raises $1.10 to $2.10
Dearic99: calls $2.10
zeek9966: folds 
blistein: folds 
Joe_Li7: calls $1.10
*** FLOP *** [2s 9h 9s]
Joe_Li7: checks 
70peppino: checks 
Dearic99: bets $3.23
Joe_Li7: raises $6.46 to $9.69
70peppino: folds 
Dearic99: raises $14.31 to $24
Joe_Li7: folds 
Uncalled bet ($14.31) returned to Dearic99
Dearic99 collected $24.87 from pot
Dearic99: doesn't show hand 
*** SUMMARY ***
Total pot $26.18 | Rake $1.31 
Board [2s 9h 9s]
Seat 1: imhungarian8
Seat 2: blistein (small blind) folded before Flop
Seat 3: Joe_Li7 (big blind) folded on the Flop
Seat 4: 70peppino folded on the Flop
Seat 5: Dearic99 collected ($24.87)
Seat 6: zeek9966 (button) folded before Flop (didn't bet)



PokerStars Hand #254450433021:  Hold'em No Limit ($0.50/$1.00 USD) - 2025/01/19 17:16:33 WET [2025/01/19 12:16:33 ET]
Table 'Hamiltonia IV' 6-max Seat #2 is the button
Seat 1: imhungarian8 ($100 in chips) is sitting out
Seat 2: blistein ($100 in chips) 
Seat 3: Joe_Li7 ($144.19 in chips) 
Seat 4: 70peppino ($124.96 in chips) 
Seat 5: Dearic99 ($128.46 in chips) 
Seat 6: zeek9966 ($195.94 in chips) 
Joe_Li7: posts small blind $0.50
70peppino: posts big blind $1
imhungarian8: sits out 
*** HOLE CARDS ***
Dearic99: raises $1.50 to $2.50
zeek9966: folds 
blistein: folds 
Joe_Li7: folds 
70peppino: folds 
Uncalled bet ($1.50) returned to Dearic99
Dearic99 collected $2.50 from pot
Dearic99: doesn't show hand 
*** SUMMARY ***
Total pot $2.50 | Rake $0 
Seat 1: imhungarian8
Seat 2: blistein (button) folded before Flop (didn't bet)
Seat 3: Joe_Li7 (small blind) folded before Flop
Seat 4: 70peppino (big blind) folded before Flop
Seat 5: Dearic99 collected ($2.50)
Seat 6: zeek9966 folded before Flop (didn't bet)



PokerStars Hand #254450436258:  Hold'em No Limit ($0.50/$1.00 USD) - 2025/01/19 17:16:43 WET [2025/01/19 12:16:43 ET]
Table 'Hamiltonia IV' 6-max Seat #3 is the button
Seat 1: imhungarian8 ($100 in chips) is sitting out
Seat 2: blistein ($100 in chips) 
Seat 3: Joe_Li7 ($143.69 in chips) 
Seat 4: 70peppino ($123.96 in chips) 
Seat 5: Dearic99 ($129.96 in chips) 
Seat 6: zeek9966 ($195.94 in chips) 
70peppino: posts small blind $0.50
Dearic99: posts big blind $1
imhungarian8: sits out 
*** HOLE CARDS ***
zeek9966: folds 
blistein: folds 
Joe_Li7: folds 
70peppino: raises $2 to $3
Dearic99: raises $6 to $9
70peppino: folds 
Uncalled bet ($6) returned to Dearic99
Dearic99 collected $6 from pot
Dearic99: doesn't show hand 
*** SUMMARY ***
Total pot $6 | Rake $0 
Seat 1: imhungarian8
Seat 2: blistein folded before Flop (didn't bet)
Seat 3: Joe_Li7 (button) folded before Flop (didn't bet)
Seat 4: 70peppino (small blind) folded before Flop
Seat 5: Dearic99 (big blind) collected ($6)
Seat 6: zeek9966 folded before Flop (didn't bet)



PokerStars Hand #254450443821:  Hold'em No Limit ($0.50/$1.00 USD) - 2025/01/19 17:17:06 WET [2025/01/19 12:17:06 ET]
Table 'Hamiltonia IV' 6-max Seat #4 is the button
Seat 1: imhungarian8 ($100 in chips) is sitting out
Seat 2: blistein ($100 in chips) 
Seat 3: Joe_Li7 ($143.69 in chips) 
Seat 4: 70peppino ($120.96 in chips) 
Seat 5: Dearic99 ($132.96 in chips) 
Seat 6: zeek9966 ($195.94 in chips) 
Dearic99: posts small blind $0.50
zeek9966: posts big blind $1
imhungarian8: sits out 
*** HOLE CARDS ***
blistein: raises $1.20 to $2.20
Joe_Li7: folds 
70peppino: folds 
Dearic99: folds 
zeek9966: calls $1.20
*** FLOP *** [3s Qs 7s]
zeek9966: checks 
blistein: bets $2.33
zeek9966: folds 
Uncalled bet ($2.33) returned to blistein
blistein collected $4.66 from pot
blistein: doesn't show hand 
*** SUMMARY ***
Total pot $4.90 | Rake $0.24 
Board [3s Qs 7s]
Seat 1: imhungarian8
Seat 2: blistein collected ($4.66)
Seat 3: Joe_Li7 folded before Flop (didn't bet)
Seat 4: 70peppino (button) folded before Flop (didn't bet)
Seat 5: Dearic99 (small blind) folded before Flop
Seat 6: zeek9966 (big blind) folded on the Flop



PokerStars Hand #254450456107:  Hold'em No Limit ($0.50/$1.00 USD) - 2025/01/19 17:17:44 WET [2025/01/19 12:17:44 ET]
Table 'Hamiltonia IV' 6-max Seat #5 is the button
Seat 1: imhungarian8 ($100 in chips) 
Seat 2: blistein ($102.46 in chips) 
Seat 3: Joe_Li7 ($143.69 in chips) 
Seat 4: 70peppino ($120.96 in chips) 
Seat 5: Dearic99 ($132.46 in chips) 
Seat 6: zeek9966 ($193.74 in chips) 
zeek9966: posts small blind $0.50
imhungarian8: posts big blind $1
*** HOLE CARDS ***
blistein: folds 
Joe_Li7: raises $1.20 to $2.20
70peppino: folds 
Dearic99: folds 
zeek9966: calls $1.70
imhungarian8: calls $1.20
*** FLOP *** [Td Qs Ah]
zeek9966: checks 
imhungarian8: checks 
Joe_Li7: checks 
*** TURN *** [Td Qs Ah] [6h]
zeek9966: checks 
imhungarian8: bets $9.41
Joe_Li7: folds 
zeek9966: folds 
Uncalled bet ($9.41) returned to imhungarian8
imhungarian8 collected $6.27 from pot
imhungarian8: doesn't show hand 
*** SUMMARY ***
Total pot $6.60 | Rake $0.33 
Board [Td Qs Ah 6h]
Seat 1: imhungarian8 (big blind) collected ($6.27)
Seat 2: blistein folded before Flop (didn't bet)
Seat 3: Joe_Li7 folded on the Turn
Seat 4: 70peppino folded before Flop (didn't bet)
Seat 5: Dearic99 (button) folded before Flop (didn't bet)
Seat 6: zeek9966 (small blind) folded on the Turn



PokerStars Hand #254450473349:  Hold'em No Limit ($0.50/$1.00 USD) - 2025/01/19 17:18:37 WET [2025/01/19 12:18:37 ET]
Table 'Hamiltonia IV' 6-max Seat #6 is the button
Seat 1: imhungarian8 ($104.07 in chips) 
Seat 2: blistein ($102.46 in chips) 
Seat 3: Joe_Li7 ($141.49 in chips) 
Seat 4: 70peppino ($120.96 in chips) 
Seat 5: Dearic99 ($132.46 in chips) 
Seat 6: zeek9966 ($191.54 in chips) 
imhungarian8: posts small blind $0.50
blistein: posts big blind $1
*** HOLE CARDS ***
Joe_Li7: folds 
70peppino: folds 
Dearic99: folds 
zeek9966: raises $2 to $3
imhungarian8: folds 
blistein: folds 
Uncalled bet ($2) returned to zeek9966
zeek9966 collected $2.50 from pot
*** SUMMARY ***
Total pot $2.50 | Rake $0 
Seat 1: imhungarian8 (small blind) folded before Flop
Seat 2: blistein (big blind) folded before Flop
Seat 3: Joe_Li7 folded before Flop (didn't bet)
Seat 4: 70peppino folded before Flop (didn't bet)
Seat 5: Dearic99 folded before Flop (didn't bet)
Seat 6: zeek9966 (button) collected ($2.50)



PokerStars Hand #254450481281:  Hold'em No Limit ($0.50/$1.00 USD) - 2025/01/19 17:19:01 WET [2025/01/19 12:19:01 ET]
Table 'Hamiltonia IV' 6-max Seat #1 is the button
Seat 1: imhungarian8 ($103.57 in chips) 
Seat 2: blistein ($101.46 in chips) 
Seat 3: Joe_Li7 ($141.49 in chips) 
Seat 4: 70peppino ($120.96 in chips) 
Seat 5: Dearic99 ($132.46 in chips) 
Seat 6: zeek9966 ($193.04 in chips) 
blistein: posts small blind $0.50
Joe_Li7: posts big blind $1
*** HOLE CARDS ***
70peppino: raises $1.10 to $2.10
Dearic99: folds 
zeek9966: folds 
imhungarian8: folds 
blistein: folds 
Joe_Li7: folds 
Uncalled bet ($1.10) returned to 70peppino
70peppino collected $2.50 from pot
70peppino: doesn't show hand 
*** SUMMARY ***
Total pot $2.50 | Rake $0 
Seat 1: imhungarian8 (button) folded before Flop (didn't bet)
Seat 2: blistein (small blind) folded before Flop
Seat 3: Joe_Li7 (big blind) folded before Flop
Seat 4: 70peppino collected ($2.50)
Seat 5: Dearic99 folded before Flop (didn't bet)
Seat 6: zeek9966 folded before Flop (didn't bet)



PokerStars Hand #254450488905:  Hold'em No Limit ($0.50/$1.00 USD) - 2025/01/19 17:19:25 WET [2025/01/19 12:19:25 ET]
Table 'Hamiltonia IV' 6-max Seat #2 is the button
Seat 1: imhungarian8 ($103.57 in chips) 
Seat 2: blistein ($100.96 in chips) 
Seat 3: Joe_Li7 ($140.49 in chips) 
Seat 4: 70peppino ($122.46 in chips) 
Seat 5: Dearic99 ($132.46 in chips) 
Seat 6: zeek9966 ($193.04 in chips) 
Joe_Li7: posts small blind $0.50
70peppino: posts big blind $1
*** HOLE CARDS ***
Dearic99: folds 
zeek9966: raises $1 to $2
imhungarian8: folds 
blistein: folds 
Joe_Li7: calls $1.50
70peppino: calls $1
*** FLOP *** [Kd 3h 4c]
Joe_Li7: checks 
70peppino: checks 
zeek9966: checks 
*** TURN *** [Kd 3h 4c] [3c]
Joe_Li7: bets $2.28
70peppino: folds 
zeek9966: calls $2.28
*** RIVER *** [Kd 3h 4c 3c] [Js]
Joe_Li7: checks 
zeek9966: bets $7.85
Joe_Li7: folds 
Uncalled bet ($7.85) returned to zeek9966
zeek9966 collected $10.03 from pot
*** SUMMARY ***
Total pot $10.56 | Rake $0.53 
Board [Kd 3h 4c 3c Js]
Seat 1: imhungarian8 folded before Flop (didn't bet)
Seat 2: blistein (button) folded before Flop (didn't bet)
Seat 3: Joe_Li7 (small blind) folded on the River
Seat 4: 70peppino (big blind) folded on the Turn
Seat 5: Dearic99 folded before Flop (didn't bet)
Seat 6: zeek9966 collected ($10.03)



PokerStars Hand #254450519821:  Hold'em No Limit ($0.50/$1.00 USD) - 2025/01/19 17:21:00 WET [2025/01/19 12:21:00 ET]
Table 'Hamiltonia IV' 6-max Seat #3 is the button
Seat 1: imhungarian8 ($103.57 in chips) is sitting out
Seat 2: blistein ($100.96 in chips) 
Seat 3: Joe_Li7 ($136.21 in chips) 
Seat 4: 70peppino ($120.46 in chips) 
Seat 5: Dearic99 ($132.46 in chips) 
Seat 6: zeek9966 ($198.79 in chips) 
70peppino: posts small blind $0.50
Dearic99: posts big blind $1
*** HOLE CARDS ***
zeek9966: folds 
blistein: folds 
Joe_Li7: folds 
70peppino: folds 
Uncalled bet ($0.50) returned to Dearic99
Dearic99 collected $1 from pot
Dearic99: doesn't show hand 
*** SUMMARY ***
Total pot $1 | Rake $0 
Seat 1: imhungarian8
Seat 2: blistein folded before Flop (didn't bet)
Seat 3: Joe_Li7 (button) folded before Flop (didn't bet)
Seat 4: 70peppino (small blind) folded before Flop
Seat 5: Dearic99 (big blind) collected ($1)
Seat 6: zeek9966 folded before Flop (didn't bet)



PokerStars Hand #254450523468:  Hold'em No Limit ($0.50/$1.00 USD) - 2025/01/19 17:21:11 WET [2025/01/19 12:21:11 ET]
Table 'Hamiltonia IV' 6-max Seat #4 is the button
Seat 1: imhungarian8 ($103.57 in chips) is sitting out
Seat 2: blistein ($100.96 in chips) 
Seat 3: Joe_Li7 ($136.21 in chips) 
Seat 4: 70peppino ($119.96 in chips) 
Seat 5: Dearic99 ($132.96 in chips) 
Seat 6: zeek9966 ($198.79 in chips) 
Dearic99: posts small blind $0.50
zeek9966: posts big blind $1
*** HOLE CARDS ***
blistein: folds 
Joe_Li7: raises $1.20 to $2.20
70peppino: folds 
Dearic99: folds 
zeek9966: calls $1.20
*** FLOP *** [Js 8d 7d]
zeek9966: checks 
Joe_Li7: checks 
*** TURN *** [Js 8d 7d] [8h]
zeek9966: bets $4.66
Joe_Li7: folds 
Uncalled bet ($4.66) returned to zeek9966
zeek9966 collected $4.66 from pot
*** SUMMARY ***
Total pot $4.90 | Rake $0.24 
Board [Js 8d 7d 8h]
Seat 1: imhungarian8
Seat 2: blistein folded before Flop (didn't bet)
Seat 3: Joe_Li7 folded on the Turn
Seat 4: 70peppino (button) folded before Flop (didn't bet)
Seat 5: Dearic99 (small blind) folded before Flop
Seat 6: zeek9966 (big blind) collected ($4.66)



PokerStars Hand #254450537155:  Hold'em No Limit ($0.50/$1.00 USD) - 2025/01/19 17:21:53 WET [2025/01/19 12:21:53 ET]
Table 'Hamiltonia IV' 6-max Seat #5 is the button
Seat 1: imhungarian8 ($103.57 in chips) 
Seat 2: blistein ($100.96 in chips) 
Seat 3: Joe_Li7 ($134.01 in chips) 
Seat 4: 70peppino ($119.96 in chips) 
Seat 5: Dearic99 ($132.46 in chips) 
Seat 6: zeek9966 ($201.25 in chips) 
zeek9966: posts small blind $0.50
imhungarian8: posts big blind $1
*** HOLE CARDS ***
blistein: raises $1.20 to $2.20
Joe_Li7: folds 
70peppino: folds 
Dearic99: folds 
zeek9966: calls $1.70
imhungarian8: calls $1.20
*** FLOP *** [7c Jd 2h]
zeek9966: checks 
imhungarian8: checks 
blistein: bets $2.13
zeek9966: calls $2.13
imhungarian8: folds 
*** TURN *** [7c Jd 2h] [Kh]
zeek9966: checks 
blistein: bets $3.51
zeek9966: folds 
Uncalled bet ($3.51) returned to blistein
blistein collected $10.32 from pot
blistein: doesn't show hand 
*** SUMMARY ***
Total pot $10.86 | Rake $0.54 
Board [7c Jd 2h Kh]
Seat 1: imhungarian8 (big blind) folded on the Flop
Seat 2: blistein collected ($10.32)
Seat 3: Joe_Li7 folded before Flop (didn't bet)
Seat 4: 70peppino folded before Flop (didn't bet)
Seat 5: Dearic99 (button) folded before Flop (didn't bet)
Seat 6: zeek9966 (small blind) folded on the Turn



PokerStars Hand #254450553432:  Hold'em No Limit ($0.50/$1.00 USD) - 2025/01/19 17:22:42 WET [2025/01/19 12:22:42 ET]
Table 'Hamiltonia IV' 6-max Seat #6 is the button
Seat 1: imhungarian8 ($101.37 in chips) 
Seat 2: blistein ($106.95 in chips) 
Seat 3: Joe_Li7 ($134.01 in chips) 
Seat 4: 70peppino ($119.96 in chips) 
Seat 5: Dearic99 ($132.46 in chips) 
Seat 6: zeek9966 ($196.92 in chips) 
imhungarian8: posts small blind $0.50
blistein: posts big blind $1
*** HOLE CARDS ***
Joe_Li7: folds 
70peppino: folds 
Dearic99: folds 
zeek9966: folds 
imhungarian8: raises $1.70 to $2.70
blistein: calls $1.70
*** FLOP *** [Qc 4s 6h]
imhungarian8: bets $1.54
blistein: calls $1.54
*** TURN *** [Qc 4s 6h] [5d]
imhungarian8: checks 
blistein: checks 
*** RIVER *** [Qc 4s 6h 5d] [Ac]
imhungarian8: bets $8.06
blistein: folds 
Uncalled bet ($8.06) returned to imhungarian8
imhungarian8 collected $8.06 from pot
imhungarian8: doesn't show hand 
*** SUMMARY ***
Total pot $8.48 | Rake $0.42 
Board [Qc 4s 6h 5d Ac]
Seat 1: imhungarian8 (small blind) collected ($8.06)
Seat 2: blistein (big blind) folded on the River
Seat 3: Joe_Li7 folded before Flop (didn't bet)
Seat 4: 70peppino folded before Flop (didn't bet)
Seat 5: Dearic99 folded before Flop (didn't bet)
Seat 6: zeek9966 (button) folded before Flop (didn't bet)



PokerStars Hand #254450574021:  Hold'em No Limit ($0.50/$1.00 USD) - 2025/01/19 17:23:44 WET [2025/01/19 12:23:44 ET]
Table 'Hamiltonia IV' 6-max Seat #1 is the button
Seat 1: imhungarian8 ($105.19 in chips) 
Seat 2: blistein ($102.71 in chips) 
Seat 3: Joe_Li7 ($134.01 in chips) 
Seat 4: 70peppino ($119.96 in chips) 
Seat 5: Dearic99 ($132.46 in chips) 
Seat 6: zeek9966 ($196.92 in chips) 
blistein: posts small blind $0.50
Joe_Li7: posts big blind $1
*** HOLE CARDS ***
70peppino: folds 
Dearic99: folds 
zeek9966: raises $2 to $3
imhungarian8: folds 
blistein: raises $9 to $12
Joe_Li7: folds 
zeek9966: folds 
Uncalled bet ($9) returned to blistein
blistein collected $7 from pot
blistein: doesn't show hand 
*** SUMMARY ***
Total pot $7 | Rake $0 
Seat 1: imhungarian8 (button) folded before Flop (didn't bet)
Seat 2: blistein (small blind) collected ($7)
Seat 3: Joe_Li7 (big blind) folded before Flop
Seat 4: 70peppino folded before Flop (didn't bet)
Seat 5: Dearic99 folded before Flop (didn't bet)
Seat 6: zeek9966 folded before Flop



PokerStars Hand #254450582499:  Hold'em No Limit ($0.50/$1.00 USD) - 2025/01/19 17:24:10 WET [2025/01/19 12:24:10 ET]
Table 'Hamiltonia IV' 6-max Seat #2 is the button
Seat 1: imhungarian8 ($105.19 in chips) 
Seat 2: blistein ($106.71 in chips) 
Seat 3: Joe_Li7 ($133.01 in chips) 
Seat 4: 70peppino ($119.96 in chips) 
Seat 5: Dearic99 ($132.46 in chips) 
Seat 6: zeek9966 ($193.92 in chips) 
Joe_Li7: posts small blind $0.50
70peppino: posts big blind $1
*** HOLE CARDS ***
Dearic99: raises $1.50 to $2.50
zeek9966: folds 
imhungarian8: folds 
blistein: folds 
Joe_Li7: folds 
70peppino: calls $1.50
*** FLOP *** [5h 4d 8h]
70peppino: checks 
Dearic99: checks 
*** TURN *** [5h 4d 8h] [4c]
70peppino: checks 
Dearic99: checks 
*** RIVER *** [5h 4d 8h 4c] [Qc]
70peppino: checks 
Dearic99: bets $3
70peppino: raises $9 to $12
Dearic99: calls $9
*** SHOW DOWN ***
70peppino: shows [8d 8s] (a full house, Eights full of Fours)
Dearic99: mucks hand 
70peppino collected $28.02 from pot
*** SUMMARY ***
Total pot $29.50 | Rake $1.48 
Board [5h 4d 8h 4c Qc]
Seat 1: imhungarian8 folded before Flop (didn't bet)
Seat 2: blistein (button) folded before Flop (didn't bet)
Seat 3: Joe_Li7 (small blind) folded before Flop
Seat 4: 70peppino (big blind) showed [8d 8s] and won ($28.02) with a full house, Eights full of Fours
Seat 5: Dearic99 mucked
Seat 6: zeek9966 folded before Flop (didn't bet)



PokerStars Hand #254450610615:  Hold'em No Limit ($0.50/$1.00 USD) - 2025/01/19 17:25:35 WET [2025/01/19 12:25:35 ET]
Table 'Hamiltonia IV' 6-max Seat #3 is the button
Seat 1: imhungarian8 ($105.19 in chips) 
Seat 2: blistein ($106.71 in chips) 
Seat 3: Joe_Li7 ($132.51 in chips) 
Seat 4: 70peppino ($133.48 in chips) 
Seat 5: Dearic99 ($117.96 in chips) 
Seat 6: zeek9966 ($193.92 in chips) 
70peppino: posts small blind $0.50
Dearic99: posts big blind $1
*** HOLE CARDS ***
zeek9966: calls $1
imhungarian8: folds 
blistein: folds 
Joe_Li7: folds 
70peppino: folds 
Dearic99: checks 
*** FLOP *** [2s 2c 3h]
Dearic99: checks 
zeek9966: checks 
*** TURN *** [2s 2c 3h] [2h]
Dearic99: checks 
zeek9966: bets $1
Dearic99: calls $1
*** RIVER *** [2s 2c 3h 2h] [Jd]
Dearic99: checks 
zeek9966: checks 
*** SHOW DOWN ***
Dearic99: shows [6h 5c] (three of a kind, Deuces)
zeek9966: shows [Th Ks] (three of a kind, Deuces - King kicker)
zeek9966 collected $4.28 from pot
*** SUMMARY ***
Total pot $4.50 | Rake $0.22 
Board [2s 2c 3h 2h Jd]
Seat 1: imhungarian8 folded before Flop (didn't bet)
Seat 2: blistein folded before Flop (didn't bet)
Seat 3: Joe_Li7 (button) folded before Flop (didn't bet)
Seat 4: 70peppino (small blind) folded before Flop
Seat 5: Dearic99 (big blind) showed [6h 5c] and lost with three of a kind, Deuces
Seat 6: zeek9966 showed [Th Ks] and won ($4.28) with three of a kind, Deuces



PokerStars Hand #254450622877:  Hold'em No Limit ($0.50/$1.00 USD) - 2025/01/19 17:26:12 WET [2025/01/19 12:26:12 ET]
Table 'Hamiltonia IV' 6-max Seat #4 is the button
Seat 1: imhungarian8 ($105.19 in chips) 
Seat 2: blistein ($106.71 in chips) 
Seat 3: Joe_Li7 ($132.51 in chips) 
Seat 4: 70peppino ($132.98 in chips) 
Seat 5: Dearic99 ($115.96 in chips) 
Seat 6: zeek9966 ($196.20 in chips) 
Dearic99: posts small blind $0.50
zeek9966: posts big blind $1
*** HOLE CARDS ***
imhungarian8: folds 
blistein: folds 
Joe_Li7: raises $1.50 to $2.50
70peppino: raises $5.50 to $8
Dearic99: folds 
zeek9966: folds 
Joe_Li7: calls $5.50
*** FLOP *** [Ts Kh 8d]
Joe_Li7: checks 
70peppino: bets $6
Joe_Li7: calls $6
*** TURN *** [Ts Kh 8d] [Tc]
Joe_Li7: checks 
70peppino: checks 
*** RIVER *** [Ts Kh 8d Tc] [Th]
Joe_Li7: checks 
70peppino: checks 
*** SHOW DOWN ***
Joe_Li7: shows [As Qh] (three of a kind, Tens)
70peppino: shows [Ad 4d] (three of a kind, Tens)
Joe_Li7 collected $14.01 from pot
70peppino collected $14.01 from pot
*** SUMMARY ***
Total pot $29.50 | Rake $1.48 
Board [Ts Kh 8d Tc Th]
Seat 1: imhungarian8 folded before Flop (didn't bet)
Seat 2: blistein folded before Flop (didn't bet)
Seat 3: Joe_Li7 showed [As Qh] and won ($14.01) with three of a kind, Tens
Seat 4: 70peppino (button) showed [Ad 4d] and won ($14.01) with three of a kind, Tens
Seat 5: Dearic99 (small blind) folded before Flop
Seat 6: zeek9966 (big blind) folded before Flop



PokerStars Hand #254450659215:  Hold'em No Limit ($0.50/$1.00 USD) - 2025/01/19 17:28:02 WET [2025/01/19 12:28:02 ET]
Table 'Hamiltonia IV' 6-max Seat #5 is the button
Seat 1: imhungarian8 ($105.19 in chips) 
Seat 2: blistein ($106.71 in chips) 
Seat 3: Joe_Li7 ($132.52 in chips) 
Seat 4: 70peppino ($132.99 in chips) 
Seat 5: Dearic99 ($115.46 in chips) 
Seat 6: zeek9966 ($195.20 in chips) 
zeek9966: posts small blind $0.50
imhungarian8: posts big blind $1
*** HOLE CARDS ***
blistein: folds 
Joe_Li7: folds 
70peppino: folds 
Dearic99: raises $1 to $2
zeek9966: calls $1.50
imhungarian8: folds 
*** FLOP *** [6s Kd 9s]
zeek9966: checks 
Dearic99: checks 
*** TURN *** [6s Kd 9s] [Jc]
zeek9966: bets $3
Dearic99: folds 
Uncalled bet ($3) returned to zeek9966
zeek9966 collected $4.75 from pot
*** SUMMARY ***
Total pot $5 | Rake $0.25 
Board [6s Kd 9s Jc]
Seat 1: imhungarian8 (big blind) folded before Flop
Seat 2: blistein folded before Flop (didn't bet)
Seat 3: Joe_Li7 folded before Flop (didn't bet)
Seat 4: 70peppino folded before Flop (didn't bet)
Seat 5: Dearic99 (button) folded on the Turn
Seat 6: zeek9966 (small blind) collected ($4.75)



PokerStars Hand #254450671981:  Hold'em No Limit ($0.50/$1.00 USD) - 2025/01/19 17:28:41 WET [2025/01/19 12:28:41 ET]
Table 'Hamiltonia IV' 6-max Seat #6 is the button
Seat 1: imhungarian8 ($104.19 in chips) 
Seat 2: blistein ($106.71 in chips) 
Seat 3: Joe_Li7 ($132.52 in chips) 
Seat 4: 70peppino ($132.99 in chips) 
Seat 5: Dearic99 ($113.46 in chips) 
Seat 6: zeek9966 ($197.95 in chips) 
imhungarian8: posts small blind $0.50
blistein: posts big blind $1
*** HOLE CARDS ***
Joe_Li7: folds 
70peppino: folds 
Dearic99: raises $1.50 to $2.50
zeek9966: folds 
imhungarian8: folds 
blistein: calls $1.50
*** FLOP *** [5d 3s 2d]
blistein: checks 
Dearic99: checks 
*** TURN *** [5d 3s 2d] [4s]
blistein: checks 
Dearic99: bets $2.61
blistein: folds 
Uncalled bet ($2.61) returned to Dearic99
Dearic99 collected $5.22 from pot
Dearic99: doesn't show hand 
*** SUMMARY ***
Total pot $5.50 | Rake $0.28 
Board [5d 3s 2d 4s]
Seat 1: imhungarian8 (small blind) folded before Flop
Seat 2: blistein (big blind) folded on the Turn
Seat 3: Joe_Li7 folded before Flop (didn't bet)
Seat 4: 70peppino folded before Flop (didn't bet)
Seat 5: Dearic99 collected ($5.22)
Seat 6: zeek9966 (button) folded before Flop (didn't bet)



PokerStars Hand #254450687085:  Hold'em No Limit ($0.50/$1.00 USD) - 2025/01/19 17:29:28 WET [2025/01/19 12:29:28 ET]
Table 'Hamiltonia IV' 6-max Seat #1 is the button
Seat 1: imhungarian8 ($103.69 in chips) 
Seat 2: blistein ($104.21 in chips) 
Seat 3: Joe_Li7 ($132.52 in chips) 
Seat 4: 70peppino ($132.99 in chips) 
Seat 5: Dearic99 ($116.18 in chips) 
Seat 6: zeek9966 ($197.95 in chips) 
blistein: posts small blind $0.50
Joe_Li7: posts big blind $1
*** HOLE CARDS ***
70peppino: folds 
Dearic99: raises $1.50 to $2.50
zeek9966: folds 
imhungarian8: folds 
blistein: folds 
Joe_Li7: calls $1.50
*** FLOP *** [7c Jd 5c]
Joe_Li7: checks 
Dearic99: checks 
*** TURN *** [7c Jd 5c] [Th]
Joe_Li7: bets $7.83
Dearic99: calls $7.83
*** RIVER *** [7c Jd 5c Th] [8h]
Joe_Li7: bets $15.08
Dearic99: folds 
Uncalled bet ($15.08) returned to Joe_Li7
Joe_Li7 collected $20.10 from pot
*** SUMMARY ***
Total pot $21.16 | Rake $1.06 
Board [7c Jd 5c Th 8h]
Seat 1: imhungarian8 (button) folded before Flop (didn't bet)
Seat 2: blistein (small blind) folded before Flop
Seat 3: Joe_Li7 (big blind) collected ($20.10)
Seat 4: 70peppino folded before Flop (didn't bet)
Seat 5: Dearic99 folded on the River
Seat 6: zeek9966 folded before Flop (didn't bet)



PokerStars Hand #254450712216:  Hold'em No Limit ($0.50/$1.00 USD) - 2025/01/19 17:30:43 WET [2025/01/19 12:30:43 ET]
Table 'Hamiltonia IV' 6-max Seat #2 is the button
Seat 1: imhungarian8 ($103.69 in chips) 
Seat 2: blistein ($103.71 in chips) 
Seat 3: Joe_Li7 ($142.29 in chips) 
Seat 4: 70peppino ($132.99 in chips) 
Seat 5: Dearic99 ($105.85 in chips) 
Seat 6: zeek9966 ($197.95 in chips) 
Joe_Li7: posts small blind $0.50
70peppino: posts big blind $1
*** HOLE CARDS ***
Dearic99: folds 
zeek9966: folds 
imhungarian8: folds 
blistein: folds 
Joe_Li7: folds 
Uncalled bet ($0.50) returned to 70peppino
70peppino collected $1 from pot
70peppino: doesn't show hand 
*** SUMMARY ***
Total pot $1 | Rake $0 
Seat 1: imhungarian8 folded before Flop (didn't bet)
Seat 2: blistein (button) folded before Flop (didn't bet)
Seat 3: Joe_Li7 (small blind) folded before Flop
Seat 4: 70peppino (big blind) collected ($1)
Seat 5: Dearic99 folded before Flop (didn't bet)
Seat 6: zeek9966 folded before Flop (didn't bet)



PokerStars Hand #254450715020:  Hold'em No Limit ($0.50/$1.00 USD) - 2025/01/19 17:30:52 WET [2025/01/19 12:30:52 ET]
Table 'Hamiltonia IV' 6-max Seat #3 is the button
Seat 1: imhungarian8 ($103.69 in chips) 
Seat 2: blistein ($103.71 in chips) 
Seat 3: Joe_Li7 ($141.79 in chips) 
Seat 4: 70peppino ($133.49 in chips) 
Seat 5: Dearic99 ($105.85 in chips) 
Seat 6: zeek9966 ($197.95 in chips) 
70peppino: posts small blind $0.50
Dearic99: posts big blind $1
*** HOLE CARDS ***
zeek9966: folds 
imhungarian8: folds 
blistein: folds 
Joe_Li7: raises $1.50 to $2.50
70peppino: folds 
Dearic99: calls $1.50
*** FLOP *** [4s 9d 5c]
Dearic99: checks 
Joe_Li7: bets $2.61
Dearic99: raises $5.22 to $7.83
Joe_Li7: folds 
Uncalled bet ($5.22) returned to Dearic99
Dearic99 collected $10.18 from pot
Dearic99: doesn't show hand 
*** SUMMARY ***
Total pot $10.72 | Rake $0.54 
Board [4s 9d 5c]
Seat 1: imhungarian8 folded before Flop (didn't bet)
Seat 2: blistein folded before Flop (didn't bet)
Seat 3: Joe_Li7 (button) folded on the Flop
Seat 4: 70peppino (small blind) folded before Flop
Seat 5: Dearic99 (big blind) collected ($10.18)
Seat 6: zeek9966 folded before Flop (didn't bet)



PokerStars Hand #254450727135:  Hold'em No Limit ($0.50/$1.00 USD) - 2025/01/19 17:31:28 WET [2025/01/19 12:31:28 ET]
Table 'Hamiltonia IV' 6-max Seat #4 is the button
Seat 1: imhungarian8 ($103.69 in chips) 
Seat 2: blistein ($103.71 in chips) 
Seat 3: Joe_Li7 ($136.68 in chips) 
Seat 4: 70peppino ($132.99 in chips) 
Seat 5: Dearic99 ($110.92 in chips) 
Seat 6: zeek9966 ($197.95 in chips) 
Dearic99: posts small blind $0.50
zeek9966: posts big blind $1
*** HOLE CARDS ***
imhungarian8: folds 
blistein: raises $1.20 to $2.20
Joe_Li7: folds 
70peppino: calls $2.20
Dearic99: folds 
zeek9966: raises $7.80 to $10
blistein: folds 
70peppino: calls $7.80
*** FLOP *** [6h 4d Ts]
zeek9966: bets $17.85
70peppino: folds 
Uncalled bet ($17.85) returned to zeek9966
zeek9966 collected $21.56 from pot
*** SUMMARY ***
Total pot $22.70 | Rake $1.14 
Board [6h 4d Ts]
Seat 1: imhungarian8 folded before Flop (didn't bet)
Seat 2: blistein folded before Flop
Seat 3: Joe_Li7 folded before Flop (didn't bet)
Seat 4: 70peppino (button) folded on the Flop
Seat 5: Dearic99 (small blind) folded before Flop
Seat 6: zeek9966 (big blind) collected ($21.56)



PokerStars Hand #254450752547:  Hold'em No Limit ($0.50/$1.00 USD) - 2025/01/19 17:32:44 WET [2025/01/19 12:32:44 ET]
Table 'Hamiltonia IV' 6-max Seat #5 is the button
Seat 1: imhungarian8 ($103.69 in chips) 
Seat 2: blistein ($101.51 in chips) 
Seat 3: Joe_Li7 ($136.68 in chips) 
Seat 4: 70peppino ($122.99 in chips) 
Seat 5: Dearic99 ($110.42 in chips) 
Seat 6: zeek9966 ($209.51 in chips) 
zeek9966: posts small blind $0.50
imhungarian8: posts big blind $1
*** HOLE CARDS ***
blistein: folds 
Joe_Li7: folds 
70peppino: raises $1.30 to $2.30
Dearic99: folds 
zeek9966: folds 
imhungarian8: calls $1.30
*** FLOP *** [Th Qd Qc]
imhungarian8: checks 
70peppino: checks 
*** TURN *** [Th Qd Qc] [2d]
imhungarian8: bets $12.10
70peppino: calls $12.10
*** RIVER *** [Th Qd Qc 2d] [Jh]
imhungarian8: checks 
70peppino: checks 
*** SHOW DOWN ***
imhungarian8: shows [Qh 6h] (three of a kind, Queens)
70peppino: mucks hand 
imhungarian8 collected $27.84 from pot
*** SUMMARY ***
Total pot $29.30 | Rake $1.46 
Board [Th Qd Qc 2d Jh]
Seat 1: imhungarian8 (big blind) showed [Qh 6h] and won ($27.84) with three of a kind, Queens
Seat 2: blistein folded before Flop (didn't bet)
Seat 3: Joe_Li7 folded before Flop (didn't bet)
Seat 4: 70peppino mucked
Seat 5: Dearic99 (button) folded before Flop (didn't bet)
Seat 6: zeek9966 (small blind) folded before Flop



PokerStars Hand #254450770840:  Hold'em No Limit ($0.50/$1.00 USD) - 2025/01/19 17:33:37 WET [2025/01/19 12:33:37 ET]
Table 'Hamiltonia IV' 6-max Seat #6 is the button
Seat 1: imhungarian8 ($117.13 in chips) 
Seat 2: blistein ($101.51 in chips) 
Seat 3: Joe_Li7 ($136.68 in chips) 
Seat 4: 70peppino ($108.59 in chips) 
Seat 5: Dearic99 ($110.42 in chips) 
Seat 6: zeek9966 ($209.01 in chips) 
imhungarian8: posts small blind $0.50
blistein: posts big blind $1
*** HOLE CARDS ***
Joe_Li7: folds 
70peppino: raises $1.20 to $2.20
Dearic99: folds 
zeek9966: folds 
imhungarian8: folds 
blistein: folds 
Uncalled bet ($1.20) returned to 70peppino
70peppino collected $2.50 from pot
70peppino: doesn't show hand 
*** SUMMARY ***
Total pot $2.50 | Rake $0 
Seat 1: imhungarian8 (small blind) folded before Flop
Seat 2: blistein (big blind) folded before Flop
Seat 3: Joe_Li7 folded before Flop (didn't bet)
Seat 4: 70peppino collected ($2.50)
Seat 5: Dearic99 folded before Flop (didn't bet)
Seat 6: zeek9966 (button) folded before Flop (didn't bet)



PokerStars Hand #254450777573:  Hold'em No Limit ($0.50/$1.00 USD) - 2025/01/19 17:33:57 WET [2025/01/19 12:33:57 ET]
Table 'Hamiltonia IV' 6-max Seat #1 is the button
Seat 1: imhungarian8 ($116.63 in chips) 
Seat 2: blistein ($100.51 in chips) 
Seat 3: Joe_Li7 ($136.68 in chips) 
Seat 4: 70peppino ($110.09 in chips) 
Seat 5: Dearic99 ($110.42 in chips) 
Seat 6: zeek9966 ($209.01 in chips) 
blistein: posts small blind $0.50
Joe_Li7: posts big blind $1
*** HOLE CARDS ***
70peppino: folds 
Dearic99: folds 
zeek9966: folds 
imhungarian8: raises $1.50 to $2.50
blistein: folds 
Joe_Li7: folds 
Uncalled bet ($1.50) returned to imhungarian8
imhungarian8 collected $2.50 from pot
imhungarian8: doesn't show hand 
*** SUMMARY ***
Total pot $2.50 | Rake $0 
Seat 1: imhungarian8 (button) collected ($2.50)
Seat 2: blistein (small blind) folded before Flop
Seat 3: Joe_Li7 (big blind) folded before Flop
Seat 4: 70peppino folded before Flop (didn't bet)
Seat 5: Dearic99 folded before Flop (didn't bet)
Seat 6: zeek9966 folded before Flop (didn't bet)



PokerStars Hand #254450783978:  Hold'em No Limit ($0.50/$1.00 USD) - 2025/01/19 17:34:16 WET [2025/01/19 12:34:16 ET]
Table 'Hamiltonia IV' 6-max Seat #2 is the button
Seat 1: imhungarian8 ($118.13 in chips) 
Seat 2: blistein ($100.01 in chips) 
Seat 3: Joe_Li7 ($135.68 in chips) 
Seat 4: 70peppino ($110.09 in chips) 
Seat 5: Dearic99 ($110.42 in chips) 
Seat 6: zeek9966 ($209.01 in chips) 
Joe_Li7: posts small blind $0.50
70peppino: posts big blind $1
*** HOLE CARDS ***
Dearic99: folds 
zeek9966: folds 
imhungarian8: raises $1.30 to $2.30
blistein: folds 
Joe_Li7: folds 
70peppino: folds 
Uncalled bet ($1.30) returned to imhungarian8
imhungarian8 collected $2.50 from pot
imhungarian8: doesn't show hand 
*** SUMMARY ***
Total pot $2.50 | Rake $0 
Seat 1: imhungarian8 collected ($2.50)
Seat 2: blistein (button) folded before Flop (didn't bet)
Seat 3: Joe_Li7 (small blind) folded before Flop
Seat 4: 70peppino (big blind) folded before Flop
Seat 5: Dearic99 folded before Flop (didn't bet)
Seat 6: zeek9966 folded before Flop (didn't bet)



PokerStars Hand #254450788652:  Hold'em No Limit ($0.50/$1.00 USD) - 2025/01/19 17:34:30 WET [2025/01/19 12:34:30 ET]
Table 'Hamiltonia IV' 6-max Seat #3 is the button
Seat 1: imhungarian8 ($119.63 in chips) 
Seat 2: blistein ($100.01 in chips) 
Seat 3: Joe_Li7 ($135.18 in chips) 
Seat 4: 70peppino ($109.09 in chips) 
Seat 5: Dearic99 ($110.42 in chips) 
Seat 6: zeek9966 ($209.01 in chips) 
70peppino: posts small blind $0.50
Dearic99: posts big blind $1
*** HOLE CARDS ***
zeek9966: folds 
imhungarian8: folds 
blistein: folds 
Joe_Li7: folds 
70peppino: folds 
Uncalled bet ($0.50) returned to Dearic99
Dearic99 collected $1 from pot
Dearic99: doesn't show hand 
*** SUMMARY ***
Total pot $1 | Rake $0 
Seat 1: imhungarian8 folded before Flop (didn't bet)
Seat 2: blistein folded before Flop (didn't bet)
Seat 3: Joe_Li7 (button) folded before Flop (didn't bet)
Seat 4: 70peppino (small blind) folded before Flop
Seat 5: Dearic99 (big blind) collected ($1)
Seat 6: zeek9966 folded before Flop (didn't bet)



PokerStars Hand #254450795283:  Hold'em No Limit ($0.50/$1.00 USD) - 2025/01/19 17:34:50 WET [2025/01/19 12:34:50 ET]
Table 'Hamiltonia IV' 6-max Seat #4 is the button
Seat 1: imhungarian8 ($119.63 in chips) 
Seat 2: blistein ($100.01 in chips) 
Seat 3: Joe_Li7 ($135.18 in chips) 
Seat 4: 70peppino ($108.59 in chips) 
Seat 5: Dearic99 ($110.92 in chips) 
Seat 6: zeek9966 ($209.01 in chips) 
Dearic99: posts small blind $0.50
zeek9966: posts big blind $1
*** HOLE CARDS ***
imhungarian8: folds 
blistein: folds 
Joe_Li7: folds 
70peppino: raises $1.50 to $2.50
Dearic99: folds 
zeek9966: folds 
Uncalled bet ($1.50) returned to 70peppino
70peppino collected $2.50 from pot
70peppino: doesn't show hand 
*** SUMMARY ***
Total pot $2.50 | Rake $0 
Seat 1: imhungarian8 folded before Flop (didn't bet)
Seat 2: blistein folded before Flop (didn't bet)
Seat 3: Joe_Li7 folded before Flop (didn't bet)
Seat 4: 70peppino (button) collected ($2.50)
Seat 5: Dearic99 (small blind) folded before Flop
Seat 6: zeek9966 (big blind) folded before Flop



PokerStars Hand #254450802182:  Hold'em No Limit ($0.50/$1.00 USD) - 2025/01/19 17:35:10 WET [2025/01/19 12:35:10 ET]
Table 'Hamiltonia IV' 6-max Seat #5 is the button
Seat 1: imhungarian8 ($119.63 in chips) 
Seat 2: blistein ($100.01 in chips) 
Seat 3: Joe_Li7 ($135.18 in chips) 
Seat 4: 70peppino ($110.09 in chips) 
Seat 5: Dearic99 ($110.42 in chips) 
Seat 6: zeek9966 ($208.01 in chips) 
zeek9966: posts small blind $0.50
imhungarian8: posts big blind $1
*** HOLE CARDS ***
blistein: folds 
Joe_Li7: raises $1.20 to $2.20
70peppino: folds 
Dearic99: folds 
zeek9966: folds 
imhungarian8: calls $1.20
*** FLOP *** [2h 4h Kd]
imhungarian8: checks 
Joe_Li7: checks 
*** TURN *** [2h 4h Kd] [Th]
imhungarian8: checks 
Joe_Li7: bets $3.50
imhungarian8: folds 
Uncalled bet ($3.50) returned to Joe_Li7
Joe_Li7 collected $4.66 from pot
*** SUMMARY ***
Total pot $4.90 | Rake $0.24 
Board [2h 4h Kd Th]
Seat 1: imhungarian8 (big blind) folded on the Turn
Seat 2: blistein folded before Flop (didn't bet)
Seat 3: Joe_Li7 collected ($4.66)
Seat 4: 70peppino folded before Flop (didn't bet)
Seat 5: Dearic99 (button) folded before Flop (didn't bet)
Seat 6: zeek9966 (small blind) folded before Flop



PokerStars Hand #254450819064:  Hold'em No Limit ($0.50/$1.00 USD) - 2025/01/19 17:35:59 WET [2025/01/19 12:35:59 ET]
Table 'Hamiltonia IV' 6-max Seat #6 is the button
Seat 1: imhungarian8 ($117.43 in chips) 
Seat 2: blistein ($100.01 in chips) 
Seat 3: Joe_Li7 ($137.64 in chips) 
Seat 4: 70peppino ($110.09 in chips) 
Seat 5: Dearic99 ($110.42 in chips) 
Seat 6: zeek9966 ($207.51 in chips) 
imhungarian8: posts small blind $0.50
blistein: posts big blind $1
*** HOLE CARDS ***
Joe_Li7: folds 
70peppino: folds 
Dearic99: folds 
zeek9966: folds 
imhungarian8: raises $1.70 to $2.70
blistein: calls $1.70
*** FLOP *** [2d Ts 2s]
imhungarian8: bets $1.54
blistein: calls $1.54
*** TURN *** [2d Ts 2s] [3d]
imhungarian8: bets $6.05
blistein: folds 
Uncalled bet ($6.05) returned to imhungarian8
imhungarian8 collected $8.06 from pot
imhungarian8: doesn't show hand 
*** SUMMARY ***
Total pot $8.48 | Rake $0.42 
Board [2d Ts 2s 3d]
Seat 1: imhungarian8 (small blind) collected ($8.06)
Seat 2: blistein (big blind) folded on the Turn
Seat 3: Joe_Li7 folded before Flop (didn't bet)
Seat 4: 70peppino folded before Flop (didn't bet)
Seat 5: Dearic99 folded before Flop (didn't bet)
Seat 6: zeek9966 (button) folded before Flop (didn't bet)



PokerStars Hand #254450837555:  Hold'em No Limit ($0.50/$1.00 USD) - 2025/01/19 17:36:53 WET [2025/01/19 12:36:53 ET]
Table 'Hamiltonia IV' 6-max Seat #1 is the button
Seat 1: imhungarian8 ($121.25 in chips) 
Seat 2: blistein ($100 in chips) 
Seat 3: Joe_Li7 ($137.64 in chips) 
Seat 4: 70peppino ($110.09 in chips) 
Seat 5: Dearic99 ($110.42 in chips) 
Seat 6: zeek9966 ($207.51 in chips) 
blistein: posts small blind $0.50
Joe_Li7: posts big blind $1
*** HOLE CARDS ***
70peppino: raises $1.10 to $2.10
Dearic99: folds 
zeek9966: folds 
imhungarian8: raises $4.20 to $6.30
blistein: folds 
Joe_Li7: folds 
70peppino: calls $4.20
*** FLOP *** [Qc 8d 5c]
70peppino: checks 
imhungarian8: bets $4.02
70peppino: raises $13.98 to $18
imhungarian8: folds 
Uncalled bet ($13.98) returned to 70peppino
70peppino collected $21.03 from pot
70peppino: doesn't show hand 
*** SUMMARY ***
Total pot $22.14 | Rake $1.11 
Board [Qc 8d 5c]
Seat 1: imhungarian8 (button) folded on the Flop
Seat 2: blistein (small blind) folded before Flop
Seat 3: Joe_Li7 (big blind) folded before Flop
Seat 4: 70peppino collected ($21.03)
Seat 5: Dearic99 folded before Flop (didn't bet)
Seat 6: zeek9966 folded before Flop (didn't bet)



PokerStars Hand #254450853133:  Hold'em No Limit ($0.50/$1.00 USD) - 2025/01/19 17:37:39 WET [2025/01/19 12:37:39 ET]
Table 'Hamiltonia IV' 6-max Seat #2 is the button
Seat 1: imhungarian8 ($110.93 in chips) 
Seat 2: blistein ($100 in chips) 
Seat 3: Joe_Li7 ($136.64 in chips) 
Seat 4: 70peppino ($120.80 in chips) 
Seat 5: Dearic99 ($110.42 in chips) 
Seat 6: zeek9966 ($207.51 in chips) 
Joe_Li7: posts small blind $0.50
70peppino: posts big blind $1
*** HOLE CARDS ***
Dearic99: raises $1.50 to $2.50
zeek9966: folds 
imhungarian8: folds 
blistein: folds 
Joe_Li7: folds 
70peppino: folds 
Uncalled bet ($1.50) returned to Dearic99
Dearic99 collected $2.50 from pot
Dearic99: doesn't show hand 
*** SUMMARY ***
Total pot $2.50 | Rake $0 
Seat 1: imhungarian8 folded before Flop (didn't bet)
Seat 2: blistein (button) folded before Flop (didn't bet)
Seat 3: Joe_Li7 (small blind) folded before Flop
Seat 4: 70peppino (big blind) folded before Flop
Seat 5: Dearic99 collected ($2.50)
Seat 6: zeek9966 folded before Flop (didn't bet)



PokerStars Hand #254450860205:  Hold'em No Limit ($0.50/$1.00 USD) - 2025/01/19 17:38:01 WET [2025/01/19 12:38:01 ET]
Table 'Hamiltonia IV' 6-max Seat #3 is the button
Seat 1: imhungarian8 ($110.93 in chips) 
Seat 2: blistein ($100 in chips) 
Seat 3: Joe_Li7 ($136.14 in chips) 
Seat 4: 70peppino ($119.80 in chips) 
Seat 5: Dearic99 ($111.92 in chips) 
Seat 6: zeek9966 ($207.51 in chips) 
70peppino: posts small blind $0.50
Dearic99: posts big blind $1
*** HOLE CARDS ***
zeek9966: folds 
imhungarian8: folds 
blistein: folds 
Joe_Li7: folds 
70peppino: folds 
Uncalled bet ($0.50) returned to Dearic99
Dearic99 collected $1 from pot
Dearic99: doesn't show hand 
*** SUMMARY ***
Total pot $1 | Rake $0 
Seat 1: imhungarian8 folded before Flop (didn't bet)
Seat 2: blistein folded before Flop (didn't bet)
Seat 3: Joe_Li7 (button) folded before Flop (didn't bet)
Seat 4: 70peppino (small blind) folded before Flop
Seat 5: Dearic99 (big blind) collected ($1)
Seat 6: zeek9966 folded before Flop (didn't bet)



PokerStars Hand #254450863518:  Hold'em No Limit ($0.50/$1.00 USD) - 2025/01/19 17:38:10 WET [2025/01/19 12:38:10 ET]
Table 'Hamiltonia IV' 6-max Seat #4 is the button
Seat 1: imhungarian8 ($110.93 in chips) 
Seat 2: blistein ($100 in chips) 
Seat 3: Joe_Li7 ($136.14 in chips) 
Seat 4: 70peppino ($119.30 in chips) 
Seat 5: Dearic99 ($112.42 in chips) 
Seat 6: zeek9966 ($207.51 in chips) 
Dearic99: posts small blind $0.50
zeek9966: posts big blind $1
*** HOLE CARDS ***
imhungarian8: folds 
blistein: folds 
Joe_Li7: folds 
70peppino: raises $1.50 to $2.50
Dearic99: raises $8.50 to $11
zeek9966: folds 
70peppino: folds 
Uncalled bet ($8.50) returned to Dearic99
Dearic99 collected $6 from pot
Dearic99: doesn't show hand 
*** SUMMARY ***
Total pot $6 | Rake $0 
Seat 1: imhungarian8 folded before Flop (didn't bet)
Seat 2: blistein folded before Flop (didn't bet)
Seat 3: Joe_Li7 folded before Flop (didn't bet)
Seat 4: 70peppino (button) folded before Flop
Seat 5: Dearic99 (small blind) collected ($6)
Seat 6: zeek9966 (big blind) folded before Flop



PokerStars Hand #254450871368:  Hold'em No Limit ($0.50/$1.00 USD) - 2025/01/19 17:38:33 WET [2025/01/19 12:38:33 ET]
Table 'Hamiltonia IV' 6-max Seat #5 is the button
Seat 1: imhungarian8 ($110.93 in chips) 
Seat 2: blistein ($100 in chips) 
Seat 3: Joe_Li7 ($136.14 in chips) 
Seat 4: 70peppino ($116.80 in chips) 
Seat 5: Dearic99 ($115.92 in chips) 
Seat 6: zeek9966 ($206.51 in chips) 
zeek9966: posts small blind $0.50
imhungarian8: posts big blind $1
*** HOLE CARDS ***
blistein: raises $1.20 to $2.20
Joe_Li7: folds 
70peppino: folds 
Dearic99: folds 
zeek9966: folds 
imhungarian8: folds 
Uncalled bet ($1.20) returned to blistein
blistein collected $2.50 from pot
blistein: doesn't show hand 
*** SUMMARY ***
Total pot $2.50 | Rake $0 
Seat 1: imhungarian8 (big blind) folded before Flop
Seat 2: blistein collected ($2.50)
Seat 3: Joe_Li7 folded before Flop (didn't bet)
Seat 4: 70peppino folded before Flop (didn't bet)
Seat 5: Dearic99 (button) folded before Flop (didn't bet)
Seat 6: zeek9966 (small blind) folded before Flop



PokerStars Hand #254450876265:  Hold'em No Limit ($0.50/$1.00 USD) - 2025/01/19 17:38:48 WET [2025/01/19 12:38:48 ET]
Table 'Hamiltonia IV' 6-max Seat #6 is the button
Seat 1: imhungarian8 ($109.93 in chips) 
Seat 2: blistein ($101.50 in chips) 
Seat 3: Joe_Li7 ($136.14 in chips) 
Seat 4: 70peppino ($116.80 in chips) 
Seat 5: Dearic99 ($115.92 in chips) 
Seat 6: zeek9966 ($206.01 in chips) 
imhungarian8: posts small blind $0.50
blistein: posts big blind $1
*** HOLE CARDS ***
Joe_Li7: folds 
70peppino: raises $1.10 to $2.10
Dearic99: folds 
zeek9966: folds 
imhungarian8: folds 
blistein: folds 
Uncalled bet ($1.10) returned to 70peppino
70peppino collected $2.50 from pot
70peppino: doesn't show hand 
*** SUMMARY ***
Total pot $2.50 | Rake $0 
Seat 1: imhungarian8 (small blind) folded before Flop
Seat 2: blistein (big blind) folded before Flop
Seat 3: Joe_Li7 folded before Flop (didn't bet)
Seat 4: 70peppino collected ($2.50)
Seat 5: Dearic99 folded before Flop (didn't bet)
Seat 6: zeek9966 (button) folded before Flop (didn't bet)



PokerStars Hand #254450884792:  Hold'em No Limit ($0.50/$1.00 USD) - 2025/01/19 17:39:13 WET [2025/01/19 12:39:13 ET]
Table 'Hamiltonia IV' 6-max Seat #1 is the button
Seat 1: imhungarian8 ($109.43 in chips) 
Seat 2: blistein ($100.50 in chips) 
Seat 3: Joe_Li7 ($136.14 in chips) 
Seat 4: 70peppino ($118.30 in chips) 
Seat 5: Dearic99 ($115.92 in chips) 
Seat 6: zeek9966 ($206.01 in chips) 
blistein: posts small blind $0.50
Joe_Li7: posts big blind $1
*** HOLE CARDS ***
70peppino: folds 
Dearic99: folds 
zeek9966: raises $2 to $3
imhungarian8: folds 
blistein: folds 
Joe_Li7: folds 
Uncalled bet ($2) returned to zeek9966
zeek9966 collected $2.50 from pot
*** SUMMARY ***
Total pot $2.50 | Rake $0 
Seat 1: imhungarian8 (button) folded before Flop (didn't bet)
Seat 2: blistein (small blind) folded before Flop
Seat 3: Joe_Li7 (big blind) folded before Flop
Seat 4: 70peppino folded before Flop (didn't bet)
Seat 5: Dearic99 folded before Flop (didn't bet)
Seat 6: zeek9966 collected ($2.50)



PokerStars Hand #254450890215:  Hold'em No Limit ($0.50/$1.00 USD) - 2025/01/19 17:39:29 WET [2025/01/19 12:39:29 ET]
Table 'Hamiltonia IV' 6-max Seat #2 is the button
Seat 1: imhungarian8 ($109.43 in chips) 
Seat 2: blistein ($100 in chips) 
Seat 3: Joe_Li7 ($135.14 in chips) 
Seat 4: 70peppino ($118.30 in chips) 
Seat 5: Dearic99 ($115.92 in chips) 
Seat 6: zeek9966 ($207.51 in chips) 
Joe_Li7: posts small blind $0.50
70peppino: posts big blind $1
*** HOLE CARDS ***
Dearic99: folds 
zeek9966: folds 
imhungarian8: folds 
blistein: folds 
Joe_Li7: raises $2 to $3
70peppino: raises $7 to $10
Joe_Li7: calls $7
*** FLOP *** [Ks 9d Qc]
Joe_Li7: checks 
70peppino: bets $6.08
Joe_Li7: calls $6.08
*** TURN *** [Ks 9d Qc] [5c]
Joe_Li7: checks 
70peppino: bets $21.52
Joe_Li7: raises $97.54 to $119.06 and is all-in
70peppino: folds 
Uncalled bet ($97.54) returned to Joe_Li7
Joe_Li7 collected $72.70 from pot
*** SUMMARY ***
Total pot $75.20 | Rake $2.50 
Board [Ks 9d Qc 5c]
Seat 1: imhungarian8 folded before Flop (didn't bet)
Seat 2: blistein (button) folded before Flop (didn't bet)
Seat 3: Joe_Li7 (small blind) collected ($72.70)
Seat 4: 70peppino (big blind) folded on the Turn
Seat 5: Dearic99 folded before Flop (didn't bet)
Seat 6: zeek9966 folded before Flop (didn't bet)



PokerStars Hand #254451444381:  Hold'em No Limit ($0.50/$1.00 USD) - 2025/01/19 17:42:09 WET [2025/01/19 12:42:09 ET]
Table 'Hamiltonia IV' 6-max Seat #3 is the button
Seat 1: imhungarian8 ($109.43 in chips) is sitting out
Seat 2: blistein ($100 in chips) 
Seat 3: Joe_Li7 ($170.24 in chips) 
Seat 4: 70peppino ($100 in chips) 
Seat 5: Dearic99 ($115.92 in chips) 
Seat 6: zeek9966 ($207.51 in chips) 
70peppino: posts small blind $0.50
Dearic99: posts big blind $1
*** HOLE CARDS ***
zeek9966: folds 
blistein: folds 
Joe_Li7: folds 
70peppino: folds 
Uncalled bet ($0.50) returned to Dearic99
Dearic99 collected $1 from pot
Dearic99: doesn't show hand 
*** SUMMARY ***
Total pot $1 | Rake $0 
Seat 1: imhungarian8
Seat 2: blistein folded before Flop (didn't bet)
Seat 3: Joe_Li7 (button) folded before Flop (didn't bet)
Seat 4: 70peppino (small blind) folded before Flop
Seat 5: Dearic99 (big blind) collected ($1)
Seat 6: zeek9966 folded before Flop (didn't bet)



PokerStars Hand #254451447508:  Hold'em No Limit ($0.50/$1.00 USD) - 2025/01/19 17:42:18 WET [2025/01/19 12:42:18 ET]
Table 'Hamiltonia IV' 6-max Seat #4 is the button
Seat 1: imhungarian8 ($109.43 in chips) 
Seat 2: blistein ($100 in chips) 
Seat 3: Joe_Li7 ($170.24 in chips) 
Seat 4: 70peppino ($100 in chips) 
Seat 5: Dearic99 ($116.42 in chips) 
Seat 6: zeek9966 ($207.51 in chips) 
Dearic99: posts small blind $0.50
zeek9966: posts big blind $1
*** HOLE CARDS ***
imhungarian8: raises $1 to $2
blistein: folds 
Joe_Li7: folds 
70peppino: folds 
Dearic99: folds 
zeek9966: calls $1
*** FLOP *** [As Kc 3d]
zeek9966: checks 
imhungarian8: bets $1.28
zeek9966: calls $1.28
*** TURN *** [As Kc 3d] [2c]
zeek9966: checks 
imhungarian8: bets $8.05
zeek9966: calls $8.05
*** RIVER *** [As Kc 3d 2c] [6c]
zeek9966: checks 
imhungarian8: checks 
*** SHOW DOWN ***
zeek9966: shows [Jc Ah] (a pair of Aces)
imhungarian8: mucks hand 
zeek9966 collected $22 from pot
*** SUMMARY ***
Total pot $23.16 | Rake $1.16 
Board [As Kc 3d 2c 6c]
Seat 1: imhungarian8 mucked
Seat 2: blistein folded before Flop (didn't bet)
Seat 3: Joe_Li7 folded before Flop (didn't bet)
Seat 4: 70peppino (button) folded before Flop (didn't bet)
Seat 5: Dearic99 (small blind) folded before Flop
Seat 6: zeek9966 (big blind) showed [Jc Ah] and won ($22) with a pair of Aces



PokerStars Hand #254451460980:  Hold'em No Limit ($0.50/$1.00 USD) - 2025/01/19 17:42:58 WET [2025/01/19 12:42:58 ET]
Table 'Hamiltonia IV' 6-max Seat #5 is the button
Seat 1: imhungarian8 ($100 in chips) 
Seat 2: blistein ($100 in chips) 
Seat 3: Joe_Li7 ($170.24 in chips) 
Seat 4: 70peppino ($100 in chips) 
Seat 5: Dearic99 ($115.92 in chips) 
Seat 6: zeek9966 ($218.18 in chips) 
zeek9966: posts small blind $0.50
imhungarian8: posts big blind $1
*** HOLE CARDS ***
blistein: folds 
Joe_Li7: folds 
70peppino: folds 
Dearic99: raises $1 to $2
zeek9966: calls $1.50
imhungarian8: folds 
*** FLOP *** [Ah Th 9d]
zeek9966: checks 
Dearic99: bets $2.38
zeek9966: calls $2.38
*** TURN *** [Ah Th 9d] [7h]
zeek9966: checks 
Dearic99: bets $6
zeek9966: calls $6
*** RIVER *** [Ah Th 9d 7h] [9h]
zeek9966: checks 
Dearic99: bets $10.34
zeek9966: calls $10.34
*** SHOW DOWN ***
Dearic99: shows [Jd Qh] (a flush, Ace high)
zeek9966: shows [Kh Kc] (a flush, Ace high - King higher)
zeek9966 collected $40.32 from pot
*** SUMMARY ***
Total pot $42.44 | Rake $2.12 
Board [Ah Th 9d 7h 9h]
Seat 1: imhungarian8 (big blind) folded before Flop
Seat 2: blistein folded before Flop (didn't bet)
Seat 3: Joe_Li7 folded before Flop (didn't bet)
Seat 4: 70peppino folded before Flop (didn't bet)
Seat 5: Dearic99 (button) showed [Jd Qh] and lost with a flush, Ace high
Seat 6: zeek9966 (small blind) showed [Kh Kc] and won ($40.32) with a flush, Ace high



PokerStars Hand #254451476341:  Hold'em No Limit ($0.50/$1.00 USD) - 2025/01/19 17:43:43 WET [2025/01/19 12:43:43 ET]
Table 'Hamiltonia IV' 6-max Seat #6 is the button
Seat 1: imhungarian8 ($100 in chips) 
Seat 2: blistein ($100 in chips) 
Seat 3: Joe_Li7 ($170.24 in chips) 
Seat 4: 70peppino ($100 in chips) 
Seat 5: Dearic99 ($100 in chips) 
Seat 6: zeek9966 ($237.78 in chips) 
imhungarian8: posts small blind $0.50
blistein: posts big blind $1
*** HOLE CARDS ***
Joe_Li7: folds 
70peppino: folds 
Dearic99: folds 
zeek9966: calls $1
imhungarian8: raises $4 to $5
blistein: folds 
zeek9966: calls $4
*** FLOP *** [Qs Th Ks]
imhungarian8: bets $3.14
zeek9966: calls $3.14
*** TURN *** [Qs Th Ks] [Js]
imhungarian8: bets $4.93
zeek9966: calls $4.93
*** RIVER *** [Qs Th Ks Js] [Qd]
imhungarian8: checks 
zeek9966: checks 
*** SHOW DOWN ***
imhungarian8: shows [9d Td] (a straight, Nine to King)
zeek9966: shows [8h As] (a straight, Ten to Ace)
zeek9966 collected $25.78 from pot
*** SUMMARY ***
Total pot $27.14 | Rake $1.36 
Board [Qs Th Ks Js Qd]
Seat 1: imhungarian8 (small blind) showed [9d Td] and lost with a straight, Nine to King
Seat 2: blistein (big blind) folded before Flop
Seat 3: Joe_Li7 folded before Flop (didn't bet)
Seat 4: 70peppino folded before Flop (didn't bet)
Seat 5: Dearic99 folded before Flop (didn't bet)
Seat 6: zeek9966 (button) showed [8h As] and won ($25.78) with a straight, Ten to Ace



PokerStars Hand #254451493485:  Hold'em No Limit ($0.50/$1.00 USD) - 2025/01/19 17:44:34 WET [2025/01/19 12:44:34 ET]
Table 'Hamiltonia IV' 6-max Seat #1 is the button
Seat 1: imhungarian8 ($100 in chips) 
Seat 2: blistein ($100 in chips) 
Seat 3: Joe_Li7 ($170.24 in chips) 
Seat 4: 70peppino ($100 in chips) 
Seat 5: Dearic99 ($100 in chips) 
Seat 6: zeek9966 ($250.49 in chips) 
blistein: posts small blind $0.50
Joe_Li7: posts big blind $1
*** HOLE CARDS ***
70peppino: folds 
Dearic99: folds 
zeek9966: raises $2 to $3
imhungarian8: folds 
blistein: folds 
Joe_Li7: folds 
Uncalled bet ($2) returned to zeek9966
zeek9966 collected $2.50 from pot
*** SUMMARY ***
Total pot $2.50 | Rake $0 
Seat 1: imhungarian8 (button) folded before Flop (didn't bet)
Seat 2: blistein (small blind) folded before Flop
Seat 3: Joe_Li7 (big blind) folded before Flop
Seat 4: 70peppino folded before Flop (didn't bet)
Seat 5: Dearic99 folded before Flop (didn't bet)
Seat 6: zeek9966 collected ($2.50)



PokerStars Hand #254451498497:  Hold'em No Limit ($0.50/$1.00 USD) - 2025/01/19 17:44:49 WET [2025/01/19 12:44:49 ET]
Table 'Hamiltonia IV' 6-max Seat #2 is the button
Seat 1: imhungarian8 ($100 in chips) 
Seat 2: blistein ($100 in chips) 
Seat 3: Joe_Li7 ($169.24 in chips) 
Seat 4: 70peppino ($100 in chips) 
Seat 5: Dearic99 ($100 in chips) 
Seat 6: zeek9966 ($251.99 in chips) 
Joe_Li7: posts small blind $0.50
70peppino: posts big blind $1
*** HOLE CARDS ***
Dearic99: folds 
zeek9966: folds 
imhungarian8: folds 
blistein: raises $1.50 to $2.50
Joe_Li7: raises $8 to $10.50
70peppino: folds 
blistein: folds 
Uncalled bet ($8) returned to Joe_Li7
Joe_Li7 collected $6 from pot
*** SUMMARY ***
Total pot $6 | Rake $0 
Seat 1: imhungarian8 folded before Flop (didn't bet)
Seat 2: blistein (button) folded before Flop
Seat 3: Joe_Li7 (small blind) collected ($6)
Seat 4: 70peppino (big blind) folded before Flop
Seat 5: Dearic99 folded before Flop (didn't bet)
Seat 6: zeek9966 folded before Flop (didn't bet)



PokerStars Hand #254451507407:  Hold'em No Limit ($0.50/$1.00 USD) - 2025/01/19 17:45:15 WET [2025/01/19 12:45:15 ET]
Table 'Hamiltonia IV' 6-max Seat #3 is the button
Seat 1: imhungarian8 ($100 in chips) 
Seat 2: blistein ($100 in chips) 
Seat 3: Joe_Li7 ($172.74 in chips) 
Seat 4: 70peppino ($100 in chips) 
Seat 5: Dearic99 ($100 in chips) 
Seat 6: zeek9966 ($251.99 in chips) 
70peppino: posts small blind $0.50
Dearic99: posts big blind $1
*** HOLE CARDS ***
zeek9966: folds 
imhungarian8: folds 
blistein: raises $1.30 to $2.30
Joe_Li7: folds 
70peppino: folds 
Dearic99: folds 
Uncalled bet ($1.30) returned to blistein
blistein collected $2.50 from pot
blistein: doesn't show hand 
*** SUMMARY ***
Total pot $2.50 | Rake $0 
Seat 1: imhungarian8 folded before Flop (didn't bet)
Seat 2: blistein collected ($2.50)
Seat 3: Joe_Li7 (button) folded before Flop (didn't bet)
Seat 4: 70peppino (small blind) folded before Flop
Seat 5: Dearic99 (big blind) folded before Flop
Seat 6: zeek9966 folded before Flop (didn't bet)



PokerStars Hand #254451513351:  Hold'em No Limit ($0.50/$1.00 USD) - 2025/01/19 17:45:33 WET [2025/01/19 12:45:33 ET]
Table 'Hamiltonia IV' 6-max Seat #4 is the button
Seat 1: imhungarian8 ($100 in chips) 
Seat 2: blistein ($101.50 in chips) 
Seat 3: Joe_Li7 ($172.74 in chips) 
Seat 4: 70peppino ($100 in chips) 
Seat 5: Dearic99 ($100 in chips) 
Seat 6: zeek9966 ($251.99 in chips) 
Dearic99: posts small blind $0.50
zeek9966: posts big blind $1
*** HOLE CARDS ***
imhungarian8: raises $1 to $2
blistein: folds 
Joe_Li7: folds 
70peppino: folds 
Dearic99: folds 
zeek9966: calls $1
*** FLOP *** [4c 8s 7s]
zeek9966: bets $1
imhungarian8: folds 
Uncalled bet ($1) returned to zeek9966
zeek9966 collected $4.28 from pot
*** SUMMARY ***
Total pot $4.50 | Rake $0.22 
Board [4c 8s 7s]
Seat 1: imhungarian8 folded on the Flop
Seat 2: blistein folded before Flop (didn't bet)
Seat 3: Joe_Li7 folded before Flop (didn't bet)
Seat 4: 70peppino (button) folded before Flop (didn't bet)
Seat 5: Dearic99 (small blind) folded before Flop
Seat 6: zeek9966 (big blind) collected ($4.28)



PokerStars Hand #254451521044:  Hold'em No Limit ($0.50/$1.00 USD) - 2025/01/19 17:45:55 WET [2025/01/19 12:45:55 ET]
Table 'Hamiltonia IV' 6-max Seat #5 is the button
Seat 1: imhungarian8 ($100 in chips) 
Seat 2: blistein ($101.50 in chips) 
Seat 3: Joe_Li7 ($172.74 in chips) 
Seat 4: 70peppino ($100 in chips) 
Seat 5: Dearic99 ($100 in chips) 
Seat 6: zeek9966 ($254.27 in chips) 
zeek9966: posts small blind $0.50
imhungarian8: posts big blind $1
*** HOLE CARDS ***
blistein: folds 
Joe_Li7: raises $1.20 to $2.20
70peppino: folds 
Dearic99: folds 
zeek9966: calls $1.70
imhungarian8: raises $11.80 to $14
Joe_Li7: raises $13 to $27
zeek9966: folds 
imhungarian8: raises $73 to $100 and is all-in
Joe_Li7: calls $73
*** FLOP *** [9d 7s 4h]
*** TURN *** [9d 7s 4h] [Kc]
*** RIVER *** [9d 7s 4h Kc] [Js]
*** SHOW DOWN ***
imhungarian8: shows [Kh Ah] (a pair of Kings)
Joe_Li7: shows [Ks Ad] (a pair of Kings)
imhungarian8 collected $99.85 from pot
Joe_Li7 collected $99.85 from pot
*** SUMMARY ***
Total pot $202.20 | Rake $2.50 
Board [9d 7s 4h Kc Js]
Seat 1: imhungarian8 (big blind) showed [Kh Ah] and won ($99.85) with a pair of Kings
Seat 2: blistein folded before Flop (didn't bet)
Seat 3: Joe_Li7 showed [Ks Ad] and won ($99.85) with a pair of Kings
Seat 4: 70peppino folded before Flop (didn't bet)
Seat 5: Dearic99 (button) folded before Flop (didn't bet)
Seat 6: zeek9966 (small blind) folded before Flop



PokerStars Hand #254451539755:  Hold'em No Limit ($0.50/$1.00 USD) - 2025/01/19 17:46:51 WET [2025/01/19 12:46:51 ET]
Table 'Hamiltonia IV' 6-max Seat #6 is the button
Seat 1: imhungarian8 ($100 in chips) 
Seat 2: blistein ($101.50 in chips) 
Seat 3: Joe_Li7 ($172.59 in chips) 
Seat 4: 70peppino ($100 in chips) 
Seat 5: Dearic99 ($100 in chips) 
Seat 6: zeek9966 ($252.07 in chips) 
imhungarian8: posts small blind $0.50
blistein: posts big blind $1
*** HOLE CARDS ***
Joe_Li7: folds 
70peppino: folds 
Dearic99: folds 
zeek9966: folds 
imhungarian8: folds 
Uncalled bet ($0.50) returned to blistein
blistein collected $1 from pot
blistein: doesn't show hand 
*** SUMMARY ***
Total pot $1 | Rake $0 
Seat 1: imhungarian8 (small blind) folded before Flop
Seat 2: blistein (big blind) collected ($1)
Seat 3: Joe_Li7 folded before Flop (didn't bet)
Seat 4: 70peppino folded before Flop (didn't bet)
Seat 5: Dearic99 folded before Flop (didn't bet)
Seat 6: zeek9966 (button) folded before Flop (didn't bet)



PokerStars Hand #254451545423:  Hold'em No Limit ($0.50/$1.00 USD) - 2025/01/19 17:47:07 WET [2025/01/19 12:47:07 ET]
Table 'Hamiltonia IV' 6-max Seat #1 is the button
Seat 1: imhungarian8 ($100 in chips) 
Seat 2: blistein ($102 in chips) 
Seat 3: Joe_Li7 ($172.59 in chips) 
Seat 4: 70peppino ($100 in chips) 
Seat 5: Dearic99 ($100 in chips) 
Seat 6: zeek9966 ($252.07 in chips) 
blistein: posts small blind $0.50
Joe_Li7: posts big blind $1
*** HOLE CARDS ***
70peppino: folds 
Dearic99: raises $1.50 to $2.50
zeek9966: folds 
imhungarian8: folds 
blistein: folds 
Joe_Li7: folds 
Uncalled bet ($1.50) returned to Dearic99
Dearic99 collected $2.50 from pot
Dearic99: doesn't show hand 
*** SUMMARY ***
Total pot $2.50 | Rake $0 
Seat 1: imhungarian8 (button) folded before Flop (didn't bet)
Seat 2: blistein (small blind) folded before Flop
Seat 3: Joe_Li7 (big blind) folded before Flop
Seat 4: 70peppino folded before Flop (didn't bet)
Seat 5: Dearic99 collected ($2.50)
Seat 6: zeek9966 folded before Flop (didn't bet)



PokerStars Hand #254451550947:  Hold'em No Limit ($0.50/$1.00 USD) - 2025/01/19 17:47:24 WET [2025/01/19 12:47:24 ET]
Table 'Hamiltonia IV' 6-max Seat #2 is the button
Seat 1: imhungarian8 ($100 in chips) 
Seat 2: blistein ($101.50 in chips) 
Seat 3: Joe_Li7 ($171.59 in chips) 
Seat 4: 70peppino ($100 in chips) 
Seat 5: Dearic99 ($101.50 in chips) 
Seat 6: zeek9966 ($252.07 in chips) 
Joe_Li7: posts small blind $0.50
70peppino: posts big blind $1
*** HOLE CARDS ***
Dearic99: raises $1.50 to $2.50
zeek9966: folds 
imhungarian8: folds 
blistein: folds 
Joe_Li7: folds 
70peppino: calls $1.50
*** FLOP *** [Ac 6d 7c]
70peppino: checks 
Dearic99: checks 
*** TURN *** [Ac 6d 7c] [Ah]
70peppino: checks 
Dearic99: checks 
*** RIVER *** [Ac 6d 7c Ah] [Td]
70peppino: checks 
Dearic99: checks 
*** SHOW DOWN ***
70peppino: shows [2s 2d] (two pair, Aces and Deuces)
Dearic99: shows [5c 5s] (two pair, Aces and Fives)
Dearic99 collected $5.22 from pot
*** SUMMARY ***
Total pot $5.50 | Rake $0.28 
Board [Ac 6d 7c Ah Td]
Seat 1: imhungarian8 folded before Flop (didn't bet)
Seat 2: blistein (button) folded before Flop (didn't bet)
Seat 3: Joe_Li7 (small blind) folded before Flop
Seat 4: 70peppino (big blind) showed [2s 2d] and lost with two pair, Aces and Deuces
Seat 5: Dearic99 showed [5c 5s] and won ($5.22) with two pair, Aces and Fives
Seat 6: zeek9966 folded before Flop (didn't bet)



PokerStars Hand #254451572582:  Hold'em No Limit ($0.50/$1.00 USD) - 2025/01/19 17:48:27 WET [2025/01/19 12:48:27 ET]
Table 'Hamiltonia IV' 6-max Seat #3 is the button
Seat 1: imhungarian8 ($100 in chips) 
Seat 2: blistein ($101.50 in chips) 
Seat 3: Joe_Li7 ($171.09 in chips) 
Seat 4: 70peppino ($100 in chips) 
Seat 5: Dearic99 ($104.22 in chips) 
Seat 6: zeek9966 ($252.07 in chips) 
70peppino: posts small blind $0.50
Dearic99: posts big blind $1
*** HOLE CARDS ***
zeek9966: raises $2 to $3
imhungarian8: folds 
blistein: folds 
Joe_Li7: folds 
70peppino: folds 
Dearic99: folds 
Uncalled bet ($2) returned to zeek9966
zeek9966 collected $2.50 from pot
*** SUMMARY ***
Total pot $2.50 | Rake $0 
Seat 1: imhungarian8 folded before Flop (didn't bet)
Seat 2: blistein folded before Flop (didn't bet)
Seat 3: Joe_Li7 (button) folded before Flop (didn't bet)
Seat 4: 70peppino (small blind) folded before Flop
Seat 5: Dearic99 (big blind) folded before Flop
Seat 6: zeek9966 collected ($2.50)



PokerStars Hand #254451578038:  Hold'em No Limit ($0.50/$1.00 USD) - 2025/01/19 17:48:43 WET [2025/01/19 12:48:43 ET]
Table 'Hamiltonia IV' 6-max Seat #4 is the button
Seat 1: imhungarian8 ($100 in chips) 
Seat 2: blistein ($101.50 in chips) 
Seat 3: Joe_Li7 ($171.09 in chips) 
Seat 4: 70peppino ($100 in chips) 
Seat 5: Dearic99 ($103.22 in chips) 
Seat 6: zeek9966 ($253.57 in chips) 
Dearic99: posts small blind $0.50
zeek9966: posts big blind $1
*** HOLE CARDS ***
imhungarian8: raises $1 to $2
blistein: folds 
Joe_Li7: folds 
70peppino: folds 
Dearic99: folds 
zeek9966: calls $1
*** FLOP *** [4s 3h 8d]
zeek9966: checks 
imhungarian8: bets $1.28
zeek9966: calls $1.28
*** TURN *** [4s 3h 8d] [3s]
zeek9966: checks 
imhungarian8: checks 
*** RIVER *** [4s 3h 8d 3s] [6d]
zeek9966: bets $4.50
imhungarian8: calls $4.50
*** SHOW DOWN ***
zeek9966: shows [Ac Tc] (a pair of Threes)
imhungarian8: shows [7h 7d] (two pair, Sevens and Threes)
imhungarian8 collected $15.26 from pot
*** SUMMARY ***
Total pot $16.06 | Rake $0.80 
Board [4s 3h 8d 3s 6d]
Seat 1: imhungarian8 showed [7h 7d] and won ($15.26) with two pair, Sevens and Threes
Seat 2: blistein folded before Flop (didn't bet)
Seat 3: Joe_Li7 folded before Flop (didn't bet)
Seat 4: 70peppino (button) folded before Flop (didn't bet)
Seat 5: Dearic99 (small blind) folded before Flop
Seat 6: zeek9966 (big blind) showed [Ac Tc] and lost with a pair of Threes



PokerStars Hand #254451593983:  Hold'em No Limit ($0.50/$1.00 USD) - 2025/01/19 17:49:30 WET [2025/01/19 12:49:30 ET]
Table 'Hamiltonia IV' 6-max Seat #5 is the button
Seat 1: imhungarian8 ($107.48 in chips) 
Seat 2: blistein ($101.50 in chips) 
Seat 3: Joe_Li7 ($171.09 in chips) 
Seat 4: 70peppino ($100 in chips) 
Seat 5: Dearic99 ($102.72 in chips) 
Seat 6: zeek9966 ($245.79 in chips) 
zeek9966: posts small blind $0.50
imhungarian8: posts big blind $1
*** HOLE CARDS ***
blistein: folds 
Joe_Li7: raises $1.20 to $2.20
70peppino: folds 
Dearic99: folds 
zeek9966: calls $1.70
imhungarian8: folds 
*** FLOP *** [3d Qd Jd]
zeek9966: checks 
Joe_Li7: bets $1.69
zeek9966: calls $1.69
*** TURN *** [3d Qd Jd] [Ks]
zeek9966: checks 
Joe_Li7: bets $6.26
zeek9966: folds 
Uncalled bet ($6.26) returned to Joe_Li7
Joe_Li7 collected $8.34 from pot
*** SUMMARY ***
Total pot $8.78 | Rake $0.44 
Board [3d Qd Jd Ks]
Seat 1: imhungarian8 (big blind) folded before Flop
Seat 2: blistein folded before Flop (didn't bet)
Seat 3: Joe_Li7 collected ($8.34)
Seat 4: 70peppino folded before Flop (didn't bet)
Seat 5: Dearic99 (button) folded before Flop (didn't bet)
Seat 6: zeek9966 (small blind) folded on the Turn



PokerStars Hand #254451608830:  Hold'em No Limit ($0.50/$1.00 USD) - 2025/01/19 17:50:14 WET [2025/01/19 12:50:14 ET]
Table 'Hamiltonia IV' 6-max Seat #6 is the button
Seat 1: imhungarian8 ($106.48 in chips) 
Seat 2: blistein ($101.50 in chips) 
Seat 3: Joe_Li7 ($175.54 in chips) 
Seat 4: 70peppino ($100 in chips) 
Seat 5: Dearic99 ($102.72 in chips) 
Seat 6: zeek9966 ($241.90 in chips) 
imhungarian8: posts small blind $0.50
blistein: posts big blind $1
*** HOLE CARDS ***
Joe_Li7: raises $1.20 to $2.20
70peppino: folds 
Dearic99: folds 
zeek9966: folds 
imhungarian8: folds 
blistein: folds 
Uncalled bet ($1.20) returned to Joe_Li7
Joe_Li7 collected $2.50 from pot
*** SUMMARY ***
Total pot $2.50 | Rake $0 
Seat 1: imhungarian8 (small blind) folded before Flop
Seat 2: blistein (big blind) folded before Flop
Seat 3: Joe_Li7 collected ($2.50)
Seat 4: 70peppino folded before Flop (didn't bet)
Seat 5: Dearic99 folded before Flop (didn't bet)
Seat 6: zeek9966 (button) folded before Flop (didn't bet)



PokerStars Hand #254451620254:  Hold'em No Limit ($0.50/$1.00 USD) - 2025/01/19 17:50:48 WET [2025/01/19 12:50:48 ET]
Table 'Hamiltonia IV' 6-max Seat #1 is the button
Seat 1: imhungarian8 ($105.98 in chips) 
Seat 2: blistein ($100.50 in chips) 
Seat 3: Joe_Li7 ($177.04 in chips) 
Seat 4: 70peppino ($100 in chips) 
Seat 5: Dearic99 ($102.72 in chips) 
Seat 6: zeek9966 ($241.90 in chips) 
blistein: posts small blind $0.50
Joe_Li7: posts big blind $1
*** HOLE CARDS ***
70peppino: folds 
Dearic99: folds 
zeek9966: folds 
zeek9966 leaves the table
imhungarian8: folds 
blistein: folds 
Uncalled bet ($0.50) returned to Joe_Li7
Joe_Li7 collected $1 from pot
*** SUMMARY ***
Total pot $1 | Rake $0 
Seat 1: imhungarian8 (button) folded before Flop (didn't bet)
Seat 2: blistein (small blind) folded before Flop
Seat 3: Joe_Li7 (big blind) collected ($1)
Seat 4: 70peppino folded before Flop (didn't bet)
Seat 5: Dearic99 folded before Flop (didn't bet)
Seat 6: zeek9966 folded before Flop (didn't bet)



PokerStars Hand #254451624205:  Hold'em No Limit ($0.50/$1.00 USD) - 2025/01/19 17:51:00 WET [2025/01/19 12:51:00 ET]
Table 'Hamiltonia IV' 6-max Seat #2 is the button
Seat 1: imhungarian8 ($105.98 in chips) 
Seat 2: blistein ($100 in chips) 
Seat 3: Joe_Li7 ($177.54 in chips) 
Seat 4: 70peppino ($100 in chips) 
Seat 5: Dearic99 ($102.72 in chips) 
Joe_Li7: posts small blind $0.50
70peppino: posts big blind $1
*** HOLE CARDS ***
Dearic99: folds 
imhungarian8: raises $1.30 to $2.30
blistein: folds 
Joe_Li7: folds 
70peppino: folds 
Uncalled bet ($1.30) returned to imhungarian8
imhungarian8 collected $2.50 from pot
imhungarian8: doesn't show hand 
*** SUMMARY ***
Total pot $2.50 | Rake $0 
Seat 1: imhungarian8 collected ($2.50)
Seat 2: blistein (button) folded before Flop (didn't bet)
Seat 3: Joe_Li7 (small blind) folded before Flop
Seat 4: 70peppino (big blind) folded before Flop
Seat 5: Dearic99 folded before Flop (didn't bet)



PokerStars Hand #254451629425:  Hold'em No Limit ($0.50/$1.00 USD) - 2025/01/19 17:51:16 WET [2025/01/19 12:51:16 ET]
Table 'Hamiltonia IV' 6-max Seat #3 is the button
Seat 1: imhungarian8 ($107.48 in chips) 
Seat 2: blistein ($100 in chips) 
Seat 3: Joe_Li7 ($177.04 in chips) 
Seat 4: 70peppino ($100 in chips) 
Seat 5: Dearic99 ($102.72 in chips) 
70peppino: posts small blind $0.50
Dearic99: posts big blind $1
*** HOLE CARDS ***
imhungarian8: raises $1 to $2
blistein: raises $4.70 to $6.70
Joe_Li7: folds 
70peppino: folds 
Dearic99: folds 
imhungarian8: calls $4.70
*** FLOP *** [7d 2s Jd]
imhungarian8: checks 
blistein: bets $4.81
imhungarian8: raises $8.32 to $13.13
blistein: folds 
Uncalled bet ($8.32) returned to imhungarian8
imhungarian8 collected $23.29 from pot
imhungarian8: doesn't show hand 
*** SUMMARY ***
Total pot $24.52 | Rake $1.23 
Board [7d 2s Jd]
Seat 1: imhungarian8 collected ($23.29)
Seat 2: blistein folded on the Flop
Seat 3: Joe_Li7 (button) folded before Flop (didn't bet)
Seat 4: 70peppino (small blind) folded before Flop
Seat 5: Dearic99 (big blind) folded before Flop



PokerStars Hand #254451651090:  Hold'em No Limit ($0.50/$1.00 USD) - 2025/01/19 17:52:20 WET [2025/01/19 12:52:20 ET]
Table 'Hamiltonia IV' 6-max Seat #4 is the button
Seat 1: imhungarian8 ($119.26 in chips) is sitting out
Seat 2: blistein ($100 in chips) is sitting out
Seat 3: Joe_Li7 ($177.04 in chips) 
Seat 4: 70peppino ($100 in chips) 
Seat 5: Dearic99 ($101.72 in chips) 
Dearic99: posts small blind $0.50
imhungarian8: is sitting out 
blistein: is sitting out 
Joe_Li7: posts big blind $1
*** HOLE CARDS ***
imhungarian8 leaves the table
blistein leaves the table
70peppino: raises $1.50 to $2.50
Dearic99: raises $9 to $11.50
Joe_Li7: folds 
70peppino: folds 
Uncalled bet ($9) returned to Dearic99
Dearic99 collected $6 from pot
Dearic99: doesn't show hand 
*** SUMMARY ***
Total pot $6 | Rake $0 
Seat 1: imhungarian8
Seat 2: blistein
Seat 3: Joe_Li7 (big blind) folded before Flop
Seat 4: 70peppino (button) folded before Flop
Seat 5: Dearic99 (small blind) collected ($6)



PokerStars Hand #254451659960:  Hold'em No Limit ($0.50/$1.00 USD) - 2025/01/19 17:52:47 WET [2025/01/19 12:52:47 ET]
Table 'Hamiltonia IV' 6-max Seat #5 is the button
Seat 3: Joe_Li7 ($176.04 in chips) 
Seat 4: 70peppino ($100 in chips) 
Seat 5: Dearic99 ($105.22 in chips) 
Joe_Li7: posts small blind $0.50
70peppino: posts big blind $1
*** HOLE CARDS ***
Dearic99: folds 
Joe_Li7: raises $2 to $3
70peppino: calls $2
*** FLOP *** [3d 4h 5c]
Joe_Li7: checks 
70peppino: checks 
*** TURN *** [3d 4h 5c] [Td]
Joe_Li7: bets $2.28
70peppino: calls $2.28
*** RIVER *** [3d 4h 5c Td] [Ks]
Joe_Li7: bets $7.50
70peppino: calls $7.50
*** SHOW DOWN ***
Joe_Li7: shows [8s Qs] (high card King)
70peppino: shows [7d Kd] (a pair of Kings)
70peppino collected $24.56 from pot
*** SUMMARY ***
Total pot $25.56 | Rake $1 
Board [3d 4h 5c Td Ks]
Seat 3: Joe_Li7 (small blind) showed [8s Qs] and lost with high card King
Seat 4: 70peppino (big blind) showed [7d Kd] and won ($24.56) with a pair of Kings
Seat 5: Dearic99 (button) folded before Flop (didn't bet)



