PokerStars Hand #254448717779:  Hold'em No Limit ($0.50/$1.00 USD) - 2025/01/19 16:06:06 WET [2025/01/19 11:06:06 ET]
Table 'Tololo III' 6-max Seat #1 is the button
Seat 4: sta$igk ($100 in chips) is sitting out
Seat 1: BoyLoc0 ($109.95 in chips) 
Seat 2: FelipeC129 ($61.58 in chips) 
Seat 3: blistein ($102 in chips) 
Seat 5: OrioNCOOL ($100 in chips) 
Seat 6: Alinyr ($100 in chips) 
FelipeC129: posts small blind $0.50
blistein: posts big blind $1
sta$igk: sits out 
*** HOLE CARDS ***
OrioNCOOL: raises $1.50 to $2.50
Alinyr: folds 
BoyLoc0: folds 
FelipeC129: calls $2
blistein: folds 
*** FLOP *** [Ad 5h 7s]
FelipeC129: checks 
OrioNCOOL: bets $2
FelipeC129: folds 
Uncalled bet ($2) returned to OrioNCOOL
OrioNCOOL collected $5.70 from pot
OrioNCOOL: doesn't show hand 
*** SUMMARY ***
Total pot $6 | Rake $0.30 
Board [Ad 5h 7s]
Seat 4: sta$igk
Seat 1: BoyLoc0 (button) folded before Flop (didn't bet)
Seat 2: FelipeC129 (small blind) folded on the Flop
Seat 3: blistein (big blind) folded before Flop
Seat 5: OrioNCOOL collected ($5.70)
Seat 6: Alinyr folded before Flop (didn't bet)



PokerStars Hand #254448724753:  Hold'em No Limit ($0.50/$1.00 USD) - 2025/01/19 16:06:32 WET [2025/01/19 11:06:32 ET]
Table 'Tololo III' 6-max Seat #2 is the button
Seat 1: BoyLoc0 ($109.95 in chips) 
Seat 2: FelipeC129 ($59.08 in chips) 
Seat 3: blistein ($101 in chips) 
Seat 4: sta$igk ($100 in chips) 
Seat 5: OrioNCOOL ($103.20 in chips) 
Seat 6: Alinyr ($100 in chips) 
blistein: posts small blind $0.50
sta$igk: posts big blind $1
*** HOLE CARDS ***
OrioNCOOL: folds 
Alinyr: folds 
BoyLoc0: raises $1.50 to $2.50
FelipeC129: calls $2.50
blistein: folds 
sta$igk: folds 
*** FLOP *** [3c 2c As]
BoyLoc0: bets $2.04
FelipeC129: calls $2.04
*** TURN *** [3c 2c As] [9s]
BoyLoc0: bets $7.54
FelipeC129: raises $9.46 to $17
BoyLoc0: calls $9.46
*** RIVER *** [3c 2c As 9s] [2h]
BoyLoc0: checks 
FelipeC129: bets $37.54 and is all-in
BoyLoc0: folds 
Uncalled bet ($37.54) returned to FelipeC129
FelipeC129 collected $42.35 from pot
FelipeC129: doesn't show hand 
*** SUMMARY ***
Total pot $44.58 | Rake $2.23 
Board [3c 2c As 9s 2h]
Seat 1: BoyLoc0 folded on the River
Seat 2: FelipeC129 (button) collected ($42.35)
Seat 3: blistein (small blind) folded before Flop
Seat 4: sta$igk (big blind) folded before Flop
Seat 5: OrioNCOOL folded before Flop (didn't bet)
Seat 6: Alinyr folded before Flop (didn't bet)



PokerStars Hand #254448741080:  Hold'em No Limit ($0.50/$1.00 USD) - 2025/01/19 16:07:31 WET [2025/01/19 11:07:31 ET]
Table 'Tololo III' 6-max Seat #3 is the button
Seat 1: BoyLoc0 ($100 in chips) 
Seat 2: FelipeC129 ($79.89 in chips) 
Seat 3: blistein ($100.50 in chips) 
Seat 4: sta$igk ($100 in chips) 
Seat 5: OrioNCOOL ($103.20 in chips) 
Seat 6: Alinyr ($100 in chips) 
sta$igk: posts small blind $0.50
OrioNCOOL: posts big blind $1
*** HOLE CARDS ***
Alinyr: raises $1.05 to $2.05
BoyLoc0: folds 
FelipeC129: folds 
blistein: folds 
sta$igk: folds 
OrioNCOOL: folds 
Uncalled bet ($1.05) returned to Alinyr
Alinyr collected $2.50 from pot
Alinyr: doesn't show hand 
*** SUMMARY ***
Total pot $2.50 | Rake $0 
Seat 1: BoyLoc0 folded before Flop (didn't bet)
Seat 2: FelipeC129 folded before Flop (didn't bet)
Seat 3: blistein (button) folded before Flop (didn't bet)
Seat 4: sta$igk (small blind) folded before Flop
Seat 5: OrioNCOOL (big blind) folded before Flop
Seat 6: Alinyr collected ($2.50)



PokerStars Hand #254448745401:  Hold'em No Limit ($0.50/$1.00 USD) - 2025/01/19 16:07:46 WET [2025/01/19 11:07:46 ET]
Table 'Tololo III' 6-max Seat #4 is the button
Seat 1: BoyLoc0 ($100 in chips) 
Seat 2: FelipeC129 ($79.89 in chips) 
Seat 3: blistein ($100.50 in chips) 
Seat 4: sta$igk ($100 in chips) 
Seat 5: OrioNCOOL ($102.20 in chips) 
Seat 6: Alinyr ($101.50 in chips) 
OrioNCOOL: posts small blind $0.50
Alinyr: posts big blind $1
*** HOLE CARDS ***
BoyLoc0: raises $1.50 to $2.50
FelipeC129: folds 
blistein: raises $4.50 to $7
sta$igk: folds 
OrioNCOOL: folds 
Alinyr: folds 
BoyLoc0: folds 
Uncalled bet ($4.50) returned to blistein
blistein collected $6.50 from pot
blistein: doesn't show hand 
*** SUMMARY ***
Total pot $6.50 | Rake $0 
Seat 1: BoyLoc0 folded before Flop
Seat 2: FelipeC129 folded before Flop (didn't bet)
Seat 3: blistein collected ($6.50)
Seat 4: sta$igk (button) folded before Flop (didn't bet)
Seat 5: OrioNCOOL (small blind) folded before Flop
Seat 6: Alinyr (big blind) folded before Flop



PokerStars Hand #254448753965:  Hold'em No Limit ($0.50/$1.00 USD) - 2025/01/19 16:08:17 WET [2025/01/19 11:08:17 ET]
Table 'Tololo III' 6-max Seat #5 is the button
Seat 1: BoyLoc0 ($100 in chips) 
Seat 2: FelipeC129 ($79.89 in chips) 
Seat 3: blistein ($104.50 in chips) 
Seat 4: sta$igk ($100 in chips) 
Seat 5: OrioNCOOL ($101.70 in chips) 
Seat 6: Alinyr ($100.50 in chips) 
Alinyr: posts small blind $0.50
BoyLoc0: posts big blind $1
*** HOLE CARDS ***
FelipeC129: folds 
blistein: folds 
sta$igk: raises $1.50 to $2.50
OrioNCOOL: raises $5.50 to $8
Alinyr: folds 
BoyLoc0: folds 
sta$igk: folds 
Uncalled bet ($5.50) returned to OrioNCOOL
OrioNCOOL collected $6.50 from pot
OrioNCOOL: doesn't show hand 
*** SUMMARY ***
Total pot $6.50 | Rake $0 
Seat 1: BoyLoc0 (big blind) folded before Flop
Seat 2: FelipeC129 folded before Flop (didn't bet)
Seat 3: blistein folded before Flop (didn't bet)
Seat 4: sta$igk folded before Flop
Seat 5: OrioNCOOL (button) collected ($6.50)
Seat 6: Alinyr (small blind) folded before Flop



PokerStars Hand #254448758930:  Hold'em No Limit ($0.50/$1.00 USD) - 2025/01/19 16:08:34 WET [2025/01/19 11:08:34 ET]
Table 'Tololo III' 6-max Seat #6 is the button
Seat 1: BoyLoc0 ($100 in chips) 
Seat 2: FelipeC129 ($79.89 in chips) 
Seat 3: blistein ($104.50 in chips) 
Seat 4: sta$igk ($100 in chips) 
Seat 5: OrioNCOOL ($105.70 in chips) 
Seat 6: Alinyr ($100 in chips) 
BoyLoc0: posts small blind $0.50
FelipeC129: posts big blind $1
*** HOLE CARDS ***
blistein: folds 
sta$igk: raises $1.50 to $2.50
OrioNCOOL: folds 
Alinyr: calls $2.50
BoyLoc0: folds 
FelipeC129: calls $1.50
*** FLOP *** [Jc 8s 4d]
FelipeC129: checks 
sta$igk: checks 
Alinyr: bets $2.51
FelipeC129: calls $2.51
sta$igk: folds 
*** TURN *** [Jc 8s 4d] [Kc]
FelipeC129: checks 
Alinyr: bets $12.49
FelipeC129: calls $12.49
*** RIVER *** [Jc 8s 4d Kc] [As]
FelipeC129: checks 
Alinyr: bets $82.50 and is all-in
FelipeC129: folds 
Uncalled bet ($82.50) returned to Alinyr
Alinyr collected $36.10 from pot
Alinyr: doesn't show hand 
*** SUMMARY ***
Total pot $38 | Rake $1.90 
Board [Jc 8s 4d Kc As]
Seat 1: BoyLoc0 (small blind) folded before Flop
Seat 2: FelipeC129 (big blind) folded on the River
Seat 3: blistein folded before Flop (didn't bet)
Seat 4: sta$igk folded on the Flop
Seat 5: OrioNCOOL folded before Flop (didn't bet)
Seat 6: Alinyr (button) collected ($36.10)



PokerStars Hand #254448791805:  Hold'em No Limit ($0.50/$1.00 USD) - 2025/01/19 16:10:32 WET [2025/01/19 11:10:32 ET]
Table 'Tololo III' 6-max Seat #1 is the button
Seat 1: BoyLoc0 ($100 in chips) 
Seat 2: FelipeC129 ($62.39 in chips) 
Seat 3: blistein ($104.50 in chips) 
Seat 4: sta$igk ($100 in chips) 
Seat 5: OrioNCOOL ($105.70 in chips) 
Seat 6: Alinyr ($118.60 in chips) 
FelipeC129: posts small blind $0.50
blistein: posts big blind $1
*** HOLE CARDS ***
sta$igk: folds 
OrioNCOOL: folds 
Alinyr: folds 
BoyLoc0: folds 
FelipeC129: raises $1 to $2
blistein: raises $5 to $7
FelipeC129: calls $5
*** FLOP *** [5d Ah Jc]
FelipeC129: checks 
blistein: bets $4.52
FelipeC129: calls $4.52
*** TURN *** [5d Ah Jc] [4d]
FelipeC129: checks 
blistein: bets $14.67
FelipeC129: folds 
Uncalled bet ($14.67) returned to blistein
blistein collected $21.89 from pot
blistein: doesn't show hand 
*** SUMMARY ***
Total pot $23.04 | Rake $1.15 
Board [5d Ah Jc 4d]
Seat 1: BoyLoc0 (button) folded before Flop (didn't bet)
Seat 2: FelipeC129 (small blind) folded on the Turn
Seat 3: blistein (big blind) collected ($21.89)
Seat 4: sta$igk folded before Flop (didn't bet)
Seat 5: OrioNCOOL folded before Flop (didn't bet)
Seat 6: Alinyr folded before Flop (didn't bet)



PokerStars Hand #254448812049:  Hold'em No Limit ($0.50/$1.00 USD) - 2025/01/19 16:11:44 WET [2025/01/19 11:11:44 ET]
Table 'Tololo III' 6-max Seat #2 is the button
Seat 1: BoyLoc0 ($100 in chips) 
Seat 2: FelipeC129 ($50.87 in chips) 
Seat 3: blistein ($114.87 in chips) 
Seat 4: sta$igk ($100 in chips) 
Seat 5: OrioNCOOL ($105.70 in chips) 
Seat 6: Alinyr ($118.60 in chips) 
blistein: posts small blind $0.50
sta$igk: posts big blind $1
*** HOLE CARDS ***
OrioNCOOL: folds 
Alinyr: folds 
BoyLoc0: raises $1.50 to $2.50
FelipeC129: calls $2.50
blistein: folds 
sta$igk: folds 
*** FLOP *** [2s 5h 8c]
BoyLoc0: checks 
FelipeC129: bets $2
BoyLoc0: folds 
Uncalled bet ($2) returned to FelipeC129
FelipeC129 collected $6.18 from pot
FelipeC129: doesn't show hand 
*** SUMMARY ***
Total pot $6.50 | Rake $0.32 
Board [2s 5h 8c]
Seat 1: BoyLoc0 folded on the Flop
Seat 2: FelipeC129 (button) collected ($6.18)
Seat 3: blistein (small blind) folded before Flop
Seat 4: sta$igk (big blind) folded before Flop
Seat 5: OrioNCOOL folded before Flop (didn't bet)
Seat 6: Alinyr folded before Flop (didn't bet)



PokerStars Hand #254448818344:  Hold'em No Limit ($0.50/$1.00 USD) - 2025/01/19 16:12:06 WET [2025/01/19 11:12:06 ET]
Table 'Tololo III' 6-max Seat #3 is the button
Seat 1: BoyLoc0 ($100 in chips) 
Seat 2: FelipeC129 ($54.55 in chips) 
Seat 3: blistein ($114.37 in chips) 
Seat 4: sta$igk ($100 in chips) 
Seat 5: OrioNCOOL ($105.70 in chips) 
Seat 6: Alinyr ($118.60 in chips) 
sta$igk: posts small blind $0.50
OrioNCOOL: posts big blind $1
*** HOLE CARDS ***
Alinyr: folds 
BoyLoc0: folds 
FelipeC129: raises $1 to $2
blistein: folds 
sta$igk: folds 
OrioNCOOL: folds 
Uncalled bet ($1) returned to FelipeC129
FelipeC129 collected $2.50 from pot
FelipeC129: doesn't show hand 
*** SUMMARY ***
Total pot $2.50 | Rake $0 
Seat 1: BoyLoc0 folded before Flop (didn't bet)
Seat 2: FelipeC129 collected ($2.50)
Seat 3: blistein (button) folded before Flop (didn't bet)
Seat 4: sta$igk (small blind) folded before Flop
Seat 5: OrioNCOOL (big blind) folded before Flop
Seat 6: Alinyr folded before Flop (didn't bet)



PokerStars Hand #254448821832:  Hold'em No Limit ($0.50/$1.00 USD) - 2025/01/19 16:12:18 WET [2025/01/19 11:12:18 ET]
Table 'Tololo III' 6-max Seat #4 is the button
Seat 1: BoyLoc0 ($100 in chips) 
Seat 2: FelipeC129 ($56.05 in chips) 
Seat 3: blistein ($114.37 in chips) 
Seat 4: sta$igk ($100 in chips) 
Seat 5: OrioNCOOL ($104.70 in chips) 
Seat 6: Alinyr ($118.60 in chips) 
OrioNCOOL: posts small blind $0.50
Alinyr: posts big blind $1
*** HOLE CARDS ***
BoyLoc0: raises $1.50 to $2.50
FelipeC129: folds 
blistein: raises $4.50 to $7
sta$igk: folds 
OrioNCOOL: folds 
Alinyr: folds 
BoyLoc0: folds 
Uncalled bet ($4.50) returned to blistein
blistein collected $6.50 from pot
blistein: doesn't show hand 
*** SUMMARY ***
Total pot $6.50 | Rake $0 
Seat 1: BoyLoc0 folded before Flop
Seat 2: FelipeC129 folded before Flop (didn't bet)
Seat 3: blistein collected ($6.50)
Seat 4: sta$igk (button) folded before Flop (didn't bet)
Seat 5: OrioNCOOL (small blind) folded before Flop
Seat 6: Alinyr (big blind) folded before Flop



PokerStars Hand #254448826863:  Hold'em No Limit ($0.50/$1.00 USD) - 2025/01/19 16:12:36 WET [2025/01/19 11:12:36 ET]
Table 'Tololo III' 6-max Seat #5 is the button
Seat 1: BoyLoc0 ($100 in chips) 
Seat 2: FelipeC129 ($56.05 in chips) 
Seat 3: blistein ($118.37 in chips) 
Seat 4: sta$igk ($100 in chips) 
Seat 5: OrioNCOOL ($104.20 in chips) 
Seat 6: Alinyr ($117.60 in chips) 
Alinyr: posts small blind $0.50
BoyLoc0: posts big blind $1
*** HOLE CARDS ***
FelipeC129: raises $1 to $2
blistein: folds 
sta$igk: folds 
OrioNCOOL: folds 
Alinyr: folds 
BoyLoc0: calls $1
*** FLOP *** [Jh Ks 4c]
BoyLoc0: checks 
FelipeC129: bets $2
BoyLoc0: folds 
Uncalled bet ($2) returned to FelipeC129
FelipeC129 collected $4.28 from pot
FelipeC129: doesn't show hand 
*** SUMMARY ***
Total pot $4.50 | Rake $0.22 
Board [Jh Ks 4c]
Seat 1: BoyLoc0 (big blind) folded on the Flop
Seat 2: FelipeC129 collected ($4.28)
Seat 3: blistein folded before Flop (didn't bet)
Seat 4: sta$igk folded before Flop (didn't bet)
Seat 5: OrioNCOOL (button) folded before Flop (didn't bet)
Seat 6: Alinyr (small blind) folded before Flop



PokerStars Hand #254448833881:  Hold'em No Limit ($0.50/$1.00 USD) - 2025/01/19 16:13:00 WET [2025/01/19 11:13:00 ET]
Table 'Tololo III' 6-max Seat #6 is the button
Seat 1: BoyLoc0 ($100 in chips) 
Seat 2: FelipeC129 ($58.33 in chips) 
Seat 3: blistein ($118.37 in chips) 
Seat 4: sta$igk ($100 in chips) 
Seat 5: OrioNCOOL ($104.20 in chips) 
Seat 6: Alinyr ($117.10 in chips) 
BoyLoc0: posts small blind $0.50
FelipeC129: posts big blind $1
*** HOLE CARDS ***
blistein: folds 
sta$igk: folds 
OrioNCOOL: raises $1.50 to $2.50
Alinyr: folds 
BoyLoc0: folds 
FelipeC129: calls $1.50
*** FLOP *** [9d 8c 9s]
FelipeC129: checks 
OrioNCOOL: bets $2
FelipeC129: calls $2
*** TURN *** [9d 8c 9s] [4s]
FelipeC129: checks 
OrioNCOOL: checks 
*** RIVER *** [9d 8c 9s 4s] [Ts]
FelipeC129: bets $5
OrioNCOOL: folds 
Uncalled bet ($5) returned to FelipeC129
FelipeC129 collected $9.02 from pot
FelipeC129: doesn't show hand 
*** SUMMARY ***
Total pot $9.50 | Rake $0.48 
Board [9d 8c 9s 4s Ts]
Seat 1: BoyLoc0 (small blind) folded before Flop
Seat 2: FelipeC129 (big blind) collected ($9.02)
Seat 3: blistein folded before Flop (didn't bet)
Seat 4: sta$igk folded before Flop (didn't bet)
Seat 5: OrioNCOOL folded on the River
Seat 6: Alinyr (button) folded before Flop (didn't bet)



PokerStars Hand #254448848538:  Hold'em No Limit ($0.50/$1.00 USD) - 2025/01/19 16:13:52 WET [2025/01/19 11:13:52 ET]
Table 'Tololo III' 6-max Seat #1 is the button
Seat 1: BoyLoc0 ($100 in chips) 
Seat 2: FelipeC129 ($62.85 in chips) 
Seat 3: blistein ($118.37 in chips) 
Seat 4: sta$igk ($100 in chips) 
Seat 5: OrioNCOOL ($100 in chips) 
Seat 6: Alinyr ($117.10 in chips) 
FelipeC129: posts small blind $0.50
blistein: posts big blind $1
*** HOLE CARDS ***
sta$igk: folds 
OrioNCOOL: folds 
Alinyr: folds 
BoyLoc0: folds 
FelipeC129: raises $2 to $3
blistein: folds 
Uncalled bet ($2) returned to FelipeC129
FelipeC129 collected $2 from pot
FelipeC129: doesn't show hand 
*** SUMMARY ***
Total pot $2 | Rake $0 
Seat 1: BoyLoc0 (button) folded before Flop (didn't bet)
Seat 2: FelipeC129 (small blind) collected ($2)
Seat 3: blistein (big blind) folded before Flop
Seat 4: sta$igk folded before Flop (didn't bet)
Seat 5: OrioNCOOL folded before Flop (didn't bet)
Seat 6: Alinyr folded before Flop (didn't bet)



PokerStars Hand #254448853424:  Hold'em No Limit ($0.50/$1.00 USD) - 2025/01/19 16:14:09 WET [2025/01/19 11:14:09 ET]
Table 'Tololo III' 6-max Seat #2 is the button
Seat 1: BoyLoc0 ($100 in chips) 
Seat 2: FelipeC129 ($63.85 in chips) 
Seat 3: blistein ($117.37 in chips) 
Seat 4: sta$igk ($100 in chips) 
Seat 5: OrioNCOOL ($100 in chips) 
Seat 6: Alinyr ($117.10 in chips) 
blistein: posts small blind $0.50
sta$igk: posts big blind $1
*** HOLE CARDS ***
OrioNCOOL: folds 
Alinyr: raises $1.05 to $2.05
BoyLoc0: folds 
FelipeC129: calls $2.05
blistein: folds 
sta$igk: folds 
*** FLOP *** [7d 4c Th]
Alinyr: bets $1.76
FelipeC129: calls $1.76
*** TURN *** [7d 4c Th] [5h]
Alinyr: bets $4.42
FelipeC129: raises $5.58 to $10
Alinyr: calls $5.58
*** RIVER *** [7d 4c Th 5h] [Ad]
Alinyr: checks 
FelipeC129: checks 
*** SHOW DOWN ***
Alinyr: shows [8d Td] (a pair of Tens)
FelipeC129: mucks hand 
Alinyr collected $27.66 from pot
*** SUMMARY ***
Total pot $29.12 | Rake $1.46 
Board [7d 4c Th 5h Ad]
Seat 1: BoyLoc0 folded before Flop (didn't bet)
Seat 2: FelipeC129 (button) mucked
Seat 3: blistein (small blind) folded before Flop
Seat 4: sta$igk (big blind) folded before Flop
Seat 5: OrioNCOOL folded before Flop (didn't bet)
Seat 6: Alinyr showed [8d Td] and won ($27.66) with a pair of Tens



PokerStars Hand #254449372401:  Hold'em No Limit ($0.50/$1.00 USD) - 2025/01/19 16:15:15 WET [2025/01/19 11:15:15 ET]
Table 'Tololo III' 6-max Seat #3 is the button
Seat 1: BoyLoc0 ($100 in chips) 
Seat 2: FelipeC129 ($50.04 in chips) 
Seat 3: blistein ($116.87 in chips) 
Seat 4: sta$igk ($100 in chips) 
Seat 5: OrioNCOOL ($100 in chips) 
Seat 6: Alinyr ($130.95 in chips) 
sta$igk: posts small blind $0.50
OrioNCOOL: posts big blind $1
*** HOLE CARDS ***
Alinyr: raises $1.05 to $2.05
BoyLoc0: folds 
FelipeC129: folds 
blistein: folds 
sta$igk: folds 
OrioNCOOL: calls $1.05
*** FLOP *** [8s 2h 6s]
OrioNCOOL: checks 
Alinyr: checks 
*** TURN *** [8s 2h 6s] [5c]
OrioNCOOL: checks 
Alinyr: checks 
*** RIVER *** [8s 2h 6s 5c] [8c]
OrioNCOOL: checks 
Alinyr: checks 
*** SHOW DOWN ***
OrioNCOOL: shows [Kd Jc] (a pair of Eights)
Alinyr: shows [As Qh] (a pair of Eights - Ace kicker)
Alinyr collected $4.37 from pot
*** SUMMARY ***
Total pot $4.60 | Rake $0.23 
Board [8s 2h 6s 5c 8c]
Seat 1: BoyLoc0 folded before Flop (didn't bet)
Seat 2: FelipeC129 folded before Flop (didn't bet)
Seat 3: blistein (button) folded before Flop (didn't bet)
Seat 4: sta$igk (small blind) folded before Flop
Seat 5: OrioNCOOL (big blind) showed [Kd Jc] and lost with a pair of Eights
Seat 6: Alinyr showed [As Qh] and won ($4.37) with a pair of Eights



PokerStars Hand #254449387219:  Hold'em No Limit ($0.50/$1.00 USD) - 2025/01/19 16:16:07 WET [2025/01/19 11:16:07 ET]
Table 'Tololo III' 6-max Seat #4 is the button
Seat 1: BoyLoc0 ($100 in chips) 
Seat 2: FelipeC129 ($50.04 in chips) 
Seat 3: blistein ($116.87 in chips) 
Seat 4: sta$igk ($100 in chips) 
Seat 5: OrioNCOOL ($100 in chips) 
Seat 6: Alinyr ($133.27 in chips) 
OrioNCOOL: posts small blind $0.50
Alinyr: posts big blind $1
*** HOLE CARDS ***
BoyLoc0: folds 
FelipeC129: folds 
blistein: raises $1.30 to $2.30
sta$igk: folds 
OrioNCOOL: folds 
Alinyr: raises $10.70 to $13
blistein: folds 
Uncalled bet ($10.70) returned to Alinyr
Alinyr collected $5.10 from pot
Alinyr: doesn't show hand 
*** SUMMARY ***
Total pot $5.10 | Rake $0 
Seat 1: BoyLoc0 folded before Flop (didn't bet)
Seat 2: FelipeC129 folded before Flop (didn't bet)
Seat 3: blistein folded before Flop
Seat 4: sta$igk (button) folded before Flop (didn't bet)
Seat 5: OrioNCOOL (small blind) folded before Flop
Seat 6: Alinyr (big blind) collected ($5.10)



PokerStars Hand #254449401135:  Hold'em No Limit ($0.50/$1.00 USD) - 2025/01/19 16:16:56 WET [2025/01/19 11:16:56 ET]
Table 'Tololo III' 6-max Seat #5 is the button
Seat 1: BoyLoc0 ($100 in chips) 
Seat 2: FelipeC129 ($50.04 in chips) 
Seat 3: blistein ($114.57 in chips) 
Seat 4: sta$igk ($100 in chips) 
Seat 5: OrioNCOOL ($100 in chips) 
Seat 6: Alinyr ($136.07 in chips) 
Alinyr: posts small blind $0.50
BoyLoc0: posts big blind $1
*** HOLE CARDS ***
FelipeC129: raises $1 to $2
blistein: raises $4 to $6
sta$igk: folds 
OrioNCOOL: folds 
Alinyr: folds 
BoyLoc0: folds 
FelipeC129: folds 
Uncalled bet ($4) returned to blistein
blistein collected $5.50 from pot
blistein: doesn't show hand 
*** SUMMARY ***
Total pot $5.50 | Rake $0 
Seat 1: BoyLoc0 (big blind) folded before Flop
Seat 2: FelipeC129 folded before Flop
Seat 3: blistein collected ($5.50)
Seat 4: sta$igk folded before Flop (didn't bet)
Seat 5: OrioNCOOL (button) folded before Flop (didn't bet)
Seat 6: Alinyr (small blind) folded before Flop



PokerStars Hand #254449411334:  Hold'em No Limit ($0.50/$1.00 USD) - 2025/01/19 16:17:31 WET [2025/01/19 11:17:31 ET]
Table 'Tololo III' 6-max Seat #6 is the button
Seat 1: BoyLoc0 ($100 in chips) 
Seat 2: FelipeC129 ($48.04 in chips) 
Seat 3: blistein ($118.07 in chips) 
Seat 4: sta$igk ($100 in chips) 
Seat 5: OrioNCOOL ($100 in chips) 
Seat 6: Alinyr ($135.57 in chips) 
BoyLoc0: posts small blind $0.50
FelipeC129: posts big blind $1
*** HOLE CARDS ***
blistein: folds 
sta$igk: raises $1.50 to $2.50
OrioNCOOL: calls $2.50
Alinyr: raises $9.50 to $12
BoyLoc0: folds 
FelipeC129: folds 
sta$igk: folds 
OrioNCOOL: calls $9.50
*** FLOP *** [8s 5d Qs]
OrioNCOOL: checks 
Alinyr: bets $8.78
OrioNCOOL: calls $8.78
*** TURN *** [8s 5d Qs] [6s]
OrioNCOOL: bets $18.64
Alinyr: calls $18.64
*** RIVER *** [8s 5d Qs 6s] [9s]
OrioNCOOL: checks 
Alinyr: bets $96.15 and is all-in
OrioNCOOL: folds 
Uncalled bet ($96.15) returned to Alinyr
Alinyr collected $80.34 from pot
Alinyr: doesn't show hand 
*** SUMMARY ***
Total pot $82.84 | Rake $2.50 
Board [8s 5d Qs 6s 9s]
Seat 1: BoyLoc0 (small blind) folded before Flop
Seat 2: FelipeC129 (big blind) folded before Flop
Seat 3: blistein folded before Flop (didn't bet)
Seat 4: sta$igk folded before Flop
Seat 5: OrioNCOOL folded on the River
Seat 6: Alinyr (button) collected ($80.34)



PokerStars Hand #254449446234:  Hold'em No Limit ($0.50/$1.00 USD) - 2025/01/19 16:19:32 WET [2025/01/19 11:19:32 ET]
Table 'Tololo III' 6-max Seat #1 is the button
Seat 1: BoyLoc0 ($100 in chips) 
Seat 2: FelipeC129 ($47.04 in chips) 
Seat 3: blistein ($118.07 in chips) 
Seat 4: sta$igk ($100 in chips) 
Seat 5: OrioNCOOL ($100 in chips) 
Seat 6: Alinyr ($176.49 in chips) 
FelipeC129: posts small blind $0.50
blistein: posts big blind $1
*** HOLE CARDS ***
sta$igk: folds 
OrioNCOOL: folds 
Alinyr: folds 
BoyLoc0: raises $1.50 to $2.50
FelipeC129: calls $2
blistein: folds 
*** FLOP *** [3d 5s 4s]
FelipeC129: checks 
BoyLoc0: checks 
*** TURN *** [3d 5s 4s] [Jd]
FelipeC129: bets $3
BoyLoc0: folds 
Uncalled bet ($3) returned to FelipeC129
BoyLoc0 leaves the table
FelipeC129 collected $5.70 from pot
FelipeC129: doesn't show hand 
*** SUMMARY ***
Total pot $6 | Rake $0.30 
Board [3d 5s 4s Jd]
Seat 1: BoyLoc0 (button) folded on the Turn
Seat 2: FelipeC129 (small blind) collected ($5.70)
Seat 3: blistein (big blind) folded before Flop
Seat 4: sta$igk folded before Flop (didn't bet)
Seat 5: OrioNCOOL folded before Flop (didn't bet)
Seat 6: Alinyr folded before Flop (didn't bet)



PokerStars Hand #254449457771:  Hold'em No Limit ($0.50/$1.00 USD) - 2025/01/19 16:20:12 WET [2025/01/19 11:20:12 ET]
Table 'Tololo III' 6-max Seat #2 is the button
Seat 2: FelipeC129 ($50.24 in chips) 
Seat 3: blistein ($117.07 in chips) 
Seat 4: sta$igk ($100 in chips) 
Seat 5: OrioNCOOL ($100 in chips) 
Seat 6: Alinyr ($176.49 in chips) 
blistein: posts small blind $0.50
sta$igk: posts big blind $1
*** HOLE CARDS ***
OrioNCOOL: raises $1.50 to $2.50
Alinyr: folds 
FelipeC129: folds 
blistein: folds 
sta$igk: calls $1.50
*** FLOP *** [Jd 8d Js]
sta$igk: checks 
OrioNCOOL: checks 
*** TURN *** [Jd 8d Js] [Jc]
sta$igk: checks 
OrioNCOOL: bets $3
sta$igk: folds 
Uncalled bet ($3) returned to OrioNCOOL
OrioNCOOL collected $5.22 from pot
OrioNCOOL: doesn't show hand 
*** SUMMARY ***
Total pot $5.50 | Rake $0.28 
Board [Jd 8d Js Jc]
Seat 2: FelipeC129 (button) folded before Flop (didn't bet)
Seat 3: blistein (small blind) folded before Flop
Seat 4: sta$igk (big blind) folded on the Turn
Seat 5: OrioNCOOL collected ($5.22)
Seat 6: Alinyr folded before Flop (didn't bet)



PokerStars Hand #254449472703:  Hold'em No Limit ($0.50/$1.00 USD) - 2025/01/19 16:21:04 WET [2025/01/19 11:21:04 ET]
Table 'Tololo III' 6-max Seat #3 is the button
Seat 2: FelipeC129 ($50.24 in chips) 
Seat 3: blistein ($116.57 in chips) 
Seat 4: sta$igk ($100 in chips) 
Seat 5: OrioNCOOL ($102.72 in chips) 
Seat 6: Alinyr ($176.49 in chips) 
sta$igk: posts small blind $0.50
OrioNCOOL: posts big blind $1
*** HOLE CARDS ***
Alinyr: folds 
FelipeC129: folds 
blistein: raises $1.50 to $2.50
sta$igk: folds 
OrioNCOOL: folds 
Uncalled bet ($1.50) returned to blistein
blistein collected $2.50 from pot
blistein: doesn't show hand 
*** SUMMARY ***
Total pot $2.50 | Rake $0 
Seat 2: FelipeC129 folded before Flop (didn't bet)
Seat 3: blistein (button) collected ($2.50)
Seat 4: sta$igk (small blind) folded before Flop
Seat 5: OrioNCOOL (big blind) folded before Flop
Seat 6: Alinyr folded before Flop (didn't bet)



PokerStars Hand #254449476613:  Hold'em No Limit ($0.50/$1.00 USD) - 2025/01/19 16:21:18 WET [2025/01/19 11:21:18 ET]
Table 'Tololo III' 6-max Seat #4 is the button
Seat 2: FelipeC129 ($50.24 in chips) 
Seat 3: blistein ($118.07 in chips) 
Seat 4: sta$igk ($100 in chips) 
Seat 5: OrioNCOOL ($101.72 in chips) 
Seat 6: Alinyr ($176.49 in chips) 
OrioNCOOL: posts small blind $0.50
Alinyr: posts big blind $1
*** HOLE CARDS ***
FelipeC129: folds 
Pippa83 joins the table at seat #1 
blistein: raises $1.30 to $2.30
sta$igk: raises $5.20 to $7.50
OrioNCOOL: raises $13.50 to $21
Alinyr: folds 
blistein: raises $97.07 to $118.07 and is all-in
sta$igk: folds 
OrioNCOOL: calls $80.72 and is all-in
Uncalled bet ($16.35) returned to blistein
*** FIRST FLOP *** [Kd 8c Jd]
*** FIRST TURN *** [Kd 8c Jd] [2d]
*** FIRST RIVER *** [Kd 8c Jd 2d] [2s]
*** SECOND FLOP *** [2h Ad 6h]
*** SECOND TURN *** [2h Ad 6h] [Qc]
*** SECOND RIVER *** [2h Ad 6h Qc] [7h]
*** FIRST SHOW DOWN ***
OrioNCOOL: shows [Ks Kh] (a full house, Kings full of Deuces)
blistein: shows [Ac As] (two pair, Aces and Deuces)
OrioNCOOL collected $104.72 from pot
*** SECOND SHOW DOWN ***
OrioNCOOL: shows [Ks Kh] (a pair of Kings)
blistein: shows [Ac As] (three of a kind, Aces)
blistein collected $104.72 from pot
*** SUMMARY ***
Total pot $211.94 | Rake $2.50 
Hand was run twice
FIRST Board [Kd 8c Jd 2d 2s]
SECOND Board [2h Ad 6h Qc 7h]
Seat 2: FelipeC129 folded before Flop (didn't bet)
Seat 3: blistein showed [Ac As] and lost with two pair, Aces and Deuces, and won ($104.72) with three of a kind, Aces
Seat 4: sta$igk (button) folded before Flop
Seat 5: OrioNCOOL (small blind) showed [Ks Kh] and won ($104.72) with a full house, Kings full of Deuces, and lost with a pair of Kings
Seat 6: Alinyr (big blind) folded before Flop



PokerStars Hand #254449491651:  Hold'em No Limit ($0.50/$1.00 USD) - 2025/01/19 16:22:10 WET [2025/01/19 11:22:10 ET]
Table 'Tololo III' 6-max Seat #5 is the button
Seat 1: Pippa83 ($100 in chips) 
Seat 2: FelipeC129 ($50.24 in chips) 
Seat 3: blistein ($121.07 in chips) 
Seat 4: sta$igk ($100 in chips) 
Seat 5: OrioNCOOL ($104.72 in chips) 
Seat 6: Alinyr ($175.49 in chips) 
Alinyr: posts small blind $0.50
Pippa83: posts big blind $1
*** HOLE CARDS ***
FelipeC129: raises $1 to $2
blistein: folds 
sta$igk: raises $4.50 to $6.50
OrioNCOOL: folds 
Alinyr: raises $11.50 to $18
Pippa83: folds 
FelipeC129: folds 
sta$igk: folds 
Uncalled bet ($11.50) returned to Alinyr
Alinyr collected $16 from pot
Alinyr: doesn't show hand 
*** SUMMARY ***
Total pot $16 | Rake $0 
Seat 1: Pippa83 (big blind) folded before Flop
Seat 2: FelipeC129 folded before Flop
Seat 3: blistein folded before Flop (didn't bet)
Seat 4: sta$igk folded before Flop
Seat 5: OrioNCOOL (button) folded before Flop (didn't bet)
Seat 6: Alinyr (small blind) collected ($16)



PokerStars Hand #254449500141:  Hold'em No Limit ($0.50/$1.00 USD) - 2025/01/19 16:22:40 WET [2025/01/19 11:22:40 ET]
Table 'Tololo III' 6-max Seat #6 is the button
Seat 1: Pippa83 ($100 in chips) 
Seat 2: FelipeC129 ($48.24 in chips) 
Seat 3: blistein ($121.07 in chips) 
Seat 4: sta$igk ($100 in chips) 
Seat 5: OrioNCOOL ($104.72 in chips) 
Seat 6: Alinyr ($184.99 in chips) 
Pippa83: posts small blind $0.50
FelipeC129: posts big blind $1
*** HOLE CARDS ***
blistein: folds 
sta$igk: raises $1.50 to $2.50
OrioNCOOL: folds 
Alinyr: folds 
Pippa83: folds 
FelipeC129: folds 
Uncalled bet ($1.50) returned to sta$igk
sta$igk collected $2.50 from pot
sta$igk: doesn't show hand 
*** SUMMARY ***
Total pot $2.50 | Rake $0 
Seat 1: Pippa83 (small blind) folded before Flop
Seat 2: FelipeC129 (big blind) folded before Flop
Seat 3: blistein folded before Flop (didn't bet)
Seat 4: sta$igk collected ($2.50)
Seat 5: OrioNCOOL folded before Flop (didn't bet)
Seat 6: Alinyr (button) folded before Flop (didn't bet)



PokerStars Hand #254449504091:  Hold'em No Limit ($0.50/$1.00 USD) - 2025/01/19 16:22:53 WET [2025/01/19 11:22:53 ET]
Table 'Tololo III' 6-max Seat #1 is the button
Seat 1: Pippa83 ($100 in chips) 
Seat 2: FelipeC129 ($47.24 in chips) 
Seat 3: blistein ($121.07 in chips) 
Seat 4: sta$igk ($101.50 in chips) 
Seat 5: OrioNCOOL ($104.72 in chips) 
Seat 6: Alinyr ($184.99 in chips) 
FelipeC129: posts small blind $0.50
blistein: posts big blind $1
*** HOLE CARDS ***
sta$igk: raises $1.50 to $2.50
OrioNCOOL: folds 
Alinyr: folds 
Pippa83: folds 
FelipeC129: calls $2
blistein: folds 
*** FLOP *** [Th 7h 7c]
FelipeC129: checks 
sta$igk: checks 
*** TURN *** [Th 7h 7c] [2h]
FelipeC129: bets $2
sta$igk: raises $4.85 to $6.85
FelipeC129: calls $4.85
*** RIVER *** [Th 7h 7c 2h] [Qs]
FelipeC129: checks 
sta$igk: checks 
*** SHOW DOWN ***
FelipeC129: shows [7d Kc] (three of a kind, Sevens)
sta$igk: mucks hand 
FelipeC129 collected $18.72 from pot
*** SUMMARY ***
Total pot $19.70 | Rake $0.98 
Board [Th 7h 7c 2h Qs]
Seat 1: Pippa83 (button) folded before Flop (didn't bet)
Seat 2: FelipeC129 (small blind) showed [7d Kc] and won ($18.72) with three of a kind, Sevens
Seat 3: blistein (big blind) folded before Flop
Seat 4: sta$igk mucked
Seat 5: OrioNCOOL folded before Flop (didn't bet)
Seat 6: Alinyr folded before Flop (didn't bet)



PokerStars Hand #254449524421:  Hold'em No Limit ($0.50/$1.00 USD) - 2025/01/19 16:24:04 WET [2025/01/19 11:24:04 ET]
Table 'Tololo III' 6-max Seat #2 is the button
Seat 1: Pippa83 ($100 in chips) 
Seat 2: FelipeC129 ($56.61 in chips) 
Seat 3: blistein ($120.07 in chips) 
Seat 4: sta$igk ($100 in chips) 
Seat 5: OrioNCOOL ($104.72 in chips) 
Seat 6: Alinyr ($184.99 in chips) 
blistein: posts small blind $0.50
sta$igk: posts big blind $1
*** HOLE CARDS ***
OrioNCOOL: raises $1.50 to $2.50
Alinyr: folds 
Pippa83: folds 
FelipeC129: folds 
blistein: folds 
sta$igk: calls $1.50
*** FLOP *** [4c Qd 4h]
sta$igk: checks 
OrioNCOOL: bets $1.57
sta$igk: raises $4.18 to $5.75
OrioNCOOL: calls $4.18
*** TURN *** [4c Qd 4h] [5d]
sta$igk: bets $12.11
OrioNCOOL: calls $12.11
*** RIVER *** [4c Qd 4h 5d] [Ks]
sta$igk: checks 
OrioNCOOL: bets $30.37
sta$igk: calls $30.37
*** SHOW DOWN ***
OrioNCOOL: shows [As 4s] (three of a kind, Fours)
sta$igk: mucks hand 
OrioNCOOL collected $99.46 from pot
*** SUMMARY ***
Total pot $101.96 | Rake $2.50 
Board [4c Qd 4h 5d Ks]
Seat 1: Pippa83 folded before Flop (didn't bet)
Seat 2: FelipeC129 (button) folded before Flop (didn't bet)
Seat 3: blistein (small blind) folded before Flop
Seat 4: sta$igk (big blind) mucked
Seat 5: OrioNCOOL showed [As 4s] and won ($99.46) with three of a kind, Fours
Seat 6: Alinyr folded before Flop (didn't bet)



PokerStars Hand #254449556414:  Hold'em No Limit ($0.50/$1.00 USD) - 2025/01/19 16:25:55 WET [2025/01/19 11:25:55 ET]
Table 'Tololo III' 6-max Seat #3 is the button
Seat 1: Pippa83 ($100 in chips) 
Seat 2: FelipeC129 ($56.61 in chips) 
Seat 3: blistein ($119.57 in chips) 
Seat 4: sta$igk ($100 in chips) 
Seat 5: OrioNCOOL ($153.45 in chips) 
Seat 6: Alinyr ($184.99 in chips) 
sta$igk: posts small blind $0.50
OrioNCOOL: posts big blind $1
*** HOLE CARDS ***
Alinyr: folds 
Pippa83: folds 
FelipeC129: folds 
blistein: folds 
sta$igk: folds 
Uncalled bet ($0.50) returned to OrioNCOOL
OrioNCOOL collected $1 from pot
OrioNCOOL: doesn't show hand 
*** SUMMARY ***
Total pot $1 | Rake $0 
Seat 1: Pippa83 folded before Flop (didn't bet)
Seat 2: FelipeC129 folded before Flop (didn't bet)
Seat 3: blistein (button) folded before Flop (didn't bet)
Seat 4: sta$igk (small blind) folded before Flop
Seat 5: OrioNCOOL (big blind) collected ($1)
Seat 6: Alinyr folded before Flop (didn't bet)



PokerStars Hand #254449559524:  Hold'em No Limit ($0.50/$1.00 USD) - 2025/01/19 16:26:06 WET [2025/01/19 11:26:06 ET]
Table 'Tololo III' 6-max Seat #4 is the button
Seat 1: Pippa83 ($100 in chips) 
Seat 2: FelipeC129 ($56.61 in chips) 
Seat 3: blistein ($119.57 in chips) 
Seat 4: sta$igk ($100 in chips) 
Seat 5: OrioNCOOL ($153.95 in chips) 
Seat 6: Alinyr ($184.99 in chips) 
OrioNCOOL: posts small blind $0.50
Alinyr: posts big blind $1
*** HOLE CARDS ***
Pippa83: raises $1.20 to $2.20
FelipeC129: folds 
blistein: folds 
sta$igk: folds 
OrioNCOOL: folds 
Alinyr: folds 
Uncalled bet ($1.20) returned to Pippa83
Pippa83 collected $2.50 from pot
Pippa83: doesn't show hand 
*** SUMMARY ***
Total pot $2.50 | Rake $0 
Seat 1: Pippa83 collected ($2.50)
Seat 2: FelipeC129 folded before Flop (didn't bet)
Seat 3: blistein folded before Flop (didn't bet)
Seat 4: sta$igk (button) folded before Flop (didn't bet)
Seat 5: OrioNCOOL (small blind) folded before Flop
Seat 6: Alinyr (big blind) folded before Flop



PokerStars Hand #254449563913:  Hold'em No Limit ($0.50/$1.00 USD) - 2025/01/19 16:26:21 WET [2025/01/19 11:26:21 ET]
Table 'Tololo III' 6-max Seat #5 is the button
Seat 1: Pippa83 ($101.50 in chips) 
Seat 2: FelipeC129 ($56.61 in chips) 
Seat 3: blistein ($119.57 in chips) 
Seat 4: sta$igk ($100 in chips) 
Seat 5: OrioNCOOL ($153.45 in chips) 
Seat 6: Alinyr ($183.99 in chips) 
Alinyr: posts small blind $0.50
Pippa83: posts big blind $1
*** HOLE CARDS ***
FelipeC129: folds 
blistein: folds 
sta$igk: raises $1.50 to $2.50
OrioNCOOL: folds 
Alinyr: folds 
Pippa83: folds 
Uncalled bet ($1.50) returned to sta$igk
sta$igk collected $2.50 from pot
sta$igk: doesn't show hand 
*** SUMMARY ***
Total pot $2.50 | Rake $0 
Seat 1: Pippa83 (big blind) folded before Flop
Seat 2: FelipeC129 folded before Flop (didn't bet)
Seat 3: blistein folded before Flop (didn't bet)
Seat 4: sta$igk collected ($2.50)
Seat 5: OrioNCOOL (button) folded before Flop (didn't bet)
Seat 6: Alinyr (small blind) folded before Flop



PokerStars Hand #254449570682:  Hold'em No Limit ($0.50/$1.00 USD) - 2025/01/19 16:26:44 WET [2025/01/19 11:26:44 ET]
Table 'Tololo III' 6-max Seat #6 is the button
Seat 1: Pippa83 ($100.50 in chips) 
Seat 2: FelipeC129 ($56.61 in chips) 
Seat 3: blistein ($119.57 in chips) 
Seat 4: sta$igk ($101.50 in chips) 
Seat 5: OrioNCOOL ($153.45 in chips) 
Seat 6: Alinyr ($183.49 in chips) 
Pippa83: posts small blind $0.50
FelipeC129: posts big blind $1
*** HOLE CARDS ***
blistein: folds 
sta$igk: raises $1.50 to $2.50
OrioNCOOL: folds 
Alinyr: folds 
Pippa83: folds 
FelipeC129: folds 
Uncalled bet ($1.50) returned to sta$igk
sta$igk collected $2.50 from pot
sta$igk: doesn't show hand 
*** SUMMARY ***
Total pot $2.50 | Rake $0 
Seat 1: Pippa83 (small blind) folded before Flop
Seat 2: FelipeC129 (big blind) folded before Flop
Seat 3: blistein folded before Flop (didn't bet)
Seat 4: sta$igk collected ($2.50)
Seat 5: OrioNCOOL folded before Flop (didn't bet)
Seat 6: Alinyr (button) folded before Flop (didn't bet)



PokerStars Hand #254449579054:  Hold'em No Limit ($0.50/$1.00 USD) - 2025/01/19 16:27:14 WET [2025/01/19 11:27:14 ET]
Table 'Tololo III' 6-max Seat #1 is the button
Seat 1: Pippa83 ($100 in chips) 
Seat 2: FelipeC129 ($55.61 in chips) 
Seat 3: blistein ($119.57 in chips) 
Seat 4: sta$igk ($103 in chips) 
Seat 5: OrioNCOOL ($153.45 in chips) 
Seat 6: Alinyr ($183.49 in chips) 
FelipeC129: posts small blind $0.50
blistein: posts big blind $1
*** HOLE CARDS ***
sta$igk: folds 
OrioNCOOL: raises $1.50 to $2.50
Alinyr: folds 
Pippa83: folds 
FelipeC129: calls $2
blistein: folds 
*** FLOP *** [Qs 4h Jh]
FelipeC129: checks 
OrioNCOOL: bets $3
FelipeC129: calls $3
*** TURN *** [Qs 4h Jh] [6c]
FelipeC129: checks 
OrioNCOOL: bets $7.55
FelipeC129: calls $7.55
*** RIVER *** [Qs 4h Jh 6c] [Tc]
FelipeC129: checks 
OrioNCOOL: checks 
*** SHOW DOWN ***
FelipeC129: shows [Js 3s] (a pair of Jacks)
OrioNCOOL: mucks hand 
FelipeC129 collected $25.74 from pot
*** SUMMARY ***
Total pot $27.10 | Rake $1.36 
Board [Qs 4h Jh 6c Tc]
Seat 1: Pippa83 (button) folded before Flop (didn't bet)
Seat 2: FelipeC129 (small blind) showed [Js 3s] and won ($25.74) with a pair of Jacks
Seat 3: blistein (big blind) folded before Flop
Seat 4: sta$igk folded before Flop (didn't bet)
Seat 5: OrioNCOOL mucked
Seat 6: Alinyr folded before Flop (didn't bet)



PokerStars Hand #254449595914:  Hold'em No Limit ($0.50/$1.00 USD) - 2025/01/19 16:28:12 WET [2025/01/19 11:28:12 ET]
Table 'Tololo III' 6-max Seat #2 is the button
Seat 1: Pippa83 ($100 in chips) 
Seat 2: FelipeC129 ($68.30 in chips) 
Seat 3: blistein ($118.57 in chips) 
Seat 4: sta$igk ($103 in chips) 
Seat 5: OrioNCOOL ($140.40 in chips) 
Seat 6: Alinyr ($183.49 in chips) 
blistein: posts small blind $0.50
sta$igk: posts big blind $1
*** HOLE CARDS ***
OrioNCOOL: folds 
Alinyr: raises $1.05 to $2.05
Pippa83: folds 
FelipeC129: folds 
blistein: folds 
sta$igk: raises $9.95 to $12
Alinyr: folds 
Uncalled bet ($9.95) returned to sta$igk
sta$igk collected $4.60 from pot
sta$igk: doesn't show hand 
*** SUMMARY ***
Total pot $4.60 | Rake $0 
Seat 1: Pippa83 folded before Flop (didn't bet)
Seat 2: FelipeC129 (button) folded before Flop (didn't bet)
Seat 3: blistein (small blind) folded before Flop
Seat 4: sta$igk (big blind) collected ($4.60)
Seat 5: OrioNCOOL folded before Flop (didn't bet)
Seat 6: Alinyr folded before Flop



PokerStars Hand #254449757014:  Hold'em No Limit ($0.50/$1.00 USD) - 2025/01/19 16:37:20 WET [2025/01/19 11:37:20 ET]
Table 'Tololo III' 6-max Seat #2 is the button
Seat 5: Joker007r ($100 in chips) is sitting out
Seat 1: Pippa83 ($100.96 in chips) 
Seat 2: FelipeC129 ($97.56 in chips) 
Seat 3: blistein ($106.79 in chips) 
Seat 4: sta$igk ($132.99 in chips) 
Seat 6: Alinyr ($156.96 in chips) 
blistein: posts small blind $0.50
sta$igk: posts big blind $1
Joker007r: sits out 
*** HOLE CARDS ***
Alinyr: folds 
Pippa83: folds 
FelipeC129: raises $1 to $2
blistein: folds 
sta$igk: raises $10 to $12
FelipeC129: folds 
Uncalled bet ($10) returned to sta$igk
sta$igk collected $4.50 from pot
sta$igk: doesn't show hand 
*** SUMMARY ***
Total pot $4.50 | Rake $0 
Seat 5: Joker007r
Seat 1: Pippa83 folded before Flop (didn't bet)
Seat 2: FelipeC129 (button) folded before Flop
Seat 3: blistein (small blind) folded before Flop
Seat 4: sta$igk (big blind) collected ($4.50)
Seat 6: Alinyr folded before Flop (didn't bet)



PokerStars Hand #254449764938:  Hold'em No Limit ($0.50/$1.00 USD) - 2025/01/19 16:37:46 WET [2025/01/19 11:37:46 ET]
Table 'Tololo III' 6-max Seat #3 is the button
Seat 1: Pippa83 ($100.96 in chips) 
Seat 2: FelipeC129 ($95.56 in chips) 
Seat 3: blistein ($106.29 in chips) 
Seat 4: sta$igk ($135.49 in chips) 
Seat 5: Joker007r ($100 in chips) 
Seat 6: Alinyr ($156.96 in chips) 
sta$igk: posts small blind $0.50
Joker007r: posts big blind $1
*** HOLE CARDS ***
Alinyr: folds 
Pippa83: folds 
FelipeC129: folds 
blistein: raises $1.50 to $2.50
sta$igk: folds 
Joker007r: folds 
Uncalled bet ($1.50) returned to blistein
blistein collected $2.50 from pot
blistein: doesn't show hand 
*** SUMMARY ***
Total pot $2.50 | Rake $0 
Seat 1: Pippa83 folded before Flop (didn't bet)
Seat 2: FelipeC129 folded before Flop (didn't bet)
Seat 3: blistein (button) collected ($2.50)
Seat 4: sta$igk (small blind) folded before Flop
Seat 5: Joker007r (big blind) folded before Flop
Seat 6: Alinyr folded before Flop (didn't bet)



PokerStars Hand #254449769132:  Hold'em No Limit ($0.50/$1.00 USD) - 2025/01/19 16:38:00 WET [2025/01/19 11:38:00 ET]
Table 'Tololo III' 6-max Seat #4 is the button
Seat 1: Pippa83 ($100.96 in chips) 
Seat 2: FelipeC129 ($95.56 in chips) 
Seat 3: blistein ($107.79 in chips) 
Seat 4: sta$igk ($134.99 in chips) 
Seat 5: Joker007r ($100 in chips) 
Seat 6: Alinyr ($156.96 in chips) 
Joker007r: posts small blind $0.50
Alinyr: posts big blind $1
*** HOLE CARDS ***
Pippa83: folds 
FelipeC129 has timed out
FelipeC129: folds 
blistein: folds 
sta$igk: raises $1.50 to $2.50
Joker007r: folds 
Alinyr: folds 
Uncalled bet ($1.50) returned to sta$igk
sta$igk collected $2.50 from pot
sta$igk: doesn't show hand 
*** SUMMARY ***
Total pot $2.50 | Rake $0 
Seat 1: Pippa83 folded before Flop (didn't bet)
Seat 2: FelipeC129 folded before Flop (didn't bet)
Seat 3: blistein folded before Flop (didn't bet)
Seat 4: sta$igk (button) collected ($2.50)
Seat 5: Joker007r (small blind) folded before Flop
Seat 6: Alinyr (big blind) folded before Flop



PokerStars Hand #254449777207:  Hold'em No Limit ($0.50/$1.00 USD) - 2025/01/19 16:38:28 WET [2025/01/19 11:38:28 ET]
Table 'Tololo III' 6-max Seat #5 is the button
Seat 1: Pippa83 ($100.96 in chips) 
Seat 2: FelipeC129 ($95.56 in chips) 
Seat 3: blistein ($107.79 in chips) 
Seat 4: sta$igk ($136.49 in chips) 
Seat 5: Joker007r ($100 in chips) 
Seat 6: Alinyr ($155.96 in chips) 
Alinyr: posts small blind $0.50
Pippa83: posts big blind $1
*** HOLE CARDS ***
FelipeC129: folds 
blistein: folds 
sta$igk: folds 
Joker007r: folds 
Alinyr: raises $2 to $3
Pippa83: calls $2
*** FLOP *** [Kh 3s 9s]
Alinyr: bets $1.43
Pippa83: calls $1.43
*** TURN *** [Kh 3s 9s] [4h]
Alinyr: bets $12.71
Pippa83: folds 
Uncalled bet ($12.71) returned to Alinyr
Alinyr collected $8.42 from pot
Alinyr: doesn't show hand 
*** SUMMARY ***
Total pot $8.86 | Rake $0.44 
Board [Kh 3s 9s 4h]
Seat 1: Pippa83 (big blind) folded on the Turn
Seat 2: FelipeC129 folded before Flop (didn't bet)
Seat 3: blistein folded before Flop (didn't bet)
Seat 4: sta$igk folded before Flop (didn't bet)
Seat 5: Joker007r (button) folded before Flop (didn't bet)
Seat 6: Alinyr (small blind) collected ($8.42)



PokerStars Hand #254449793154:  Hold'em No Limit ($0.50/$1.00 USD) - 2025/01/19 16:39:22 WET [2025/01/19 11:39:22 ET]
Table 'Tololo III' 6-max Seat #6 is the button
Seat 1: Pippa83 ($100 in chips) 
Seat 2: FelipeC129 ($95.56 in chips) 
Seat 3: blistein ($107.79 in chips) 
Seat 4: sta$igk ($136.49 in chips) 
Seat 5: Joker007r ($100 in chips) 
Seat 6: Alinyr ($159.95 in chips) 
Pippa83: posts small blind $0.50
FelipeC129: posts big blind $1
*** HOLE CARDS ***
blistein: raises $1.20 to $2.20
sta$igk: folds 
Joker007r: folds 
Alinyr: folds 
Pippa83: raises $9.30 to $11.50
FelipeC129: folds 
blistein: folds 
Uncalled bet ($9.30) returned to Pippa83
Pippa83 collected $5.40 from pot
Pippa83: doesn't show hand 
*** SUMMARY ***
Total pot $5.40 | Rake $0 
Seat 1: Pippa83 (small blind) collected ($5.40)
Seat 2: FelipeC129 (big blind) folded before Flop
Seat 3: blistein folded before Flop
Seat 4: sta$igk folded before Flop (didn't bet)
Seat 5: Joker007r folded before Flop (didn't bet)
Seat 6: Alinyr (button) folded before Flop (didn't bet)



PokerStars Hand #254449801753:  Hold'em No Limit ($0.50/$1.00 USD) - 2025/01/19 16:39:51 WET [2025/01/19 11:39:51 ET]
Table 'Tololo III' 6-max Seat #1 is the button
Seat 1: Pippa83 ($103.20 in chips) 
Seat 2: FelipeC129 ($94.56 in chips) 
Seat 3: blistein ($105.59 in chips) 
Seat 4: sta$igk ($136.49 in chips) 
Seat 5: Joker007r ($100 in chips) 
Seat 6: Alinyr ($159.95 in chips) 
FelipeC129: posts small blind $0.50
blistein: posts big blind $1
*** HOLE CARDS ***
sta$igk: folds 
Joker007r: raises $2 to $3
Alinyr: folds 
Pippa83: folds 
FelipeC129: folds 
blistein: folds 
Uncalled bet ($2) returned to Joker007r
Joker007r collected $2.50 from pot
Joker007r: doesn't show hand 
*** SUMMARY ***
Total pot $2.50 | Rake $0 
Seat 1: Pippa83 (button) folded before Flop (didn't bet)
Seat 2: FelipeC129 (small blind) folded before Flop
Seat 3: blistein (big blind) folded before Flop
Seat 4: sta$igk folded before Flop (didn't bet)
Seat 5: Joker007r collected ($2.50)
Seat 6: Alinyr folded before Flop (didn't bet)



PokerStars Hand #254449807398:  Hold'em No Limit ($0.50/$1.00 USD) - 2025/01/19 16:40:10 WET [2025/01/19 11:40:10 ET]
Table 'Tololo III' 6-max Seat #2 is the button
Seat 1: Pippa83 ($103.20 in chips) 
Seat 2: FelipeC129 ($94.06 in chips) 
Seat 3: blistein ($104.59 in chips) 
Seat 4: sta$igk ($136.49 in chips) 
Seat 5: Joker007r ($101.50 in chips) 
Seat 6: Alinyr ($159.95 in chips) 
blistein: posts small blind $0.50
sta$igk: posts big blind $1
*** HOLE CARDS ***
Joker007r: raises $2 to $3
Alinyr: folds 
Pippa83: folds 
FelipeC129: calls $3
blistein: folds 
sta$igk: folds 
*** FLOP *** [4c Ks Tc]
Joker007r: checks 
FelipeC129: bets $5
Joker007r: raises $12.50 to $17.50
FelipeC129: folds 
Uncalled bet ($12.50) returned to Joker007r
Joker007r collected $16.62 from pot
Joker007r: doesn't show hand 
*** SUMMARY ***
Total pot $17.50 | Rake $0.88 
Board [4c Ks Tc]
Seat 1: Pippa83 folded before Flop (didn't bet)
Seat 2: FelipeC129 (button) folded on the Flop
Seat 3: blistein (small blind) folded before Flop
Seat 4: sta$igk (big blind) folded before Flop
Seat 5: Joker007r collected ($16.62)
Seat 6: Alinyr folded before Flop (didn't bet)



PokerStars Hand #254449825171:  Hold'em No Limit ($0.50/$1.00 USD) - 2025/01/19 16:41:09 WET [2025/01/19 11:41:09 ET]
Table 'Tololo III' 6-max Seat #3 is the button
Seat 1: Pippa83 ($103.20 in chips) 
Seat 2: FelipeC129 ($86.06 in chips) 
Seat 3: blistein ($104.09 in chips) 
Seat 4: sta$igk ($135.49 in chips) 
Seat 5: Joker007r ($110.12 in chips) 
Seat 6: Alinyr ($159.95 in chips) 
sta$igk: posts small blind $0.50
Joker007r: posts big blind $1
*** HOLE CARDS ***
Alinyr: folds 
Pippa83: folds 
FelipeC129: raises $1 to $2
blistein: folds 
sta$igk: folds 
Joker007r: folds 
Uncalled bet ($1) returned to FelipeC129
FelipeC129 collected $2.50 from pot
FelipeC129: doesn't show hand 
*** SUMMARY ***
Total pot $2.50 | Rake $0 
Seat 1: Pippa83 folded before Flop (didn't bet)
Seat 2: FelipeC129 collected ($2.50)
Seat 3: blistein (button) folded before Flop (didn't bet)
Seat 4: sta$igk (small blind) folded before Flop
Seat 5: Joker007r (big blind) folded before Flop
Seat 6: Alinyr folded before Flop (didn't bet)



PokerStars Hand #254449830408:  Hold'em No Limit ($0.50/$1.00 USD) - 2025/01/19 16:41:27 WET [2025/01/19 11:41:27 ET]
Table 'Tololo III' 6-max Seat #4 is the button
Seat 1: Pippa83 ($103.20 in chips) 
Seat 2: FelipeC129 ($87.56 in chips) 
Seat 3: blistein ($104.09 in chips) 
Seat 4: sta$igk ($134.99 in chips) 
Seat 5: Joker007r ($109.12 in chips) 
Seat 6: Alinyr ($159.95 in chips) 
Joker007r: posts small blind $0.50
Alinyr: posts big blind $1
*** HOLE CARDS ***
Pippa83: folds 
FelipeC129: raises $1 to $2
blistein: folds 
sta$igk: folds 
Joker007r: folds 
Alinyr: calls $1
*** FLOP *** [Jh 8h 7h]
Alinyr: checks 
FelipeC129: bets $2
Alinyr: folds 
Uncalled bet ($2) returned to FelipeC129
FelipeC129 collected $4.28 from pot
FelipeC129: doesn't show hand 
*** SUMMARY ***
Total pot $4.50 | Rake $0.22 
Board [Jh 8h 7h]
Seat 1: Pippa83 folded before Flop (didn't bet)
Seat 2: FelipeC129 collected ($4.28)
Seat 3: blistein folded before Flop (didn't bet)
Seat 4: sta$igk (button) folded before Flop (didn't bet)
Seat 5: Joker007r (small blind) folded before Flop
Seat 6: Alinyr (big blind) folded on the Flop



PokerStars Hand #254449839900:  Hold'em No Limit ($0.50/$1.00 USD) - 2025/01/19 16:41:59 WET [2025/01/19 11:41:59 ET]
Table 'Tololo III' 6-max Seat #5 is the button
Seat 1: Pippa83 ($103.20 in chips) 
Seat 2: FelipeC129 ($89.84 in chips) 
Seat 3: blistein ($104.09 in chips) 
Seat 4: sta$igk ($134.99 in chips) 
Seat 5: Joker007r ($108.62 in chips) 
Seat 6: Alinyr ($157.95 in chips) 
Alinyr: posts small blind $0.50
Pippa83: posts big blind $1
*** HOLE CARDS ***
FelipeC129: folds 
blistein: folds 
sta$igk: folds 
Joker007r: raises $1.50 to $2.50
Alinyr: folds 
Pippa83: raises $9.50 to $12
Joker007r: folds 
Uncalled bet ($9.50) returned to Pippa83
Pippa83 collected $5.50 from pot
Pippa83: doesn't show hand 
*** SUMMARY ***
Total pot $5.50 | Rake $0 
Seat 1: Pippa83 (big blind) collected ($5.50)
Seat 2: FelipeC129 folded before Flop (didn't bet)
Seat 3: blistein folded before Flop (didn't bet)
Seat 4: sta$igk folded before Flop (didn't bet)
Seat 5: Joker007r (button) folded before Flop
Seat 6: Alinyr (small blind) folded before Flop



PokerStars Hand #254449849395:  Hold'em No Limit ($0.50/$1.00 USD) - 2025/01/19 16:42:32 WET [2025/01/19 11:42:32 ET]
Table 'Tololo III' 6-max Seat #6 is the button
Seat 1: Pippa83 ($106.20 in chips) 
Seat 2: FelipeC129 ($89.84 in chips) 
Seat 3: blistein ($104.09 in chips) 
Seat 4: sta$igk ($134.99 in chips) 
Seat 5: Joker007r ($106.12 in chips) 
Seat 6: Alinyr ($157.45 in chips) 
Pippa83: posts small blind $0.50
FelipeC129: posts big blind $1
*** HOLE CARDS ***
blistein: folds 
sta$igk: raises $1.50 to $2.50
Joker007r: folds 
Alinyr: folds 
Pippa83: folds 
FelipeC129: folds 
Uncalled bet ($1.50) returned to sta$igk
sta$igk collected $2.50 from pot
sta$igk: doesn't show hand 
*** SUMMARY ***
Total pot $2.50 | Rake $0 
Seat 1: Pippa83 (small blind) folded before Flop
Seat 2: FelipeC129 (big blind) folded before Flop
Seat 3: blistein folded before Flop (didn't bet)
Seat 4: sta$igk collected ($2.50)
Seat 5: Joker007r folded before Flop (didn't bet)
Seat 6: Alinyr (button) folded before Flop (didn't bet)



PokerStars Hand #254449857831:  Hold'em No Limit ($0.50/$1.00 USD) - 2025/01/19 16:43:01 WET [2025/01/19 11:43:01 ET]
Table 'Tololo III' 6-max Seat #1 is the button
Seat 1: Pippa83 ($105.70 in chips) 
Seat 2: FelipeC129 ($88.84 in chips) 
Seat 3: blistein ($104.09 in chips) 
Seat 4: sta$igk ($136.49 in chips) 
Seat 5: Joker007r ($106.12 in chips) 
Seat 6: Alinyr ($157.45 in chips) 
FelipeC129: posts small blind $0.50
blistein: posts big blind $1
*** HOLE CARDS ***
sta$igk: raises $1.50 to $2.50
Joker007r: folds 
Alinyr: raises $5.50 to $8
Pippa83: folds 
FelipeC129: folds 
blistein: folds 
sta$igk: raises $16 to $24
Alinyr: calls $16
*** FLOP *** [5d 3s 4h]
sta$igk: bets $15.52
Alinyr: calls $15.52
*** TURN *** [5d 3s 4h] [2c]
sta$igk: checks 
Alinyr: checks 
*** RIVER *** [5d 3s 4h 2c] [Td]
sta$igk: bets $7.80
Alinyr: raises $110.13 to $117.93 and is all-in
sta$igk: folds 
Uncalled bet ($110.13) returned to Alinyr
Alinyr collected $93.64 from pot
Alinyr: doesn't show hand 
*** SUMMARY ***
Total pot $96.14 | Rake $2.50 
Board [5d 3s 4h 2c Td]
Seat 1: Pippa83 (button) folded before Flop (didn't bet)
Seat 2: FelipeC129 (small blind) folded before Flop
Seat 3: blistein (big blind) folded before Flop
Seat 4: sta$igk folded on the River
Seat 5: Joker007r folded before Flop (didn't bet)
Seat 6: Alinyr collected ($93.64)



PokerStars Hand #254449898286:  Hold'em No Limit ($0.50/$1.00 USD) - 2025/01/19 16:45:15 WET [2025/01/19 11:45:15 ET]
Table 'Tololo III' 6-max Seat #2 is the button
Seat 1: Pippa83 ($105.70 in chips) 
Seat 2: FelipeC129 ($88.34 in chips) 
Seat 3: blistein ($103.09 in chips) 
Seat 4: sta$igk ($100 in chips) 
Seat 5: Joker007r ($106.12 in chips) 
Seat 6: Alinyr ($203.77 in chips) 
blistein: posts small blind $0.50
sta$igk: posts big blind $1
*** HOLE CARDS ***
Joker007r: folds 
Alinyr: folds 
Pippa83: folds 
FelipeC129: raises $1 to $2
blistein: raises $7 to $9
sta$igk: folds 
FelipeC129: folds 
Uncalled bet ($7) returned to blistein
blistein collected $5 from pot
blistein: doesn't show hand 
*** SUMMARY ***
Total pot $5 | Rake $0 
Seat 1: Pippa83 folded before Flop (didn't bet)
Seat 2: FelipeC129 (button) folded before Flop
Seat 3: blistein (small blind) collected ($5)
Seat 4: sta$igk (big blind) folded before Flop
Seat 5: Joker007r folded before Flop (didn't bet)
Seat 6: Alinyr folded before Flop (didn't bet)



PokerStars Hand #254449906969:  Hold'em No Limit ($0.50/$1.00 USD) - 2025/01/19 16:45:45 WET [2025/01/19 11:45:45 ET]
Table 'Tololo III' 6-max Seat #3 is the button
Seat 1: Pippa83 ($105.70 in chips) 
Seat 2: FelipeC129 ($86.34 in chips) 
Seat 3: blistein ($106.09 in chips) 
Seat 4: sta$igk ($100 in chips) 
Seat 5: Joker007r ($106.12 in chips) 
Seat 6: Alinyr ($203.77 in chips) 
sta$igk: posts small blind $0.50
Joker007r: posts big blind $1
*** HOLE CARDS ***
Alinyr: folds 
Pippa83: folds 
FelipeC129: raises $1 to $2
blistein: folds 
sta$igk: folds 
Joker007r: raises $8 to $10
FelipeC129: folds 
Uncalled bet ($8) returned to Joker007r
Joker007r collected $4.50 from pot
Joker007r: doesn't show hand 
*** SUMMARY ***
Total pot $4.50 | Rake $0 
Seat 1: Pippa83 folded before Flop (didn't bet)
Seat 2: FelipeC129 folded before Flop
Seat 3: blistein (button) folded before Flop (didn't bet)
Seat 4: sta$igk (small blind) folded before Flop
Seat 5: Joker007r (big blind) collected ($4.50)
Seat 6: Alinyr folded before Flop (didn't bet)



PokerStars Hand #254449914714:  Hold'em No Limit ($0.50/$1.00 USD) - 2025/01/19 16:46:10 WET [2025/01/19 11:46:10 ET]
Table 'Tololo III' 6-max Seat #4 is the button
Seat 1: Pippa83 ($105.70 in chips) 
Seat 2: FelipeC129 ($84.34 in chips) 
Seat 3: blistein ($106.09 in chips) 
Seat 4: sta$igk ($100 in chips) 
Seat 5: Joker007r ($108.62 in chips) 
Seat 6: Alinyr ($203.77 in chips) 
Joker007r: posts small blind $0.50
Alinyr: posts big blind $1
*** HOLE CARDS ***
Pippa83: folds 
FelipeC129: raises $1 to $2
blistein: folds 
sta$igk: folds 
Joker007r: folds 
Alinyr: folds 
Uncalled bet ($1) returned to FelipeC129
FelipeC129 collected $2.50 from pot
FelipeC129: doesn't show hand 
*** SUMMARY ***
Total pot $2.50 | Rake $0 
Seat 1: Pippa83 folded before Flop (didn't bet)
Seat 2: FelipeC129 collected ($2.50)
Seat 3: blistein folded before Flop (didn't bet)
Seat 4: sta$igk (button) folded before Flop (didn't bet)
Seat 5: Joker007r (small blind) folded before Flop
Seat 6: Alinyr (big blind) folded before Flop



PokerStars Hand #254449921467:  Hold'em No Limit ($0.50/$1.00 USD) - 2025/01/19 16:46:33 WET [2025/01/19 11:46:33 ET]
Table 'Tololo III' 6-max Seat #5 is the button
Seat 1: Pippa83 ($105.70 in chips) 
Seat 2: FelipeC129 ($85.84 in chips) 
Seat 3: blistein ($106.09 in chips) 
Seat 4: sta$igk ($100 in chips) 
Seat 5: Joker007r ($108.12 in chips) 
Seat 6: Alinyr ($202.77 in chips) 
Alinyr: posts small blind $0.50
Pippa83: posts big blind $1
*** HOLE CARDS ***
FelipeC129: raises $1 to $2
blistein: folds 
sta$igk: folds 
Joker007r: folds 
Alinyr: folds 
Pippa83: folds 
Uncalled bet ($1) returned to FelipeC129
FelipeC129 collected $2.50 from pot
FelipeC129: doesn't show hand 
*** SUMMARY ***
Total pot $2.50 | Rake $0 
Seat 1: Pippa83 (big blind) folded before Flop
Seat 2: FelipeC129 collected ($2.50)
Seat 3: blistein folded before Flop (didn't bet)
Seat 4: sta$igk folded before Flop (didn't bet)
Seat 5: Joker007r (button) folded before Flop (didn't bet)
Seat 6: Alinyr (small blind) folded before Flop



PokerStars Hand #254449929162:  Hold'em No Limit ($0.50/$1.00 USD) - 2025/01/19 16:46:59 WET [2025/01/19 11:46:59 ET]
Table 'Tololo III' 6-max Seat #6 is the button
Seat 1: Pippa83 ($104.70 in chips) 
Seat 2: FelipeC129 ($87.34 in chips) 
Seat 3: blistein ($106.09 in chips) 
Seat 4: sta$igk ($100 in chips) 
Seat 5: Joker007r ($108.12 in chips) 
Seat 6: Alinyr ($202.27 in chips) 
Pippa83: posts small blind $0.50
FelipeC129: posts big blind $1
*** HOLE CARDS ***
blistein: folds 
sta$igk: folds 
Joker007r: folds 
Alinyr: folds 
Pippa83: raises $2 to $3
FelipeC129: calls $2
*** FLOP *** [7s Tc Th]
Pippa83: checks 
FelipeC129: checks 
*** TURN *** [7s Tc Th] [9c]
Pippa83: bets $4.28
FelipeC129: folds 
Uncalled bet ($4.28) returned to Pippa83
Pippa83 collected $5.70 from pot
Pippa83: doesn't show hand 
*** SUMMARY ***
Total pot $6 | Rake $0.30 
Board [7s Tc Th 9c]
Seat 1: Pippa83 (small blind) collected ($5.70)
Seat 2: FelipeC129 (big blind) folded on the Turn
Seat 3: blistein folded before Flop (didn't bet)
Seat 4: sta$igk folded before Flop (didn't bet)
Seat 5: Joker007r folded before Flop (didn't bet)
Seat 6: Alinyr (button) folded before Flop (didn't bet)



PokerStars Hand #254449940284:  Hold'em No Limit ($0.50/$1.00 USD) - 2025/01/19 16:47:36 WET [2025/01/19 11:47:36 ET]
Table 'Tololo III' 6-max Seat #1 is the button
Seat 1: Pippa83 ($107.40 in chips) 
Seat 2: FelipeC129 ($84.34 in chips) 
Seat 3: blistein ($106.09 in chips) 
Seat 4: sta$igk ($100 in chips) 
Seat 5: Joker007r ($108.12 in chips) 
Seat 6: Alinyr ($202.27 in chips) 
FelipeC129: posts small blind $0.50
blistein: posts big blind $1
*** HOLE CARDS ***
sta$igk: raises $1.50 to $2.50
Joker007r: folds 
Alinyr: folds 
Pippa83: folds 
FelipeC129: calls $2
blistein: folds 
*** FLOP *** [4c 8s Qd]
FelipeC129: checks 
sta$igk: bets $1.88
FelipeC129: calls $1.88
*** TURN *** [4c 8s Qd] [Ah]
FelipeC129: checks 
sta$igk: checks 
*** RIVER *** [4c 8s Qd Ah] [7c]
FelipeC129: checks 
sta$igk: bets $4.64
FelipeC129: calls $4.64
*** SHOW DOWN ***
sta$igk: shows [Ad As] (three of a kind, Aces)
FelipeC129: mucks hand 
sta$igk collected $18.09 from pot
*** SUMMARY ***
Total pot $19.04 | Rake $0.95 
Board [4c 8s Qd Ah 7c]
Seat 1: Pippa83 (button) folded before Flop (didn't bet)
Seat 2: FelipeC129 (small blind) mucked
Seat 3: blistein (big blind) folded before Flop
Seat 4: sta$igk showed [Ad As] and won ($18.09) with three of a kind, Aces
Seat 5: Joker007r folded before Flop (didn't bet)
Seat 6: Alinyr folded before Flop (didn't bet)



PokerStars Hand #254449965762:  Hold'em No Limit ($0.50/$1.00 USD) - 2025/01/19 16:49:02 WET [2025/01/19 11:49:02 ET]
Table 'Tololo III' 6-max Seat #2 is the button
Seat 1: Pippa83 ($107.40 in chips) 
Seat 2: FelipeC129 ($75.32 in chips) 
Seat 3: blistein ($105.09 in chips) 
Seat 4: sta$igk ($109.07 in chips) 
Seat 5: Joker007r ($108.12 in chips) 
Seat 6: Alinyr ($202.27 in chips) 
blistein: posts small blind $0.50
sta$igk: posts big blind $1
*** HOLE CARDS ***
Joker007r: folds 
Alinyr: folds 
Pippa83: raises $1.50 to $2.50
FelipeC129: folds 
blistein: folds 
sta$igk: calls $1.50
*** FLOP *** [Tc 6s 6d]
sta$igk: checks 
Pippa83: bets $1.72
sta$igk: calls $1.72
*** TURN *** [Tc 6s 6d] [Qd]
sta$igk: checks 
Pippa83: bets $6.37
sta$igk: folds 
Uncalled bet ($6.37) returned to Pippa83
Pippa83 collected $8.49 from pot
Pippa83: doesn't show hand 
*** SUMMARY ***
Total pot $8.94 | Rake $0.45 
Board [Tc 6s 6d Qd]
Seat 1: Pippa83 collected ($8.49)
Seat 2: FelipeC129 (button) folded before Flop (didn't bet)
Seat 3: blistein (small blind) folded before Flop
Seat 4: sta$igk (big blind) folded on the Turn
Seat 5: Joker007r folded before Flop (didn't bet)
Seat 6: Alinyr folded before Flop (didn't bet)



PokerStars Hand #254449979777:  Hold'em No Limit ($0.50/$1.00 USD) - 2025/01/19 16:49:50 WET [2025/01/19 11:49:50 ET]
Table 'Tololo III' 6-max Seat #3 is the button
Seat 1: Pippa83 ($111.67 in chips) 
Seat 2: FelipeC129 ($75.32 in chips) 
Seat 3: blistein ($104.59 in chips) 
Seat 4: sta$igk ($104.85 in chips) 
Seat 5: Joker007r ($108.12 in chips) 
Seat 6: Alinyr ($202.27 in chips) 
sta$igk: posts small blind $0.50
Joker007r: posts big blind $1
*** HOLE CARDS ***
Alinyr: folds 
Pippa83: raises $1.20 to $2.20
FelipeC129: folds 
blistein: folds 
sta$igk: folds 
Joker007r: folds 
Uncalled bet ($1.20) returned to Pippa83
Pippa83 collected $2.50 from pot
Pippa83: doesn't show hand 
*** SUMMARY ***
Total pot $2.50 | Rake $0 
Seat 1: Pippa83 collected ($2.50)
Seat 2: FelipeC129 folded before Flop (didn't bet)
Seat 3: blistein (button) folded before Flop (didn't bet)
Seat 4: sta$igk (small blind) folded before Flop
Seat 5: Joker007r (big blind) folded before Flop
Seat 6: Alinyr folded before Flop (didn't bet)



PokerStars Hand #254449986153:  Hold'em No Limit ($0.50/$1.00 USD) - 2025/01/19 16:50:12 WET [2025/01/19 11:50:12 ET]
Table 'Tololo III' 6-max Seat #4 is the button
Seat 1: Pippa83 ($113.17 in chips) 
Seat 2: FelipeC129 ($75.32 in chips) 
Seat 3: blistein ($104.59 in chips) 
Seat 4: sta$igk ($104.35 in chips) 
Seat 5: Joker007r ($107.12 in chips) 
Seat 6: Alinyr ($202.27 in chips) 
Joker007r: posts small blind $0.50
Alinyr: posts big blind $1
*** HOLE CARDS ***
Pippa83: folds 
FelipeC129: folds 
blistein: raises $1.30 to $2.30
sta$igk: raises $5.20 to $7.50
Joker007r: folds 
Alinyr: folds 
blistein: folds 
Uncalled bet ($5.20) returned to sta$igk
sta$igk collected $6.10 from pot
sta$igk: doesn't show hand 
*** SUMMARY ***
Total pot $6.10 | Rake $0 
Seat 1: Pippa83 folded before Flop (didn't bet)
Seat 2: FelipeC129 folded before Flop (didn't bet)
Seat 3: blistein folded before Flop
Seat 4: sta$igk (button) collected ($6.10)
Seat 5: Joker007r (small blind) folded before Flop
Seat 6: Alinyr (big blind) folded before Flop



PokerStars Hand #254449993172:  Hold'em No Limit ($0.50/$1.00 USD) - 2025/01/19 16:50:36 WET [2025/01/19 11:50:36 ET]
Table 'Tololo III' 6-max Seat #5 is the button
Seat 1: Pippa83 ($113.17 in chips) 
Seat 2: FelipeC129 ($75.32 in chips) 
Seat 3: blistein ($102.29 in chips) 
Seat 4: sta$igk ($108.15 in chips) 
Seat 5: Joker007r ($106.62 in chips) 
Seat 6: Alinyr ($201.27 in chips) 
Alinyr: posts small blind $0.50
Pippa83: posts big blind $1
*** HOLE CARDS ***
FelipeC129 has timed out
FelipeC129: folds 
blistein: raises $1.20 to $2.20
sta$igk: folds 
Joker007r: raises $4.40 to $6.60
Alinyr: folds 
Pippa83: folds 
blistein: raises $13.40 to $20
Joker007r: folds 
Uncalled bet ($13.40) returned to blistein
blistein collected $14.70 from pot
blistein: doesn't show hand 
*** SUMMARY ***
Total pot $14.70 | Rake $0 
Seat 1: Pippa83 (big blind) folded before Flop
Seat 2: FelipeC129 folded before Flop (didn't bet)
Seat 3: blistein collected ($14.70)
Seat 4: sta$igk folded before Flop (didn't bet)
Seat 5: Joker007r (button) folded before Flop
Seat 6: Alinyr (small blind) folded before Flop



PokerStars Hand #254450008983:  Hold'em No Limit ($0.50/$1.00 USD) - 2025/01/19 16:51:29 WET [2025/01/19 11:51:29 ET]
Table 'Tololo III' 6-max Seat #6 is the button
Seat 1: Pippa83 ($112.17 in chips) 
Seat 2: FelipeC129 ($75.32 in chips) 
Seat 3: blistein ($110.39 in chips) 
Seat 4: sta$igk ($108.15 in chips) 
Seat 5: Joker007r ($100.02 in chips) 
Seat 6: Alinyr ($200.77 in chips) 
Pippa83: posts small blind $0.50
FelipeC129: posts big blind $1
*** HOLE CARDS ***
blistein: folds 
sta$igk: folds 
Joker007r: folds 
Alinyr: raises $1.50 to $2.50
Pippa83: folds 
FelipeC129: calls $1.50
*** FLOP *** [3s 3d 2c]
FelipeC129: checks 
Alinyr: checks 
*** TURN *** [3s 3d 2c] [Qh]
FelipeC129: checks 
Alinyr: bets $2.66
FelipeC129: raises $2.66 to $5.32
Alinyr: calls $2.66
*** RIVER *** [3s 3d 2c Qh] [8c]
FelipeC129: bets $7
Alinyr: calls $7
*** SHOW DOWN ***
FelipeC129: shows [3c 6h] (three of a kind, Threes)
Alinyr: mucks hand 
FelipeC129 collected $28.63 from pot
*** SUMMARY ***
Total pot $30.14 | Rake $1.51 
Board [3s 3d 2c Qh 8c]
Seat 1: Pippa83 (small blind) folded before Flop
Seat 2: FelipeC129 (big blind) showed [3c 6h] and won ($28.63) with three of a kind, Threes
Seat 3: blistein folded before Flop (didn't bet)
Seat 4: sta$igk folded before Flop (didn't bet)
Seat 5: Joker007r folded before Flop (didn't bet)
Seat 6: Alinyr (button) mucked



PokerStars Hand #254450034597:  Hold'em No Limit ($0.50/$1.00 USD) - 2025/01/19 16:52:56 WET [2025/01/19 11:52:56 ET]
Table 'Tololo III' 6-max Seat #1 is the button
Seat 1: Pippa83 ($111.67 in chips) 
Seat 2: FelipeC129 ($89.13 in chips) 
Seat 3: blistein ($110.39 in chips) 
Seat 4: sta$igk ($108.15 in chips) 
Seat 5: Joker007r ($100.02 in chips) 
Seat 6: Alinyr ($185.95 in chips) 
FelipeC129: posts small blind $0.50
blistein: posts big blind $1
*** HOLE CARDS ***
sta$igk: folds 
Joker007r: raises $2 to $3
Alinyr: folds 
Pippa83: folds 
FelipeC129: calls $2.50
blistein: calls $2
*** FLOP *** [Kh 9s 5s]
FelipeC129: checks 
blistein: checks 
Joker007r: bets $2.82
FelipeC129: calls $2.82
blistein: folds 
*** TURN *** [Kh 9s 5s] [Jh]
FelipeC129: checks 
Joker007r: bets $7.23
FelipeC129: folds 
Uncalled bet ($7.23) returned to Joker007r
Joker007r collected $13.91 from pot
Joker007r: doesn't show hand 
*** SUMMARY ***
Total pot $14.64 | Rake $0.73 
Board [Kh 9s 5s Jh]
Seat 1: Pippa83 (button) folded before Flop (didn't bet)
Seat 2: FelipeC129 (small blind) folded on the Turn
Seat 3: blistein (big blind) folded on the Flop
Seat 4: sta$igk folded before Flop (didn't bet)
Seat 5: Joker007r collected ($13.91)
Seat 6: Alinyr folded before Flop (didn't bet)



PokerStars Hand #254450053082:  Hold'em No Limit ($0.50/$1.00 USD) - 2025/01/19 16:53:58 WET [2025/01/19 11:53:58 ET]
Table 'Tololo III' 6-max Seat #2 is the button
Seat 1: Pippa83 ($111.67 in chips) 
Seat 2: FelipeC129 ($83.31 in chips) 
Seat 3: blistein ($107.39 in chips) 
Seat 4: sta$igk ($108.15 in chips) 
Seat 5: Joker007r ($108.11 in chips) 
Seat 6: Alinyr ($185.95 in chips) 
blistein: posts small blind $0.50
sta$igk: posts big blind $1
*** HOLE CARDS ***
Joker007r: raises $2 to $3
Alinyr: folds 
Pippa83: folds 
FelipeC129: folds 
blistein: folds 
sta$igk: folds 
Uncalled bet ($2) returned to Joker007r
Joker007r collected $2.50 from pot
Joker007r: doesn't show hand 
*** SUMMARY ***
Total pot $2.50 | Rake $0 
Seat 1: Pippa83 folded before Flop (didn't bet)
Seat 2: FelipeC129 (button) folded before Flop (didn't bet)
Seat 3: blistein (small blind) folded before Flop
Seat 4: sta$igk (big blind) folded before Flop
Seat 5: Joker007r collected ($2.50)
Seat 6: Alinyr folded before Flop (didn't bet)



PokerStars Hand #254450056423:  Hold'em No Limit ($0.50/$1.00 USD) - 2025/01/19 16:54:10 WET [2025/01/19 11:54:10 ET]
Table 'Tololo III' 6-max Seat #3 is the button
Seat 1: Pippa83 ($111.67 in chips) 
Seat 2: FelipeC129 ($83.31 in chips) 
Seat 3: blistein ($106.89 in chips) 
Seat 4: sta$igk ($107.15 in chips) 
Seat 5: Joker007r ($109.61 in chips) 
Seat 6: Alinyr ($185.95 in chips) 
sta$igk: posts small blind $0.50
Joker007r: posts big blind $1
*** HOLE CARDS ***
Alinyr: folds 
Pippa83: folds 
FelipeC129: folds 
blistein: raises $1.50 to $2.50
sta$igk: raises $8.50 to $11
Joker007r: folds 
blistein: folds 
Uncalled bet ($8.50) returned to sta$igk
sta$igk collected $6 from pot
sta$igk: doesn't show hand 
*** SUMMARY ***
Total pot $6 | Rake $0 
Seat 1: Pippa83 folded before Flop (didn't bet)
Seat 2: FelipeC129 folded before Flop (didn't bet)
Seat 3: blistein (button) folded before Flop
Seat 4: sta$igk (small blind) collected ($6)
Seat 5: Joker007r (big blind) folded before Flop
Seat 6: Alinyr folded before Flop (didn't bet)



PokerStars Hand #254450065323:  Hold'em No Limit ($0.50/$1.00 USD) - 2025/01/19 16:54:39 WET [2025/01/19 11:54:39 ET]
Table 'Tololo III' 6-max Seat #4 is the button
Seat 1: Pippa83 ($111.67 in chips) 
Seat 2: FelipeC129 ($83.31 in chips) 
Seat 3: blistein ($104.39 in chips) 
Seat 4: sta$igk ($110.65 in chips) 
Seat 5: Joker007r ($108.61 in chips) 
Seat 6: Alinyr ($185.95 in chips) 
Joker007r: posts small blind $0.50
Alinyr: posts big blind $1
*** HOLE CARDS ***
Pippa83: raises $1.20 to $2.20
FelipeC129: folds 
blistein: folds 
sta$igk: folds 
Joker007r: folds 
Alinyr: folds 
Uncalled bet ($1.20) returned to Pippa83
Pippa83 collected $2.50 from pot
Pippa83: doesn't show hand 
*** SUMMARY ***
Total pot $2.50 | Rake $0 
Seat 1: Pippa83 collected ($2.50)
Seat 2: FelipeC129 folded before Flop (didn't bet)
Seat 3: blistein folded before Flop (didn't bet)
Seat 4: sta$igk (button) folded before Flop (didn't bet)
Seat 5: Joker007r (small blind) folded before Flop
Seat 6: Alinyr (big blind) folded before Flop



PokerStars Hand #254450073541:  Hold'em No Limit ($0.50/$1.00 USD) - 2025/01/19 16:55:08 WET [2025/01/19 11:55:08 ET]
Table 'Tololo III' 6-max Seat #5 is the button
Seat 1: Pippa83 ($113.17 in chips) 
Seat 2: FelipeC129 ($83.31 in chips) 
Seat 3: blistein ($104.39 in chips) 
Seat 4: sta$igk ($110.65 in chips) 
Seat 5: Joker007r ($108.11 in chips) 
Seat 6: Alinyr ($184.95 in chips) 
Alinyr: posts small blind $0.50
Pippa83: posts big blind $1
*** HOLE CARDS ***
FelipeC129: folds 
blistein: folds 
sta$igk: folds 
Joker007r: folds 
Alinyr: raises $2 to $3
Pippa83: raises $6 to $9
Alinyr: calls $6
*** FLOP *** [2h 6s 5s]
Alinyr: checks 
Pippa83: checks 
*** TURN *** [2h 6s 5s] [Qs]
Alinyr: checks 
Pippa83: bets $8.50
Alinyr: folds 
Uncalled bet ($8.50) returned to Pippa83
Pippa83 collected $17.10 from pot
Pippa83: doesn't show hand 
*** SUMMARY ***
Total pot $18 | Rake $0.90 
Board [2h 6s 5s Qs]
Seat 1: Pippa83 (big blind) collected ($17.10)
Seat 2: FelipeC129 folded before Flop (didn't bet)
Seat 3: blistein folded before Flop (didn't bet)
Seat 4: sta$igk folded before Flop (didn't bet)
Seat 5: Joker007r (button) folded before Flop (didn't bet)
Seat 6: Alinyr (small blind) folded on the Turn



PokerStars Hand #254450089073:  Hold'em No Limit ($0.50/$1.00 USD) - 2025/01/19 16:56:27 WET [2025/01/19 11:56:27 ET]
Table 'Tololo III' 6-max Seat #6 is the button
Seat 1: Pippa83 ($121.27 in chips) 
Seat 2: FelipeC129 ($83.31 in chips) 
Seat 3: blistein ($104.39 in chips) 
Seat 4: sta$igk ($110.65 in chips) 
Seat 5: Joker007r ($108.11 in chips) 
Seat 6: Alinyr ($175.95 in chips) 
Pippa83: posts small blind $0.50
FelipeC129: posts big blind $1
*** HOLE CARDS ***
blistein: folds 
sta$igk: folds 
Joker007r: raises $1.50 to $2.50
Alinyr: raises $5.50 to $8
Pippa83: folds 
FelipeC129: folds 
Joker007r: calls $5.50
*** FLOP *** [4c 2s Ac]
Joker007r: checks 
Alinyr: bets $4.16
Joker007r: folds 
Uncalled bet ($4.16) returned to Alinyr
Alinyr collected $16.62 from pot
Alinyr: doesn't show hand 
*** SUMMARY ***
Total pot $17.50 | Rake $0.88 
Board [4c 2s Ac]
Seat 1: Pippa83 (small blind) folded before Flop
Seat 2: FelipeC129 (big blind) folded before Flop
Seat 3: blistein folded before Flop (didn't bet)
Seat 4: sta$igk folded before Flop (didn't bet)
Seat 5: Joker007r folded on the Flop
Seat 6: Alinyr (button) collected ($16.62)



PokerStars Hand #254450098884:  Hold'em No Limit ($0.50/$1.00 USD) - 2025/01/19 16:57:16 WET [2025/01/19 11:57:16 ET]
Table 'Tololo III' 6-max Seat #1 is the button
Seat 1: Pippa83 ($120.77 in chips) 
Seat 2: FelipeC129 ($82.31 in chips) 
Seat 3: blistein ($104.39 in chips) 
Seat 4: sta$igk ($110.65 in chips) 
Seat 5: Joker007r ($100.11 in chips) 
Seat 6: Alinyr ($184.57 in chips) 
FelipeC129: posts small blind $0.50
blistein: posts big blind $1
*** HOLE CARDS ***
sta$igk: folds 
Joker007r: raises $2 to $3
Alinyr: folds 
Pippa83: folds 
FelipeC129: folds 
blistein: folds 
Uncalled bet ($2) returned to Joker007r
Joker007r collected $2.50 from pot
Joker007r: doesn't show hand 
*** SUMMARY ***
Total pot $2.50 | Rake $0 
Seat 1: Pippa83 (button) folded before Flop (didn't bet)
Seat 2: FelipeC129 (small blind) folded before Flop
Seat 3: blistein (big blind) folded before Flop
Seat 4: sta$igk folded before Flop (didn't bet)
Seat 5: Joker007r collected ($2.50)
Seat 6: Alinyr folded before Flop (didn't bet)



PokerStars Hand #254450102112:  Hold'em No Limit ($0.50/$1.00 USD) - 2025/01/19 16:57:33 WET [2025/01/19 11:57:33 ET]
Table 'Tololo III' 6-max Seat #2 is the button
Seat 1: Pippa83 ($120.77 in chips) 
Seat 2: FelipeC129 ($81.81 in chips) 
Seat 3: blistein ($103.39 in chips) 
Seat 4: sta$igk ($110.65 in chips) 
Seat 5: Joker007r ($101.61 in chips) 
Seat 6: Alinyr ($184.57 in chips) 
blistein: posts small blind $0.50
sta$igk: posts big blind $1
*** HOLE CARDS ***
Joker007r: folds 
Alinyr: folds 
Pippa83: raises $1.50 to $2.50
FelipeC129: folds 
blistein: folds 
sta$igk: calls $1.50
*** FLOP *** [Ad Tc 6s]
sta$igk: checks 
Pippa83: checks 
*** TURN *** [Ad Tc 6s] [4s]
sta$igk: checks 
Pippa83: checks 
*** RIVER *** [Ad Tc 6s 4s] [2d]
sta$igk: bets $3.92
Pippa83: calls $3.92
*** SHOW DOWN ***
sta$igk: shows [5c Ac] (a pair of Aces)
Pippa83: mucks hand 
sta$igk collected $12.67 from pot
*** SUMMARY ***
Total pot $13.34 | Rake $0.67 
Board [Ad Tc 6s 4s 2d]
Seat 1: Pippa83 mucked
Seat 2: FelipeC129 (button) folded before Flop (didn't bet)
Seat 3: blistein (small blind) folded before Flop
Seat 4: sta$igk (big blind) showed [5c Ac] and won ($12.67) with a pair of Aces
Seat 5: Joker007r folded before Flop (didn't bet)
Seat 6: Alinyr folded before Flop (didn't bet)



PokerStars Hand #254450111647:  Hold'em No Limit ($0.50/$1.00 USD) - 2025/01/19 16:58:21 WET [2025/01/19 11:58:21 ET]
Table 'Tololo III' 6-max Seat #3 is the button
Seat 1: Pippa83 ($114.35 in chips) 
Seat 2: FelipeC129 ($81.81 in chips) 
Seat 3: blistein ($102.89 in chips) 
Seat 4: sta$igk ($116.90 in chips) 
Seat 5: Joker007r ($101.61 in chips) 
Seat 6: Alinyr ($184.57 in chips) 
sta$igk: posts small blind $0.50
Joker007r: posts big blind $1
*** HOLE CARDS ***
Alinyr: folds 
Pippa83: folds 
FelipeC129: raises $1 to $2
blistein: folds 
sta$igk: folds 
Joker007r: calls $1
*** FLOP *** [Jc 3h Ad]
Joker007r: checks 
FelipeC129: bets $2
Joker007r: calls $2
*** TURN *** [Jc 3h Ad] [7d]
Joker007r: checks 
FelipeC129: checks 
*** RIVER *** [Jc 3h Ad 7d] [3d]
Joker007r: bets $2.67
FelipeC129: calls $2.67
*** SHOW DOWN ***
Joker007r: shows [Jd Th] (two pair, Jacks and Threes)
FelipeC129: mucks hand 
Joker007r collected $13.15 from pot
*** SUMMARY ***
Total pot $13.84 | Rake $0.69 
Board [Jc 3h Ad 7d 3d]
Seat 1: Pippa83 folded before Flop (didn't bet)
Seat 2: FelipeC129 mucked
Seat 3: blistein (button) folded before Flop (didn't bet)
Seat 4: sta$igk (small blind) folded before Flop
Seat 5: Joker007r (big blind) showed [Jd Th] and won ($13.15) with two pair, Jacks and Threes
Seat 6: Alinyr folded before Flop (didn't bet)



PokerStars Hand #254450119417:  Hold'em No Limit ($0.50/$1.00 USD) - 2025/01/19 16:59:01 WET [2025/01/19 11:59:01 ET]
Table 'Tololo III' 6-max Seat #4 is the button
Seat 1: Pippa83 ($114.35 in chips) 
Seat 2: FelipeC129 ($75.14 in chips) 
Seat 3: blistein ($102.89 in chips) 
Seat 4: sta$igk ($116.40 in chips) 
Seat 5: Joker007r ($108.09 in chips) 
Seat 6: Alinyr ($184.57 in chips) 
Joker007r: posts small blind $0.50
Alinyr: posts big blind $1
*** HOLE CARDS ***
Pippa83: folds 
FelipeC129: raises $1 to $2
blistein: folds 
sta$igk: folds 
Joker007r: folds 
Alinyr: calls $1
*** FLOP *** [4h 9d 8s]
Alinyr: checks 
FelipeC129: bets $2
Alinyr: folds 
Uncalled bet ($2) returned to FelipeC129
FelipeC129 collected $4.28 from pot
FelipeC129: doesn't show hand 
*** SUMMARY ***
Total pot $4.50 | Rake $0.22 
Board [4h 9d 8s]
Seat 1: Pippa83 folded before Flop (didn't bet)
Seat 2: FelipeC129 collected ($4.28)
Seat 3: blistein folded before Flop (didn't bet)
Seat 4: sta$igk (button) folded before Flop (didn't bet)
Seat 5: Joker007r (small blind) folded before Flop
Seat 6: Alinyr (big blind) folded on the Flop



PokerStars Hand #254450124996:  Hold'em No Limit ($0.50/$1.00 USD) - 2025/01/19 16:59:28 WET [2025/01/19 11:59:28 ET]
Table 'Tololo III' 6-max Seat #5 is the button
Seat 1: Pippa83 ($114.35 in chips) 
Seat 2: FelipeC129 ($77.42 in chips) 
Seat 3: blistein ($102.89 in chips) 
Seat 4: sta$igk ($116.40 in chips) 
Seat 5: Joker007r ($107.59 in chips) 
Seat 6: Alinyr ($182.57 in chips) 
Alinyr: posts small blind $0.50
Pippa83: posts big blind $1
*** HOLE CARDS ***
FelipeC129: folds 
blistein: folds 
sta$igk: raises $1.50 to $2.50
Joker007r: folds 
Alinyr: raises $10.50 to $13
Pippa83: folds 
sta$igk: folds 
Uncalled bet ($10.50) returned to Alinyr
Alinyr collected $6 from pot
Alinyr: doesn't show hand 
*** SUMMARY ***
Total pot $6 | Rake $0 
Seat 1: Pippa83 (big blind) folded before Flop
Seat 2: FelipeC129 folded before Flop (didn't bet)
Seat 3: blistein folded before Flop (didn't bet)
Seat 4: sta$igk folded before Flop
Seat 5: Joker007r (button) folded before Flop (didn't bet)
Seat 6: Alinyr (small blind) collected ($6)



PokerStars Hand #254450129732:  Hold'em No Limit ($0.50/$1.00 USD) - 2025/01/19 16:59:50 WET [2025/01/19 11:59:50 ET]
Table 'Tololo III' 6-max Seat #6 is the button
Seat 1: Pippa83 ($113.35 in chips) 
Seat 2: FelipeC129 ($77.42 in chips) 
Seat 3: blistein ($102.89 in chips) 
Seat 4: sta$igk ($113.90 in chips) 
Seat 5: Joker007r ($107.59 in chips) 
Seat 6: Alinyr ($186.07 in chips) 
Pippa83: posts small blind $0.50
FelipeC129: posts big blind $1
*** HOLE CARDS ***
blistein: raises $1.20 to $2.20
sta$igk: folds 
Joker007r: folds 
Alinyr: folds 
Pippa83: folds 
FelipeC129: calls $1.20
*** FLOP *** [7s Js Ks]
FelipeC129: checks 
blistein: checks 
*** TURN *** [7s Js Ks] [Kh]
FelipeC129: checks 
blistein: checks 
*** RIVER *** [7s Js Ks Kh] [5s]
FelipeC129: checks 
blistein: checks 
*** SHOW DOWN ***
FelipeC129: shows [7h 2h] (two pair, Kings and Sevens)
blistein: mucks hand 
FelipeC129 collected $4.66 from pot
*** SUMMARY ***
Total pot $4.90 | Rake $0.24 
Board [7s Js Ks Kh 5s]
Seat 1: Pippa83 (small blind) folded before Flop
Seat 2: FelipeC129 (big blind) showed [7h 2h] and won ($4.66) with two pair, Kings and Sevens
Seat 3: blistein mucked
Seat 4: sta$igk folded before Flop (didn't bet)
Seat 5: Joker007r folded before Flop (didn't bet)
Seat 6: Alinyr (button) folded before Flop (didn't bet)



PokerStars Hand #254450143257:  Hold'em No Limit ($0.50/$1.00 USD) - 2025/01/19 17:00:54 WET [2025/01/19 12:00:54 ET]
Table 'Tololo III' 6-max Seat #1 is the button
Seat 1: Pippa83 ($112.85 in chips) 
Seat 2: FelipeC129 ($79.88 in chips) 
Seat 3: blistein ($100.69 in chips) 
Seat 4: sta$igk ($113.90 in chips) 
Seat 5: Joker007r ($107.59 in chips) 
Seat 6: Alinyr ($186.07 in chips) 
FelipeC129: posts small blind $0.50
blistein: posts big blind $1
*** HOLE CARDS ***
sta$igk: folds 
Joker007r: folds 
Alinyr: folds 
Pippa83: folds 
FelipeC129: raises $1 to $2
blistein: calls $1
*** FLOP *** [6s 5h 8d]
FelipeC129: bets $2
blistein: calls $2
*** TURN *** [6s 5h 8d] [Td]
FelipeC129: bets $4
blistein: calls $4
*** RIVER *** [6s 5h 8d Td] [Kh]
FelipeC129: bets $9
blistein: raises $21 to $30
FelipeC129: folds 
Uncalled bet ($21) returned to blistein
blistein collected $32.30 from pot
blistein: doesn't show hand 
*** SUMMARY ***
Total pot $34 | Rake $1.70 
Board [6s 5h 8d Td Kh]
Seat 1: Pippa83 (button) folded before Flop (didn't bet)
Seat 2: FelipeC129 (small blind) folded on the River
Seat 3: blistein (big blind) collected ($32.30)
Seat 4: sta$igk folded before Flop (didn't bet)
Seat 5: Joker007r folded before Flop (didn't bet)
Seat 6: Alinyr folded before Flop (didn't bet)



PokerStars Hand #254450180869:  Hold'em No Limit ($0.50/$1.00 USD) - 2025/01/19 17:03:08 WET [2025/01/19 12:03:08 ET]
Table 'Tololo III' 6-max Seat #2 is the button
Seat 1: Pippa83 ($112.85 in chips) 
Seat 2: FelipeC129 ($62.88 in chips) 
Seat 3: blistein ($115.99 in chips) 
Seat 4: sta$igk ($113.90 in chips) 
Seat 5: Joker007r ($107.59 in chips) 
Seat 6: Alinyr ($186.07 in chips) 
blistein: posts small blind $0.50
sta$igk: posts big blind $1
*** HOLE CARDS ***
Joker007r: folds 
Alinyr: folds 
Pippa83: folds 
FelipeC129: folds 
blistein: folds 
Uncalled bet ($0.50) returned to sta$igk
sta$igk collected $1 from pot
sta$igk: doesn't show hand 
*** SUMMARY ***
Total pot $1 | Rake $0 
Seat 1: Pippa83 folded before Flop (didn't bet)
Seat 2: FelipeC129 (button) folded before Flop (didn't bet)
Seat 3: blistein (small blind) folded before Flop
Seat 4: sta$igk (big blind) collected ($1)
Seat 5: Joker007r folded before Flop (didn't bet)
Seat 6: Alinyr folded before Flop (didn't bet)



PokerStars Hand #254450186526:  Hold'em No Limit ($0.50/$1.00 USD) - 2025/01/19 17:03:28 WET [2025/01/19 12:03:28 ET]
Table 'Tololo III' 6-max Seat #3 is the button
Seat 1: Pippa83 ($112.85 in chips) 
Seat 2: FelipeC129 ($62.88 in chips) 
Seat 3: blistein ($115.49 in chips) 
Seat 4: sta$igk ($114.40 in chips) 
Seat 5: Joker007r ($107.59 in chips) 
Seat 6: Alinyr ($186.07 in chips) 
sta$igk: posts small blind $0.50
Joker007r: posts big blind $1
*** HOLE CARDS ***
Alinyr: folds 
Pippa83: folds 
FelipeC129: folds 
blistein: raises $1.50 to $2.50
sta$igk: folds 
Joker007r: folds 
Uncalled bet ($1.50) returned to blistein
blistein collected $2.50 from pot
blistein: doesn't show hand 
*** SUMMARY ***
Total pot $2.50 | Rake $0 
Seat 1: Pippa83 folded before Flop (didn't bet)
Seat 2: FelipeC129 folded before Flop (didn't bet)
Seat 3: blistein (button) collected ($2.50)
Seat 4: sta$igk (small blind) folded before Flop
Seat 5: Joker007r (big blind) folded before Flop
Seat 6: Alinyr folded before Flop (didn't bet)



PokerStars Hand #254450193950:  Hold'em No Limit ($0.50/$1.00 USD) - 2025/01/19 17:03:51 WET [2025/01/19 12:03:51 ET]
Table 'Tololo III' 6-max Seat #4 is the button
Seat 1: Pippa83 ($112.85 in chips) 
Seat 2: FelipeC129 ($62.88 in chips) 
Seat 3: blistein ($116.99 in chips) 
Seat 4: sta$igk ($113.90 in chips) 
Seat 5: Joker007r ($106.59 in chips) 
Seat 6: Alinyr ($186.07 in chips) 
Joker007r: posts small blind $0.50
Alinyr: posts big blind $1
*** HOLE CARDS ***
Pippa83: folds 
FelipeC129: raises $1 to $2
blistein: folds 
sta$igk: folds 
Joker007r: folds 
Alinyr: calls $1
*** FLOP *** [Kh Th 9s]
Alinyr: checks 
FelipeC129: bets $3
Alinyr: calls $3
*** TURN *** [Kh Th 9s] [7h]
Alinyr: checks 
FelipeC129: bets $5
Alinyr: raises $13.19 to $18.19
FelipeC129: folds 
Uncalled bet ($13.19) returned to Alinyr
Alinyr collected $19.48 from pot
Alinyr: doesn't show hand 
*** SUMMARY ***
Total pot $20.50 | Rake $1.02 
Board [Kh Th 9s 7h]
Seat 1: Pippa83 folded before Flop (didn't bet)
Seat 2: FelipeC129 folded on the Turn
Seat 3: blistein folded before Flop (didn't bet)
Seat 4: sta$igk (button) folded before Flop (didn't bet)
Seat 5: Joker007r (small blind) folded before Flop
Seat 6: Alinyr (big blind) collected ($19.48)



PokerStars Hand #254450215065:  Hold'em No Limit ($0.50/$1.00 USD) - 2025/01/19 17:05:00 WET [2025/01/19 12:05:00 ET]
Table 'Tololo III' 6-max Seat #5 is the button
Seat 1: Pippa83 ($112.85 in chips) 
Seat 2: FelipeC129 ($52.88 in chips) 
Seat 3: blistein ($116.99 in chips) 
Seat 4: sta$igk ($113.90 in chips) 
Seat 5: Joker007r ($106.09 in chips) 
Seat 6: Alinyr ($195.55 in chips) 
Alinyr: posts small blind $0.50
Pippa83: posts big blind $1
*** HOLE CARDS ***
FelipeC129: raises $1 to $2
blistein: folds 
sta$igk: folds 
Joker007r: folds 
Alinyr: folds 
Pippa83: calls $1
*** FLOP *** [Ad Qs Td]
Pippa83: checks 
FelipeC129: bets $2
Pippa83: folds 
Uncalled bet ($2) returned to FelipeC129
FelipeC129 collected $4.28 from pot
FelipeC129: doesn't show hand 
*** SUMMARY ***
Total pot $4.50 | Rake $0.22 
Board [Ad Qs Td]
Seat 1: Pippa83 (big blind) folded on the Flop
Seat 2: FelipeC129 collected ($4.28)
Seat 3: blistein folded before Flop (didn't bet)
Seat 4: sta$igk folded before Flop (didn't bet)
Seat 5: Joker007r (button) folded before Flop (didn't bet)
Seat 6: Alinyr (small blind) folded before Flop



PokerStars Hand #254450222003:  Hold'em No Limit ($0.50/$1.00 USD) - 2025/01/19 17:05:23 WET [2025/01/19 12:05:23 ET]
Table 'Tololo III' 6-max Seat #6 is the button
Seat 1: Pippa83 ($110.85 in chips) 
Seat 2: FelipeC129 ($55.16 in chips) 
Seat 3: blistein ($116.99 in chips) 
Seat 4: sta$igk ($113.90 in chips) 
Seat 5: Joker007r ($106.09 in chips) 
Seat 6: Alinyr ($195.05 in chips) 
Pippa83: posts small blind $0.50
FelipeC129: posts big blind $1
*** HOLE CARDS ***
blistein: folds 
sta$igk: folds 
Joker007r: raises $1.50 to $2.50
Alinyr: calls $2.50
Pippa83: folds 
FelipeC129: calls $1.50
*** FLOP *** [2c 9s Ad]
FelipeC129: checks 
Joker007r: checks 
Alinyr: checks 
*** TURN *** [2c 9s Ad] [Kh]
FelipeC129: bets $5
Joker007r: calls $5
Alinyr: calls $5
*** RIVER *** [2c 9s Ad Kh] [2h]
FelipeC129: bets $18
Joker007r: calls $18
Alinyr: folds 
*** SHOW DOWN ***
FelipeC129: shows [6h 3s] (a pair of Deuces)
Joker007r: shows [As 5s] (two pair, Aces and Deuces)
Joker007r collected $56.50 from pot
*** SUMMARY ***
Total pot $59 | Rake $2.50 
Board [2c 9s Ad Kh 2h]
Seat 1: Pippa83 (small blind) folded before Flop
Seat 2: FelipeC129 (big blind) showed [6h 3s] and lost with a pair of Deuces
Seat 3: blistein folded before Flop (didn't bet)
Seat 4: sta$igk folded before Flop (didn't bet)
Seat 5: Joker007r showed [As 5s] and won ($56.50) with two pair, Aces and Deuces
Seat 6: Alinyr (button) folded on the River



PokerStars Hand #254450240398:  Hold'em No Limit ($0.50/$1.00 USD) - 2025/01/19 17:06:23 WET [2025/01/19 12:06:23 ET]
Table 'Tololo III' 6-max Seat #1 is the button
Seat 1: Pippa83 ($110.35 in chips) 
Seat 2: FelipeC129 ($29.66 in chips) 
Seat 3: blistein ($116.99 in chips) 
Seat 4: sta$igk ($113.90 in chips) 
Seat 5: Joker007r ($137.09 in chips) 
Seat 6: Alinyr ($187.55 in chips) 
FelipeC129: posts small blind $0.50
blistein: posts big blind $1
*** HOLE CARDS ***
sta$igk: folds 
Joker007r: folds 
Alinyr: raises $1.28 to $2.28
Pippa83: folds 
FelipeC129: folds 
blistein: calls $1.28
*** FLOP *** [Js 5d Ks]
FelipeC129 leaves the table
Joker007r leaves the table
blistein: checks 
Alinyr: bets $5.39
Pippa83 leaves the table
sta$igk leaves the table
blistein: folds 
Uncalled bet ($5.39) returned to Alinyr
Alinyr collected $4.81 from pot
Alinyr: doesn't show hand 
*** SUMMARY ***
Total pot $5.06 | Rake $0.25 
Board [Js 5d Ks]
Seat 1: Pippa83 (button) folded before Flop (didn't bet)
Seat 2: FelipeC129 (small blind) folded before Flop
Seat 3: blistein (big blind) folded on the Flop
Seat 4: sta$igk folded before Flop (didn't bet)
Seat 5: Joker007r folded before Flop (didn't bet)
Seat 6: Alinyr collected ($4.81)



PokerStars Hand #254450257713:  Hold'em No Limit ($0.50/$1.00 USD) - 2025/01/19 17:07:19 WET [2025/01/19 12:07:19 ET]
Table 'Tololo III' 6-max Seat #3 is the button
Seat 3: blistein ($114.71 in chips) 
Seat 6: Alinyr ($190.08 in chips) 
blistein: posts small blind $0.50
Alinyr: posts big blind $1
*** HOLE CARDS ***
blistein: raises $1.50 to $2.50
Alinyr: raises $10.50 to $13
blistein: folds 
Uncalled bet ($10.50) returned to Alinyr
Alinyr collected $5 from pot
Alinyr: doesn't show hand 
blistein leaves the table
*** SUMMARY ***
Total pot $5 | Rake $0 
Seat 3: blistein (button) (small blind) folded before Flop
Seat 6: Alinyr (big blind) collected ($5)



