PokerStars Hand #254445656999:  Hold'em No Limit ($0.50/$1.00 USD) - 2025/01/19 11:45:45 WET [2025/01/19 6:45:45 ET]
Table 'Perihelion III' 6-max Seat #2 is the button
Seat 1: LuckyShikari ($100 in chips) 
Seat 2: littleboy930 ($103.38 in chips) 
Seat 3: peak joker33 ($106.74 in chips) 
Seat 4: gudrozd ($100 in chips) 
Seat 5: Rysiff ($100 in chips) 
Seat 6: active27 ($99.50 in chips) 
peak joker33: posts small blind $0.50
gudrozd: posts big blind $1
*** HOLE CARDS ***
Rysiff: folds 
active27: raises $1.50 to $2.50
LuckyShikari: folds 
littleboy930: raises $4.50 to $7
peak joker33: folds 
gudrozd: folds 
active27: folds 
Uncalled bet ($4.50) returned to littleboy930
littleboy930 collected $6.50 from pot
*** SUMMARY ***
Total pot $6.50 | Rake $0 
Seat 1: LuckyShikari folded before Flop (didn't bet)
Seat 2: littleboy930 (button) collected ($6.50)
Seat 3: peak joker33 (small blind) folded before Flop
Seat 4: gudrozd (big blind) folded before Flop
Seat 5: Rysiff folded before Flop (didn't bet)
Seat 6: active27 folded before Flop



PokerStars Hand #254445661109:  Hold'em No Limit ($0.50/$1.00 USD) - 2025/01/19 11:46:13 WET [2025/01/19 6:46:13 ET]
Table 'Perihelion III' 6-max Seat #3 is the button
Seat 1: LuckyShikari ($100 in chips) 
Seat 2: littleboy930 ($107.38 in chips) 
Seat 3: peak joker33 ($106.24 in chips) 
Seat 4: gudrozd ($100 in chips) 
Seat 5: Rysiff ($100 in chips) 
Seat 6: active27 ($97 in chips) 
gudrozd: posts small blind $0.50
Rysiff: posts big blind $1
*** HOLE CARDS ***
active27: folds 
LuckyShikari: raises $1.25 to $2.25
littleboy930: calls $2.25
peak joker33: folds 
gudrozd: folds 
Rysiff: folds 
*** FLOP *** [Ac 2h 4s]
LuckyShikari: bets $3
littleboy930: calls $3
*** TURN *** [Ac 2h 4s] [Kc]
LuckyShikari: bets $8.50
littleboy930: calls $8.50
*** RIVER *** [Ac 2h 4s Kc] [Th]
LuckyShikari: bets $23.50
littleboy930: raises $32.50 to $56
LuckyShikari: raises $30.25 to $86.25 and is all-in
littleboy930: calls $30.25
*** SHOW DOWN ***
LuckyShikari: shows [Js Qc] (a straight, Ten to Ace)
littleboy930: shows [As Td] (two pair, Aces and Tens)
LuckyShikari collected $199 from pot
*** SUMMARY ***
Total pot $201.50 | Rake $2.50 
Board [Ac 2h 4s Kc Th]
Seat 1: LuckyShikari showed [Js Qc] and won ($199) with a straight, Ten to Ace
Seat 2: littleboy930 showed [As Td] and lost with two pair, Aces and Tens
Seat 3: peak joker33 (button) folded before Flop (didn't bet)
Seat 4: gudrozd (small blind) folded before Flop
Seat 5: Rysiff (big blind) folded before Flop
Seat 6: active27 folded before Flop (didn't bet)



PokerStars Hand #254445668252:  Hold'em No Limit ($0.50/$1.00 USD) - 2025/01/19 11:47:02 WET [2025/01/19 6:47:02 ET]
Table 'Perihelion III' 6-max Seat #4 is the button
Seat 1: LuckyShikari ($199 in chips) 
Seat 2: littleboy930 ($7.38 in chips) 
Seat 3: peak joker33 ($106.24 in chips) 
Seat 4: gudrozd ($100 in chips) 
Seat 5: Rysiff ($100 in chips) 
Seat 6: active27 ($97 in chips) 
Rysiff: posts small blind $0.50
active27: posts big blind $1
*** HOLE CARDS ***
LuckyShikari: folds 
littleboy930: folds 
peak joker33: folds 
gudrozd: folds 
Rysiff: raises $2 to $3
active27: calls $2
*** FLOP *** [Ad Kc Js]
Rysiff: bets $1.88
active27: calls $1.88
*** TURN *** [Ad Kc Js] [6c]
Rysiff: checks 
active27: bets $5
Rysiff: calls $5
*** RIVER *** [Ad Kc Js 6c] [Th]
Rysiff: checks 
active27: bets $16.39
Rysiff: folds 
Uncalled bet ($16.39) returned to active27
active27 collected $18.77 from pot
active27: doesn't show hand 
*** SUMMARY ***
Total pot $19.76 | Rake $0.99 
Board [Ad Kc Js 6c Th]
Seat 1: LuckyShikari folded before Flop (didn't bet)
Seat 2: littleboy930 folded before Flop (didn't bet)
Seat 3: peak joker33 folded before Flop (didn't bet)
Seat 4: gudrozd (button) folded before Flop (didn't bet)
Seat 5: Rysiff (small blind) folded on the River
Seat 6: active27 (big blind) collected ($18.77)



PokerStars Hand #254445679477:  Hold'em No Limit ($0.50/$1.00 USD) - 2025/01/19 11:48:20 WET [2025/01/19 6:48:20 ET]
Table 'Perihelion III' 6-max Seat #5 is the button
Seat 1: LuckyShikari ($199 in chips) is sitting out
Seat 2: littleboy930 ($7.38 in chips) 
Seat 3: peak joker33 ($106.24 in chips) 
Seat 4: gudrozd ($100 in chips) 
Seat 5: Rysiff ($100 in chips) 
Seat 6: active27 ($105.89 in chips) 
active27: posts small blind $0.50
LuckyShikari: is sitting out 
littleboy930: posts big blind $1
*** HOLE CARDS ***
peak joker33: folds 
gudrozd: folds 
Rysiff: folds 
active27: folds 
Uncalled bet ($0.50) returned to littleboy930
littleboy930 collected $1 from pot
*** SUMMARY ***
Total pot $1 | Rake $0 
Seat 1: LuckyShikari
Seat 2: littleboy930 (big blind) collected ($1)
Seat 3: peak joker33 folded before Flop (didn't bet)
Seat 4: gudrozd folded before Flop (didn't bet)
Seat 5: Rysiff (button) folded before Flop (didn't bet)
Seat 6: active27 (small blind) folded before Flop



PokerStars Hand #254445680923:  Hold'em No Limit ($0.50/$1.00 USD) - 2025/01/19 11:48:30 WET [2025/01/19 6:48:30 ET]
Table 'Perihelion III' 6-max Seat #6 is the button
Seat 1: LuckyShikari ($199 in chips) is sitting out
Seat 2: littleboy930 ($7.88 in chips) 
Seat 3: peak joker33 ($106.24 in chips) 
Seat 4: gudrozd ($100 in chips) 
Seat 5: Rysiff ($100 in chips) 
Seat 6: active27 ($105.39 in chips) 
littleboy930: posts small blind $0.50
peak joker33: posts big blind $1
*** HOLE CARDS ***
gudrozd: folds 
Rysiff: folds 
active27: raises $1.50 to $2.50
littleboy930: folds 
peak joker33: folds 
Uncalled bet ($1.50) returned to active27
active27 collected $2.50 from pot
active27: doesn't show hand 
*** SUMMARY ***
Total pot $2.50 | Rake $0 
Seat 1: LuckyShikari
Seat 2: littleboy930 (small blind) folded before Flop
Seat 3: peak joker33 (big blind) folded before Flop
Seat 4: gudrozd folded before Flop (didn't bet)
Seat 5: Rysiff folded before Flop (didn't bet)
Seat 6: active27 (button) collected ($2.50)



PokerStars Hand #254445683843:  Hold'em No Limit ($0.50/$1.00 USD) - 2025/01/19 11:48:50 WET [2025/01/19 6:48:50 ET]
Table 'Perihelion III' 6-max Seat #2 is the button
Seat 1: LuckyShikari ($199 in chips) is sitting out
Seat 2: littleboy930 ($7.38 in chips) 
Seat 3: peak joker33 ($105.24 in chips) 
Seat 4: gudrozd ($100 in chips) 
Seat 5: Rysiff ($100 in chips) 
Seat 6: active27 ($106.89 in chips) 
peak joker33: posts small blind $0.50
gudrozd: posts big blind $1
*** HOLE CARDS ***
Rysiff: folds 
active27: folds 
littleboy930: raises $2 to $3
peak joker33: folds 
gudrozd: raises $6 to $9
littleboy930: calls $4.38 and is all-in
Uncalled bet ($1.62) returned to gudrozd
*** FLOP *** [8d 7d 3d]
*** TURN *** [8d 7d 3d] [Kd]
*** RIVER *** [8d 7d 3d Kd] [Ah]
*** SHOW DOWN ***
gudrozd: shows [Jd Kh] (a flush, King high)
littleboy930: shows [Qd 9s] (a flush, King high - Queen higher)
littleboy930 collected $14.50 from pot
*** SUMMARY ***
Total pot $15.26 | Rake $0.76 
Board [8d 7d 3d Kd Ah]
Seat 1: LuckyShikari
Seat 2: littleboy930 (button) showed [Qd 9s] and won ($14.50) with a flush, King high
Seat 3: peak joker33 (small blind) folded before Flop
Seat 4: gudrozd (big blind) showed [Jd Kh] and lost with a flush, King high
Seat 5: Rysiff folded before Flop (didn't bet)
Seat 6: active27 folded before Flop (didn't bet)



PokerStars Hand #254445687543:  Hold'em No Limit ($0.50/$1.00 USD) - 2025/01/19 11:49:16 WET [2025/01/19 6:49:16 ET]
Table 'Perihelion III' 6-max Seat #3 is the button
Seat 1: LuckyShikari ($199 in chips) is sitting out
Seat 2: littleboy930 ($14.50 in chips) 
Seat 3: peak joker33 ($104.74 in chips) 
Seat 4: gudrozd ($100 in chips) 
Seat 5: Rysiff ($100 in chips) 
Seat 6: active27 ($106.89 in chips) 
gudrozd: posts small blind $0.50
Rysiff: posts big blind $1
*** HOLE CARDS ***
active27: raises $1.50 to $2.50
littleboy930: calls $2.50
peak joker33: folds 
gudrozd: calls $2
Rysiff: raises $13.50 to $16
active27: folds 
littleboy930: calls $12 and is all-in
gudrozd: folds 
Uncalled bet ($1.50) returned to Rysiff
*** FLOP *** [9c 2h 6s]
*** TURN *** [9c 2h 6s] [Qc]
*** RIVER *** [9c 2h 6s Qc] [Qs]
LuckyShikari leaves the table
*** SHOW DOWN ***
Rysiff: shows [Kc Qh] (three of a kind, Queens)
littleboy930: shows [8s 8c] (two pair, Queens and Eights)
Rysiff collected $32.30 from pot
*** SUMMARY ***
Total pot $34 | Rake $1.70 
Board [9c 2h 6s Qc Qs]
Seat 1: LuckyShikari
Seat 2: littleboy930 showed [8s 8c] and lost with two pair, Queens and Eights
Seat 3: peak joker33 (button) folded before Flop (didn't bet)
Seat 4: gudrozd (small blind) folded before Flop
Seat 5: Rysiff (big blind) showed [Kc Qh] and won ($32.30) with three of a kind, Queens
Seat 6: active27 folded before Flop



PokerStars Hand #254445698428:  Hold'em No Limit ($0.50/$1.00 USD) - 2025/01/19 11:50:30 WET [2025/01/19 6:50:30 ET]
Table 'Perihelion III' 6-max Seat #4 is the button
Seat 2: littleboy930 ($0 in chips) is sitting out
Seat 3: peak joker33 ($104.74 in chips) 
Seat 4: gudrozd ($100 in chips) 
Seat 5: Rysiff ($117.80 in chips) 
Seat 6: active27 ($104.39 in chips) 
Rysiff: posts small blind $0.50
active27: posts big blind $1
*** HOLE CARDS ***
peak joker33: raises $1.50 to $2.50
gudrozd: folds 
Rysiff: folds 
active27: folds 
Uncalled bet ($1.50) returned to peak joker33
peak joker33 collected $2.50 from pot
peak joker33: doesn't show hand 
*** SUMMARY ***
Total pot $2.50 | Rake $0 
Seat 2: littleboy930
Seat 3: peak joker33 collected ($2.50)
Seat 4: gudrozd (button) folded before Flop (didn't bet)
Seat 5: Rysiff (small blind) folded before Flop
Seat 6: active27 (big blind) folded before Flop



PokerStars Hand #254445699910:  Hold'em No Limit ($0.50/$1.00 USD) - 2025/01/19 11:50:40 WET [2025/01/19 6:50:40 ET]
Table 'Perihelion III' 6-max Seat #5 is the button
Seat 2: littleboy930 ($100 in chips) 
Seat 3: peak joker33 ($106.24 in chips) 
Seat 4: gudrozd ($100 in chips) 
Seat 5: Rysiff ($117.30 in chips) 
Seat 6: active27 ($103.39 in chips) 
active27: posts small blind $0.50
littleboy930: posts big blind $1
*** HOLE CARDS ***
peak joker33: raises $1.50 to $2.50
gudrozd: folds 
Rysiff: folds 
active27: folds 
janarr5 joins the table at seat #1 
littleboy930: folds 
Uncalled bet ($1.50) returned to peak joker33
peak joker33 collected $2.50 from pot
peak joker33: doesn't show hand 
*** SUMMARY ***
Total pot $2.50 | Rake $0 
Seat 2: littleboy930 (big blind) folded before Flop
Seat 3: peak joker33 collected ($2.50)
Seat 4: gudrozd folded before Flop (didn't bet)
Seat 5: Rysiff (button) folded before Flop (didn't bet)
Seat 6: active27 (small blind) folded before Flop



PokerStars Hand #254445702941:  Hold'em No Limit ($0.50/$1.00 USD) - 2025/01/19 11:51:00 WET [2025/01/19 6:51:00 ET]
Table 'Perihelion III' 6-max Seat #6 is the button
Seat 1: janarr5 ($100 in chips) is sitting out
Seat 2: littleboy930 ($99 in chips) 
Seat 3: peak joker33 ($107.74 in chips) 
Seat 4: gudrozd ($100 in chips) 
Seat 5: Rysiff ($117.30 in chips) 
Seat 6: active27 ($102.89 in chips) 
littleboy930: posts small blind $0.50
peak joker33: posts big blind $1
*** HOLE CARDS ***
gudrozd: folds 
Rysiff: folds 
active27: folds 
littleboy930: calls $0.50
peak joker33: checks 
*** FLOP *** [Js Qc Jh]
littleboy930: checks 
peak joker33: checks 
*** TURN *** [Js Qc Jh] [Jd]
littleboy930: checks 
peak joker33: checks 
*** RIVER *** [Js Qc Jh Jd] [8c]
littleboy930: checks 
peak joker33: checks 
*** SHOW DOWN ***
littleboy930: shows [5c 6c] (three of a kind, Jacks)
peak joker33: shows [9h 7s] (three of a kind, Jacks - Queen+Nine kicker)
peak joker33 collected $1.90 from pot
*** SUMMARY ***
Total pot $2 | Rake $0.10 
Board [Js Qc Jh Jd 8c]
Seat 1: janarr5
Seat 2: littleboy930 (small blind) showed [5c 6c] and lost with three of a kind, Jacks
Seat 3: peak joker33 (big blind) showed [9h 7s] and won ($1.90) with three of a kind, Jacks
Seat 4: gudrozd folded before Flop (didn't bet)
Seat 5: Rysiff folded before Flop (didn't bet)
Seat 6: active27 (button) folded before Flop (didn't bet)



PokerStars Hand #254445709083:  Hold'em No Limit ($0.50/$1.00 USD) - 2025/01/19 11:51:43 WET [2025/01/19 6:51:43 ET]
Table 'Perihelion III' 6-max Seat #2 is the button
Seat 1: janarr5 ($100 in chips) is sitting out
Seat 2: littleboy930 ($98 in chips) 
Seat 3: peak joker33 ($108.64 in chips) 
Seat 4: gudrozd ($100 in chips) 
Seat 5: Rysiff ($117.30 in chips) 
Seat 6: active27 ($102.89 in chips) 
peak joker33: posts small blind $0.50
gudrozd: posts big blind $1
janarr5: sits out 
*** HOLE CARDS ***
Rysiff: folds 
active27: folds 
littleboy930: raises $2 to $3
peak joker33: folds 
gudrozd: calls $2
*** FLOP *** [Jc 8h 6c]
gudrozd: checks 
littleboy930: checks 
*** TURN *** [Jc 8h 6c] [As]
gudrozd: checks 
littleboy930: bets $3
gudrozd: folds 
Uncalled bet ($3) returned to littleboy930
littleboy930 collected $6.18 from pot
*** SUMMARY ***
Total pot $6.50 | Rake $0.32 
Board [Jc 8h 6c As]
Seat 1: janarr5
Seat 2: littleboy930 (button) collected ($6.18)
Seat 3: peak joker33 (small blind) folded before Flop
Seat 4: gudrozd (big blind) folded on the Turn
Seat 5: Rysiff folded before Flop (didn't bet)
Seat 6: active27 folded before Flop (didn't bet)



PokerStars Hand #254445716362:  Hold'em No Limit ($0.50/$1.00 USD) - 2025/01/19 11:52:32 WET [2025/01/19 6:52:32 ET]
Table 'Perihelion III' 6-max Seat #3 is the button
Seat 1: janarr5 ($100 in chips) is sitting out
Seat 2: littleboy930 ($101.18 in chips) 
Seat 3: peak joker33 ($108.14 in chips) 
Seat 4: gudrozd ($100 in chips) 
Seat 5: Rysiff ($117.30 in chips) 
Seat 6: active27 ($102.89 in chips) 
gudrozd: posts small blind $0.50
Rysiff: posts big blind $1
janarr5: sits out 
*** HOLE CARDS ***
active27: folds 
littleboy930: folds 
peak joker33: raises $1.50 to $2.50
gudrozd: folds 
Rysiff: calls $1.50
*** FLOP *** [Js Ac Kh]
Rysiff: checks 
peak joker33: checks 
*** TURN *** [Js Ac Kh] [9c]
Rysiff: bets $8
peak joker33: calls $8
*** RIVER *** [Js Ac Kh 9c] [4d]
Rysiff: bets $29
peak joker33: folds 
Uncalled bet ($29) returned to Rysiff
Rysiff collected $20.42 from pot
Rysiff: doesn't show hand 
*** SUMMARY ***
Total pot $21.50 | Rake $1.08 
Board [Js Ac Kh 9c 4d]
Seat 1: janarr5
Seat 2: littleboy930 folded before Flop (didn't bet)
Seat 3: peak joker33 (button) folded on the River
Seat 4: gudrozd (small blind) folded before Flop
Seat 5: Rysiff (big blind) collected ($20.42)
Seat 6: active27 folded before Flop (didn't bet)



PokerStars Hand #254445728736:  Hold'em No Limit ($0.50/$1.00 USD) - 2025/01/19 11:53:57 WET [2025/01/19 6:53:57 ET]
Table 'Perihelion III' 6-max Seat #4 is the button
Seat 1: janarr5 ($100 in chips) is sitting out
Seat 2: littleboy930 ($101.18 in chips) 
Seat 3: peak joker33 ($100 in chips) 
Seat 4: gudrozd ($100 in chips) 
Seat 5: Rysiff ($127.22 in chips) 
Seat 6: active27 ($102.89 in chips) 
Rysiff: posts small blind $0.50
active27: posts big blind $1
janarr5: sits out 
*** HOLE CARDS ***
littleboy930: folds 
peak joker33: folds 
gudrozd: raises $1.50 to $2.50
Rysiff: folds 
active27: folds 
Uncalled bet ($1.50) returned to gudrozd
gudrozd collected $2.50 from pot
gudrozd: doesn't show hand 
*** SUMMARY ***
Total pot $2.50 | Rake $0 
Seat 1: janarr5
Seat 2: littleboy930 folded before Flop (didn't bet)
Seat 3: peak joker33 folded before Flop (didn't bet)
Seat 4: gudrozd (button) collected ($2.50)
Seat 5: Rysiff (small blind) folded before Flop
Seat 6: active27 (big blind) folded before Flop



PokerStars Hand #254445730902:  Hold'em No Limit ($0.50/$1.00 USD) - 2025/01/19 11:54:11 WET [2025/01/19 6:54:11 ET]
Table 'Perihelion III' 6-max Seat #5 is the button
Seat 1: janarr5 ($100 in chips) 
Seat 2: littleboy930 ($101.18 in chips) 
Seat 3: peak joker33 ($100 in chips) 
Seat 4: gudrozd ($101.50 in chips) 
Seat 5: Rysiff ($126.72 in chips) 
Seat 6: active27 ($101.89 in chips) 
active27: posts small blind $0.50
janarr5: posts big blind $1
*** HOLE CARDS ***
littleboy930: raises $3 to $4
peak joker33: folds 
gudrozd: folds 
Rysiff: folds 
active27: calls $3.50
janarr5: folds 
*** FLOP *** [Qc Kd 3h]
active27: checks 
littleboy930: checks 
*** TURN *** [Qc Kd 3h] [Th]
active27: bets $5.28
littleboy930: raises $9.56 to $14.84
active27: folds 
Uncalled bet ($9.56) returned to littleboy930
littleboy930 collected $18.58 from pot
*** SUMMARY ***
Total pot $19.56 | Rake $0.98 
Board [Qc Kd 3h Th]
Seat 1: janarr5 (big blind) folded before Flop
Seat 2: littleboy930 collected ($18.58)
Seat 3: peak joker33 folded before Flop (didn't bet)
Seat 4: gudrozd folded before Flop (didn't bet)
Seat 5: Rysiff (button) folded before Flop (didn't bet)
Seat 6: active27 (small blind) folded on the Turn



PokerStars Hand #254445738474:  Hold'em No Limit ($0.50/$1.00 USD) - 2025/01/19 11:55:04 WET [2025/01/19 6:55:04 ET]
Table 'Perihelion III' 6-max Seat #6 is the button
Seat 2: littleboy930 ($110.48 in chips) is sitting out
Seat 1: janarr5 ($100 in chips) 
Seat 3: peak joker33 ($100 in chips) 
Seat 4: gudrozd ($101.50 in chips) 
Seat 5: Rysiff ($126.72 in chips) 
Seat 6: active27 ($92.61 in chips) 
janarr5: posts small blind $0.50
littleboy930: is sitting out 
peak joker33: posts big blind $1
*** HOLE CARDS ***
gudrozd: folds 
littleboy930 is disconnected 
Rysiff: raises $1.50 to $2.50
active27: folds 
janarr5: raises $7.50 to $10
peak joker33: folds 
Rysiff: raises $14 to $24
janarr5: folds 
Uncalled bet ($14) returned to Rysiff
Rysiff collected $21 from pot
Rysiff: doesn't show hand 
*** SUMMARY ***
Total pot $21 | Rake $0 
Seat 2: littleboy930
Seat 1: janarr5 (small blind) folded before Flop
Seat 3: peak joker33 (big blind) folded before Flop
Seat 4: gudrozd folded before Flop (didn't bet)
Seat 5: Rysiff collected ($21)
Seat 6: active27 (button) folded before Flop (didn't bet)



PokerStars Hand #254445742056:  Hold'em No Limit ($0.50/$1.00 USD) - 2025/01/19 11:55:34 WET [2025/01/19 6:55:34 ET]
Table 'Perihelion III' 6-max Seat #1 is the button
Seat 2: littleboy930 ($110.48 in chips) is sitting out
Seat 1: janarr5 ($100 in chips) 
Seat 3: peak joker33 ($100 in chips) 
Seat 4: gudrozd ($101.50 in chips) 
Seat 5: Rysiff ($137.72 in chips) 
Seat 6: active27 ($92.61 in chips) 
peak joker33: posts small blind $0.50
gudrozd: posts big blind $1
*** HOLE CARDS ***
Rysiff: folds 
active27: folds 
janarr5: raises $1.50 to $2.50
peak joker33: folds 
gudrozd: folds 
Uncalled bet ($1.50) returned to janarr5
janarr5 collected $2.50 from pot
janarr5: doesn't show hand 
*** SUMMARY ***
Total pot $2.50 | Rake $0 
Seat 2: littleboy930
Seat 1: janarr5 (button) collected ($2.50)
Seat 3: peak joker33 (small blind) folded before Flop
Seat 4: gudrozd (big blind) folded before Flop
Seat 5: Rysiff folded before Flop (didn't bet)
Seat 6: active27 folded before Flop (didn't bet)



PokerStars Hand #254445743539:  Hold'em No Limit ($0.50/$1.00 USD) - 2025/01/19 11:55:47 WET [2025/01/19 6:55:47 ET]
Table 'Perihelion III' 6-max Seat #3 is the button
Seat 2: littleboy930 ($110.48 in chips) is sitting out
Seat 1: janarr5 ($101.50 in chips) 
Seat 3: peak joker33 ($100 in chips) 
Seat 4: gudrozd ($100.50 in chips) 
Seat 5: Rysiff ($137.72 in chips) 
Seat 6: active27 ($92.61 in chips) 
gudrozd: posts small blind $0.50
Rysiff: posts big blind $1
*** HOLE CARDS ***
active27: folds 
janarr5: folds 
peak joker33: folds 
gudrozd: raises $2 to $3
Rysiff: calls $2
*** FLOP *** [4c Qd 7c]
gudrozd: checks 
Rysiff: checks 
*** TURN *** [4c Qd 7c] [Ks]
gudrozd: bets $11
Rysiff: folds 
Uncalled bet ($11) returned to gudrozd
gudrozd collected $5.70 from pot
gudrozd: doesn't show hand 
*** SUMMARY ***
Total pot $6 | Rake $0.30 
Board [4c Qd 7c Ks]
Seat 2: littleboy930
Seat 1: janarr5 folded before Flop (didn't bet)
Seat 3: peak joker33 (button) folded before Flop (didn't bet)
Seat 4: gudrozd (small blind) collected ($5.70)
Seat 5: Rysiff (big blind) folded on the Turn
Seat 6: active27 folded before Flop (didn't bet)



PokerStars Hand #254445749071:  Hold'em No Limit ($0.50/$1.00 USD) - 2025/01/19 11:56:35 WET [2025/01/19 6:56:35 ET]
Table 'Perihelion III' 6-max Seat #4 is the button
Seat 2: littleboy930 ($110.48 in chips) is sitting out
Seat 1: janarr5 ($101.50 in chips) 
Seat 3: peak joker33 ($100 in chips) 
Seat 4: gudrozd ($103.20 in chips) 
Seat 5: Rysiff ($134.72 in chips) 
Seat 6: active27 ($92.61 in chips) 
Rysiff: posts small blind $0.50
active27: posts big blind $1
*** HOLE CARDS ***
janarr5: folds 
peak joker33: raises $1.50 to $2.50
gudrozd: folds 
Rysiff: folds 
active27: folds 
Uncalled bet ($1.50) returned to peak joker33
peak joker33 collected $2.50 from pot
peak joker33: doesn't show hand 
*** SUMMARY ***
Total pot $2.50 | Rake $0 
Seat 2: littleboy930
Seat 1: janarr5 folded before Flop (didn't bet)
Seat 3: peak joker33 collected ($2.50)
Seat 4: gudrozd (button) folded before Flop (didn't bet)
Seat 5: Rysiff (small blind) folded before Flop
Seat 6: active27 (big blind) folded before Flop



PokerStars Hand #254445750491:  Hold'em No Limit ($0.50/$1.00 USD) - 2025/01/19 11:56:47 WET [2025/01/19 6:56:47 ET]
Table 'Perihelion III' 6-max Seat #5 is the button
Seat 2: littleboy930 ($110.48 in chips) is sitting out
Seat 1: janarr5 ($101.50 in chips) 
Seat 3: peak joker33 ($101.50 in chips) 
Seat 4: gudrozd ($103.20 in chips) 
Seat 5: Rysiff ($134.22 in chips) 
Seat 6: active27 ($91.61 in chips) 
active27: posts small blind $0.50
janarr5: posts big blind $1
*** HOLE CARDS ***
peak joker33: folds 
gudrozd: folds 
Rysiff: folds 
active27: folds 
Uncalled bet ($0.50) returned to janarr5
janarr5 collected $1 from pot
janarr5: doesn't show hand 
*** SUMMARY ***
Total pot $1 | Rake $0 
Seat 2: littleboy930
Seat 1: janarr5 (big blind) collected ($1)
Seat 3: peak joker33 folded before Flop (didn't bet)
Seat 4: gudrozd folded before Flop (didn't bet)
Seat 5: Rysiff (button) folded before Flop (didn't bet)
Seat 6: active27 (small blind) folded before Flop



PokerStars Hand #254445751489:  Hold'em No Limit ($0.50/$1.00 USD) - 2025/01/19 11:56:55 WET [2025/01/19 6:56:55 ET]
Table 'Perihelion III' 6-max Seat #6 is the button
Seat 2: littleboy930 ($110.48 in chips) is sitting out
Seat 1: janarr5 ($102 in chips) 
Seat 3: peak joker33 ($101.50 in chips) 
Seat 4: gudrozd ($103.20 in chips) 
Seat 5: Rysiff ($134.22 in chips) 
Seat 6: active27 ($91.11 in chips) 
janarr5: posts small blind $0.50
peak joker33: posts big blind $1
*** HOLE CARDS ***
gudrozd: folds 
Rysiff: folds 
active27: raises $1.50 to $2.50
janarr5: folds 
peak joker33: raises $7.50 to $10
active27: calls $7.50
*** FLOP *** [9s 2d Qh]
peak joker33: bets $6.43
active27: folds 
Uncalled bet ($6.43) returned to peak joker33
peak joker33 collected $19.48 from pot
peak joker33: doesn't show hand 
*** SUMMARY ***
Total pot $20.50 | Rake $1.02 
Board [9s 2d Qh]
Seat 2: littleboy930
Seat 1: janarr5 (small blind) folded before Flop
Seat 3: peak joker33 (big blind) collected ($19.48)
Seat 4: gudrozd folded before Flop (didn't bet)
Seat 5: Rysiff folded before Flop (didn't bet)
Seat 6: active27 (button) folded on the Flop



PokerStars Hand #254445755074:  Hold'em No Limit ($0.50/$1.00 USD) - 2025/01/19 11:57:26 WET [2025/01/19 6:57:26 ET]
Table 'Perihelion III' 6-max Seat #1 is the button
Seat 2: littleboy930 ($110.48 in chips) is sitting out
Seat 1: janarr5 ($101.50 in chips) 
Seat 3: peak joker33 ($110.98 in chips) 
Seat 4: gudrozd ($103.20 in chips) 
Seat 5: Rysiff ($134.22 in chips) 
Seat 6: active27 ($81.11 in chips) 
peak joker33: posts small blind $0.50
gudrozd: posts big blind $1
*** HOLE CARDS ***
Rysiff: folds 
active27: folds 
janarr5: raises $1.50 to $2.50
peak joker33: folds 
gudrozd: folds 
Uncalled bet ($1.50) returned to janarr5
janarr5 collected $2.50 from pot
janarr5: doesn't show hand 
*** SUMMARY ***
Total pot $2.50 | Rake $0 
Seat 2: littleboy930
Seat 1: janarr5 (button) collected ($2.50)
Seat 3: peak joker33 (small blind) folded before Flop
Seat 4: gudrozd (big blind) folded before Flop
Seat 5: Rysiff folded before Flop (didn't bet)
Seat 6: active27 folded before Flop (didn't bet)



PokerStars Hand #254445756483:  Hold'em No Limit ($0.50/$1.00 USD) - 2025/01/19 11:57:38 WET [2025/01/19 6:57:38 ET]
Table 'Perihelion III' 6-max Seat #3 is the button
Seat 2: littleboy930 ($110.48 in chips) is sitting out
Seat 1: janarr5 ($103 in chips) 
Seat 3: peak joker33 ($110.48 in chips) 
Seat 4: gudrozd ($102.20 in chips) 
Seat 5: Rysiff ($134.22 in chips) 
Seat 6: active27 ($100 in chips) 
gudrozd: posts small blind $0.50
Rysiff: posts big blind $1
*** HOLE CARDS ***
active27: folds 
janarr5: folds 
peak joker33: folds 
gudrozd: raises $2 to $3
Rysiff: folds 
Uncalled bet ($2) returned to gudrozd
gudrozd collected $2 from pot
gudrozd: doesn't show hand 
*** SUMMARY ***
Total pot $2 | Rake $0 
Seat 2: littleboy930
Seat 1: janarr5 folded before Flop (didn't bet)
Seat 3: peak joker33 (button) folded before Flop (didn't bet)
Seat 4: gudrozd (small blind) collected ($2)
Seat 5: Rysiff (big blind) folded before Flop
Seat 6: active27 folded before Flop (didn't bet)



PokerStars Hand #254445759087:  Hold'em No Limit ($0.50/$1.00 USD) - 2025/01/19 11:58:00 WET [2025/01/19 6:58:00 ET]
Table 'Perihelion III' 6-max Seat #4 is the button
Seat 2: littleboy930 ($110.48 in chips) is sitting out
Seat 1: janarr5 ($103 in chips) 
Seat 3: peak joker33 ($110.48 in chips) 
Seat 4: gudrozd ($103.20 in chips) 
Seat 5: Rysiff ($133.22 in chips) 
Seat 6: active27 ($100 in chips) 
Rysiff: posts small blind $0.50
active27: posts big blind $1
*** HOLE CARDS ***
janarr5: raises $1.25 to $2.25
peak joker33: folds 
gudrozd: folds 
Rysiff: folds 
active27: folds 
Uncalled bet ($1.25) returned to janarr5
janarr5 collected $2.50 from pot
janarr5: doesn't show hand 
*** SUMMARY ***
Total pot $2.50 | Rake $0 
Seat 2: littleboy930
Seat 1: janarr5 collected ($2.50)
Seat 3: peak joker33 folded before Flop (didn't bet)
Seat 4: gudrozd (button) folded before Flop (didn't bet)
Seat 5: Rysiff (small blind) folded before Flop
Seat 6: active27 (big blind) folded before Flop



PokerStars Hand #254445760546:  Hold'em No Limit ($0.50/$1.00 USD) - 2025/01/19 11:58:13 WET [2025/01/19 6:58:13 ET]
Table 'Perihelion III' 6-max Seat #5 is the button
Seat 2: littleboy930 ($110.48 in chips) is sitting out
Seat 1: janarr5 ($104.50 in chips) 
Seat 3: peak joker33 ($110.48 in chips) 
Seat 4: gudrozd ($103.20 in chips) 
Seat 5: Rysiff ($132.72 in chips) 
Seat 6: active27 ($99 in chips) 
active27: posts small blind $0.50
janarr5: posts big blind $1
*** HOLE CARDS ***
peak joker33: folds 
gudrozd: folds 
Rysiff: raises $1.50 to $2.50
active27: folds 
janarr5: folds 
Uncalled bet ($1.50) returned to Rysiff
Rysiff collected $2.50 from pot
Rysiff: doesn't show hand 
*** SUMMARY ***
Total pot $2.50 | Rake $0 
Seat 2: littleboy930
Seat 1: janarr5 (big blind) folded before Flop
Seat 3: peak joker33 folded before Flop (didn't bet)
Seat 4: gudrozd folded before Flop (didn't bet)
Seat 5: Rysiff (button) collected ($2.50)
Seat 6: active27 (small blind) folded before Flop



PokerStars Hand #254445762549:  Hold'em No Limit ($0.50/$1.00 USD) - 2025/01/19 11:58:30 WET [2025/01/19 6:58:30 ET]
Table 'Perihelion III' 6-max Seat #6 is the button
Seat 2: littleboy930 ($110.48 in chips) is sitting out
Seat 1: janarr5 ($103.50 in chips) 
Seat 3: peak joker33 ($110.48 in chips) 
Seat 4: gudrozd ($103.20 in chips) 
Seat 5: Rysiff ($134.22 in chips) 
Seat 6: active27 ($98.50 in chips) 
janarr5: posts small blind $0.50
peak joker33: posts big blind $1
*** HOLE CARDS ***
gudrozd: folds 
Rysiff: raises $1.50 to $2.50
active27: folds 
janarr5: folds 
peak joker33: folds 
Uncalled bet ($1.50) returned to Rysiff
Rysiff collected $2.50 from pot
Rysiff: doesn't show hand 
*** SUMMARY ***
Total pot $2.50 | Rake $0 
Seat 2: littleboy930
Seat 1: janarr5 (small blind) folded before Flop
Seat 3: peak joker33 (big blind) folded before Flop
Seat 4: gudrozd folded before Flop (didn't bet)
Seat 5: Rysiff collected ($2.50)
Seat 6: active27 (button) folded before Flop (didn't bet)



PokerStars Hand #254445764044:  Hold'em No Limit ($0.50/$1.00 USD) - 2025/01/19 11:58:43 WET [2025/01/19 6:58:43 ET]
Table 'Perihelion III' 6-max Seat #1 is the button
Seat 2: littleboy930 ($110.48 in chips) is sitting out
Seat 1: janarr5 ($103 in chips) 
Seat 3: peak joker33 ($109.48 in chips) 
Seat 4: gudrozd ($103.20 in chips) 
Seat 5: Rysiff ($135.72 in chips) 
Seat 6: active27 ($98.50 in chips) 
peak joker33: posts small blind $0.50
gudrozd: posts big blind $1
*** HOLE CARDS ***
Rysiff: folds 
active27: folds 
janarr5: folds 
peak joker33: folds 
Uncalled bet ($0.50) returned to gudrozd
gudrozd collected $1 from pot
gudrozd: doesn't show hand 
*** SUMMARY ***
Total pot $1 | Rake $0 
Seat 2: littleboy930
Seat 1: janarr5 (button) folded before Flop (didn't bet)
Seat 3: peak joker33 (small blind) folded before Flop
Seat 4: gudrozd (big blind) collected ($1)
Seat 5: Rysiff folded before Flop (didn't bet)
Seat 6: active27 folded before Flop (didn't bet)



PokerStars Hand #254445765517:  Hold'em No Limit ($0.50/$1.00 USD) - 2025/01/19 11:58:56 WET [2025/01/19 6:58:56 ET]
Table 'Perihelion III' 6-max Seat #3 is the button
Seat 2: littleboy930 ($110.48 in chips) is sitting out
Seat 1: janarr5 ($103 in chips) 
Seat 3: peak joker33 ($108.98 in chips) 
Seat 4: gudrozd ($103.70 in chips) 
Seat 5: Rysiff ($135.72 in chips) 
Seat 6: active27 ($98.50 in chips) 
gudrozd: posts small blind $0.50
Rysiff: posts big blind $1
*** HOLE CARDS ***
active27: folds 
janarr5: folds 
peak joker33: folds 
gudrozd: raises $2 to $3
Rysiff: raises $6 to $9
gudrozd: folds 
Uncalled bet ($6) returned to Rysiff
Rysiff collected $6 from pot
Rysiff: doesn't show hand 
*** SUMMARY ***
Total pot $6 | Rake $0 
Seat 2: littleboy930
Seat 1: janarr5 folded before Flop (didn't bet)
Seat 3: peak joker33 (button) folded before Flop (didn't bet)
Seat 4: gudrozd (small blind) folded before Flop
Seat 5: Rysiff (big blind) collected ($6)
Seat 6: active27 folded before Flop (didn't bet)



PokerStars Hand #254445769020:  Hold'em No Limit ($0.50/$1.00 USD) - 2025/01/19 11:59:25 WET [2025/01/19 6:59:25 ET]
Table 'Perihelion III' 6-max Seat #4 is the button
Seat 2: littleboy930 ($110.48 in chips) is sitting out
Seat 1: janarr5 ($103 in chips) 
Seat 3: peak joker33 ($108.98 in chips) 
Seat 4: gudrozd ($100.70 in chips) 
Seat 5: Rysiff ($138.72 in chips) 
Seat 6: active27 ($98.50 in chips) 
Rysiff: posts small blind $0.50
active27: posts big blind $1
*** HOLE CARDS ***
janarr5: raises $1.25 to $2.25
peak joker33: folds 
gudrozd: folds 
Rysiff: folds 
active27: folds 
Uncalled bet ($1.25) returned to janarr5
janarr5 collected $2.50 from pot
janarr5: doesn't show hand 
*** SUMMARY ***
Total pot $2.50 | Rake $0 
Seat 2: littleboy930
Seat 1: janarr5 collected ($2.50)
Seat 3: peak joker33 folded before Flop (didn't bet)
Seat 4: gudrozd (button) folded before Flop (didn't bet)
Seat 5: Rysiff (small blind) folded before Flop
Seat 6: active27 (big blind) folded before Flop



PokerStars Hand #254445771105:  Hold'em No Limit ($0.50/$1.00 USD) - 2025/01/19 11:59:43 WET [2025/01/19 6:59:43 ET]
Table 'Perihelion III' 6-max Seat #5 is the button
Seat 2: littleboy930 ($110.48 in chips) is sitting out
Seat 1: janarr5 ($104.50 in chips) 
Seat 3: peak joker33 ($108.98 in chips) 
Seat 4: gudrozd ($100.70 in chips) 
Seat 5: Rysiff ($138.22 in chips) 
Seat 6: active27 ($97.50 in chips) 
active27: posts small blind $0.50
janarr5: posts big blind $1
*** HOLE CARDS ***
peak joker33: folds 
gudrozd: folds 
Rysiff: raises $1.50 to $2.50
active27: calls $2
janarr5: raises $11.50 to $14
Rysiff: folds 
active27: folds 
Uncalled bet ($11.50) returned to janarr5
janarr5 collected $7.50 from pot
janarr5: doesn't show hand 
*** SUMMARY ***
Total pot $7.50 | Rake $0 
Seat 2: littleboy930
Seat 1: janarr5 (big blind) collected ($7.50)
Seat 3: peak joker33 folded before Flop (didn't bet)
Seat 4: gudrozd folded before Flop (didn't bet)
Seat 5: Rysiff (button) folded before Flop
Seat 6: active27 (small blind) folded before Flop



PokerStars Hand #254445773790:  Hold'em No Limit ($0.50/$1.00 USD) - 2025/01/19 12:00:05 WET [2025/01/19 7:00:05 ET]
Table 'Perihelion III' 6-max Seat #6 is the button
Seat 2: littleboy930 ($110.48 in chips) is sitting out
Seat 1: janarr5 ($109.50 in chips) 
Seat 3: peak joker33 ($108.98 in chips) 
Seat 4: gudrozd ($100.70 in chips) 
Seat 5: Rysiff ($135.72 in chips) 
Seat 6: active27 ($95 in chips) 
janarr5: posts small blind $0.50
peak joker33: posts big blind $1
*** HOLE CARDS ***
gudrozd: raises $1.50 to $2.50
Rysiff: folds 
active27: folds 
janarr5: folds 
peak joker33: folds 
Uncalled bet ($1.50) returned to gudrozd
gudrozd collected $2.50 from pot
littleboy930 leaves the table
gudrozd: doesn't show hand 
*** SUMMARY ***
Total pot $2.50 | Rake $0 
Seat 2: littleboy930
Seat 1: janarr5 (small blind) folded before Flop
Seat 3: peak joker33 (big blind) folded before Flop
Seat 4: gudrozd collected ($2.50)
Seat 5: Rysiff folded before Flop (didn't bet)
Seat 6: active27 (button) folded before Flop (didn't bet)



PokerStars Hand #254445775135:  Hold'em No Limit ($0.50/$1.00 USD) - 2025/01/19 12:00:16 WET [2025/01/19 7:00:16 ET]
Table 'Perihelion III' 6-max Seat #1 is the button
Seat 1: janarr5 ($109 in chips) 
Seat 3: peak joker33 ($107.98 in chips) 
Seat 4: gudrozd ($102.20 in chips) 
Seat 5: Rysiff ($135.72 in chips) 
Seat 6: active27 ($95 in chips) 
peak joker33: posts small blind $0.50
gudrozd: posts big blind $1
*** HOLE CARDS ***
Rysiff: folds 
Iseedora joins the table at seat #2 
active27: raises $1.50 to $2.50
janarr5: folds 
peak joker33: folds 
Rysiff leaves the table
gudrozd: folds 
Uncalled bet ($1.50) returned to active27
active27 collected $2.50 from pot
active27: doesn't show hand 
*** SUMMARY ***
Total pot $2.50 | Rake $0 
Seat 1: janarr5 (button) folded before Flop (didn't bet)
Seat 3: peak joker33 (small blind) folded before Flop
Seat 4: gudrozd (big blind) folded before Flop
Seat 5: Rysiff folded before Flop (didn't bet)
Seat 6: active27 collected ($2.50)



PokerStars Hand #254445776493:  Hold'em No Limit ($0.50/$1.00 USD) - 2025/01/19 12:00:27 WET [2025/01/19 7:00:27 ET]
Table 'Perihelion III' 6-max Seat #3 is the button
Seat 2: Iseedora ($100 in chips) is sitting out
Seat 1: janarr5 ($109 in chips) 
Seat 3: peak joker33 ($107.48 in chips) 
Seat 4: gudrozd ($101.20 in chips) 
Seat 6: active27 ($96.50 in chips) 
gudrozd: posts small blind $0.50
active27: posts big blind $1
Iseedora: sits out 
*** HOLE CARDS ***
janarr5: folds 
peak joker33: raises $1.50 to $2.50
gudrozd: folds 
active27: folds 
Uncalled bet ($1.50) returned to peak joker33
peak joker33 collected $2.50 from pot
peak joker33: doesn't show hand 
*** SUMMARY ***
Total pot $2.50 | Rake $0 
Seat 2: Iseedora
Seat 1: janarr5 folded before Flop (didn't bet)
Seat 3: peak joker33 (button) collected ($2.50)
Seat 4: gudrozd (small blind) folded before Flop
Seat 6: active27 (big blind) folded before Flop



PokerStars Hand #254445777754:  Hold'em No Limit ($0.50/$1.00 USD) - 2025/01/19 12:00:38 WET [2025/01/19 7:00:38 ET]
Table 'Perihelion III' 6-max Seat #4 is the button
Seat 2: Iseedora ($100 in chips) is sitting out
Seat 1: janarr5 ($109 in chips) 
Seat 3: peak joker33 ($108.98 in chips) 
Seat 4: gudrozd ($100.70 in chips) 
Seat 6: active27 ($95.50 in chips) 
active27: posts small blind $0.50
janarr5: posts big blind $1
Iseedora: sits out 
*** HOLE CARDS ***
peak joker33: folds 
gudrozd: folds 
active27: raises $1.50 to $2.50
janarr5: calls $1.50
*** FLOP *** [2s Qd 4h]
active27: bets $2
janarr5: calls $2
*** TURN *** [2s Qd 4h] [Kc]
active27: bets $6.28
janarr5: calls $6.28
*** RIVER *** [2s Qd 4h Kc] [4s]
gudrozd leaves the table
active27: checks 
janarr5: checks 
*** SHOW DOWN ***
active27: shows [Js Qh] (two pair, Queens and Fours)
janarr5: shows [Qc Td] (two pair, Queens and Fours)
active27 collected $10.28 from pot
janarr5 collected $10.28 from pot
*** SUMMARY ***
Total pot $21.56 | Rake $1 
Board [2s Qd 4h Kc 4s]
Seat 2: Iseedora
Seat 1: janarr5 (big blind) showed [Qc Td] and won ($10.28) with two pair, Queens and Fours
Seat 3: peak joker33 folded before Flop (didn't bet)
Seat 4: gudrozd (button) folded before Flop (didn't bet)
Seat 6: active27 (small blind) showed [Js Qh] and won ($10.28) with two pair, Queens and Fours



PokerStars Hand #254445783493:  Hold'em No Limit ($0.50/$1.00 USD) - 2025/01/19 12:01:18 WET [2025/01/19 7:01:18 ET]
Table 'Perihelion III' 6-max Seat #6 is the button
Seat 1: janarr5 ($108.50 in chips) 
Seat 2: Iseedora ($100 in chips) 
Seat 3: peak joker33 ($108.98 in chips) 
Seat 6: active27 ($95 in chips) 
janarr5: posts small blind $0.50
Iseedora: posts big blind $1
*** HOLE CARDS ***
peak joker33: folds 
active27: folds 
janarr5: folds 
Uncalled bet ($0.50) returned to Iseedora
Iseedora collected $1 from pot
Iseedora: doesn't show hand 
*** SUMMARY ***
Total pot $1 | Rake $0 
Seat 1: janarr5 (small blind) folded before Flop
Seat 2: Iseedora (big blind) collected ($1)
Seat 3: peak joker33 folded before Flop (didn't bet)
Seat 6: active27 (button) folded before Flop (didn't bet)



PokerStars Hand #254445785026:  Hold'em No Limit ($0.50/$1.00 USD) - 2025/01/19 12:01:29 WET [2025/01/19 7:01:29 ET]
Table 'Perihelion III' 6-max Seat #1 is the button
Seat 1: janarr5 ($108 in chips) 
Seat 2: Iseedora ($100.50 in chips) 
Seat 3: peak joker33 ($108.98 in chips) 
Seat 6: active27 ($95 in chips) 
Iseedora: posts small blind $0.50
peak joker33: posts big blind $1
*** HOLE CARDS ***
active27: raises $1.50 to $2.50
janarr5: folds 
janarr5 leaves the table
Iseedora: folds 
peak joker33: calls $1.50
*** FLOP *** [9c Qc 9d]
peak joker33: checks 
active27: bets $2
peak joker33: folds 
Uncalled bet ($2) returned to active27
active27 collected $5.22 from pot
active27: doesn't show hand 
*** SUMMARY ***
Total pot $5.50 | Rake $0.28 
Board [9c Qc 9d]
Seat 1: janarr5 (button) folded before Flop (didn't bet)
Seat 2: Iseedora (small blind) folded before Flop
Seat 3: peak joker33 (big blind) folded on the Flop
Seat 6: active27 collected ($5.22)



PokerStars Hand #254445789645:  Hold'em No Limit ($0.50/$1.00 USD) - 2025/01/19 12:02:01 WET [2025/01/19 7:02:01 ET]
Table 'Perihelion III' 6-max Seat #2 is the button
Seat 2: Iseedora ($100 in chips) 
Seat 3: peak joker33 ($106.48 in chips) 
Seat 6: active27 ($97.72 in chips) 
peak joker33: posts small blind $0.50
active27: posts big blind $1
*** HOLE CARDS ***
Iseedora: folds 
peak joker33: folds 
Uncalled bet ($0.50) returned to active27
active27 collected $1 from pot
active27: doesn't show hand 
*** SUMMARY ***
Total pot $1 | Rake $0 
Seat 2: Iseedora (button) folded before Flop (didn't bet)
Seat 3: peak joker33 (small blind) folded before Flop
Seat 6: active27 (big blind) collected ($1)



PokerStars Hand #254445790926:  Hold'em No Limit ($0.50/$1.00 USD) - 2025/01/19 12:02:10 WET [2025/01/19 7:02:10 ET]
Table 'Perihelion III' 6-max Seat #6 is the button
Seat 2: Iseedora ($100 in chips) is sitting out
Seat 3: peak joker33 ($105.98 in chips) 
Seat 6: active27 ($98.22 in chips) 
active27: posts small blind $0.50
Iseedora: is sitting out 
peak joker33: posts big blind $1
*** HOLE CARDS ***
active27: folds 
Uncalled bet ($0.50) returned to peak joker33
peak joker33 collected $1 from pot
peak joker33: doesn't show hand 
*** SUMMARY ***
Total pot $1 | Rake $0 
Seat 2: Iseedora
Seat 3: peak joker33 (big blind) collected ($1)
Seat 6: active27 (button) (small blind) folded before Flop



PokerStars Hand #254445792280:  Hold'em No Limit ($0.50/$1.00 USD) - 2025/01/19 12:02:19 WET [2025/01/19 7:02:19 ET]
Table 'Perihelion III' 6-max Seat #3 is the button
Seat 2: Iseedora ($100 in chips) is sitting out
Seat 3: peak joker33 ($106.48 in chips) 
Seat 6: active27 ($97.72 in chips) 
peak joker33: posts small blind $0.50
active27: posts big blind $1
*** HOLE CARDS ***
peak joker33: raises $1.50 to $2.50
active27: folds 
Uncalled bet ($1.50) returned to peak joker33
peak joker33 collected $2 from pot
peak joker33: doesn't show hand 
*** SUMMARY ***
Total pot $2 | Rake $0 
Seat 2: Iseedora
Seat 3: peak joker33 (button) (small blind) collected ($2)
Seat 6: active27 (big blind) folded before Flop



PokerStars Hand #254445793160:  Hold'em No Limit ($0.50/$1.00 USD) - 2025/01/19 12:02:25 WET [2025/01/19 7:02:25 ET]
Table 'Perihelion III' 6-max Seat #6 is the button
Seat 2: Iseedora ($100 in chips) is sitting out
Seat 3: peak joker33 ($107.48 in chips) 
Seat 6: active27 ($96.72 in chips) 
active27: posts small blind $0.50
peak joker33: posts big blind $1
*** HOLE CARDS ***
active27: folds 
Uncalled bet ($0.50) returned to peak joker33
peak joker33 collected $1 from pot
peak joker33: doesn't show hand 
*** SUMMARY ***
Total pot $1 | Rake $0 
Seat 2: Iseedora
Seat 3: peak joker33 (big blind) collected ($1)
Seat 6: active27 (button) (small blind) folded before Flop



PokerStars Hand #254445793990:  Hold'em No Limit ($0.50/$1.00 USD) - 2025/01/19 12:02:31 WET [2025/01/19 7:02:31 ET]
Table 'Perihelion III' 6-max Seat #3 is the button
Seat 2: Iseedora ($100 in chips) is sitting out
Seat 3: peak joker33 ($107.98 in chips) 
Seat 6: active27 ($96.22 in chips) 
peak joker33: posts small blind $0.50
active27: posts big blind $1
*** HOLE CARDS ***
peak joker33: folds 
Uncalled bet ($0.50) returned to active27
active27 collected $1 from pot
active27: doesn't show hand 
*** SUMMARY ***
Total pot $1 | Rake $0 
Seat 2: Iseedora
Seat 3: peak joker33 (button) (small blind) folded before Flop
Seat 6: active27 (big blind) collected ($1)



PokerStars Hand #254445794802:  Hold'em No Limit ($0.50/$1.00 USD) - 2025/01/19 12:02:36 WET [2025/01/19 7:02:36 ET]
Table 'Perihelion III' 6-max Seat #6 is the button
Seat 2: Iseedora ($100 in chips) is sitting out
Seat 3: peak joker33 ($107.48 in chips) 
Seat 6: active27 ($96.72 in chips) 
active27: posts small blind $0.50
peak joker33: posts big blind $1
*** HOLE CARDS ***
active27: raises $1.50 to $2.50
peak joker33: folds 
Uncalled bet ($1.50) returned to active27
active27 collected $2 from pot
active27: doesn't show hand 
*** SUMMARY ***
Total pot $2 | Rake $0 
Seat 2: Iseedora
Seat 3: peak joker33 (big blind) folded before Flop
Seat 6: active27 (button) (small blind) collected ($2)



PokerStars Hand #254445797135:  Hold'em No Limit ($0.50/$1.00 USD) - 2025/01/19 12:02:52 WET [2025/01/19 7:02:52 ET]
Table 'Perihelion III' 6-max Seat #3 is the button
Seat 2: Iseedora ($100 in chips) is sitting out
Seat 3: peak joker33 ($106.48 in chips) 
Seat 6: active27 ($97.72 in chips) 
peak joker33: posts small blind $0.50
active27: posts big blind $1
*** HOLE CARDS ***
peak joker33: raises $1.50 to $2.50
active27: folds 
Uncalled bet ($1.50) returned to peak joker33
peak joker33 collected $2 from pot
peak joker33: doesn't show hand 
*** SUMMARY ***
Total pot $2 | Rake $0 
Seat 2: Iseedora
Seat 3: peak joker33 (button) (small blind) collected ($2)
Seat 6: active27 (big blind) folded before Flop



PokerStars Hand #254445798543:  Hold'em No Limit ($0.50/$1.00 USD) - 2025/01/19 12:03:02 WET [2025/01/19 7:03:02 ET]
Table 'Perihelion III' 6-max Seat #6 is the button
Seat 2: Iseedora ($100 in chips) is sitting out
Seat 3: peak joker33 ($107.48 in chips) 
Seat 6: active27 ($96.72 in chips) 
active27: posts small blind $0.50
peak joker33: posts big blind $1
*** HOLE CARDS ***
active27: raises $1.50 to $2.50
Iseedora leaves the table
peak joker33: calls $1.50
*** FLOP *** [7h 7d 7s]
peak joker33: checks 
active27: bets $2.38
peak joker33: folds 
Uncalled bet ($2.38) returned to active27
active27 collected $4.75 from pot
active27: doesn't show hand 
*** SUMMARY ***
Total pot $5 | Rake $0.25 
Board [7h 7d 7s]
Seat 2: Iseedora
Seat 3: peak joker33 (big blind) folded on the Flop
Seat 6: active27 (button) (small blind) collected ($4.75)



PokerStars Hand #254445802129:  Hold'em No Limit ($0.50/$1.00 USD) - 2025/01/19 12:03:26 WET [2025/01/19 7:03:26 ET]
Table 'Perihelion III' 6-max Seat #3 is the button
Seat 3: peak joker33 ($104.98 in chips) 
Seat 6: active27 ($98.97 in chips) 
peak joker33: posts small blind $0.50
active27: posts big blind $1
*** HOLE CARDS ***
peak joker33: raises $1.50 to $2.50
active27: folds 
Uncalled bet ($1.50) returned to peak joker33
peak joker33 collected $2 from pot
peak joker33: doesn't show hand 
*** SUMMARY ***
Total pot $2 | Rake $0 
Seat 3: peak joker33 (button) (small blind) collected ($2)
Seat 6: active27 (big blind) folded before Flop



PokerStars Hand #254448160586:  Hold'em No Limit ($0.50/$1.00 USD) - 2025/01/19 15:28:41 WET [2025/01/19 10:28:41 ET]
Table 'Perihelion III' 6-max Seat #6 is the button
Seat 3: Cositorto ($127.62 in chips) is sitting out
Seat 4: AlexPinsk1 ($100.77 in chips) is sitting out
Seat 1: iNeverBluff398 ($109.17 in chips) 
Seat 2: Bad_Heli ($23.19 in chips) 
Seat 5: janarr5 ($105.73 in chips) 
Seat 6: tintin641 ($104.27 in chips) 
iNeverBluff398: posts small blind $0.50
Bad_Heli: posts big blind $1
Cositorto: sits out 
*** HOLE CARDS ***
janarr5: folds 
tintin641: folds 
iNeverBluff398: raises $2 to $3
Bad_Heli: raises $6 to $9
iNeverBluff398: raises $24.50 to $33.50
Bad_Heli: calls $14.19 and is all-in
Uncalled bet ($10.31) returned to iNeverBluff398
*** FIRST FLOP *** [5d 9s 7h]
*** FIRST TURN *** [5d 9s 7h] [2d]
*** FIRST RIVER *** [5d 9s 7h 2d] [8h]
*** SECOND FLOP *** [8s 5h Kd]
*** SECOND TURN *** [8s 5h Kd] [4d]
*** SECOND RIVER *** [8s 5h Kd 4d] [4c]
*** FIRST SHOW DOWN ***
iNeverBluff398: shows [3d 3s] (a pair of Threes)
Bad_Heli: shows [Js As] (high card Ace)
iNeverBluff398 collected $22.69 from pot
*** SECOND SHOW DOWN ***
iNeverBluff398: shows [3d 3s] (two pair, Fours and Threes)
Bad_Heli: shows [Js As] (a pair of Fours)
iNeverBluff398 collected $22.69 from pot
*** SUMMARY ***
Total pot $46.38 | Rake $1 
Hand was run twice
FIRST Board [5d 9s 7h 2d 8h]
SECOND Board [8s 5h Kd 4d 4c]
Seat 3: Cositorto
Seat 4: AlexPinsk1
Seat 1: iNeverBluff398 (small blind) showed [3d 3s] and won ($22.69) with a pair of Threes, and won ($22.69) with two pair, Fours and Threes
Seat 2: Bad_Heli (big blind) showed [Js As] and lost with high card Ace, and lost with a pair of Fours
Seat 5: janarr5 folded before Flop (didn't bet)
Seat 6: tintin641 (button) folded before Flop (didn't bet)



PokerStars Hand #254448169658:  Hold'em No Limit ($0.50/$1.00 USD) - 2025/01/19 15:29:17 WET [2025/01/19 10:29:17 ET]
Table 'Perihelion III' 6-max Seat #1 is the button
Seat 2: Bad_Heli ($0 in chips) is sitting out
Seat 3: Cositorto ($127.62 in chips) is sitting out
Seat 4: AlexPinsk1 ($100.77 in chips) is sitting out
Seat 1: iNeverBluff398 ($131.36 in chips) 
Seat 5: janarr5 ($105.73 in chips) 
Seat 6: tintin641 ($104.27 in chips) 
janarr5: posts small blind $0.50
tintin641: posts big blind $1
*** HOLE CARDS ***
iNeverBluff398: raises $1.20 to $2.20
janarr5: folds 
tintin641: folds 
Uncalled bet ($1.20) returned to iNeverBluff398
iNeverBluff398 collected $2.50 from pot
iNeverBluff398: doesn't show hand 
Bad_Heli leaves the table
*** SUMMARY ***
Total pot $2.50 | Rake $0 
Seat 2: Bad_Heli
Seat 3: Cositorto
Seat 4: AlexPinsk1
Seat 1: iNeverBluff398 (button) collected ($2.50)
Seat 5: janarr5 (small blind) folded before Flop
Seat 6: tintin641 (big blind) folded before Flop



PokerStars Hand #254448172789:  Hold'em No Limit ($0.50/$1.00 USD) - 2025/01/19 15:29:29 WET [2025/01/19 10:29:29 ET]
Table 'Perihelion III' 6-max Seat #5 is the button
Seat 1: iNeverBluff398 ($132.86 in chips) is sitting out
Seat 4: AlexPinsk1 ($100.77 in chips) is sitting out
Seat 3: Cositorto ($127.62 in chips) 
Seat 5: janarr5 ($105.23 in chips) 
Seat 6: tintin641 ($103.27 in chips) 
tintin641: posts small blind $0.50
iNeverBluff398: is sitting out 
Cositorto: posts big blind $1
*** HOLE CARDS ***
janarr5: folds 
iNeverBluff398 leaves the table
tintin641: folds 
Uncalled bet ($0.50) returned to Cositorto
Cositorto collected $1 from pot
Cositorto: doesn't show hand 
*** SUMMARY ***
Total pot $1 | Rake $0 
Seat 1: iNeverBluff398
Seat 4: AlexPinsk1
Seat 3: Cositorto (big blind) collected ($1)
Seat 5: janarr5 (button) folded before Flop (didn't bet)
Seat 6: tintin641 (small blind) folded before Flop



PokerStars Hand #254448174765:  Hold'em No Limit ($0.50/$1.00 USD) - 2025/01/19 15:29:36 WET [2025/01/19 10:29:36 ET]
Table 'Perihelion III' 6-max Seat #6 is the button
Seat 4: AlexPinsk1 ($100.77 in chips) is sitting out
Seat 3: Cositorto ($128.12 in chips) 
Seat 5: janarr5 ($105.23 in chips) 
Seat 6: tintin641 ($102.77 in chips) 
Cositorto: posts small blind $0.50
janarr5: posts big blind $1
*** HOLE CARDS ***
tintin641: raises $1.50 to $2.50
Cositorto: folds 
janarr5: folds 
Uncalled bet ($1.50) returned to tintin641
tintin641 collected $2.50 from pot
tintin641: doesn't show hand 
*** SUMMARY ***
Total pot $2.50 | Rake $0 
Seat 4: AlexPinsk1
Seat 3: Cositorto (small blind) folded before Flop
Seat 5: janarr5 (big blind) folded before Flop
Seat 6: tintin641 (button) collected ($2.50)



PokerStars Hand #254447971096:  Hold'em No Limit ($0.50/$1.00 USD) - 2025/01/19 15:16:06 WET [2025/01/19 10:16:06 ET]
Table 'Perihelion III' 6-max Seat #3 is the button
Seat 4: AlexPinsk1 ($100 in chips) is sitting out
Seat 2: Bad_Heli ($40 in chips) 
Seat 3: Cositorto ($100 in chips) 
Cositorto: posts small blind $0.50
Bad_Heli: posts big blind $1
*** HOLE CARDS ***
Cositorto: raises $2 to $3
Bad_Heli: raises $6 to $9
Cositorto: folds 
Uncalled bet ($6) returned to Bad_Heli
tintin641 joins the table at seat #6 
Bad_Heli collected $6 from pot
Bad_Heli: doesn't show hand 
*** SUMMARY ***
Total pot $6 | Rake $0 
Seat 4: AlexPinsk1
Seat 2: Bad_Heli (big blind) collected ($6)
Seat 3: Cositorto (button) (small blind) folded before Flop



PokerStars Hand #254447973734:  Hold'em No Limit ($0.50/$1.00 USD) - 2025/01/19 15:16:17 WET [2025/01/19 10:16:17 ET]
Table 'Perihelion III' 6-max Seat #2 is the button
Seat 4: AlexPinsk1 ($100 in chips) is sitting out
Seat 2: Bad_Heli ($43 in chips) 
Seat 3: Cositorto ($100 in chips) 
Seat 6: tintin641 ($100 in chips) 
Cositorto: posts small blind $0.50
tintin641: posts big blind $1
*** HOLE CARDS ***
Bad_Heli: raises $2 to $3
Cositorto: raises $8.50 to $11.50
tintin641: folds 
Bad_Heli: raises $31.50 to $43 and is all-in
Cositorto: calls $31.50
*** FLOP *** [2d 2h Js]
*** TURN *** [2d 2h Js] [5h]
*** RIVER *** [2d 2h Js 5h] [9d]
*** SHOW DOWN ***
Cositorto: shows [Ac Jh] (two pair, Jacks and Deuces)
Bad_Heli: shows [9c Qh] (two pair, Nines and Deuces)
Cositorto collected $86 from pot
*** SUMMARY ***
Total pot $87 | Rake $1 
Board [2d 2h Js 5h 9d]
Seat 4: AlexPinsk1
Seat 2: Bad_Heli (button) showed [9c Qh] and lost with two pair, Nines and Deuces
Seat 3: Cositorto (small blind) showed [Ac Jh] and won ($86) with two pair, Jacks and Deuces
Seat 6: tintin641 (big blind) folded before Flop



PokerStars Hand #254447985491:  Hold'em No Limit ($0.50/$1.00 USD) - 2025/01/19 15:17:04 WET [2025/01/19 10:17:04 ET]
Table 'Perihelion III' 6-max Seat #6 is the button
Seat 2: Bad_Heli ($0 in chips) is sitting out
Seat 4: AlexPinsk1 ($100 in chips) is sitting out
Seat 3: Cositorto ($143 in chips) 
Seat 6: tintin641 ($100 in chips) 
tintin641: posts small blind $0.50
Cositorto: posts big blind $1
*** HOLE CARDS ***
tintin641: raises $1.50 to $2.50
Cositorto: folds 
Uncalled bet ($1.50) returned to tintin641
tintin641 collected $2 from pot
tintin641: doesn't show hand 
*** SUMMARY ***
Total pot $2 | Rake $0 
Seat 2: Bad_Heli
Seat 4: AlexPinsk1
Seat 3: Cositorto (big blind) folded before Flop
Seat 6: tintin641 (button) (small blind) collected ($2)



PokerStars Hand #254447987515:  Hold'em No Limit ($0.50/$1.00 USD) - 2025/01/19 15:17:12 WET [2025/01/19 10:17:12 ET]
Table 'Perihelion III' 6-max Seat #3 is the button
Seat 4: AlexPinsk1 ($100 in chips) is sitting out
Seat 2: Bad_Heli ($40 in chips) 
Seat 3: Cositorto ($142 in chips) 
Seat 6: tintin641 ($101 in chips) 
tintin641: posts small blind $0.50
Bad_Heli: posts big blind $1
*** HOLE CARDS ***
Cositorto: folds 
tintin641: folds 
Uncalled bet ($0.50) returned to Bad_Heli
Bad_Heli collected $1 from pot
Bad_Heli: doesn't show hand 
*** SUMMARY ***
Total pot $1 | Rake $0 
Seat 4: AlexPinsk1
Seat 2: Bad_Heli (big blind) collected ($1)
Seat 3: Cositorto (button) folded before Flop (didn't bet)
Seat 6: tintin641 (small blind) folded before Flop



PokerStars Hand #254447989854:  Hold'em No Limit ($0.50/$1.00 USD) - 2025/01/19 15:17:22 WET [2025/01/19 10:17:22 ET]
Table 'Perihelion III' 6-max Seat #6 is the button
Seat 4: AlexPinsk1 ($100 in chips) is sitting out
Seat 2: Bad_Heli ($40.50 in chips) 
Seat 3: Cositorto ($142 in chips) 
Seat 6: tintin641 ($100.50 in chips) 
Bad_Heli: posts small blind $0.50
Cositorto: posts big blind $1
AlexPinsk1: sits out 
*** HOLE CARDS ***
tintin641: folds 
Bad_Heli: raises $2 to $3
Cositorto: calls $2
*** FLOP *** [6d 6c 3s]
Bad_Heli: checks 
Cositorto: bets $1.54
Bad_Heli: calls $1.54
*** TURN *** [6d 6c 3s] [4c]
Bad_Heli: checks 
Cositorto: bets $4.32
Bad_Heli: folds 
Uncalled bet ($4.32) returned to Cositorto
Cositorto collected $8.63 from pot
Cositorto: doesn't show hand 
*** SUMMARY ***
Total pot $9.08 | Rake $0.45 
Board [6d 6c 3s 4c]
Seat 4: AlexPinsk1
Seat 2: Bad_Heli (small blind) folded on the Turn
Seat 3: Cositorto (big blind) collected ($8.63)
Seat 6: tintin641 (button) folded before Flop (didn't bet)



PokerStars Hand #254447998158:  Hold'em No Limit ($0.50/$1.00 USD) - 2025/01/19 15:17:55 WET [2025/01/19 10:17:55 ET]
Table 'Perihelion III' 6-max Seat #2 is the button
Seat 2: Bad_Heli ($35.96 in chips) 
Seat 3: Cositorto ($146.09 in chips) 
Seat 4: AlexPinsk1 ($100 in chips) 
Seat 6: tintin641 ($100.50 in chips) 
Cositorto: posts small blind $0.50
AlexPinsk1: posts big blind $1
*** HOLE CARDS ***
tintin641: folds 
iNeverBluff398 joins the table at seat #1 
Bad_Heli: folds 
Cositorto: raises $2 to $3
AlexPinsk1: folds 
Uncalled bet ($2) returned to Cositorto
Cositorto collected $2 from pot
Cositorto: doesn't show hand 
*** SUMMARY ***
Total pot $2 | Rake $0 
Seat 2: Bad_Heli (button) folded before Flop (didn't bet)
Seat 3: Cositorto (small blind) collected ($2)
Seat 4: AlexPinsk1 (big blind) folded before Flop
Seat 6: tintin641 folded before Flop (didn't bet)



PokerStars Hand #254448000699:  Hold'em No Limit ($0.50/$1.00 USD) - 2025/01/19 15:18:05 WET [2025/01/19 10:18:05 ET]
Table 'Perihelion III' 6-max Seat #3 is the button
Seat 1: iNeverBluff398 ($100 in chips) is sitting out
Seat 2: Bad_Heli ($35.96 in chips) 
Seat 3: Cositorto ($147.09 in chips) 
Seat 4: AlexPinsk1 ($100 in chips) 
Seat 6: tintin641 ($100.50 in chips) 
AlexPinsk1: posts small blind $0.50
tintin641: posts big blind $1
iNeverBluff398: sits out 
*** HOLE CARDS ***
Bad_Heli: folds 
Cositorto: raises $1.50 to $2.50
AlexPinsk1: folds 
tintin641: calls $1.50
*** FLOP *** [3d Kh Td]
tintin641: checks 
Cositorto: checks 
*** TURN *** [3d Kh Td] [Ah]
tintin641: checks 
Cositorto: bets $5.22
tintin641: folds 
Uncalled bet ($5.22) returned to Cositorto
Cositorto collected $5.22 from pot
Cositorto: doesn't show hand 
*** SUMMARY ***
Total pot $5.50 | Rake $0.28 
Board [3d Kh Td Ah]
Seat 1: iNeverBluff398
Seat 2: Bad_Heli folded before Flop (didn't bet)
Seat 3: Cositorto (button) collected ($5.22)
Seat 4: AlexPinsk1 (small blind) folded before Flop
Seat 6: tintin641 (big blind) folded on the Turn



PokerStars Hand #254448011679:  Hold'em No Limit ($0.50/$1.00 USD) - 2025/01/19 15:18:49 WET [2025/01/19 10:18:49 ET]
Table 'Perihelion III' 6-max Seat #4 is the button
Seat 1: iNeverBluff398 ($100 in chips) 
Seat 2: Bad_Heli ($35.96 in chips) 
Seat 3: Cositorto ($149.81 in chips) 
Seat 4: AlexPinsk1 ($100 in chips) 
Seat 6: tintin641 ($100 in chips) 
tintin641: posts small blind $0.50
iNeverBluff398: posts big blind $1
*** HOLE CARDS ***
Bad_Heli: folds 
Cositorto: raises $1 to $2
AlexPinsk1: folds 
tintin641: folds 
iNeverBluff398: folds 
Uncalled bet ($1) returned to Cositorto
Cositorto collected $2.50 from pot
Cositorto: doesn't show hand 
*** SUMMARY ***
Total pot $2.50 | Rake $0 
Seat 1: iNeverBluff398 (big blind) folded before Flop
Seat 2: Bad_Heli folded before Flop (didn't bet)
Seat 3: Cositorto collected ($2.50)
Seat 4: AlexPinsk1 (button) folded before Flop (didn't bet)
Seat 6: tintin641 (small blind) folded before Flop



PokerStars Hand #254448014441:  Hold'em No Limit ($0.50/$1.00 USD) - 2025/01/19 15:19:00 WET [2025/01/19 10:19:00 ET]
Table 'Perihelion III' 6-max Seat #6 is the button
Seat 1: iNeverBluff398 ($100 in chips) 
Seat 2: Bad_Heli ($35.96 in chips) 
Seat 3: Cositorto ($151.31 in chips) 
Seat 4: AlexPinsk1 ($100 in chips) 
Seat 6: tintin641 ($100 in chips) 
iNeverBluff398: posts small blind $0.50
Bad_Heli: posts big blind $1
*** HOLE CARDS ***
Cositorto: raises $1 to $2
AlexPinsk1: folds 
tintin641: folds 
iNeverBluff398: calls $1.50
Bad_Heli: calls $1
*** FLOP *** [Qc 4h 3s]
iNeverBluff398: checks 
Bad_Heli: checks 
Cositorto: bets $1.54
iNeverBluff398: folds 
Bad_Heli: folds 
Uncalled bet ($1.54) returned to Cositorto
Cositorto collected $5.70 from pot
Cositorto: doesn't show hand 
*** SUMMARY ***
Total pot $6 | Rake $0.30 
Board [Qc 4h 3s]
Seat 1: iNeverBluff398 (small blind) folded on the Flop
Seat 2: Bad_Heli (big blind) folded on the Flop
Seat 3: Cositorto collected ($5.70)
Seat 4: AlexPinsk1 folded before Flop (didn't bet)
Seat 6: tintin641 (button) folded before Flop (didn't bet)



PokerStars Hand #254448020557:  Hold'em No Limit ($0.50/$1.00 USD) - 2025/01/19 15:19:25 WET [2025/01/19 10:19:25 ET]
Table 'Perihelion III' 6-max Seat #1 is the button
Seat 1: iNeverBluff398 ($100 in chips) 
Seat 2: Bad_Heli ($33.96 in chips) 
Seat 3: Cositorto ($155.01 in chips) 
Seat 4: AlexPinsk1 ($100 in chips) 
Seat 6: tintin641 ($100 in chips) 
Bad_Heli: posts small blind $0.50
Cositorto: posts big blind $1
*** HOLE CARDS ***
AlexPinsk1: raises $1.50 to $2.50
tintin641: folds 
iNeverBluff398: folds 
Bad_Heli: calls $2
Cositorto: folds 
*** FLOP *** [Qh 9h Js]
Bad_Heli: checks 
AlexPinsk1: bets $2.85
Bad_Heli: calls $2.85
*** TURN *** [Qh 9h Js] [5s]
Bad_Heli: checks 
AlexPinsk1: bets $94.65 and is all-in
Bad_Heli: folds 
Uncalled bet ($94.65) returned to AlexPinsk1
AlexPinsk1 collected $11.12 from pot
AlexPinsk1: doesn't show hand 
*** SUMMARY ***
Total pot $11.70 | Rake $0.58 
Board [Qh 9h Js 5s]
Seat 1: iNeverBluff398 (button) folded before Flop (didn't bet)
Seat 2: Bad_Heli (small blind) folded on the Turn
Seat 3: Cositorto (big blind) folded before Flop
Seat 4: AlexPinsk1 collected ($11.12)
Seat 6: tintin641 folded before Flop (didn't bet)



PokerStars Hand #254448036133:  Hold'em No Limit ($0.50/$1.00 USD) - 2025/01/19 15:20:27 WET [2025/01/19 10:20:27 ET]
Table 'Perihelion III' 6-max Seat #2 is the button
Seat 4: AlexPinsk1 ($105.77 in chips) is sitting out
Seat 1: iNeverBluff398 ($100 in chips) 
Seat 2: Bad_Heli ($28.61 in chips) 
Seat 3: Cositorto ($154.01 in chips) 
Seat 6: tintin641 ($100 in chips) 
Cositorto: posts small blind $0.50
AlexPinsk1: is sitting out 
tintin641: posts big blind $1
*** HOLE CARDS ***
iNeverBluff398: folds 
Bad_Heli: raises $2 to $3
Cositorto: folds 
tintin641: folds 
Uncalled bet ($2) returned to Bad_Heli
Bad_Heli collected $2.50 from pot
Bad_Heli: doesn't show hand 
*** SUMMARY ***
Total pot $2.50 | Rake $0 
Seat 4: AlexPinsk1
Seat 1: iNeverBluff398 folded before Flop (didn't bet)
Seat 2: Bad_Heli (button) collected ($2.50)
Seat 3: Cositorto (small blind) folded before Flop
Seat 6: tintin641 (big blind) folded before Flop



PokerStars Hand #254448040783:  Hold'em No Limit ($0.50/$1.00 USD) - 2025/01/19 15:20:45 WET [2025/01/19 10:20:45 ET]
Table 'Perihelion III' 6-max Seat #3 is the button
Seat 4: AlexPinsk1 ($105.77 in chips) is sitting out
Seat 1: iNeverBluff398 ($100 in chips) 
Seat 2: Bad_Heli ($30.11 in chips) 
Seat 3: Cositorto ($153.51 in chips) 
Seat 6: tintin641 ($100 in chips) 
tintin641: posts small blind $0.50
iNeverBluff398: posts big blind $1
*** HOLE CARDS ***
janarr5 joins the table at seat #5 
Bad_Heli: folds 
Cositorto: raises $1.50 to $2.50
tintin641: folds 
iNeverBluff398: calls $1.50
*** FLOP *** [6d 7h 8d]
iNeverBluff398: checks 
Cositorto: checks 
*** TURN *** [6d 7h 8d] [5d]
iNeverBluff398: checks 
Cositorto: bets $2.61
iNeverBluff398: folds 
Uncalled bet ($2.61) returned to Cositorto
Cositorto collected $5.22 from pot
Cositorto: doesn't show hand 
*** SUMMARY ***
Total pot $5.50 | Rake $0.28 
Board [6d 7h 8d 5d]
Seat 4: AlexPinsk1
Seat 1: iNeverBluff398 (big blind) folded on the Turn
Seat 2: Bad_Heli folded before Flop (didn't bet)
Seat 3: Cositorto (button) collected ($5.22)
Seat 6: tintin641 (small blind) folded before Flop



PokerStars Hand #254448047385:  Hold'em No Limit ($0.50/$1.00 USD) - 2025/01/19 15:21:12 WET [2025/01/19 10:21:12 ET]
Table 'Perihelion III' 6-max Seat #6 is the button
Seat 4: AlexPinsk1 ($105.77 in chips) is sitting out
Seat 5: janarr5 ($100 in chips) is sitting out
Seat 1: iNeverBluff398 ($100 in chips) 
Seat 2: Bad_Heli ($30.11 in chips) 
Seat 3: Cositorto ($156.23 in chips) 
Seat 6: tintin641 ($100 in chips) 
iNeverBluff398: posts small blind $0.50
Bad_Heli: posts big blind $1
AlexPinsk1: sits out 
janarr5: sits out 
*** HOLE CARDS ***
Cositorto: folds 
tintin641: raises $1.50 to $2.50
iNeverBluff398: folds 
Bad_Heli: folds 
Uncalled bet ($1.50) returned to tintin641
tintin641 collected $2.50 from pot
tintin641: doesn't show hand 
*** SUMMARY ***
Total pot $2.50 | Rake $0 
Seat 4: AlexPinsk1
Seat 5: janarr5
Seat 1: iNeverBluff398 (small blind) folded before Flop
Seat 2: Bad_Heli (big blind) folded before Flop
Seat 3: Cositorto folded before Flop (didn't bet)
Seat 6: tintin641 (button) collected ($2.50)



PokerStars Hand #254448052167:  Hold'em No Limit ($0.50/$1.00 USD) - 2025/01/19 15:21:31 WET [2025/01/19 10:21:31 ET]
Table 'Perihelion III' 6-max Seat #1 is the button
Seat 4: AlexPinsk1 ($105.77 in chips) is sitting out
Seat 5: janarr5 ($100 in chips) is sitting out
Seat 1: iNeverBluff398 ($100 in chips) 
Seat 2: Bad_Heli ($29.11 in chips) 
Seat 3: Cositorto ($156.23 in chips) 
Seat 6: tintin641 ($101.50 in chips) 
Bad_Heli: posts small blind $0.50
Cositorto: posts big blind $1
AlexPinsk1: sits out 
janarr5: sits out 
*** HOLE CARDS ***
tintin641: raises $1.50 to $2.50
iNeverBluff398: folds 
Bad_Heli: folds 
Cositorto: folds 
Uncalled bet ($1.50) returned to tintin641
tintin641 collected $2.50 from pot
tintin641: doesn't show hand 
*** SUMMARY ***
Total pot $2.50 | Rake $0 
Seat 4: AlexPinsk1
Seat 5: janarr5
Seat 1: iNeverBluff398 (button) folded before Flop (didn't bet)
Seat 2: Bad_Heli (small blind) folded before Flop
Seat 3: Cositorto (big blind) folded before Flop
Seat 6: tintin641 collected ($2.50)



PokerStars Hand #254448055369:  Hold'em No Limit ($0.50/$1.00 USD) - 2025/01/19 15:21:44 WET [2025/01/19 10:21:44 ET]
Table 'Perihelion III' 6-max Seat #2 is the button
Seat 5: janarr5 ($100 in chips) is sitting out
Seat 1: iNeverBluff398 ($100 in chips) 
Seat 2: Bad_Heli ($28.61 in chips) 
Seat 3: Cositorto ($155.23 in chips) 
Seat 4: AlexPinsk1 ($105.77 in chips) 
Seat 6: tintin641 ($103 in chips) 
Cositorto: posts small blind $0.50
AlexPinsk1: posts big blind $1
janarr5: sits out 
*** HOLE CARDS ***
tintin641: raises $1.50 to $2.50
iNeverBluff398: raises $5 to $7.50
Bad_Heli: folds 
Cositorto: folds 
AlexPinsk1: folds 
tintin641: folds 
Uncalled bet ($5) returned to iNeverBluff398
iNeverBluff398 collected $6.50 from pot
iNeverBluff398: doesn't show hand 
*** SUMMARY ***
Total pot $6.50 | Rake $0 
Seat 5: janarr5
Seat 1: iNeverBluff398 collected ($6.50)
Seat 2: Bad_Heli (button) folded before Flop (didn't bet)
Seat 3: Cositorto (small blind) folded before Flop
Seat 4: AlexPinsk1 (big blind) folded before Flop
Seat 6: tintin641 folded before Flop



PokerStars Hand #254448058544:  Hold'em No Limit ($0.50/$1.00 USD) - 2025/01/19 15:21:57 WET [2025/01/19 10:21:57 ET]
Table 'Perihelion III' 6-max Seat #3 is the button
Seat 1: iNeverBluff398 ($104 in chips) 
Seat 2: Bad_Heli ($28.61 in chips) 
Seat 3: Cositorto ($154.73 in chips) 
Seat 4: AlexPinsk1 ($104.77 in chips) 
Seat 5: janarr5 ($100 in chips) 
Seat 6: tintin641 ($100.50 in chips) 
AlexPinsk1: posts small blind $0.50
janarr5: posts big blind $1
*** HOLE CARDS ***
tintin641: folds 
iNeverBluff398: folds 
Bad_Heli: raises $2 to $3
Cositorto: folds 
AlexPinsk1: folds 
janarr5: calls $2
*** FLOP *** [6d 2s 2d]
janarr5: checks 
Bad_Heli: checks 
*** TURN *** [6d 2s 2d] [8s]
janarr5: checks 
Bad_Heli: checks 
*** RIVER *** [6d 2s 2d 8s] [Qh]
janarr5: checks 
Bad_Heli: checks 
*** SHOW DOWN ***
janarr5: shows [7d Ad] (a pair of Deuces)
Bad_Heli: mucks hand 
janarr5 collected $6.18 from pot
*** SUMMARY ***
Total pot $6.50 | Rake $0.32 
Board [6d 2s 2d 8s Qh]
Seat 1: iNeverBluff398 folded before Flop (didn't bet)
Seat 2: Bad_Heli mucked
Seat 3: Cositorto (button) folded before Flop (didn't bet)
Seat 4: AlexPinsk1 (small blind) folded before Flop
Seat 5: janarr5 (big blind) showed [7d Ad] and won ($6.18) with a pair of Deuces
Seat 6: tintin641 folded before Flop (didn't bet)



PokerStars Hand #254448065622:  Hold'em No Limit ($0.50/$1.00 USD) - 2025/01/19 15:22:25 WET [2025/01/19 10:22:25 ET]
Table 'Perihelion III' 6-max Seat #4 is the button
Seat 1: iNeverBluff398 ($104 in chips) 
Seat 2: Bad_Heli ($25.61 in chips) 
Seat 3: Cositorto ($154.73 in chips) 
Seat 4: AlexPinsk1 ($104.27 in chips) 
Seat 5: janarr5 ($103.18 in chips) 
Seat 6: tintin641 ($100.50 in chips) 
janarr5: posts small blind $0.50
tintin641: posts big blind $1
*** HOLE CARDS ***
iNeverBluff398: folds 
Bad_Heli: folds 
Cositorto: raises $1 to $2
AlexPinsk1: folds 
janarr5: folds 
tintin641: folds 
Uncalled bet ($1) returned to Cositorto
Cositorto collected $2.50 from pot
Cositorto: doesn't show hand 
*** SUMMARY ***
Total pot $2.50 | Rake $0 
Seat 1: iNeverBluff398 folded before Flop (didn't bet)
Seat 2: Bad_Heli folded before Flop (didn't bet)
Seat 3: Cositorto collected ($2.50)
Seat 4: AlexPinsk1 (button) folded before Flop (didn't bet)
Seat 5: janarr5 (small blind) folded before Flop
Seat 6: tintin641 (big blind) folded before Flop



PokerStars Hand #254448070128:  Hold'em No Limit ($0.50/$1.00 USD) - 2025/01/19 15:22:43 WET [2025/01/19 10:22:43 ET]
Table 'Perihelion III' 6-max Seat #5 is the button
Seat 1: iNeverBluff398 ($104 in chips) 
Seat 2: Bad_Heli ($25.61 in chips) 
Seat 3: Cositorto ($156.23 in chips) 
Seat 4: AlexPinsk1 ($104.27 in chips) 
Seat 5: janarr5 ($102.68 in chips) 
Seat 6: tintin641 ($100 in chips) 
tintin641: posts small blind $0.50
iNeverBluff398: posts big blind $1
*** HOLE CARDS ***
Bad_Heli: raises $2 to $3
Cositorto: raises $6 to $9
AlexPinsk1: folds 
janarr5: folds 
tintin641: folds 
iNeverBluff398: folds 
Bad_Heli: raises $16.61 to $25.61 and is all-in
Cositorto: calls $16.61
*** FLOP *** [3d Kc 3s]
*** TURN *** [3d Kc 3s] [6c]
*** RIVER *** [3d Kc 3s 6c] [8d]
*** SHOW DOWN ***
Bad_Heli: shows [6d 6s] (a full house, Sixes full of Threes)
Cositorto: shows [Ac Qh] (a pair of Threes)
Bad_Heli cashed out the hand for $27.10 | Cash Out Fee $0.55
*** SUMMARY ***
Total pot $52.72 | Rake $2.50 
Board [3d Kc 3s 6c 8d]
Seat 1: iNeverBluff398 (big blind) folded before Flop
Seat 2: Bad_Heli showed [6d 6s] and won ($50.22) with a full house, Sixes full of Threes (pot not awarded as player cashed out)
Seat 3: Cositorto showed [Ac Qh] and lost with a pair of Threes
Seat 4: AlexPinsk1 folded before Flop (didn't bet)
Seat 5: janarr5 (button) folded before Flop (didn't bet)
Seat 6: tintin641 (small blind) folded before Flop



PokerStars Hand #254448078796:  Hold'em No Limit ($0.50/$1.00 USD) - 2025/01/19 15:23:18 WET [2025/01/19 10:23:18 ET]
Table 'Perihelion III' 6-max Seat #6 is the button
Seat 1: iNeverBluff398 ($103 in chips) 
Seat 2: Bad_Heli ($27.10 in chips) 
Seat 3: Cositorto ($130.62 in chips) 
Seat 4: AlexPinsk1 ($104.27 in chips) 
Seat 5: janarr5 ($102.68 in chips) 
Seat 6: tintin641 ($100 in chips) 
iNeverBluff398: posts small blind $0.50
Bad_Heli: posts big blind $1
*** HOLE CARDS ***
Cositorto: folds 
AlexPinsk1: folds 
janarr5: raises $1.25 to $2.25
tintin641: folds 
iNeverBluff398: folds 
Bad_Heli: calls $1.25
*** FLOP *** [5c 7c 7h]
Bad_Heli: checks 
janarr5: bets $1.57
Bad_Heli: folds 
Uncalled bet ($1.57) returned to janarr5
janarr5 collected $4.75 from pot
janarr5: doesn't show hand 
*** SUMMARY ***
Total pot $5 | Rake $0.25 
Board [5c 7c 7h]
Seat 1: iNeverBluff398 (small blind) folded before Flop
Seat 2: Bad_Heli (big blind) folded on the Flop
Seat 3: Cositorto folded before Flop (didn't bet)
Seat 4: AlexPinsk1 folded before Flop (didn't bet)
Seat 5: janarr5 collected ($4.75)
Seat 6: tintin641 (button) folded before Flop (didn't bet)



PokerStars Hand #254448084251:  Hold'em No Limit ($0.50/$1.00 USD) - 2025/01/19 15:23:40 WET [2025/01/19 10:23:40 ET]
Table 'Perihelion III' 6-max Seat #1 is the button
Seat 1: iNeverBluff398 ($102.50 in chips) 
Seat 2: Bad_Heli ($24.85 in chips) 
Seat 3: Cositorto ($130.62 in chips) 
Seat 4: AlexPinsk1 ($104.27 in chips) 
Seat 5: janarr5 ($105.18 in chips) 
Seat 6: tintin641 ($100 in chips) 
Bad_Heli: posts small blind $0.50
Cositorto: posts big blind $1
*** HOLE CARDS ***
AlexPinsk1: raises $1.50 to $2.50
janarr5: folds 
tintin641: folds 
iNeverBluff398: folds 
Bad_Heli: calls $2
Cositorto: calls $1.50
*** FLOP *** [Td Js Ad]
Bad_Heli: checks 
Cositorto: checks 
AlexPinsk1: checks 
*** TURN *** [Td Js Ad] [4d]
Bad_Heli: checks 
Cositorto: checks 
AlexPinsk1: checks 
*** RIVER *** [Td Js Ad 4d] [6s]
Bad_Heli: bets $7.12
Cositorto: folds 
AlexPinsk1: folds 
Uncalled bet ($7.12) returned to Bad_Heli
Bad_Heli collected $7.12 from pot
Bad_Heli: doesn't show hand 
*** SUMMARY ***
Total pot $7.50 | Rake $0.38 
Board [Td Js Ad 4d 6s]
Seat 1: iNeverBluff398 (button) folded before Flop (didn't bet)
Seat 2: Bad_Heli (small blind) collected ($7.12)
Seat 3: Cositorto (big blind) folded on the River
Seat 4: AlexPinsk1 folded on the River
Seat 5: janarr5 folded before Flop (didn't bet)
Seat 6: tintin641 folded before Flop (didn't bet)



PokerStars Hand #254448098217:  Hold'em No Limit ($0.50/$1.00 USD) - 2025/01/19 15:24:35 WET [2025/01/19 10:24:35 ET]
Table 'Perihelion III' 6-max Seat #2 is the button
Seat 4: AlexPinsk1 ($101.77 in chips) is sitting out
Seat 1: iNeverBluff398 ($102.50 in chips) 
Seat 2: Bad_Heli ($29.47 in chips) 
Seat 3: Cositorto ($128.12 in chips) 
Seat 5: janarr5 ($105.18 in chips) 
Seat 6: tintin641 ($100 in chips) 
Cositorto: posts small blind $0.50
AlexPinsk1: is sitting out 
janarr5: posts big blind $1
*** HOLE CARDS ***
tintin641: folds 
iNeverBluff398: folds 
Bad_Heli: folds 
Cositorto: raises $2 to $3
janarr5: folds 
Uncalled bet ($2) returned to Cositorto
Cositorto collected $2 from pot
Cositorto: doesn't show hand 
*** SUMMARY ***
Total pot $2 | Rake $0 
Seat 4: AlexPinsk1
Seat 1: iNeverBluff398 folded before Flop (didn't bet)
Seat 2: Bad_Heli (button) folded before Flop (didn't bet)
Seat 3: Cositorto (small blind) collected ($2)
Seat 5: janarr5 (big blind) folded before Flop
Seat 6: tintin641 folded before Flop (didn't bet)



PokerStars Hand #254448101821:  Hold'em No Limit ($0.50/$1.00 USD) - 2025/01/19 15:24:50 WET [2025/01/19 10:24:50 ET]
Table 'Perihelion III' 6-max Seat #3 is the button
Seat 4: AlexPinsk1 ($101.77 in chips) is sitting out
Seat 1: iNeverBluff398 ($102.50 in chips) 
Seat 2: Bad_Heli ($29.47 in chips) 
Seat 3: Cositorto ($129.12 in chips) 
Seat 5: janarr5 ($104.18 in chips) 
Seat 6: tintin641 ($100 in chips) 
janarr5: posts small blind $0.50
tintin641: posts big blind $1
*** HOLE CARDS ***
iNeverBluff398: folds 
Bad_Heli: raises $2 to $3
Cositorto: folds 
janarr5: folds 
tintin641: folds 
Uncalled bet ($2) returned to Bad_Heli
Bad_Heli collected $2.50 from pot
Bad_Heli: doesn't show hand 
*** SUMMARY ***
Total pot $2.50 | Rake $0 
Seat 4: AlexPinsk1
Seat 1: iNeverBluff398 folded before Flop (didn't bet)
Seat 2: Bad_Heli collected ($2.50)
Seat 3: Cositorto (button) folded before Flop (didn't bet)
Seat 5: janarr5 (small blind) folded before Flop
Seat 6: tintin641 (big blind) folded before Flop



PokerStars Hand #254448105354:  Hold'em No Limit ($0.50/$1.00 USD) - 2025/01/19 15:25:03 WET [2025/01/19 10:25:03 ET]
Table 'Perihelion III' 6-max Seat #5 is the button
Seat 4: AlexPinsk1 ($101.77 in chips) is sitting out
Seat 1: iNeverBluff398 ($102.50 in chips) 
Seat 2: Bad_Heli ($30.97 in chips) 
Seat 3: Cositorto ($129.12 in chips) 
Seat 5: janarr5 ($103.68 in chips) 
Seat 6: tintin641 ($100 in chips) 
tintin641: posts small blind $0.50
iNeverBluff398: posts big blind $1
AlexPinsk1: sits out 
*** HOLE CARDS ***
Bad_Heli: folds 
Cositorto: folds 
janarr5: folds 
tintin641: folds 
Uncalled bet ($0.50) returned to iNeverBluff398
iNeverBluff398 collected $1 from pot
iNeverBluff398: doesn't show hand 
*** SUMMARY ***
Total pot $1 | Rake $0 
Seat 4: AlexPinsk1
Seat 1: iNeverBluff398 (big blind) collected ($1)
Seat 2: Bad_Heli folded before Flop (didn't bet)
Seat 3: Cositorto folded before Flop (didn't bet)
Seat 5: janarr5 (button) folded before Flop (didn't bet)
Seat 6: tintin641 (small blind) folded before Flop



PokerStars Hand #254448107852:  Hold'em No Limit ($0.50/$1.00 USD) - 2025/01/19 15:25:13 WET [2025/01/19 10:25:13 ET]
Table 'Perihelion III' 6-max Seat #6 is the button
Seat 4: AlexPinsk1 ($101.77 in chips) is sitting out
Seat 1: iNeverBluff398 ($103 in chips) 
Seat 2: Bad_Heli ($30.97 in chips) 
Seat 3: Cositorto ($129.12 in chips) 
Seat 5: janarr5 ($103.68 in chips) 
Seat 6: tintin641 ($100 in chips) 
iNeverBluff398: posts small blind $0.50
Bad_Heli: posts big blind $1
AlexPinsk1: sits out 
*** HOLE CARDS ***
Cositorto: folds 
janarr5: raises $1.25 to $2.25
tintin641: folds 
iNeverBluff398: folds 
Bad_Heli: folds 
Uncalled bet ($1.25) returned to janarr5
janarr5 collected $2.50 from pot
janarr5: doesn't show hand 
*** SUMMARY ***
Total pot $2.50 | Rake $0 
Seat 4: AlexPinsk1
Seat 1: iNeverBluff398 (small blind) folded before Flop
Seat 2: Bad_Heli (big blind) folded before Flop
Seat 3: Cositorto folded before Flop (didn't bet)
Seat 5: janarr5 collected ($2.50)
Seat 6: tintin641 (button) folded before Flop (didn't bet)



PokerStars Hand #254448111115:  Hold'em No Limit ($0.50/$1.00 USD) - 2025/01/19 15:25:26 WET [2025/01/19 10:25:26 ET]
Table 'Perihelion III' 6-max Seat #1 is the button
Seat 4: AlexPinsk1 ($101.77 in chips) is sitting out
Seat 1: iNeverBluff398 ($102.50 in chips) 
Seat 2: Bad_Heli ($29.97 in chips) 
Seat 3: Cositorto ($129.12 in chips) 
Seat 5: janarr5 ($105.18 in chips) 
Seat 6: tintin641 ($100 in chips) 
Bad_Heli: posts small blind $0.50
Cositorto: posts big blind $1
AlexPinsk1: sits out 
*** HOLE CARDS ***
janarr5: folds 
tintin641: folds 
iNeverBluff398: raises $1.20 to $2.20
Bad_Heli: folds 
Cositorto: folds 
Uncalled bet ($1.20) returned to iNeverBluff398
iNeverBluff398 collected $2.50 from pot
iNeverBluff398: doesn't show hand 
*** SUMMARY ***
Total pot $2.50 | Rake $0 
Seat 4: AlexPinsk1
Seat 1: iNeverBluff398 (button) collected ($2.50)
Seat 2: Bad_Heli (small blind) folded before Flop
Seat 3: Cositorto (big blind) folded before Flop
Seat 5: janarr5 folded before Flop (didn't bet)
Seat 6: tintin641 folded before Flop (didn't bet)



PokerStars Hand #254448115980:  Hold'em No Limit ($0.50/$1.00 USD) - 2025/01/19 15:25:46 WET [2025/01/19 10:25:46 ET]
Table 'Perihelion III' 6-max Seat #2 is the button
Seat 1: iNeverBluff398 ($104 in chips) 
Seat 2: Bad_Heli ($29.47 in chips) 
Seat 3: Cositorto ($128.12 in chips) 
Seat 4: AlexPinsk1 ($101.77 in chips) 
Seat 5: janarr5 ($105.18 in chips) 
Seat 6: tintin641 ($100 in chips) 
Cositorto: posts small blind $0.50
AlexPinsk1: posts big blind $1
*** HOLE CARDS ***
janarr5: raises $1.25 to $2.25
tintin641: folds 
iNeverBluff398: folds 
Bad_Heli: folds 
Cositorto: folds 
AlexPinsk1: folds 
Uncalled bet ($1.25) returned to janarr5
janarr5 collected $2.50 from pot
janarr5: doesn't show hand 
*** SUMMARY ***
Total pot $2.50 | Rake $0 
Seat 1: iNeverBluff398 folded before Flop (didn't bet)
Seat 2: Bad_Heli (button) folded before Flop (didn't bet)
Seat 3: Cositorto (small blind) folded before Flop
Seat 4: AlexPinsk1 (big blind) folded before Flop
Seat 5: janarr5 collected ($2.50)
Seat 6: tintin641 folded before Flop (didn't bet)



PokerStars Hand #254448121349:  Hold'em No Limit ($0.50/$1.00 USD) - 2025/01/19 15:26:07 WET [2025/01/19 10:26:07 ET]
Table 'Perihelion III' 6-max Seat #4 is the button
Seat 3: Cositorto ($127.62 in chips) is sitting out
Seat 1: iNeverBluff398 ($104 in chips) 
Seat 2: Bad_Heli ($29.47 in chips) 
Seat 4: AlexPinsk1 ($100.77 in chips) 
Seat 5: janarr5 ($106.68 in chips) 
Seat 6: tintin641 ($100 in chips) 
janarr5: posts small blind $0.50
tintin641: posts big blind $1
*** HOLE CARDS ***
iNeverBluff398: raises $1.20 to $2.20
Bad_Heli: folds 
AlexPinsk1: folds 
janarr5: folds 
tintin641: calls $1.20
*** FLOP *** [3c Td As]
tintin641: checks 
iNeverBluff398: bets $1.54
tintin641: calls $1.54
*** TURN *** [3c Td As] [2c]
tintin641: checks 
iNeverBluff398: bets $11.37
tintin641: folds 
Uncalled bet ($11.37) returned to iNeverBluff398
iNeverBluff398 collected $7.58 from pot
iNeverBluff398: doesn't show hand 
*** SUMMARY ***
Total pot $7.98 | Rake $0.40 
Board [3c Td As 2c]
Seat 3: Cositorto
Seat 1: iNeverBluff398 collected ($7.58)
Seat 2: Bad_Heli folded before Flop (didn't bet)
Seat 4: AlexPinsk1 (button) folded before Flop (didn't bet)
Seat 5: janarr5 (small blind) folded before Flop
Seat 6: tintin641 (big blind) folded on the Turn



PokerStars Hand #254448130932:  Hold'em No Limit ($0.50/$1.00 USD) - 2025/01/19 15:26:45 WET [2025/01/19 10:26:45 ET]
Table 'Perihelion III' 6-max Seat #5 is the button
Seat 3: Cositorto ($127.62 in chips) is sitting out
Seat 1: iNeverBluff398 ($107.84 in chips) 
Seat 2: Bad_Heli ($29.47 in chips) 
Seat 4: AlexPinsk1 ($100.77 in chips) 
Seat 5: janarr5 ($106.18 in chips) 
Seat 6: tintin641 ($100 in chips) 
tintin641: posts small blind $0.50
iNeverBluff398: posts big blind $1
*** HOLE CARDS ***
Bad_Heli: folds 
AlexPinsk1: folds 
janarr5: raises $1.50 to $2.50
tintin641: folds 
iNeverBluff398: calls $1.50
*** FLOP *** [8c 7h Kh]
iNeverBluff398: checks 
janarr5: bets $1.72
iNeverBluff398: calls $1.72
*** TURN *** [8c 7h Kh] [Ks]
iNeverBluff398: checks 
janarr5: bets $5.60
iNeverBluff398: folds 
Uncalled bet ($5.60) returned to janarr5
janarr5 collected $8.49 from pot
janarr5: doesn't show hand 
*** SUMMARY ***
Total pot $8.94 | Rake $0.45 
Board [8c 7h Kh Ks]
Seat 3: Cositorto
Seat 1: iNeverBluff398 (big blind) folded on the Turn
Seat 2: Bad_Heli folded before Flop (didn't bet)
Seat 4: AlexPinsk1 folded before Flop (didn't bet)
Seat 5: janarr5 (button) collected ($8.49)
Seat 6: tintin641 (small blind) folded before Flop



PokerStars Hand #254448137502:  Hold'em No Limit ($0.50/$1.00 USD) - 2025/01/19 15:27:11 WET [2025/01/19 10:27:11 ET]
Table 'Perihelion III' 6-max Seat #6 is the button
Seat 3: Cositorto ($127.62 in chips) is sitting out
Seat 1: iNeverBluff398 ($103.62 in chips) 
Seat 2: Bad_Heli ($29.47 in chips) 
Seat 4: AlexPinsk1 ($100.77 in chips) 
Seat 5: janarr5 ($110.45 in chips) 
Seat 6: tintin641 ($100 in chips) 
iNeverBluff398: posts small blind $0.50
Bad_Heli: posts big blind $1
*** HOLE CARDS ***
AlexPinsk1: folds 
janarr5: folds 
tintin641: folds 
iNeverBluff398: raises $2 to $3
Bad_Heli: calls $2
*** FLOP *** [3d 8c Jd]
iNeverBluff398: bets $4.28
Bad_Heli: calls $4.28
*** TURN *** [3d 8c Jd] [3h]
iNeverBluff398: bets $10.37
Bad_Heli: folds 
Uncalled bet ($10.37) returned to iNeverBluff398
iNeverBluff398 collected $13.83 from pot
iNeverBluff398: doesn't show hand 
*** SUMMARY ***
Total pot $14.56 | Rake $0.73 
Board [3d 8c Jd 3h]
Seat 3: Cositorto
Seat 1: iNeverBluff398 (small blind) collected ($13.83)
Seat 2: Bad_Heli (big blind) folded on the Turn
Seat 4: AlexPinsk1 folded before Flop (didn't bet)
Seat 5: janarr5 folded before Flop (didn't bet)
Seat 6: tintin641 (button) folded before Flop (didn't bet)



PokerStars Hand #254448143349:  Hold'em No Limit ($0.50/$1.00 USD) - 2025/01/19 15:27:34 WET [2025/01/19 10:27:34 ET]
Table 'Perihelion III' 6-max Seat #1 is the button
Seat 3: Cositorto ($127.62 in chips) is sitting out
Seat 4: AlexPinsk1 ($100.77 in chips) is sitting out
Seat 1: iNeverBluff398 ($110.17 in chips) 
Seat 2: Bad_Heli ($22.19 in chips) 
Seat 5: janarr5 ($110.45 in chips) 
Seat 6: tintin641 ($100 in chips) 
Bad_Heli: posts small blind $0.50
AlexPinsk1: is sitting out 
janarr5: posts big blind $1
*** HOLE CARDS ***
tintin641: raises $1.50 to $2.50
iNeverBluff398: folds 
Bad_Heli: folds 
janarr5: calls $1.50
*** FLOP *** [3c Ad 7s]
janarr5: checks 
tintin641: bets $1.72
janarr5: calls $1.72
*** TURN *** [3c Ad 7s] [Ac]
janarr5: checks 
tintin641: bets $6.37
janarr5: folds 
Uncalled bet ($6.37) returned to tintin641
tintin641 collected $8.49 from pot
tintin641: doesn't show hand 
*** SUMMARY ***
Total pot $8.94 | Rake $0.45 
Board [3c Ad 7s Ac]
Seat 3: Cositorto
Seat 4: AlexPinsk1
Seat 1: iNeverBluff398 (button) folded before Flop (didn't bet)
Seat 2: Bad_Heli (small blind) folded before Flop
Seat 5: janarr5 (big blind) folded on the Turn
Seat 6: tintin641 collected ($8.49)



PokerStars Hand #254448154373:  Hold'em No Limit ($0.50/$1.00 USD) - 2025/01/19 15:28:17 WET [2025/01/19 10:28:17 ET]
Table 'Perihelion III' 6-max Seat #2 is the button
Seat 3: Cositorto ($127.62 in chips) is sitting out
Seat 4: AlexPinsk1 ($100.77 in chips) is sitting out
Seat 1: iNeverBluff398 ($110.17 in chips) 
Seat 2: Bad_Heli ($21.69 in chips) 
Seat 5: janarr5 ($106.23 in chips) 
Seat 6: tintin641 ($104.27 in chips) 
janarr5: posts small blind $0.50
tintin641: posts big blind $1
*** HOLE CARDS ***
iNeverBluff398: folds 
Bad_Heli: raises $2 to $3
janarr5: folds 
tintin641: folds 
Uncalled bet ($2) returned to Bad_Heli
Bad_Heli collected $2.50 from pot
Bad_Heli: doesn't show hand 
*** SUMMARY ***
Total pot $2.50 | Rake $0 
Seat 3: Cositorto
Seat 4: AlexPinsk1
Seat 1: iNeverBluff398 folded before Flop (didn't bet)
Seat 2: Bad_Heli (button) collected ($2.50)
Seat 5: janarr5 (small blind) folded before Flop
Seat 6: tintin641 (big blind) folded before Flop



PokerStars Hand #254448157404:  Hold'em No Limit ($0.50/$1.00 USD) - 2025/01/19 15:28:29 WET [2025/01/19 10:28:29 ET]
Table 'Perihelion III' 6-max Seat #5 is the button
Seat 3: Cositorto ($127.62 in chips) is sitting out
Seat 4: AlexPinsk1 ($100.77 in chips) is sitting out
Seat 1: iNeverBluff398 ($110.17 in chips) 
Seat 2: Bad_Heli ($23.19 in chips) 
Seat 5: janarr5 ($105.73 in chips) 
Seat 6: tintin641 ($103.27 in chips) 
tintin641: posts small blind $0.50
iNeverBluff398: posts big blind $1
Cositorto: sits out 
*** HOLE CARDS ***
Bad_Heli: folds 
janarr5: folds 
tintin641: raises $2 to $3
iNeverBluff398: folds 
Uncalled bet ($2) returned to tintin641
tintin641 collected $2 from pot
tintin641: doesn't show hand 
*** SUMMARY ***
Total pot $2 | Rake $0 
Seat 3: Cositorto
Seat 4: AlexPinsk1
Seat 1: iNeverBluff398 (big blind) folded before Flop
Seat 2: Bad_Heli folded before Flop (didn't bet)
Seat 5: janarr5 (button) folded before Flop (didn't bet)
Seat 6: tintin641 (small blind) collected ($2)



