PokerStars Hand #254459584876:  Hold'em No Limit ($0.50/$1.00 USD) - 2025/01/19 0:36:28 WET [2025/01/19 19:36:28 ET]
Table 'Lonnrot III' 6-max Seat #6 is the button
Seat 5: steepfell ($100 in chips) is sitting out
Seat 1: Lore2955 ($19 in chips) 
Seat 2: m0nTTu ($11.50 in chips) 
Seat 3: Kristo 914 ($100 in chips) 
Seat 4: nastja336 ($100 in chips) 
Seat 6: ImaPeppaPig ($100 in chips) 
Lore2955: posts small blind $0.50
m0nTTu: posts big blind $1
steepfell: sits out 
*** HOLE CARDS ***
Kristo 914: folds 
nastja336: folds 
ImaPeppaPig: raises $1.50 to $2.50
Lore2955: calls $2
m0nTTu: raises $9 to $11.50 and is all-in
ImaPeppaPig: folds 
Lore2955: folds 
Uncalled bet ($9) returned to m0nTTu
m0nTTu collected $7.50 from pot
m0nTTu: doesn't show hand 
*** SUMMARY ***
Total pot $7.50 | Rake $0 
Seat 5: steepfell
Seat 1: Lore2955 (small blind) folded before Flop
Seat 2: m0nTTu (big blind) collected ($7.50)
Seat 3: Kristo 914 folded before Flop (didn't bet)
Seat 4: nastja336 folded before Flop (didn't bet)
Seat 6: ImaPeppaPig (button) folded before Flop



PokerStars Hand #254459591172:  Hold'em No Limit ($0.50/$1.00 USD) - 2025/01/19 0:36:58 WET [2025/01/19 19:36:58 ET]
Table 'Lonnrot III' 6-max Seat #1 is the button
Seat 5: steepfell ($100 in chips) is sitting out
Seat 1: Lore2955 ($16.50 in chips) 
Seat 2: m0nTTu ($16.50 in chips) 
Seat 3: Kristo 914 ($100 in chips) 
Seat 4: nastja336 ($100 in chips) 
Seat 6: ImaPeppaPig ($100 in chips) 
m0nTTu: posts small blind $0.50
Kristo 914: posts big blind $1
steepfell: sits out 
*** HOLE CARDS ***
nastja336: folds 
ImaPeppaPig: folds 
Lore2955: folds 
m0nTTu: folds 
Uncalled bet ($0.50) returned to Kristo 914
Kristo 914 collected $1 from pot
Kristo 914: doesn't show hand 
*** SUMMARY ***
Total pot $1 | Rake $0 
Seat 5: steepfell
Seat 1: Lore2955 (button) folded before Flop (didn't bet)
Seat 2: m0nTTu (small blind) folded before Flop
Seat 3: Kristo 914 (big blind) collected ($1)
Seat 4: nastja336 folded before Flop (didn't bet)
Seat 6: ImaPeppaPig folded before Flop (didn't bet)



PokerStars Hand #254459594604:  Hold'em No Limit ($0.50/$1.00 USD) - 2025/01/19 0:37:14 WET [2025/01/19 19:37:14 ET]
Table 'Lonnrot III' 6-max Seat #2 is the button
Seat 5: steepfell ($100 in chips) is sitting out
Seat 1: Lore2955 ($16.50 in chips) 
Seat 2: m0nTTu ($16 in chips) 
Seat 3: Kristo 914 ($100.50 in chips) 
Seat 4: nastja336 ($100 in chips) 
Seat 6: ImaPeppaPig ($100 in chips) 
Kristo 914: posts small blind $0.50
nastja336: posts big blind $1
steepfell: sits out 
*** HOLE CARDS ***
ImaPeppaPig: folds 
Lore2955: folds 
m0nTTu: raises $1 to $2
Kristo 914: folds 
nastja336: calls $1
*** FLOP *** [5d 6d 4d]
nastja336: checks 
m0nTTu: bets $1
nastja336: raises $1.50 to $2.50
m0nTTu: folds 
Uncalled bet ($1.50) returned to nastja336
nastja336 collected $6.18 from pot
nastja336: doesn't show hand 
*** SUMMARY ***
Total pot $6.50 | Rake $0.32 
Board [5d 6d 4d]
Seat 5: steepfell
Seat 1: Lore2955 folded before Flop (didn't bet)
Seat 2: m0nTTu (button) folded on the Flop
Seat 3: Kristo 914 (small blind) folded before Flop
Seat 4: nastja336 (big blind) collected ($6.18)
Seat 6: ImaPeppaPig folded before Flop (didn't bet)



PokerStars Hand #254459600937:  Hold'em No Limit ($0.50/$1.00 USD) - 2025/01/19 0:37:45 WET [2025/01/19 19:37:45 ET]
Table 'Lonnrot III' 6-max Seat #3 is the button
Seat 1: Lore2955 ($16.50 in chips) 
Seat 2: m0nTTu ($13 in chips) 
Seat 3: Kristo 914 ($100 in chips) 
Seat 4: nastja336 ($103.18 in chips) 
Seat 5: steepfell ($100 in chips) 
Seat 6: ImaPeppaPig ($100 in chips) 
nastja336: posts small blind $0.50
steepfell: posts big blind $1
*** HOLE CARDS ***
ImaPeppaPig: raises $1.50 to $2.50
Lore2955: folds 
m0nTTu: folds 
Kristo 914: folds 
nastja336: folds 
steepfell: folds 
Uncalled bet ($1.50) returned to ImaPeppaPig
ImaPeppaPig collected $2.50 from pot
ImaPeppaPig: doesn't show hand 
*** SUMMARY ***
Total pot $2.50 | Rake $0 
Seat 1: Lore2955 folded before Flop (didn't bet)
Seat 2: m0nTTu folded before Flop (didn't bet)
Seat 3: Kristo 914 (button) folded before Flop (didn't bet)
Seat 4: nastja336 (small blind) folded before Flop
Seat 5: steepfell (big blind) folded before Flop
Seat 6: ImaPeppaPig collected ($2.50)



PokerStars Hand #254459606419:  Hold'em No Limit ($0.50/$1.00 USD) - 2025/01/19 0:38:11 WET [2025/01/19 19:38:11 ET]
Table 'Lonnrot III' 6-max Seat #4 is the button
Seat 1: Lore2955 ($16.50 in chips) 
Seat 2: m0nTTu ($13 in chips) 
Seat 3: Kristo 914 ($100 in chips) 
Seat 4: nastja336 ($102.68 in chips) 
Seat 5: steepfell ($100 in chips) 
Seat 6: ImaPeppaPig ($101.50 in chips) 
steepfell: posts small blind $0.50
ImaPeppaPig: posts big blind $1
*** HOLE CARDS ***
Lore2955: folds 
m0nTTu: folds 
Kristo 914: folds 
nastja336: raises $1.50 to $2.50
steepfell: folds 
ImaPeppaPig: folds 
Uncalled bet ($1.50) returned to nastja336
nastja336 collected $2.50 from pot
nastja336: doesn't show hand 
*** SUMMARY ***
Total pot $2.50 | Rake $0 
Seat 1: Lore2955 folded before Flop (didn't bet)
Seat 2: m0nTTu folded before Flop (didn't bet)
Seat 3: Kristo 914 folded before Flop (didn't bet)
Seat 4: nastja336 (button) collected ($2.50)
Seat 5: steepfell (small blind) folded before Flop
Seat 6: ImaPeppaPig (big blind) folded before Flop



PokerStars Hand #254459610637:  Hold'em No Limit ($0.50/$1.00 USD) - 2025/01/19 0:38:31 WET [2025/01/19 19:38:31 ET]
Table 'Lonnrot III' 6-max Seat #5 is the button
Seat 1: Lore2955 ($16.50 in chips) 
Seat 2: m0nTTu ($13 in chips) 
Seat 3: Kristo 914 ($100 in chips) 
Seat 4: nastja336 ($104.18 in chips) 
Seat 5: steepfell ($100 in chips) 
Seat 6: ImaPeppaPig ($100.50 in chips) 
ImaPeppaPig: posts small blind $0.50
Lore2955: posts big blind $1
*** HOLE CARDS ***
m0nTTu: folds 
Kristo 914: folds 
nastja336: folds 
steepfell: raises $1.50 to $2.50
ImaPeppaPig: folds 
Lore2955: calls $1.50
*** FLOP *** [5d Qh 2s]
Lore2955: checks 
steepfell: checks 
*** TURN *** [5d Qh 2s] [3h]
Lore2955: bets $5.22
steepfell: folds 
Uncalled bet ($5.22) returned to Lore2955
Lore2955 collected $5.22 from pot
*** SUMMARY ***
Total pot $5.50 | Rake $0.28 
Board [5d Qh 2s 3h]
Seat 1: Lore2955 (big blind) collected ($5.22)
Seat 2: m0nTTu folded before Flop (didn't bet)
Seat 3: Kristo 914 folded before Flop (didn't bet)
Seat 4: nastja336 folded before Flop (didn't bet)
Seat 5: steepfell (button) folded on the Turn
Seat 6: ImaPeppaPig (small blind) folded before Flop



PokerStars Hand #254459618113:  Hold'em No Limit ($0.50/$1.00 USD) - 2025/01/19 0:39:07 WET [2025/01/19 19:39:07 ET]
Table 'Lonnrot III' 6-max Seat #6 is the button
Seat 1: Lore2955 ($19.22 in chips) 
Seat 2: m0nTTu ($13 in chips) 
Seat 3: Kristo 914 ($100 in chips) 
Seat 4: nastja336 ($104.18 in chips) 
Seat 5: steepfell ($100 in chips) 
Seat 6: ImaPeppaPig ($100 in chips) 
Lore2955: posts small blind $0.50
m0nTTu: posts big blind $1
*** HOLE CARDS ***
Kristo 914: folds 
nastja336: folds 
steepfell: raises $1.50 to $2.50
ImaPeppaPig: folds 
Lore2955: folds 
m0nTTu: raises $10.50 to $13 and is all-in
steepfell: calls $10.50
*** FIRST FLOP *** [Ks 7s Qd]
*** FIRST TURN *** [Ks 7s Qd] [6d]
*** FIRST RIVER *** [Ks 7s Qd 6d] [As]
*** SECOND FLOP *** [4c Qc Th]
*** SECOND TURN *** [4c Qc Th] [5c]
*** SECOND RIVER *** [4c Qc Th 5c] [8s]
*** FIRST SHOW DOWN ***
m0nTTu: shows [Ad 4d] (a pair of Aces)
steepfell: shows [Jh Kd] (a pair of Kings)
m0nTTu collected $12.59 from pot
*** SECOND SHOW DOWN ***
m0nTTu: shows [Ad 4d] (a pair of Fours)
steepfell: shows [Jh Kd] (high card King)
m0nTTu collected $12.59 from pot
*** SUMMARY ***
Total pot $26.50 | Rake $1.32 
Hand was run twice
FIRST Board [Ks 7s Qd 6d As]
SECOND Board [4c Qc Th 5c 8s]
Seat 1: Lore2955 (small blind) folded before Flop
Seat 2: m0nTTu (big blind) showed [Ad 4d] and won ($12.59) with a pair of Aces, and won ($12.59) with a pair of Fours
Seat 3: Kristo 914 folded before Flop (didn't bet)
Seat 4: nastja336 folded before Flop (didn't bet)
Seat 5: steepfell showed [Jh Kd] and lost with a pair of Kings, and lost with high card King
Seat 6: ImaPeppaPig (button) folded before Flop (didn't bet)



PokerStars Hand #254459627209:  Hold'em No Limit ($0.50/$1.00 USD) - 2025/01/19 0:39:51 WET [2025/01/19 19:39:51 ET]
Table 'Lonnrot III' 6-max Seat #1 is the button
Seat 1: Lore2955 ($18.72 in chips) 
Seat 2: m0nTTu ($25.18 in chips) 
Seat 3: Kristo 914 ($100 in chips) 
Seat 4: nastja336 ($104.18 in chips) 
Seat 5: steepfell ($100 in chips) 
Seat 6: ImaPeppaPig ($100 in chips) 
m0nTTu: posts small blind $0.50
Kristo 914: posts big blind $1
*** HOLE CARDS ***
nastja336: folds 
nastja336 leaves the table
steepfell: folds 
ImaPeppaPig: folds 
Lore2955: folds 
m0nTTu: folds 
Uncalled bet ($0.50) returned to Kristo 914
Kristo 914 collected $1 from pot
Kristo 914: doesn't show hand 
*** SUMMARY ***
Total pot $1 | Rake $0 
Seat 1: Lore2955 (button) folded before Flop (didn't bet)
Seat 2: m0nTTu (small blind) folded before Flop
Seat 3: Kristo 914 (big blind) collected ($1)
Seat 4: nastja336 folded before Flop (didn't bet)
Seat 5: steepfell folded before Flop (didn't bet)
Seat 6: ImaPeppaPig folded before Flop (didn't bet)



PokerStars Hand #254459630602:  Hold'em No Limit ($0.50/$1.00 USD) - 2025/01/19 0:40:07 WET [2025/01/19 19:40:07 ET]
Table 'Lonnrot III' 6-max Seat #2 is the button
Seat 1: Lore2955 ($18.72 in chips) 
Seat 2: m0nTTu ($24.68 in chips) 
Seat 3: Kristo 914 ($100.50 in chips) 
Seat 5: steepfell ($100 in chips) 
Seat 6: ImaPeppaPig ($100 in chips) 
Kristo 914: posts small blind $0.50
steepfell: posts big blind $1
*** HOLE CARDS ***
ImaPeppaPig: raises $1.50 to $2.50
Lore2955: folds 
m0nTTu: folds 
Kristo 914: folds 
steepfell: raises $8.50 to $11
ImaPeppaPig: folds 
Uncalled bet ($8.50) returned to steepfell
steepfell collected $5.50 from pot
steepfell: doesn't show hand 
*** SUMMARY ***
Total pot $5.50 | Rake $0 
Seat 1: Lore2955 folded before Flop (didn't bet)
Seat 2: m0nTTu (button) folded before Flop (didn't bet)
Seat 3: Kristo 914 (small blind) folded before Flop
Seat 5: steepfell (big blind) collected ($5.50)
Seat 6: ImaPeppaPig folded before Flop



PokerStars Hand #254459636945:  Hold'em No Limit ($0.50/$1.00 USD) - 2025/01/19 0:40:38 WET [2025/01/19 19:40:38 ET]
Table 'Lonnrot III' 6-max Seat #3 is the button
Seat 1: Lore2955 ($18.72 in chips) 
Seat 2: m0nTTu ($24.68 in chips) 
Seat 3: Kristo 914 ($100 in chips) 
Seat 5: steepfell ($103 in chips) 
Seat 6: ImaPeppaPig ($100 in chips) 
steepfell: posts small blind $0.50
ImaPeppaPig: posts big blind $1
*** HOLE CARDS ***
Lore2955: folds 
m0nTTu: raises $1 to $2
Kristo 914: folds 
steepfell: folds 
ImaPeppaPig: folds 
Uncalled bet ($1) returned to m0nTTu
m0nTTu collected $2.50 from pot
m0nTTu: doesn't show hand 
*** SUMMARY ***
Total pot $2.50 | Rake $0 
Seat 1: Lore2955 folded before Flop (didn't bet)
Seat 2: m0nTTu collected ($2.50)
Seat 3: Kristo 914 (button) folded before Flop (didn't bet)
Seat 5: steepfell (small blind) folded before Flop
Seat 6: ImaPeppaPig (big blind) folded before Flop



PokerStars Hand #254459640944:  Hold'em No Limit ($0.50/$1.00 USD) - 2025/01/19 0:40:58 WET [2025/01/19 19:40:58 ET]
Table 'Lonnrot III' 6-max Seat #5 is the button
Seat 1: Lore2955 ($18.72 in chips) 
Seat 2: m0nTTu ($26.18 in chips) 
Seat 3: Kristo 914 ($100 in chips) 
Seat 5: steepfell ($102.50 in chips) 
Seat 6: ImaPeppaPig ($100 in chips) 
ImaPeppaPig: posts small blind $0.50
Lore2955: posts big blind $1
*** HOLE CARDS ***
m0nTTu: folds 
Kristo 914: folds 
steepfell: folds 
ImaPeppaPig: calls $0.50
Mr_Dick666 joins the table at seat #4 
Lore2955: raises $3 to $4
ImaPeppaPig: calls $3
*** FLOP *** [4h 5d Jh]
ImaPeppaPig: checks 
Lore2955: bets $7.60
ImaPeppaPig: raises $17.33 to $24.93
Lore2955: calls $7.12 and is all-in
Uncalled bet ($10.21) returned to ImaPeppaPig
*** TURN *** [4h 5d Jh] [9s]
*** RIVER *** [4h 5d Jh 9s] [Ad]
*** SHOW DOWN ***
ImaPeppaPig: shows [6s 5s] (a pair of Fives)
Lore2955: shows [5h Qc] (a pair of Fives - Ace+Queen kicker)
Lore2955 cashed out the hand for $28.27 | Cash Out Fee $0.58
*** SUMMARY ***
Total pot $37.44 | Rake $1.87 
Board [4h 5d Jh 9s Ad]
Seat 1: Lore2955 (big blind) showed [5h Qc] and won ($35.57) with a pair of Fives (pot not awarded as player cashed out)
Seat 2: m0nTTu folded before Flop (didn't bet)
Seat 3: Kristo 914 folded before Flop (didn't bet)
Seat 5: steepfell (button) folded before Flop (didn't bet)
Seat 6: ImaPeppaPig (small blind) showed [6s 5s] and lost with a pair of Fives



PokerStars Hand #254459654972:  Hold'em No Limit ($0.50/$1.00 USD) - 2025/01/19 0:42:06 WET [2025/01/19 19:42:06 ET]
Table 'Lonnrot III' 6-max Seat #6 is the button
Seat 4: Mr_Dick666 ($100 in chips) is sitting out
Seat 1: Lore2955 ($28.27 in chips) 
Seat 2: m0nTTu ($26.18 in chips) 
Seat 3: Kristo 914 ($100 in chips) 
Seat 5: steepfell ($102.50 in chips) 
Seat 6: ImaPeppaPig ($100 in chips) 
Lore2955: posts small blind $0.50
m0nTTu: posts big blind $1
Mr_Dick666: sits out 
*** HOLE CARDS ***
Kristo 914: folds 
steepfell: folds 
ImaPeppaPig: folds 
Lore2955: folds 
Uncalled bet ($0.50) returned to m0nTTu
m0nTTu collected $1 from pot
m0nTTu: doesn't show hand 
*** SUMMARY ***
Total pot $1 | Rake $0 
Seat 4: Mr_Dick666
Seat 1: Lore2955 (small blind) folded before Flop
Seat 2: m0nTTu (big blind) collected ($1)
Seat 3: Kristo 914 folded before Flop (didn't bet)
Seat 5: steepfell folded before Flop (didn't bet)
Seat 6: ImaPeppaPig (button) folded before Flop (didn't bet)



PokerStars Hand #254459656967:  Hold'em No Limit ($0.50/$1.00 USD) - 2025/01/19 0:42:16 WET [2025/01/19 19:42:16 ET]
Table 'Lonnrot III' 6-max Seat #1 is the button
Seat 4: Mr_Dick666 ($100 in chips) is sitting out
Seat 1: Lore2955 ($27.77 in chips) 
Seat 2: m0nTTu ($26.68 in chips) 
Seat 3: Kristo 914 ($100 in chips) 
Seat 5: steepfell ($102.50 in chips) 
Seat 6: ImaPeppaPig ($100 in chips) 
m0nTTu: posts small blind $0.50
Kristo 914: posts big blind $1
Mr_Dick666: sits out 
*** HOLE CARDS ***
steepfell: folds 
ImaPeppaPig: folds 
Lore2955: raises $2 to $3
m0nTTu: folds 
Kristo 914: folds 
Uncalled bet ($2) returned to Lore2955
Lore2955 collected $2.50 from pot
*** SUMMARY ***
Total pot $2.50 | Rake $0 
Seat 4: Mr_Dick666
Seat 1: Lore2955 (button) collected ($2.50)
Seat 2: m0nTTu (small blind) folded before Flop
Seat 3: Kristo 914 (big blind) folded before Flop
Seat 5: steepfell folded before Flop (didn't bet)
Seat 6: ImaPeppaPig folded before Flop (didn't bet)



PokerStars Hand #254459662944:  Hold'em No Limit ($0.50/$1.00 USD) - 2025/01/19 0:42:45 WET [2025/01/19 19:42:45 ET]
Table 'Lonnrot III' 6-max Seat #2 is the button
Seat 1: Lore2955 ($29.27 in chips) 
Seat 2: m0nTTu ($26.18 in chips) 
Seat 3: Kristo 914 ($100 in chips) 
Seat 4: Mr_Dick666 ($100 in chips) 
Seat 5: steepfell ($102.50 in chips) 
Seat 6: ImaPeppaPig ($100 in chips) 
Kristo 914: posts small blind $0.50
Mr_Dick666: posts big blind $1
*** HOLE CARDS ***
steepfell: folds 
ImaPeppaPig: folds 
Lore2955: folds 
m0nTTu: folds 
Kristo 914: raises $2 to $3
Mr_Dick666: calls $2
*** FLOP *** [5s Jh 3s]
Kristo 914: checks 
Mr_Dick666: bets $2.85
Kristo 914: raises $8.66 to $11.51
Mr_Dick666: folds 
Uncalled bet ($8.66) returned to Kristo 914
Kristo 914 collected $11.12 from pot
Kristo 914: doesn't show hand 
*** SUMMARY ***
Total pot $11.70 | Rake $0.58 
Board [5s Jh 3s]
Seat 1: Lore2955 folded before Flop (didn't bet)
Seat 2: m0nTTu (button) folded before Flop (didn't bet)
Seat 3: Kristo 914 (small blind) collected ($11.12)
Seat 4: Mr_Dick666 (big blind) folded on the Flop
Seat 5: steepfell folded before Flop (didn't bet)
Seat 6: ImaPeppaPig folded before Flop (didn't bet)



PokerStars Hand #254459671591:  Hold'em No Limit ($0.50/$1.00 USD) - 2025/01/19 0:43:27 WET [2025/01/19 19:43:27 ET]
Table 'Lonnrot III' 6-max Seat #3 is the button
Seat 1: Lore2955 ($29.27 in chips) 
Seat 2: m0nTTu ($26.18 in chips) 
Seat 3: Kristo 914 ($105.27 in chips) 
Seat 4: Mr_Dick666 ($100 in chips) 
Seat 5: steepfell ($102.50 in chips) 
Seat 6: ImaPeppaPig ($100 in chips) 
Mr_Dick666: posts small blind $0.50
steepfell: posts big blind $1
*** HOLE CARDS ***
ImaPeppaPig: folds 
Lore2955: raises $2 to $3
m0nTTu: folds 
Kristo 914: folds 
Mr_Dick666: folds 
steepfell: raises $9 to $12
Lore2955: folds 
Uncalled bet ($9) returned to steepfell
steepfell collected $6.50 from pot
steepfell: doesn't show hand 
*** SUMMARY ***
Total pot $6.50 | Rake $0 
Seat 1: Lore2955 folded before Flop
Seat 2: m0nTTu folded before Flop (didn't bet)
Seat 3: Kristo 914 (button) folded before Flop (didn't bet)
Seat 4: Mr_Dick666 (small blind) folded before Flop
Seat 5: steepfell (big blind) collected ($6.50)
Seat 6: ImaPeppaPig folded before Flop (didn't bet)



PokerStars Hand #254459686148:  Hold'em No Limit ($0.50/$1.00 USD) - 2025/01/19 0:44:38 WET [2025/01/19 19:44:38 ET]
Table 'Lonnrot III' 6-max Seat #4 is the button
Seat 1: Lore2955 ($26.27 in chips) 
Seat 2: m0nTTu ($26.18 in chips) 
Seat 3: Kristo 914 ($105.27 in chips) 
Seat 4: Mr_Dick666 ($100 in chips) 
Seat 5: steepfell ($106 in chips) 
Seat 6: ImaPeppaPig ($100 in chips) 
steepfell: posts small blind $0.50
ImaPeppaPig: posts big blind $1
*** HOLE CARDS ***
Lore2955: folds 
m0nTTu: folds 
Kristo 914: folds 
Mr_Dick666: raises $1.50 to $2.50
steepfell: folds 
ImaPeppaPig: raises $10.50 to $13
Mr_Dick666: raises $14 to $27
ImaPeppaPig: folds 
Uncalled bet ($14) returned to Mr_Dick666
Mr_Dick666 collected $26.50 from pot
Mr_Dick666: doesn't show hand 
*** SUMMARY ***
Total pot $26.50 | Rake $0 
Seat 1: Lore2955 folded before Flop (didn't bet)
Seat 2: m0nTTu folded before Flop (didn't bet)
Seat 3: Kristo 914 folded before Flop (didn't bet)
Seat 4: Mr_Dick666 (button) collected ($26.50)
Seat 5: steepfell (small blind) folded before Flop
Seat 6: ImaPeppaPig (big blind) folded before Flop



PokerStars Hand #254459692655:  Hold'em No Limit ($0.50/$1.00 USD) - 2025/01/19 0:45:09 WET [2025/01/19 19:45:09 ET]
Table 'Lonnrot III' 6-max Seat #5 is the button
Seat 1: Lore2955 ($26.27 in chips) 
Seat 2: m0nTTu ($26.18 in chips) 
Seat 3: Kristo 914 ($105.27 in chips) 
Seat 4: Mr_Dick666 ($113.50 in chips) 
Seat 5: steepfell ($105.50 in chips) 
Seat 6: ImaPeppaPig ($100 in chips) 
ImaPeppaPig: posts small blind $0.50
Lore2955: posts big blind $1
*** HOLE CARDS ***
m0nTTu: folds 
Kristo 914: folds 
Mr_Dick666: raises $1.50 to $2.50
steepfell: folds 
ImaPeppaPig: folds 
Lore2955: raises $7.50 to $10
Mr_Dick666: folds 
Uncalled bet ($7.50) returned to Lore2955
Lore2955 collected $5.50 from pot
*** SUMMARY ***
Total pot $5.50 | Rake $0 
Seat 1: Lore2955 (big blind) collected ($5.50)
Seat 2: m0nTTu folded before Flop (didn't bet)
Seat 3: Kristo 914 folded before Flop (didn't bet)
Seat 4: Mr_Dick666 folded before Flop
Seat 5: steepfell (button) folded before Flop (didn't bet)
Seat 6: ImaPeppaPig (small blind) folded before Flop



PokerStars Hand #254459699987:  Hold'em No Limit ($0.50/$1.00 USD) - 2025/01/19 0:45:45 WET [2025/01/19 19:45:45 ET]
Table 'Lonnrot III' 6-max Seat #6 is the button
Seat 1: Lore2955 ($29.27 in chips) 
Seat 2: m0nTTu ($26.18 in chips) 
Seat 3: Kristo 914 ($105.27 in chips) 
Seat 4: Mr_Dick666 ($111 in chips) 
Seat 5: steepfell ($105.50 in chips) 
Seat 6: ImaPeppaPig ($100 in chips) 
Lore2955: posts small blind $0.50
m0nTTu: posts big blind $1
*** HOLE CARDS ***
Kristo 914: raises $1.40 to $2.40
Mr_Dick666: folds 
steepfell: folds 
ImaPeppaPig: folds 
Lore2955: folds 
m0nTTu: folds 
Uncalled bet ($1.40) returned to Kristo 914
Kristo 914 collected $2.50 from pot
Kristo 914: doesn't show hand 
*** SUMMARY ***
Total pot $2.50 | Rake $0 
Seat 1: Lore2955 (small blind) folded before Flop
Seat 2: m0nTTu (big blind) folded before Flop
Seat 3: Kristo 914 collected ($2.50)
Seat 4: Mr_Dick666 folded before Flop (didn't bet)
Seat 5: steepfell folded before Flop (didn't bet)
Seat 6: ImaPeppaPig (button) folded before Flop (didn't bet)



PokerStars Hand #254459704300:  Hold'em No Limit ($0.50/$1.00 USD) - 2025/01/19 0:46:06 WET [2025/01/19 19:46:06 ET]
Table 'Lonnrot III' 6-max Seat #1 is the button
Seat 1: Lore2955 ($28.77 in chips) 
Seat 2: m0nTTu ($25.18 in chips) 
Seat 3: Kristo 914 ($106.77 in chips) 
Seat 4: Mr_Dick666 ($111 in chips) 
Seat 5: steepfell ($105.50 in chips) 
Seat 6: ImaPeppaPig ($100 in chips) 
m0nTTu: posts small blind $0.50
Kristo 914: posts big blind $1
*** HOLE CARDS ***
Mr_Dick666: folds 
steepfell: folds 
ImaPeppaPig: folds 
Lore2955: folds 
m0nTTu: raises $1.50 to $2.50
Kristo 914: folds 
Uncalled bet ($1.50) returned to m0nTTu
m0nTTu collected $2 from pot
m0nTTu: doesn't show hand 
*** SUMMARY ***
Total pot $2 | Rake $0 
Seat 1: Lore2955 (button) folded before Flop (didn't bet)
Seat 2: m0nTTu (small blind) collected ($2)
Seat 3: Kristo 914 (big blind) folded before Flop
Seat 4: Mr_Dick666 folded before Flop (didn't bet)
Seat 5: steepfell folded before Flop (didn't bet)
Seat 6: ImaPeppaPig folded before Flop (didn't bet)



PokerStars Hand #254459710899:  Hold'em No Limit ($0.50/$1.00 USD) - 2025/01/19 0:46:38 WET [2025/01/19 19:46:38 ET]
Table 'Lonnrot III' 6-max Seat #2 is the button
Seat 1: Lore2955 ($28.77 in chips) 
Seat 2: m0nTTu ($26.18 in chips) 
Seat 3: Kristo 914 ($105.77 in chips) 
Seat 4: Mr_Dick666 ($111 in chips) 
Seat 5: steepfell ($105.50 in chips) 
Seat 6: ImaPeppaPig ($100 in chips) 
Kristo 914: posts small blind $0.50
Mr_Dick666: posts big blind $1
*** HOLE CARDS ***
steepfell: folds 
ImaPeppaPig: folds 
Lore2955: folds 
m0nTTu: raises $1 to $2
Kristo 914: folds 
Mr_Dick666: folds 
Uncalled bet ($1) returned to m0nTTu
m0nTTu collected $2.50 from pot
m0nTTu: doesn't show hand 
*** SUMMARY ***
Total pot $2.50 | Rake $0 
Seat 1: Lore2955 folded before Flop (didn't bet)
Seat 2: m0nTTu (button) collected ($2.50)
Seat 3: Kristo 914 (small blind) folded before Flop
Seat 4: Mr_Dick666 (big blind) folded before Flop
Seat 5: steepfell folded before Flop (didn't bet)
Seat 6: ImaPeppaPig folded before Flop (didn't bet)



PokerStars Hand #254459717203:  Hold'em No Limit ($0.50/$1.00 USD) - 2025/01/19 0:47:09 WET [2025/01/19 19:47:09 ET]
Table 'Lonnrot III' 6-max Seat #3 is the button
Seat 1: Lore2955 ($28.77 in chips) 
Seat 2: m0nTTu ($27.68 in chips) 
Seat 3: Kristo 914 ($105.27 in chips) 
Seat 4: Mr_Dick666 ($110 in chips) 
Seat 5: steepfell ($105.50 in chips) 
Seat 6: ImaPeppaPig ($100 in chips) 
Mr_Dick666: posts small blind $0.50
steepfell: posts big blind $1
*** HOLE CARDS ***
ImaPeppaPig: folds 
Lore2955: folds 
m0nTTu: raises $1 to $2
Kristo 914: folds 
Mr_Dick666: folds 
steepfell: folds 
Uncalled bet ($1) returned to m0nTTu
m0nTTu collected $2.50 from pot
m0nTTu: doesn't show hand 
*** SUMMARY ***
Total pot $2.50 | Rake $0 
Seat 1: Lore2955 folded before Flop (didn't bet)
Seat 2: m0nTTu collected ($2.50)
Seat 3: Kristo 914 (button) folded before Flop (didn't bet)
Seat 4: Mr_Dick666 (small blind) folded before Flop
Seat 5: steepfell (big blind) folded before Flop
Seat 6: ImaPeppaPig folded before Flop (didn't bet)



PokerStars Hand #254459723076:  Hold'em No Limit ($0.50/$1.00 USD) - 2025/01/19 0:47:37 WET [2025/01/19 19:47:37 ET]
Table 'Lonnrot III' 6-max Seat #4 is the button
Seat 1: Lore2955 ($28.77 in chips) 
Seat 2: m0nTTu ($29.18 in chips) 
Seat 3: Kristo 914 ($105.27 in chips) 
Seat 4: Mr_Dick666 ($109.50 in chips) 
Seat 5: steepfell ($104.50 in chips) 
Seat 6: ImaPeppaPig ($100 in chips) 
steepfell: posts small blind $0.50
ImaPeppaPig: posts big blind $1
*** HOLE CARDS ***
Lore2955: raises $2 to $3
m0nTTu: folds 
Kristo 914: folds 
Mr_Dick666: folds 
steepfell: raises $9 to $12
ImaPeppaPig: folds 
Lore2955: raises $16.77 to $28.77 and is all-in
steepfell: calls $16.77
*** FLOP *** [4c 8s 4d]
*** TURN *** [4c 8s 4d] [Js]
*** RIVER *** [4c 8s 4d Js] [3s]
*** SHOW DOWN ***
steepfell: shows [Ad Qd] (a pair of Fours)
Lore2955: shows [Jd Jh] (a full house, Jacks full of Fours)
Lore2955 cashed out the hand for $29.80 | Cash Out Fee $0.61
*** SUMMARY ***
Total pot $58.54 | Rake $2.50 
Board [4c 8s 4d Js 3s]
Seat 1: Lore2955 showed [Jd Jh] and won ($56.04) with a full house, Jacks full of Fours (pot not awarded as player cashed out)
Seat 2: m0nTTu folded before Flop (didn't bet)
Seat 3: Kristo 914 folded before Flop (didn't bet)
Seat 4: Mr_Dick666 (button) folded before Flop (didn't bet)
Seat 5: steepfell (small blind) showed [Ad Qd] and lost with a pair of Fours
Seat 6: ImaPeppaPig (big blind) folded before Flop



PokerStars Hand #254459731155:  Hold'em No Limit ($0.50/$1.00 USD) - 2025/01/19 0:48:18 WET [2025/01/19 19:48:18 ET]
Table 'Lonnrot III' 6-max Seat #5 is the button
Seat 1: Lore2955 ($29.80 in chips) 
Seat 2: m0nTTu ($29.18 in chips) 
Seat 3: Kristo 914 ($105.27 in chips) 
Seat 4: Mr_Dick666 ($109.50 in chips) 
Seat 5: steepfell ($100 in chips) 
Seat 6: ImaPeppaPig ($100 in chips) 
ImaPeppaPig: posts small blind $0.50
Lore2955: posts big blind $1
*** HOLE CARDS ***
m0nTTu: folds 
Kristo 914: folds 
Mr_Dick666: folds 
steepfell: raises $1.50 to $2.50
ImaPeppaPig: raises $8.50 to $11
Lore2955: folds 
steepfell: folds 
Uncalled bet ($8.50) returned to ImaPeppaPig
ImaPeppaPig collected $6 from pot
ImaPeppaPig: doesn't show hand 
*** SUMMARY ***
Total pot $6 | Rake $0 
Seat 1: Lore2955 (big blind) folded before Flop
Seat 2: m0nTTu folded before Flop (didn't bet)
Seat 3: Kristo 914 folded before Flop (didn't bet)
Seat 4: Mr_Dick666 folded before Flop (didn't bet)
Seat 5: steepfell (button) folded before Flop
Seat 6: ImaPeppaPig (small blind) collected ($6)



PokerStars Hand #254459737270:  Hold'em No Limit ($0.50/$1.00 USD) - 2025/01/19 0:48:48 WET [2025/01/19 19:48:48 ET]
Table 'Lonnrot III' 6-max Seat #6 is the button
Seat 1: Lore2955 ($28.80 in chips) 
Seat 2: m0nTTu ($29.18 in chips) 
Seat 3: Kristo 914 ($105.27 in chips) 
Seat 4: Mr_Dick666 ($109.50 in chips) 
Seat 5: steepfell ($100 in chips) 
Seat 6: ImaPeppaPig ($103.50 in chips) 
Lore2955: posts small blind $0.50
m0nTTu: posts big blind $1
*** HOLE CARDS ***
Kristo 914: folds 
Mr_Dick666: folds 
steepfell: raises $1.50 to $2.50
ImaPeppaPig: raises $5.50 to $8
Lore2955: folds 
m0nTTu: raises $21.18 to $29.18 and is all-in
steepfell: folds 
ImaPeppaPig: calls $21.18
*** FIRST FLOP *** [3s Jc 2s]
*** FIRST TURN *** [3s Jc 2s] [6c]
*** FIRST RIVER *** [3s Jc 2s 6c] [As]
*** SECOND FLOP *** [5d Js 4s]
*** SECOND TURN *** [5d Js 4s] [Td]
*** SECOND RIVER *** [5d Js 4s Td] [Jh]
*** FIRST SHOW DOWN ***
m0nTTu: shows [8d 8h] (a pair of Eights)
ImaPeppaPig: shows [8c 7c] (high card Ace)
m0nTTu collected $29.43 from pot
*** SECOND SHOW DOWN ***
m0nTTu: shows [8d 8h] (two pair, Jacks and Eights)
ImaPeppaPig: shows [8c 7c] (a pair of Jacks)
m0nTTu collected $29.43 from pot
*** SUMMARY ***
Total pot $61.36 | Rake $2.50 
Hand was run twice
FIRST Board [3s Jc 2s 6c As]
SECOND Board [5d Js 4s Td Jh]
Seat 1: Lore2955 (small blind) folded before Flop
Seat 2: m0nTTu (big blind) showed [8d 8h] and won ($29.43) with a pair of Eights, and won ($29.43) with two pair, Jacks and Eights
Seat 3: Kristo 914 folded before Flop (didn't bet)
Seat 4: Mr_Dick666 folded before Flop (didn't bet)
Seat 5: steepfell folded before Flop
Seat 6: ImaPeppaPig (button) showed [8c 7c] and lost with high card Ace, and lost with a pair of Jacks



PokerStars Hand #254459749395:  Hold'em No Limit ($0.50/$1.00 USD) - 2025/01/19 0:49:49 WET [2025/01/19 19:49:49 ET]
Table 'Lonnrot III' 6-max Seat #1 is the button
Seat 1: Lore2955 ($28.30 in chips) 
Seat 2: m0nTTu ($58.86 in chips) 
Seat 3: Kristo 914 ($105.27 in chips) 
Seat 4: Mr_Dick666 ($109.50 in chips) 
Seat 5: steepfell ($100 in chips) 
Seat 6: ImaPeppaPig ($100 in chips) 
m0nTTu: posts small blind $0.50
Kristo 914: posts big blind $1
*** HOLE CARDS ***
Mr_Dick666: folds 
steepfell: raises $1.50 to $2.50
ImaPeppaPig: folds 
Lore2955: folds 
m0nTTu: folds 
Kristo 914: folds 
Uncalled bet ($1.50) returned to steepfell
steepfell collected $2.50 from pot
steepfell: doesn't show hand 
*** SUMMARY ***
Total pot $2.50 | Rake $0 
Seat 1: Lore2955 (button) folded before Flop (didn't bet)
Seat 2: m0nTTu (small blind) folded before Flop
Seat 3: Kristo 914 (big blind) folded before Flop
Seat 4: Mr_Dick666 folded before Flop (didn't bet)
Seat 5: steepfell collected ($2.50)
Seat 6: ImaPeppaPig folded before Flop (didn't bet)



PokerStars Hand #254459753152:  Hold'em No Limit ($0.50/$1.00 USD) - 2025/01/19 0:50:07 WET [2025/01/19 19:50:07 ET]
Table 'Lonnrot III' 6-max Seat #2 is the button
Seat 1: Lore2955 ($28.30 in chips) 
Seat 2: m0nTTu ($58.36 in chips) 
Seat 3: Kristo 914 ($104.27 in chips) 
Seat 4: Mr_Dick666 ($109.50 in chips) 
Seat 5: steepfell ($101.50 in chips) 
Seat 6: ImaPeppaPig ($100 in chips) 
Kristo 914: posts small blind $0.50
Mr_Dick666: posts big blind $1
*** HOLE CARDS ***
steepfell: folds 
ImaPeppaPig: raises $1.50 to $2.50
Lore2955: calls $2.50
m0nTTu: folds 
Kristo 914: folds 
Mr_Dick666: calls $1.50
*** FLOP *** [9s 5d Th]
Mr_Dick666: checks 
ImaPeppaPig: bets $3.95
Lore2955: calls $3.95
Mr_Dick666: calls $3.95
*** TURN *** [9s 5d Th] [Td]
Mr_Dick666: checks 
ImaPeppaPig: checks 
Lore2955: bets $21.85 and is all-in
Mr_Dick666: folds 
ImaPeppaPig: calls $21.85
Lore2955 has timed out
*** RIVER *** [9s 5d Th Td] [Ad]
*** SHOW DOWN ***
ImaPeppaPig: shows [Ac Ah] (a full house, Aces full of Tens)
Lore2955: shows [6d 7d] (a flush, Ace high)
ImaPeppaPig collected $61.05 from pot
*** SUMMARY ***
Total pot $63.55 | Rake $2.50 
Board [9s 5d Th Td Ad]
Seat 1: Lore2955 showed [6d 7d] and lost with a flush, Ace high
Seat 2: m0nTTu (button) folded before Flop (didn't bet)
Seat 3: Kristo 914 (small blind) folded before Flop
Seat 4: Mr_Dick666 (big blind) folded on the Turn
Seat 5: steepfell folded before Flop (didn't bet)
Seat 6: ImaPeppaPig showed [Ac Ah] and won ($61.05) with a full house, Aces full of Tens



PokerStars Hand #254459765563:  Hold'em No Limit ($0.50/$1.00 USD) - 2025/01/19 0:51:09 WET [2025/01/19 19:51:09 ET]
Table 'Lonnrot III' 6-max Seat #3 is the button
Seat 1: Lore2955 ($0 in chips) is sitting out
Seat 2: m0nTTu ($58.36 in chips) 
Seat 3: Kristo 914 ($103.77 in chips) 
Seat 4: Mr_Dick666 ($103.05 in chips) 
Seat 5: steepfell ($101.50 in chips) 
Seat 6: ImaPeppaPig ($132.75 in chips) 
Mr_Dick666: posts small blind $0.50
steepfell: posts big blind $1
*** HOLE CARDS ***
ImaPeppaPig: folds 
m0nTTu: folds 
Kristo 914: folds 
Mr_Dick666: folds 
Uncalled bet ($0.50) returned to steepfell
steepfell collected $1 from pot
steepfell: doesn't show hand 
*** SUMMARY ***
Total pot $1 | Rake $0 
Seat 1: Lore2955
Seat 2: m0nTTu folded before Flop (didn't bet)
Seat 3: Kristo 914 (button) folded before Flop (didn't bet)
Seat 4: Mr_Dick666 (small blind) folded before Flop
Seat 5: steepfell (big blind) collected ($1)
Seat 6: ImaPeppaPig folded before Flop (didn't bet)



PokerStars Hand #254459769114:  Hold'em No Limit ($0.50/$1.00 USD) - 2025/01/19 0:51:27 WET [2025/01/19 19:51:27 ET]
Table 'Lonnrot III' 6-max Seat #4 is the button
Seat 1: Lore2955 ($74.35 in chips) 
Seat 2: m0nTTu ($98.36 in chips) 
Seat 3: Kristo 914 ($103.77 in chips) 
Seat 4: Mr_Dick666 ($102.55 in chips) 
Seat 5: steepfell ($102 in chips) 
Seat 6: ImaPeppaPig ($132.75 in chips) 
steepfell: posts small blind $0.50
ImaPeppaPig: posts big blind $1
*** HOLE CARDS ***
Lore2955: folds 
m0nTTu: raises $1.50 to $2.50
Kristo 914: folds 
Mr_Dick666: folds 
steepfell: folds 
ImaPeppaPig: folds 
Uncalled bet ($1.50) returned to m0nTTu
m0nTTu collected $2.50 from pot
m0nTTu: doesn't show hand 
*** SUMMARY ***
Total pot $2.50 | Rake $0 
Seat 1: Lore2955 folded before Flop (didn't bet)
Seat 2: m0nTTu collected ($2.50)
Seat 3: Kristo 914 folded before Flop (didn't bet)
Seat 4: Mr_Dick666 (button) folded before Flop (didn't bet)
Seat 5: steepfell (small blind) folded before Flop
Seat 6: ImaPeppaPig (big blind) folded before Flop



PokerStars Hand #254459772907:  Hold'em No Limit ($0.50/$1.00 USD) - 2025/01/19 0:51:45 WET [2025/01/19 19:51:45 ET]
Table 'Lonnrot III' 6-max Seat #5 is the button
Seat 1: Lore2955 ($74.35 in chips) 
Seat 2: m0nTTu ($99.86 in chips) 
Seat 3: Kristo 914 ($103.77 in chips) 
Seat 4: Mr_Dick666 ($102.55 in chips) 
Seat 5: steepfell ($101.50 in chips) 
Seat 6: ImaPeppaPig ($131.75 in chips) 
ImaPeppaPig: posts small blind $0.50
Lore2955: posts big blind $1
*** HOLE CARDS ***
m0nTTu: folds 
Kristo 914: folds 
Mr_Dick666: folds 
steepfell: folds 
ImaPeppaPig: folds 
Uncalled bet ($0.50) returned to Lore2955
Lore2955 collected $1 from pot
*** SUMMARY ***
Total pot $1 | Rake $0 
Seat 1: Lore2955 (big blind) collected ($1)
Seat 2: m0nTTu folded before Flop (didn't bet)
Seat 3: Kristo 914 folded before Flop (didn't bet)
Seat 4: Mr_Dick666 folded before Flop (didn't bet)
Seat 5: steepfell (button) folded before Flop (didn't bet)
Seat 6: ImaPeppaPig (small blind) folded before Flop



PokerStars Hand #254459776475:  Hold'em No Limit ($0.50/$1.00 USD) - 2025/01/19 0:52:03 WET [2025/01/19 19:52:03 ET]
Table 'Lonnrot III' 6-max Seat #6 is the button
Seat 1: Lore2955 ($74.85 in chips) 
Seat 2: m0nTTu ($99.86 in chips) 
Seat 3: Kristo 914 ($103.77 in chips) 
Seat 4: Mr_Dick666 ($102.55 in chips) 
Seat 5: steepfell ($101.50 in chips) 
Seat 6: ImaPeppaPig ($131.25 in chips) 
Lore2955: posts small blind $0.50
m0nTTu: posts big blind $1
*** HOLE CARDS ***
Kristo 914: folds 
Mr_Dick666: folds 
steepfell: folds 
ImaPeppaPig: folds 
Lore2955: raises $2 to $3
m0nTTu: folds 
Uncalled bet ($2) returned to Lore2955
Lore2955 collected $2 from pot
*** SUMMARY ***
Total pot $2 | Rake $0 
Seat 1: Lore2955 (small blind) collected ($2)
Seat 2: m0nTTu (big blind) folded before Flop
Seat 3: Kristo 914 folded before Flop (didn't bet)
Seat 4: Mr_Dick666 folded before Flop (didn't bet)
Seat 5: steepfell folded before Flop (didn't bet)
Seat 6: ImaPeppaPig (button) folded before Flop (didn't bet)



PokerStars Hand #254459781800:  Hold'em No Limit ($0.50/$1.00 USD) - 2025/01/19 0:52:30 WET [2025/01/19 19:52:30 ET]
Table 'Lonnrot III' 6-max Seat #1 is the button
Seat 1: Lore2955 ($75.85 in chips) 
Seat 2: m0nTTu ($98.86 in chips) 
Seat 3: Kristo 914 ($103.77 in chips) 
Seat 4: Mr_Dick666 ($102.55 in chips) 
Seat 5: steepfell ($101.50 in chips) 
Seat 6: ImaPeppaPig ($131.25 in chips) 
m0nTTu: posts small blind $0.50
Kristo 914: posts big blind $1
*** HOLE CARDS ***
Mr_Dick666: folds 
steepfell: folds 
ImaPeppaPig: folds 
Lore2955: folds 
m0nTTu: folds 
Uncalled bet ($0.50) returned to Kristo 914
Kristo 914 collected $1 from pot
Kristo 914: doesn't show hand 
*** SUMMARY ***
Total pot $1 | Rake $0 
Seat 1: Lore2955 (button) folded before Flop (didn't bet)
Seat 2: m0nTTu (small blind) folded before Flop
Seat 3: Kristo 914 (big blind) collected ($1)
Seat 4: Mr_Dick666 folded before Flop (didn't bet)
Seat 5: steepfell folded before Flop (didn't bet)
Seat 6: ImaPeppaPig folded before Flop (didn't bet)



PokerStars Hand #254459784064:  Hold'em No Limit ($0.50/$1.00 USD) - 2025/01/19 0:52:41 WET [2025/01/19 19:52:41 ET]
Table 'Lonnrot III' 6-max Seat #2 is the button
Seat 1: Lore2955 ($75.85 in chips) 
Seat 2: m0nTTu ($100 in chips) 
Seat 3: Kristo 914 ($104.27 in chips) 
Seat 4: Mr_Dick666 ($102.55 in chips) 
Seat 5: steepfell ($101.50 in chips) 
Seat 6: ImaPeppaPig ($131.25 in chips) 
Kristo 914: posts small blind $0.50
Mr_Dick666: posts big blind $1
*** HOLE CARDS ***
steepfell: folds 
ImaPeppaPig: folds 
Lore2955: folds 
m0nTTu: folds 
Kristo 914: folds 
Uncalled bet ($0.50) returned to Mr_Dick666
Mr_Dick666 collected $1 from pot
Mr_Dick666: doesn't show hand 
*** SUMMARY ***
Total pot $1 | Rake $0 
Seat 1: Lore2955 folded before Flop (didn't bet)
Seat 2: m0nTTu (button) folded before Flop (didn't bet)
Seat 3: Kristo 914 (small blind) folded before Flop
Seat 4: Mr_Dick666 (big blind) collected ($1)
Seat 5: steepfell folded before Flop (didn't bet)
Seat 6: ImaPeppaPig folded before Flop (didn't bet)



PokerStars Hand #254459787291:  Hold'em No Limit ($0.50/$1.00 USD) - 2025/01/19 0:52:58 WET [2025/01/19 19:52:58 ET]
Table 'Lonnrot III' 6-max Seat #3 is the button
Seat 1: Lore2955 ($75.85 in chips) 
Seat 2: m0nTTu ($100 in chips) 
Seat 3: Kristo 914 ($103.77 in chips) 
Seat 4: Mr_Dick666 ($103.05 in chips) 
Seat 5: steepfell ($101.50 in chips) 
Seat 6: ImaPeppaPig ($131.25 in chips) 
Mr_Dick666: posts small blind $0.50
steepfell: posts big blind $1
*** HOLE CARDS ***
ImaPeppaPig: folds 
Lore2955: folds 
m0nTTu: raises $1.50 to $2.50
Kristo 914: folds 
Mr_Dick666: folds 
steepfell: folds 
Uncalled bet ($1.50) returned to m0nTTu
m0nTTu collected $2.50 from pot
m0nTTu: doesn't show hand 
*** SUMMARY ***
Total pot $2.50 | Rake $0 
Seat 1: Lore2955 folded before Flop (didn't bet)
Seat 2: m0nTTu collected ($2.50)
Seat 3: Kristo 914 (button) folded before Flop (didn't bet)
Seat 4: Mr_Dick666 (small blind) folded before Flop
Seat 5: steepfell (big blind) folded before Flop
Seat 6: ImaPeppaPig folded before Flop (didn't bet)



PokerStars Hand #254459794502:  Hold'em No Limit ($0.50/$1.00 USD) - 2025/01/19 0:53:35 WET [2025/01/19 19:53:35 ET]
Table 'Lonnrot III' 6-max Seat #4 is the button
Seat 1: Lore2955 ($75.85 in chips) 
Seat 2: m0nTTu ($101.50 in chips) 
Seat 3: Kristo 914 ($103.77 in chips) 
Seat 4: Mr_Dick666 ($102.55 in chips) 
Seat 5: steepfell ($100.50 in chips) 
Seat 6: ImaPeppaPig ($131.25 in chips) 
steepfell: posts small blind $0.50
ImaPeppaPig: posts big blind $1
*** HOLE CARDS ***
Lore2955: raises $1 to $2
m0nTTu: folds 
Kristo 914: folds 
Mr_Dick666: folds 
steepfell: folds 
ImaPeppaPig: folds 
Uncalled bet ($1) returned to Lore2955
Lore2955 collected $2.50 from pot
*** SUMMARY ***
Total pot $2.50 | Rake $0 
Seat 1: Lore2955 collected ($2.50)
Seat 2: m0nTTu folded before Flop (didn't bet)
Seat 3: Kristo 914 folded before Flop (didn't bet)
Seat 4: Mr_Dick666 (button) folded before Flop (didn't bet)
Seat 5: steepfell (small blind) folded before Flop
Seat 6: ImaPeppaPig (big blind) folded before Flop



PokerStars Hand #254459799327:  Hold'em No Limit ($0.50/$1.00 USD) - 2025/01/19 0:53:59 WET [2025/01/19 19:53:59 ET]
Table 'Lonnrot III' 6-max Seat #5 is the button
Seat 1: Lore2955 ($77.35 in chips) 
Seat 2: m0nTTu ($101.50 in chips) 
Seat 3: Kristo 914 ($103.77 in chips) 
Seat 4: Mr_Dick666 ($102.55 in chips) 
Seat 5: steepfell ($100 in chips) 
Seat 6: ImaPeppaPig ($130.25 in chips) 
ImaPeppaPig: posts small blind $0.50
Lore2955: posts big blind $1
*** HOLE CARDS ***
m0nTTu: folds 
Kristo 914: folds 
Mr_Dick666: raises $1.50 to $2.50
steepfell: raises $5.50 to $8
ImaPeppaPig: raises $13 to $21
Lore2955: folds 
Mr_Dick666: folds 
steepfell: raises $79 to $100 and is all-in
ImaPeppaPig: folds 
Uncalled bet ($79) returned to steepfell
steepfell collected $45.50 from pot
steepfell: doesn't show hand 
*** SUMMARY ***
Total pot $45.50 | Rake $0 
Seat 1: Lore2955 (big blind) folded before Flop
Seat 2: m0nTTu folded before Flop (didn't bet)
Seat 3: Kristo 914 folded before Flop (didn't bet)
Seat 4: Mr_Dick666 folded before Flop
Seat 5: steepfell (button) collected ($45.50)
Seat 6: ImaPeppaPig (small blind) folded before Flop



PokerStars Hand #254459810706:  Hold'em No Limit ($0.50/$1.00 USD) - 2025/01/19 0:54:57 WET [2025/01/19 19:54:57 ET]
Table 'Lonnrot III' 6-max Seat #6 is the button
Seat 1: Lore2955 ($76.35 in chips) 
Seat 2: m0nTTu ($101.50 in chips) 
Seat 3: Kristo 914 ($103.77 in chips) 
Seat 4: Mr_Dick666 ($100.05 in chips) 
Seat 5: steepfell ($124.50 in chips) 
Seat 6: ImaPeppaPig ($109.25 in chips) 
Lore2955: posts small blind $0.50
m0nTTu: posts big blind $1
*** HOLE CARDS ***
Kristo 914: folds 
Mr_Dick666: raises $1 to $2
steepfell: folds 
ImaPeppaPig: folds 
Lore2955: folds 
m0nTTu: folds 
Uncalled bet ($1) returned to Mr_Dick666
Mr_Dick666 collected $2.50 from pot
Mr_Dick666: doesn't show hand 
*** SUMMARY ***
Total pot $2.50 | Rake $0 
Seat 1: Lore2955 (small blind) folded before Flop
Seat 2: m0nTTu (big blind) folded before Flop
Seat 3: Kristo 914 folded before Flop (didn't bet)
Seat 4: Mr_Dick666 collected ($2.50)
Seat 5: steepfell folded before Flop (didn't bet)
Seat 6: ImaPeppaPig (button) folded before Flop (didn't bet)



PokerStars Hand #254459814130:  Hold'em No Limit ($0.50/$1.00 USD) - 2025/01/19 0:55:19 WET [2025/01/19 19:55:19 ET]
Table 'Lonnrot III' 6-max Seat #1 is the button
Seat 1: Lore2955 ($75.85 in chips) 
Seat 2: m0nTTu ($100.50 in chips) 
Seat 3: Kristo 914 ($103.77 in chips) 
Seat 4: Mr_Dick666 ($101.55 in chips) 
Seat 5: steepfell ($124.50 in chips) 
Seat 6: ImaPeppaPig ($109.25 in chips) 
m0nTTu: posts small blind $0.50
Kristo 914: posts big blind $1
*** HOLE CARDS ***
Mr_Dick666: folds 
steepfell: folds 
ImaPeppaPig: folds 
Lore2955: folds 
m0nTTu: folds 
Uncalled bet ($0.50) returned to Kristo 914
Kristo 914 collected $1 from pot
Kristo 914: doesn't show hand 
*** SUMMARY ***
Total pot $1 | Rake $0 
Seat 1: Lore2955 (button) folded before Flop (didn't bet)
Seat 2: m0nTTu (small blind) folded before Flop
Seat 3: Kristo 914 (big blind) collected ($1)
Seat 4: Mr_Dick666 folded before Flop (didn't bet)
Seat 5: steepfell folded before Flop (didn't bet)
Seat 6: ImaPeppaPig folded before Flop (didn't bet)



PokerStars Hand #254459817086:  Hold'em No Limit ($0.50/$1.00 USD) - 2025/01/19 0:55:41 WET [2025/01/19 19:55:41 ET]
Table 'Lonnrot III' 6-max Seat #2 is the button
Seat 1: Lore2955 ($75.85 in chips) 
Seat 2: m0nTTu ($100 in chips) 
Seat 3: Kristo 914 ($104.27 in chips) 
Seat 4: Mr_Dick666 ($101.55 in chips) 
Seat 5: steepfell ($124.50 in chips) 
Seat 6: ImaPeppaPig ($109.25 in chips) 
Kristo 914: posts small blind $0.50
Mr_Dick666: posts big blind $1
*** HOLE CARDS ***
steepfell: folds 
ImaPeppaPig: folds 
Lore2955: folds 
m0nTTu: folds 
Kristo 914: folds 
Uncalled bet ($0.50) returned to Mr_Dick666
Mr_Dick666 collected $1 from pot
Mr_Dick666: doesn't show hand 
*** SUMMARY ***
Total pot $1 | Rake $0 
Seat 1: Lore2955 folded before Flop (didn't bet)
Seat 2: m0nTTu (button) folded before Flop (didn't bet)
Seat 3: Kristo 914 (small blind) folded before Flop
Seat 4: Mr_Dick666 (big blind) collected ($1)
Seat 5: steepfell folded before Flop (didn't bet)
Seat 6: ImaPeppaPig folded before Flop (didn't bet)



PokerStars Hand #254459821041:  Hold'em No Limit ($0.50/$1.00 USD) - 2025/01/19 0:56:09 WET [2025/01/19 19:56:09 ET]
Table 'Lonnrot III' 6-max Seat #3 is the button
Seat 1: Lore2955 ($75.85 in chips) 
Seat 2: m0nTTu ($100 in chips) 
Seat 3: Kristo 914 ($103.77 in chips) 
Seat 4: Mr_Dick666 ($102.05 in chips) 
Seat 5: steepfell ($124.50 in chips) 
Seat 6: ImaPeppaPig ($109.25 in chips) 
Mr_Dick666: posts small blind $0.50
steepfell: posts big blind $1
*** HOLE CARDS ***
ImaPeppaPig: folds 
Lore2955: folds 
m0nTTu: folds 
Kristo 914: folds 
Mr_Dick666: raises $2 to $3
steepfell: calls $2
*** FLOP *** [8d 6c As]
Mr_Dick666: checks 
steepfell: checks 
*** TURN *** [8d 6c As] [Ac]
Mr_Dick666: bets $4.28
steepfell: folds 
Uncalled bet ($4.28) returned to Mr_Dick666
Mr_Dick666 collected $5.70 from pot
Mr_Dick666: doesn't show hand 
*** SUMMARY ***
Total pot $6 | Rake $0.30 
Board [8d 6c As Ac]
Seat 1: Lore2955 folded before Flop (didn't bet)
Seat 2: m0nTTu folded before Flop (didn't bet)
Seat 3: Kristo 914 (button) folded before Flop (didn't bet)
Seat 4: Mr_Dick666 (small blind) collected ($5.70)
Seat 5: steepfell (big blind) folded on the Turn
Seat 6: ImaPeppaPig folded before Flop (didn't bet)



PokerStars Hand #254459828253:  Hold'em No Limit ($0.50/$1.00 USD) - 2025/01/19 0:57:00 WET [2025/01/19 19:57:00 ET]
Table 'Lonnrot III' 6-max Seat #4 is the button
Seat 1: Lore2955 ($75.85 in chips) 
Seat 2: m0nTTu ($100 in chips) 
Seat 3: Kristo 914 ($103.77 in chips) 
Seat 4: Mr_Dick666 ($104.75 in chips) 
Seat 5: steepfell ($121.50 in chips) 
Seat 6: ImaPeppaPig ($109.25 in chips) 
steepfell: posts small blind $0.50
ImaPeppaPig: posts big blind $1
*** HOLE CARDS ***
Lore2955: raises $1 to $2
m0nTTu: folds 
Kristo 914: folds 
Mr_Dick666: folds 
steepfell: folds 
ImaPeppaPig: folds 
Uncalled bet ($1) returned to Lore2955
Lore2955 collected $2.50 from pot
*** SUMMARY ***
Total pot $2.50 | Rake $0 
Seat 1: Lore2955 collected ($2.50)
Seat 2: m0nTTu folded before Flop (didn't bet)
Seat 3: Kristo 914 folded before Flop (didn't bet)
Seat 4: Mr_Dick666 (button) folded before Flop (didn't bet)
Seat 5: steepfell (small blind) folded before Flop
Seat 6: ImaPeppaPig (big blind) folded before Flop



PokerStars Hand #254459830525:  Hold'em No Limit ($0.50/$1.00 USD) - 2025/01/19 0:57:15 WET [2025/01/19 19:57:15 ET]
Table 'Lonnrot III' 6-max Seat #5 is the button
Seat 1: Lore2955 ($77.35 in chips) 
Seat 2: m0nTTu ($100 in chips) 
Seat 3: Kristo 914 ($103.77 in chips) 
Seat 4: Mr_Dick666 ($104.75 in chips) 
Seat 5: steepfell ($121 in chips) 
Seat 6: ImaPeppaPig ($108.25 in chips) 
ImaPeppaPig: posts small blind $0.50
Lore2955: posts big blind $1
*** HOLE CARDS ***
m0nTTu: folds 
Kristo 914: folds 
Mr_Dick666: folds 
steepfell: folds 
ImaPeppaPig: folds 
Uncalled bet ($0.50) returned to Lore2955
Lore2955 collected $1 from pot
*** SUMMARY ***
Total pot $1 | Rake $0 
Seat 1: Lore2955 (big blind) collected ($1)
Seat 2: m0nTTu folded before Flop (didn't bet)
Seat 3: Kristo 914 folded before Flop (didn't bet)
Seat 4: Mr_Dick666 folded before Flop (didn't bet)
Seat 5: steepfell (button) folded before Flop (didn't bet)
Seat 6: ImaPeppaPig (small blind) folded before Flop



PokerStars Hand #254459834030:  Hold'em No Limit ($0.50/$1.00 USD) - 2025/01/19 0:57:40 WET [2025/01/19 19:57:40 ET]
Table 'Lonnrot III' 6-max Seat #6 is the button
Seat 1: Lore2955 ($77.85 in chips) 
Seat 2: m0nTTu ($100 in chips) 
Seat 3: Kristo 914 ($103.77 in chips) 
Seat 4: Mr_Dick666 ($104.75 in chips) 
Seat 5: steepfell ($121 in chips) 
Seat 6: ImaPeppaPig ($107.75 in chips) 
Lore2955: posts small blind $0.50
m0nTTu: posts big blind $1
*** HOLE CARDS ***
Kristo 914: folds 
Mr_Dick666: raises $1 to $2
steepfell: folds 
ImaPeppaPig: raises $5 to $7
Lore2955: folds 
m0nTTu: folds 
Mr_Dick666: raises $12 to $19
ImaPeppaPig: calls $12
*** FLOP *** [5s 3c Jd]
Mr_Dick666: bets $9.38
ImaPeppaPig: folds 
Uncalled bet ($9.38) returned to Mr_Dick666
Mr_Dick666 collected $37.52 from pot
Mr_Dick666: doesn't show hand 
*** SUMMARY ***
Total pot $39.50 | Rake $1.98 
Board [5s 3c Jd]
Seat 1: Lore2955 (small blind) folded before Flop
Seat 2: m0nTTu (big blind) folded before Flop
Seat 3: Kristo 914 folded before Flop (didn't bet)
Seat 4: Mr_Dick666 collected ($37.52)
Seat 5: steepfell folded before Flop (didn't bet)
Seat 6: ImaPeppaPig (button) folded on the Flop



PokerStars Hand #254459840958:  Hold'em No Limit ($0.50/$1.00 USD) - 2025/01/19 0:58:29 WET [2025/01/19 19:58:29 ET]
Table 'Lonnrot III' 6-max Seat #1 is the button
Seat 1: Lore2955 ($77.35 in chips) 
Seat 2: m0nTTu ($99 in chips) 
Seat 3: Kristo 914 ($103.77 in chips) 
Seat 4: Mr_Dick666 ($123.27 in chips) 
Seat 5: steepfell ($121 in chips) 
Seat 6: ImaPeppaPig ($100 in chips) 
m0nTTu: posts small blind $0.50
Kristo 914: posts big blind $1
*** HOLE CARDS ***
Mr_Dick666: folds 
steepfell: folds 
ImaPeppaPig: raises $1.50 to $2.50
Lore2955: folds 
m0nTTu: folds 
Kristo 914: calls $1.50
*** FLOP *** [Ah 8s 5d]
Kristo 914: checks 
ImaPeppaPig: bets $1.62
Kristo 914: folds 
Uncalled bet ($1.62) returned to ImaPeppaPig
ImaPeppaPig collected $5.22 from pot
ImaPeppaPig: doesn't show hand 
*** SUMMARY ***
Total pot $5.50 | Rake $0.28 
Board [Ah 8s 5d]
Seat 1: Lore2955 (button) folded before Flop (didn't bet)
Seat 2: m0nTTu (small blind) folded before Flop
Seat 3: Kristo 914 (big blind) folded on the Flop
Seat 4: Mr_Dick666 folded before Flop (didn't bet)
Seat 5: steepfell folded before Flop (didn't bet)
Seat 6: ImaPeppaPig collected ($5.22)



PokerStars Hand #254459849119:  Hold'em No Limit ($0.50/$1.00 USD) - 2025/01/19 0:59:26 WET [2025/01/19 19:59:26 ET]
Table 'Lonnrot III' 6-max Seat #2 is the button
Seat 1: Lore2955 ($77.35 in chips) 
Seat 2: m0nTTu ($98.50 in chips) 
Seat 3: Kristo 914 ($101.27 in chips) 
Seat 4: Mr_Dick666 ($123.27 in chips) 
Seat 5: steepfell ($121 in chips) 
Seat 6: ImaPeppaPig ($102.72 in chips) 
Kristo 914: posts small blind $0.50
Mr_Dick666: posts big blind $1
*** HOLE CARDS ***
steepfell: folds 
ImaPeppaPig: folds 
Lore2955: folds 
m0nTTu: raises $1.50 to $2.50
Kristo 914: raises $8.50 to $11
Mr_Dick666: folds 
m0nTTu: folds 
Uncalled bet ($8.50) returned to Kristo 914
Kristo 914 collected $6 from pot
Kristo 914: doesn't show hand 
*** SUMMARY ***
Total pot $6 | Rake $0 
Seat 1: Lore2955 folded before Flop (didn't bet)
Seat 2: m0nTTu (button) folded before Flop
Seat 3: Kristo 914 (small blind) collected ($6)
Seat 4: Mr_Dick666 (big blind) folded before Flop
Seat 5: steepfell folded before Flop (didn't bet)
Seat 6: ImaPeppaPig folded before Flop (didn't bet)



PokerStars Hand #254459853404:  Hold'em No Limit ($0.50/$1.00 USD) - 2025/01/19 0:59:56 WET [2025/01/19 19:59:56 ET]
Table 'Lonnrot III' 6-max Seat #3 is the button
Seat 1: Lore2955 ($77.35 in chips) 
Seat 2: m0nTTu ($96 in chips) 
Seat 3: Kristo 914 ($104.77 in chips) 
Seat 4: Mr_Dick666 ($122.27 in chips) 
Seat 5: steepfell ($121 in chips) 
Seat 6: ImaPeppaPig ($102.72 in chips) 
Mr_Dick666: posts small blind $0.50
steepfell: posts big blind $1
*** HOLE CARDS ***
ImaPeppaPig: folds 
Lore2955: folds 
m0nTTu: folds 
Kristo 914: folds 
Mr_Dick666: folds 
Uncalled bet ($0.50) returned to steepfell
steepfell collected $1 from pot
steepfell: doesn't show hand 
*** SUMMARY ***
Total pot $1 | Rake $0 
Seat 1: Lore2955 folded before Flop (didn't bet)
Seat 2: m0nTTu folded before Flop (didn't bet)
Seat 3: Kristo 914 (button) folded before Flop (didn't bet)
Seat 4: Mr_Dick666 (small blind) folded before Flop
Seat 5: steepfell (big blind) collected ($1)
Seat 6: ImaPeppaPig folded before Flop (didn't bet)



PokerStars Hand #254459856703:  Hold'em No Limit ($0.50/$1.00 USD) - 2025/01/19 1:00:19 WET [2025/01/19 20:00:19 ET]
Table 'Lonnrot III' 6-max Seat #4 is the button
Seat 1: Lore2955 ($77.35 in chips) 
Seat 2: m0nTTu ($96 in chips) 
Seat 3: Kristo 914 ($104.77 in chips) 
Seat 4: Mr_Dick666 ($121.77 in chips) 
Seat 5: steepfell ($121.50 in chips) 
Seat 6: ImaPeppaPig ($102.72 in chips) 
steepfell: posts small blind $0.50
ImaPeppaPig: posts big blind $1
*** HOLE CARDS ***
Lore2955: folds 
m0nTTu: folds 
Kristo 914: raises $1.40 to $2.40
Mr_Dick666: folds 
steepfell: folds 
ImaPeppaPig: folds 
Uncalled bet ($1.40) returned to Kristo 914
Kristo 914 collected $2.50 from pot
Kristo 914: doesn't show hand 
*** SUMMARY ***
Total pot $2.50 | Rake $0 
Seat 1: Lore2955 folded before Flop (didn't bet)
Seat 2: m0nTTu folded before Flop (didn't bet)
Seat 3: Kristo 914 collected ($2.50)
Seat 4: Mr_Dick666 (button) folded before Flop (didn't bet)
Seat 5: steepfell (small blind) folded before Flop
Seat 6: ImaPeppaPig (big blind) folded before Flop



PokerStars Hand #254459861090:  Hold'em No Limit ($0.50/$1.00 USD) - 2025/01/19 1:00:46 WET [2025/01/19 20:00:46 ET]
Table 'Lonnrot III' 6-max Seat #5 is the button
Seat 1: Lore2955 ($77.35 in chips) 
Seat 2: m0nTTu ($96 in chips) 
Seat 3: Kristo 914 ($106.27 in chips) 
Seat 4: Mr_Dick666 ($121.77 in chips) 
Seat 5: steepfell ($121 in chips) 
Seat 6: ImaPeppaPig ($101.72 in chips) 
ImaPeppaPig: posts small blind $0.50
Lore2955: posts big blind $1
*** HOLE CARDS ***
m0nTTu: folds 
Kristo 914: folds 
Mr_Dick666: raises $1.50 to $2.50
steepfell: folds 
ImaPeppaPig: folds 
Lore2955: calls $1.50
*** FLOP *** [2d 3h 2h]
Lore2955: checks 
Mr_Dick666: checks 
*** TURN *** [2d 3h 2h] [Qc]
Lore2955: bets $5.22
Mr_Dick666: folds 
Uncalled bet ($5.22) returned to Lore2955
Lore2955 collected $5.22 from pot
*** SUMMARY ***
Total pot $5.50 | Rake $0.28 
Board [2d 3h 2h Qc]
Seat 1: Lore2955 (big blind) collected ($5.22)
Seat 2: m0nTTu folded before Flop (didn't bet)
Seat 3: Kristo 914 folded before Flop (didn't bet)
Seat 4: Mr_Dick666 folded on the Turn
Seat 5: steepfell (button) folded before Flop (didn't bet)
Seat 6: ImaPeppaPig (small blind) folded before Flop



PokerStars Hand #254459871390:  Hold'em No Limit ($0.50/$1.00 USD) - 2025/01/19 1:01:45 WET [2025/01/19 20:01:45 ET]
Table 'Lonnrot III' 6-max Seat #6 is the button
Seat 1: Lore2955 ($80.07 in chips) 
Seat 2: m0nTTu ($96 in chips) 
Seat 3: Kristo 914 ($106.27 in chips) 
Seat 4: Mr_Dick666 ($119.27 in chips) 
Seat 5: steepfell ($121 in chips) 
Seat 6: ImaPeppaPig ($101.22 in chips) 
Lore2955: posts small blind $0.50
m0nTTu: posts big blind $1
*** HOLE CARDS ***
Kristo 914: folds 
Mr_Dick666: folds 
steepfell: folds 
ImaPeppaPig: raises $1.50 to $2.50
Lore2955: folds 
m0nTTu: calls $1.50
*** FLOP *** [5c 2s 2c]
m0nTTu: checks 
ImaPeppaPig: checks 
*** TURN *** [5c 2s 2c] [As]
m0nTTu: checks 
ImaPeppaPig: checks 
*** RIVER *** [5c 2s 2c As] [4h]
m0nTTu: bets $7.83
ImaPeppaPig: folds 
Uncalled bet ($7.83) returned to m0nTTu
m0nTTu collected $5.22 from pot
m0nTTu: doesn't show hand 
*** SUMMARY ***
Total pot $5.50 | Rake $0.28 
Board [5c 2s 2c As 4h]
Seat 1: Lore2955 (small blind) folded before Flop
Seat 2: m0nTTu (big blind) collected ($5.22)
Seat 3: Kristo 914 folded before Flop (didn't bet)
Seat 4: Mr_Dick666 folded before Flop (didn't bet)
Seat 5: steepfell folded before Flop (didn't bet)
Seat 6: ImaPeppaPig (button) folded on the River



PokerStars Hand #254459883436:  Hold'em No Limit ($0.50/$1.00 USD) - 2025/01/19 1:02:51 WET [2025/01/19 20:02:51 ET]
Table 'Lonnrot III' 6-max Seat #1 is the button
Seat 1: Lore2955 ($79.57 in chips) 
Seat 2: m0nTTu ($98.72 in chips) 
Seat 3: Kristo 914 ($106.27 in chips) 
Seat 4: Mr_Dick666 ($119.27 in chips) 
Seat 5: steepfell ($121 in chips) 
Seat 6: ImaPeppaPig ($100 in chips) 
m0nTTu: posts small blind $0.50
Kristo 914: posts big blind $1
*** HOLE CARDS ***
Mr_Dick666: folds 
steepfell: folds 
ImaPeppaPig: raises $1.50 to $2.50
Lore2955: folds 
m0nTTu: folds 
Kristo 914: folds 
Uncalled bet ($1.50) returned to ImaPeppaPig
ImaPeppaPig collected $2.50 from pot
ImaPeppaPig: doesn't show hand 
*** SUMMARY ***
Total pot $2.50 | Rake $0 
Seat 1: Lore2955 (button) folded before Flop (didn't bet)
Seat 2: m0nTTu (small blind) folded before Flop
Seat 3: Kristo 914 (big blind) folded before Flop
Seat 4: Mr_Dick666 folded before Flop (didn't bet)
Seat 5: steepfell folded before Flop (didn't bet)
Seat 6: ImaPeppaPig collected ($2.50)



PokerStars Hand #254459887761:  Hold'em No Limit ($0.50/$1.00 USD) - 2025/01/19 1:03:13 WET [2025/01/19 20:03:13 ET]
Table 'Lonnrot III' 6-max Seat #2 is the button
Seat 1: Lore2955 ($79.57 in chips) 
Seat 2: m0nTTu ($98.22 in chips) 
Seat 3: Kristo 914 ($105.27 in chips) 
Seat 4: Mr_Dick666 ($119.27 in chips) 
Seat 5: steepfell ($121 in chips) 
Seat 6: ImaPeppaPig ($101.50 in chips) 
Kristo 914: posts small blind $0.50
Mr_Dick666: posts big blind $1
*** HOLE CARDS ***
steepfell: folds 
ImaPeppaPig: folds 
Lore2955: raises $2 to $3
m0nTTu: calls $3
Kristo 914: folds 
Mr_Dick666: folds 
*** FLOP *** [3c Qc Th]
Lore2955: bets $4.56
m0nTTu: calls $4.56
*** TURN *** [3c Qc Th] [Ts]
Lore2955: checks 
m0nTTu: bets $5.21
Lore2955: folds 
Uncalled bet ($5.21) returned to m0nTTu
m0nTTu collected $15.79 from pot
m0nTTu: doesn't show hand 
*** SUMMARY ***
Total pot $16.62 | Rake $0.83 
Board [3c Qc Th Ts]
Seat 1: Lore2955 folded on the Turn
Seat 2: m0nTTu (button) collected ($15.79)
Seat 3: Kristo 914 (small blind) folded before Flop
Seat 4: Mr_Dick666 (big blind) folded before Flop
Seat 5: steepfell folded before Flop (didn't bet)
Seat 6: ImaPeppaPig folded before Flop (didn't bet)



PokerStars Hand #254459908194:  Hold'em No Limit ($0.50/$1.00 USD) - 2025/01/19 1:05:00 WET [2025/01/19 20:05:00 ET]
Table 'Lonnrot III' 6-max Seat #3 is the button
Seat 1: Lore2955 ($72.01 in chips) 
Seat 2: m0nTTu ($106.45 in chips) 
Seat 3: Kristo 914 ($104.77 in chips) 
Seat 4: Mr_Dick666 ($118.27 in chips) 
Seat 5: steepfell ($121 in chips) 
Seat 6: ImaPeppaPig ($101.50 in chips) 
Mr_Dick666: posts small blind $0.50
steepfell: posts big blind $1
*** HOLE CARDS ***
ImaPeppaPig: raises $1.50 to $2.50
Lore2955: calls $2.50
m0nTTu: folds 
Kristo 914: folds 
Mr_Dick666: folds 
steepfell: calls $1.50
*** FLOP *** [4c As Qs]
steepfell: checks 
ImaPeppaPig: checks 
Lore2955: checks 
*** TURN *** [4c As Qs] [4d]
steepfell: checks 
ImaPeppaPig: checks 
Lore2955: bets $7.60
steepfell: folds 
ImaPeppaPig: calls $7.60
*** RIVER *** [4c As Qs 4d] [Qh]
ImaPeppaPig: checks 
Lore2955: bets $7
ImaPeppaPig: calls $7
*** SHOW DOWN ***
Lore2955: shows [6s 9s] (two pair, Queens and Fours)
ImaPeppaPig: shows [Ad 8d] (two pair, Aces and Queens)
ImaPeppaPig collected $35.34 from pot
*** SUMMARY ***
Total pot $37.20 | Rake $1.86 
Board [4c As Qs 4d Qh]
Seat 1: Lore2955 showed [6s 9s] and lost with two pair, Queens and Fours
Seat 2: m0nTTu folded before Flop (didn't bet)
Seat 3: Kristo 914 (button) folded before Flop (didn't bet)
Seat 4: Mr_Dick666 (small blind) folded before Flop
Seat 5: steepfell (big blind) folded on the Turn
Seat 6: ImaPeppaPig showed [Ad 8d] and won ($35.34) with two pair, Aces and Queens



PokerStars Hand #254459920368:  Hold'em No Limit ($0.50/$1.00 USD) - 2025/01/19 1:06:04 WET [2025/01/19 20:06:04 ET]
Table 'Lonnrot III' 6-max Seat #4 is the button
Seat 1: Lore2955 ($54.91 in chips) 
Seat 2: m0nTTu ($106.45 in chips) 
Seat 3: Kristo 914 ($104.77 in chips) 
Seat 4: Mr_Dick666 ($117.77 in chips) 
Seat 5: steepfell ($118.50 in chips) 
Seat 6: ImaPeppaPig ($119.74 in chips) 
steepfell: posts small blind $0.50
ImaPeppaPig: posts big blind $1
*** HOLE CARDS ***
Lore2955: raises $2.50 to $3.50
m0nTTu: calls $3.50
Kristo 914: folds 
Mr_Dick666: folds 
steepfell: folds 
ImaPeppaPig: folds 
*** FLOP *** [2d 2c Qs]
Lore2955: bets $4.04
m0nTTu: calls $4.04
*** TURN *** [2d 2c Qs] [9s]
Lore2955: bets $7.88
m0nTTu: raises $41.12 to $49
Lore2955: folds 
Uncalled bet ($41.12) returned to m0nTTu
m0nTTu collected $30.72 from pot
m0nTTu: doesn't show hand 
*** SUMMARY ***
Total pot $32.34 | Rake $1.62 
Board [2d 2c Qs 9s]
Seat 1: Lore2955 folded on the Turn
Seat 2: m0nTTu collected ($30.72)
Seat 3: Kristo 914 folded before Flop (didn't bet)
Seat 4: Mr_Dick666 (button) folded before Flop (didn't bet)
Seat 5: steepfell (small blind) folded before Flop
Seat 6: ImaPeppaPig (big blind) folded before Flop



PokerStars Hand #254459943742:  Hold'em No Limit ($0.50/$1.00 USD) - 2025/01/19 1:08:07 WET [2025/01/19 20:08:07 ET]
Table 'Lonnrot III' 6-max Seat #5 is the button
Seat 1: Lore2955 ($39.49 in chips) 
Seat 2: m0nTTu ($121.75 in chips) 
Seat 3: Kristo 914 ($104.77 in chips) 
Seat 4: Mr_Dick666 ($117.77 in chips) 
Seat 5: steepfell ($118 in chips) 
Seat 6: ImaPeppaPig ($118.74 in chips) 
ImaPeppaPig: posts small blind $0.50
Lore2955: posts big blind $1
*** HOLE CARDS ***
m0nTTu: folds 
Kristo 914: raises $1.40 to $2.40
Mr_Dick666: folds 
steepfell: folds 
ImaPeppaPig: folds 
Lore2955: calls $1.40
*** FLOP *** [5c 8d Td]
Lore2955: checks 
Kristo 914: bets $3.83
Lore2955: calls $3.83
*** TURN *** [5c 8d Td] [3s]
Lore2955: checks 
Kristo 914: bets $9.36
Lore2955: calls $9.36
*** RIVER *** [5c 8d Td 3s] [5h]
Lore2955: checks 
Kristo 914: bets $89.18 and is all-in
Lore2955: folds 
Uncalled bet ($89.18) returned to Kristo 914
Kristo 914 collected $30.10 from pot
Kristo 914: doesn't show hand 
*** SUMMARY ***
Total pot $31.68 | Rake $1.58 
Board [5c 8d Td 3s 5h]
Seat 1: Lore2955 (big blind) folded on the River
Seat 2: m0nTTu folded before Flop (didn't bet)
Seat 3: Kristo 914 collected ($30.10)
Seat 4: Mr_Dick666 folded before Flop (didn't bet)
Seat 5: steepfell (button) folded before Flop (didn't bet)
Seat 6: ImaPeppaPig (small blind) folded before Flop



PokerStars Hand #254459961922:  Hold'em No Limit ($0.50/$1.00 USD) - 2025/01/19 1:09:45 WET [2025/01/19 20:09:45 ET]
Table 'Lonnrot III' 6-max Seat #6 is the button
Seat 1: Lore2955 ($23.90 in chips) 
Seat 2: m0nTTu ($121.75 in chips) 
Seat 3: Kristo 914 ($119.28 in chips) 
Seat 4: Mr_Dick666 ($117.77 in chips) 
Seat 5: steepfell ($118 in chips) 
Seat 6: ImaPeppaPig ($118.24 in chips) 
Lore2955: posts small blind $0.50
m0nTTu: posts big blind $1
*** HOLE CARDS ***
Kristo 914: raises $1.40 to $2.40
Mr_Dick666: folds 
steepfell: folds 
ImaPeppaPig: folds 
Lore2955: calls $1.90
m0nTTu: calls $1.40
*** FLOP *** [Kd 8s Td]
Lore2955: checks 
m0nTTu: checks 
Kristo 914: checks 
*** TURN *** [Kd 8s Td] [Ts]
Lore2955: checks 
m0nTTu: checks 
Kristo 914: checks 
*** RIVER *** [Kd 8s Td Ts] [Qh]
Lore2955: checks 
m0nTTu: bets $2.26
Kristo 914: raises $8.63 to $10.89
Lore2955: folds 
m0nTTu: folds 
Uncalled bet ($8.63) returned to Kristo 914
Kristo 914 collected $11.13 from pot
Kristo 914: doesn't show hand 
*** SUMMARY ***
Total pot $11.72 | Rake $0.59 
Board [Kd 8s Td Ts Qh]
Seat 1: Lore2955 (small blind) folded on the River
Seat 2: m0nTTu (big blind) folded on the River
Seat 3: Kristo 914 collected ($11.13)
Seat 4: Mr_Dick666 folded before Flop (didn't bet)
Seat 5: steepfell folded before Flop (didn't bet)
Seat 6: ImaPeppaPig (button) folded before Flop (didn't bet)



PokerStars Hand #254459978850:  Hold'em No Limit ($0.50/$1.00 USD) - 2025/01/19 1:11:18 WET [2025/01/19 20:11:18 ET]
Table 'Lonnrot III' 6-max Seat #1 is the button
Seat 1: Lore2955 ($21.50 in chips) 
Seat 2: m0nTTu ($117.09 in chips) 
Seat 3: Kristo 914 ($125.75 in chips) 
Seat 4: Mr_Dick666 ($117.77 in chips) 
Seat 5: steepfell ($118 in chips) 
Seat 6: ImaPeppaPig ($118.24 in chips) 
m0nTTu: posts small blind $0.50
Kristo 914: posts big blind $1
*** HOLE CARDS ***
Mr_Dick666: folds 
steepfell: folds 
ImaPeppaPig: folds 
Lore2955: folds 
m0nTTu: folds 
Uncalled bet ($0.50) returned to Kristo 914
Kristo 914 collected $1 from pot
Kristo 914: doesn't show hand 
*** SUMMARY ***
Total pot $1 | Rake $0 
Seat 1: Lore2955 (button) folded before Flop (didn't bet)
Seat 2: m0nTTu (small blind) folded before Flop
Seat 3: Kristo 914 (big blind) collected ($1)
Seat 4: Mr_Dick666 folded before Flop (didn't bet)
Seat 5: steepfell folded before Flop (didn't bet)
Seat 6: ImaPeppaPig folded before Flop (didn't bet)



PokerStars Hand #254459982575:  Hold'em No Limit ($0.50/$1.00 USD) - 2025/01/19 1:11:38 WET [2025/01/19 20:11:38 ET]
Table 'Lonnrot III' 6-max Seat #2 is the button
Seat 1: Lore2955 ($21.50 in chips) 
Seat 2: m0nTTu ($116.59 in chips) 
Seat 3: Kristo 914 ($126.25 in chips) 
Seat 4: Mr_Dick666 ($117.77 in chips) 
Seat 5: steepfell ($118 in chips) 
Seat 6: ImaPeppaPig ($118.24 in chips) 
Kristo 914: posts small blind $0.50
Mr_Dick666: posts big blind $1
*** HOLE CARDS ***
steepfell: folds 
ImaPeppaPig: folds 
Lore2955: raises $2 to $3
m0nTTu: folds 
Kristo 914: folds 
Mr_Dick666: folds 
Uncalled bet ($2) returned to Lore2955
Lore2955 collected $2.50 from pot
*** SUMMARY ***
Total pot $2.50 | Rake $0 
Seat 1: Lore2955 collected ($2.50)
Seat 2: m0nTTu (button) folded before Flop (didn't bet)
Seat 3: Kristo 914 (small blind) folded before Flop
Seat 4: Mr_Dick666 (big blind) folded before Flop
Seat 5: steepfell folded before Flop (didn't bet)
Seat 6: ImaPeppaPig folded before Flop (didn't bet)



PokerStars Hand #254459987473:  Hold'em No Limit ($0.50/$1.00 USD) - 2025/01/19 1:12:05 WET [2025/01/19 20:12:05 ET]
Table 'Lonnrot III' 6-max Seat #3 is the button
Seat 1: Lore2955 ($23 in chips) 
Seat 2: m0nTTu ($116.59 in chips) 
Seat 3: Kristo 914 ($125.75 in chips) 
Seat 4: Mr_Dick666 ($116.77 in chips) 
Seat 5: steepfell ($118 in chips) 
Seat 6: ImaPeppaPig ($118.24 in chips) 
Mr_Dick666: posts small blind $0.50
steepfell: posts big blind $1
*** HOLE CARDS ***
ImaPeppaPig: folds 
Lore2955: folds 
m0nTTu: folds 
Kristo 914: folds 
Mr_Dick666: raises $2 to $3
steepfell: raises $6 to $9
Mr_Dick666: calls $6
*** FLOP *** [7d Kd Kc]
Mr_Dick666: checks 
steepfell: bets $5.64
Mr_Dick666: raises $9.36 to $15
steepfell: raises $13 to $28
Mr_Dick666: calls $13
*** TURN *** [7d Kd Kc] [6s]
Mr_Dick666: checks 
steepfell: checks 
*** RIVER *** [7d Kd Kc 6s] [Ts]
Mr_Dick666: bets $79.77 and is all-in
steepfell: folds 
Uncalled bet ($79.77) returned to Mr_Dick666
Mr_Dick666 collected $71.50 from pot
Mr_Dick666: doesn't show hand 
*** SUMMARY ***
Total pot $74 | Rake $2.50 
Board [7d Kd Kc 6s Ts]
Seat 1: Lore2955 folded before Flop (didn't bet)
Seat 2: m0nTTu folded before Flop (didn't bet)
Seat 3: Kristo 914 (button) folded before Flop (didn't bet)
Seat 4: Mr_Dick666 (small blind) collected ($71.50)
Seat 5: steepfell (big blind) folded on the River
Seat 6: ImaPeppaPig folded before Flop (didn't bet)



PokerStars Hand #254460042317:  Hold'em No Limit ($0.50/$1.00 USD) - 2025/01/19 1:17:08 WET [2025/01/19 20:17:08 ET]
Table 'Lonnrot III' 6-max Seat #2 is the button
Seat 1: Lore2955 ($23.66 in chips) 
Seat 2: m0nTTu ($116.59 in chips) 
Seat 3: Kristo 914 ($124.75 in chips) 
Seat 4: Mr_Dick666 ($151.27 in chips) 
Seat 5: steepfell ($100 in chips) 
Seat 6: ImaPeppaPig ($118.24 in chips) 
Kristo 914: posts small blind $0.50
Mr_Dick666: posts big blind $1
*** HOLE CARDS ***
steepfell: folds 
ImaPeppaPig: folds 
Lore2955: folds 
m0nTTu: folds 
Kristo 914: folds 
Uncalled bet ($0.50) returned to Mr_Dick666
Mr_Dick666 collected $1 from pot
Mr_Dick666: doesn't show hand 
*** SUMMARY ***
Total pot $1 | Rake $0 
Seat 1: Lore2955 folded before Flop (didn't bet)
Seat 2: m0nTTu (button) folded before Flop (didn't bet)
Seat 3: Kristo 914 (small blind) folded before Flop
Seat 4: Mr_Dick666 (big blind) collected ($1)
Seat 5: steepfell folded before Flop (didn't bet)
Seat 6: ImaPeppaPig folded before Flop (didn't bet)



PokerStars Hand #254460049894:  Hold'em No Limit ($0.50/$1.00 USD) - 2025/01/19 1:17:50 WET [2025/01/19 20:17:50 ET]
Table 'Lonnrot III' 6-max Seat #3 is the button
Seat 1: Lore2955 ($23.66 in chips) 
Seat 2: m0nTTu ($116.59 in chips) 
Seat 3: Kristo 914 ($124.25 in chips) 
Seat 4: Mr_Dick666 ($151.77 in chips) 
Seat 5: steepfell ($100 in chips) 
Seat 6: ImaPeppaPig ($118.24 in chips) 
Mr_Dick666: posts small blind $0.50
steepfell: posts big blind $1
*** HOLE CARDS ***
ImaPeppaPig: folds 
Lore2955: folds 
m0nTTu: raises $1.50 to $2.50
Kristo 914: folds 
Mr_Dick666: folds 
steepfell: calls $1.50
*** FLOP *** [2d 5c Qd]
steepfell: checks 
m0nTTu: bets $1.72
steepfell: raises $5.28 to $7
m0nTTu: calls $5.28
*** TURN *** [2d 5c Qd] [6c]
steepfell: bets $13.89
m0nTTu: calls $13.89
*** RIVER *** [2d 5c Qd 6c] [6h]
steepfell: bets $76.61 and is all-in
m0nTTu: folds 
Uncalled bet ($76.61) returned to steepfell
steepfell collected $44.92 from pot
steepfell: doesn't show hand 
*** SUMMARY ***
Total pot $47.28 | Rake $2.36 
Board [2d 5c Qd 6c 6h]
Seat 1: Lore2955 folded before Flop (didn't bet)
Seat 2: m0nTTu folded on the River
Seat 3: Kristo 914 (button) folded before Flop (didn't bet)
Seat 4: Mr_Dick666 (small blind) folded before Flop
Seat 5: steepfell (big blind) collected ($44.92)
Seat 6: ImaPeppaPig folded before Flop (didn't bet)



PokerStars Hand #254460074130:  Hold'em No Limit ($0.50/$1.00 USD) - 2025/01/19 1:20:08 WET [2025/01/19 20:20:08 ET]
Table 'Lonnrot III' 6-max Seat #4 is the button
Seat 1: Lore2955 ($23.66 in chips) 
Seat 2: m0nTTu ($93.20 in chips) 
Seat 3: Kristo 914 ($124.25 in chips) 
Seat 4: Mr_Dick666 ($151.27 in chips) 
Seat 5: steepfell ($121.53 in chips) 
Seat 6: ImaPeppaPig ($118.24 in chips) 
steepfell: posts small blind $0.50
ImaPeppaPig: posts big blind $1
*** HOLE CARDS ***
Lore2955: folds 
m0nTTu: raises $1.50 to $2.50
Kristo 914: folds 
Mr_Dick666: folds 
steepfell: folds 
ImaPeppaPig: folds 
Uncalled bet ($1.50) returned to m0nTTu
m0nTTu collected $2.50 from pot
m0nTTu: doesn't show hand 
*** SUMMARY ***
Total pot $2.50 | Rake $0 
Seat 1: Lore2955 folded before Flop (didn't bet)
Seat 2: m0nTTu collected ($2.50)
Seat 3: Kristo 914 folded before Flop (didn't bet)
Seat 4: Mr_Dick666 (button) folded before Flop (didn't bet)
Seat 5: steepfell (small blind) folded before Flop
Seat 6: ImaPeppaPig (big blind) folded before Flop



PokerStars Hand #254460077786:  Hold'em No Limit ($0.50/$1.00 USD) - 2025/01/19 1:20:29 WET [2025/01/19 20:20:29 ET]
Table 'Lonnrot III' 6-max Seat #5 is the button
Seat 1: Lore2955 ($23.66 in chips) 
Seat 2: m0nTTu ($94.70 in chips) 
Seat 3: Kristo 914 ($124.25 in chips) 
Seat 4: Mr_Dick666 ($151.27 in chips) 
Seat 5: steepfell ($121.03 in chips) 
Seat 6: ImaPeppaPig ($117.24 in chips) 
ImaPeppaPig: posts small blind $0.50
Lore2955: posts big blind $1
*** HOLE CARDS ***
m0nTTu: folds 
Kristo 914: folds 
Mr_Dick666: raises $1.50 to $2.50
steepfell: folds 
ImaPeppaPig: folds 
Lore2955: folds 
Uncalled bet ($1.50) returned to Mr_Dick666
Mr_Dick666 collected $2.50 from pot
Mr_Dick666: doesn't show hand 
*** SUMMARY ***
Total pot $2.50 | Rake $0 
Seat 1: Lore2955 (big blind) folded before Flop
Seat 2: m0nTTu folded before Flop (didn't bet)
Seat 3: Kristo 914 folded before Flop (didn't bet)
Seat 4: Mr_Dick666 collected ($2.50)
Seat 5: steepfell (button) folded before Flop (didn't bet)
Seat 6: ImaPeppaPig (small blind) folded before Flop



PokerStars Hand #254460081218:  Hold'em No Limit ($0.50/$1.00 USD) - 2025/01/19 1:20:48 WET [2025/01/19 20:20:48 ET]
Table 'Lonnrot III' 6-max Seat #6 is the button
Seat 1: Lore2955 ($22.66 in chips) 
Seat 2: m0nTTu ($94.70 in chips) 
Seat 3: Kristo 914 ($124.25 in chips) 
Seat 4: Mr_Dick666 ($152.77 in chips) 
Seat 5: steepfell ($121.03 in chips) 
Seat 6: ImaPeppaPig ($116.74 in chips) 
Lore2955: posts small blind $0.50
m0nTTu: posts big blind $1
*** HOLE CARDS ***
Kristo 914: folds 
Mr_Dick666: raises $1 to $2
steepfell: folds 
ImaPeppaPig: folds 
Lore2955: calls $1.50
m0nTTu: folds 
*** FLOP *** [Qs 7c Js]
Lore2955: bets $2.38
Mr_Dick666: raises $4.76 to $7.14
Lore2955: calls $4.76
*** TURN *** [Qs 7c Js] [3h]
Lore2955: checks 
Mr_Dick666: bets $27.48
Lore2955: calls $13.52 and is all-in
Uncalled bet ($13.96) returned to Mr_Dick666
*** RIVER *** [Qs 7c Js 3h] [Jh]
*** SHOW DOWN ***
Lore2955: shows [Ks 3s] (two pair, Jacks and Threes)
Mr_Dick666: shows [Qh Ah] (two pair, Queens and Jacks)
Mr_Dick666 collected $44 from pot
*** SUMMARY ***
Total pot $46.32 | Rake $2.32 
Board [Qs 7c Js 3h Jh]
Seat 1: Lore2955 (small blind) showed [Ks 3s] and lost with two pair, Jacks and Threes
Seat 2: m0nTTu (big blind) folded before Flop
Seat 3: Kristo 914 folded before Flop (didn't bet)
Seat 4: Mr_Dick666 showed [Qh Ah] and won ($44) with two pair, Queens and Jacks
Seat 5: steepfell folded before Flop (didn't bet)
Seat 6: ImaPeppaPig (button) folded before Flop (didn't bet)



PokerStars Hand #254460096556:  Hold'em No Limit ($0.50/$1.00 USD) - 2025/01/19 1:22:15 WET [2025/01/19 20:22:15 ET]
Table 'Lonnrot III' 6-max Seat #2 is the button
Seat 1: Lore2955 ($0 in chips) is sitting out
Seat 2: m0nTTu ($93.70 in chips) 
Seat 3: Kristo 914 ($124.25 in chips) 
Seat 4: Mr_Dick666 ($174.11 in chips) 
Seat 5: steepfell ($121.03 in chips) 
Seat 6: ImaPeppaPig ($116.74 in chips) 
Kristo 914: posts small blind $0.50
Mr_Dick666: posts big blind $1
*** HOLE CARDS ***
steepfell: raises $1.50 to $2.50
ImaPeppaPig: raises $5.50 to $8
m0nTTu: folds 
Kristo 914: folds 
Mr_Dick666: folds 
steepfell: folds 
Uncalled bet ($5.50) returned to ImaPeppaPig
ImaPeppaPig collected $6.50 from pot
ImaPeppaPig: doesn't show hand 
*** SUMMARY ***
Total pot $6.50 | Rake $0 
Seat 1: Lore2955
Seat 2: m0nTTu (button) folded before Flop (didn't bet)
Seat 3: Kristo 914 (small blind) folded before Flop
Seat 4: Mr_Dick666 (big blind) folded before Flop
Seat 5: steepfell folded before Flop
Seat 6: ImaPeppaPig collected ($6.50)



PokerStars Hand #254460101299:  Hold'em No Limit ($0.50/$1.00 USD) - 2025/01/19 1:22:42 WET [2025/01/19 20:22:42 ET]
Table 'Lonnrot III' 6-max Seat #3 is the button
Seat 1: Lore2955 ($0 in chips) is sitting out
Seat 2: m0nTTu ($93.70 in chips) 
Seat 3: Kristo 914 ($123.75 in chips) 
Seat 4: Mr_Dick666 ($173.11 in chips) 
Seat 5: steepfell ($118.53 in chips) 
Seat 6: ImaPeppaPig ($120.74 in chips) 
Mr_Dick666: posts small blind $0.50
steepfell: posts big blind $1
*** HOLE CARDS ***
ImaPeppaPig: folds 
m0nTTu: raises $1.50 to $2.50
Kristo 914: folds 
Mr_Dick666: folds 
steepfell: folds 
Uncalled bet ($1.50) returned to m0nTTu
m0nTTu collected $2.50 from pot
m0nTTu: doesn't show hand 
*** SUMMARY ***
Total pot $2.50 | Rake $0 
Seat 1: Lore2955
Seat 2: m0nTTu collected ($2.50)
Seat 3: Kristo 914 (button) folded before Flop (didn't bet)
Seat 4: Mr_Dick666 (small blind) folded before Flop
Seat 5: steepfell (big blind) folded before Flop
Seat 6: ImaPeppaPig folded before Flop (didn't bet)



PokerStars Hand #254460104009:  Hold'em No Limit ($0.50/$1.00 USD) - 2025/01/19 1:22:57 WET [2025/01/19 20:22:57 ET]
Table 'Lonnrot III' 6-max Seat #4 is the button
Seat 1: Lore2955 ($0 in chips) is sitting out
Seat 2: m0nTTu ($95.20 in chips) 
Seat 3: Kristo 914 ($123.75 in chips) 
Seat 4: Mr_Dick666 ($172.61 in chips) 
Seat 5: steepfell ($117.53 in chips) 
Seat 6: ImaPeppaPig ($120.74 in chips) 
steepfell: posts small blind $0.50
ImaPeppaPig: posts big blind $1
*** HOLE CARDS ***
m0nTTu: folds 
Kristo 914: raises $1.40 to $2.40
Mr_Dick666: folds 
steepfell: folds 
ImaPeppaPig: folds 
Uncalled bet ($1.40) returned to Kristo 914
Kristo 914 collected $2.50 from pot
Kristo 914: doesn't show hand 
*** SUMMARY ***
Total pot $2.50 | Rake $0 
Seat 1: Lore2955
Seat 2: m0nTTu folded before Flop (didn't bet)
Seat 3: Kristo 914 collected ($2.50)
Seat 4: Mr_Dick666 (button) folded before Flop (didn't bet)
Seat 5: steepfell (small blind) folded before Flop
Seat 6: ImaPeppaPig (big blind) folded before Flop



PokerStars Hand #254460109618:  Hold'em No Limit ($0.50/$1.00 USD) - 2025/01/19 1:23:29 WET [2025/01/19 20:23:29 ET]
Table 'Lonnrot III' 6-max Seat #5 is the button
Seat 1: Lore2955 ($10.50 in chips) 
Seat 2: m0nTTu ($95.20 in chips) 
Seat 3: Kristo 914 ($125.25 in chips) 
Seat 4: Mr_Dick666 ($172.61 in chips) 
Seat 5: steepfell ($117.03 in chips) 
Seat 6: ImaPeppaPig ($119.74 in chips) 
ImaPeppaPig: posts small blind $0.50
Lore2955: posts big blind $1
*** HOLE CARDS ***
m0nTTu: folds 
Kristo 914: raises $1.40 to $2.40
Mr_Dick666: folds 
steepfell: folds 
ImaPeppaPig: folds 
Lore2955: raises $8.10 to $10.50 and is all-in
Kristo 914: calls $8.10
*** FLOP *** [Ah 4h 5h]
*** TURN *** [Ah 4h 5h] [4s]
*** RIVER *** [Ah 4h 5h 4s] [Qc]
*** SHOW DOWN ***
Lore2955: shows [8s 8d] (two pair, Eights and Fours)
Kristo 914: shows [Kd Kc] (two pair, Kings and Fours)
Kristo 914 collected $20.42 from pot
*** SUMMARY ***
Total pot $21.50 | Rake $1.08 
Board [Ah 4h 5h 4s Qc]
Seat 1: Lore2955 (big blind) showed [8s 8d] and lost with two pair, Eights and Fours
Seat 2: m0nTTu folded before Flop (didn't bet)
Seat 3: Kristo 914 showed [Kd Kc] and won ($20.42) with two pair, Kings and Fours
Seat 4: Mr_Dick666 folded before Flop (didn't bet)
Seat 5: steepfell (button) folded before Flop (didn't bet)
Seat 6: ImaPeppaPig (small blind) folded before Flop



PokerStars Hand #254460115598:  Hold'em No Limit ($0.50/$1.00 USD) - 2025/01/19 1:24:13 WET [2025/01/19 20:24:13 ET]
Table 'Lonnrot III' 6-max Seat #6 is the button
Seat 1: Lore2955 ($0 in chips) is sitting out
Seat 2: m0nTTu ($95.20 in chips) 
Seat 3: Kristo 914 ($135.17 in chips) 
Seat 4: Mr_Dick666 ($172.61 in chips) 
Seat 5: steepfell ($117.03 in chips) 
Seat 6: ImaPeppaPig ($119.24 in chips) 
m0nTTu: posts small blind $0.50
Kristo 914: posts big blind $1
*** HOLE CARDS ***
Mr_Dick666: folds 
steepfell: folds 
ImaPeppaPig: folds 
m0nTTu: raises $2 to $3
Kristo 914: folds 
Uncalled bet ($2) returned to m0nTTu
m0nTTu collected $2 from pot
m0nTTu: doesn't show hand 
*** SUMMARY ***
Total pot $2 | Rake $0 
Seat 1: Lore2955
Seat 2: m0nTTu (small blind) collected ($2)
Seat 3: Kristo 914 (big blind) folded before Flop
Seat 4: Mr_Dick666 folded before Flop (didn't bet)
Seat 5: steepfell folded before Flop (didn't bet)
Seat 6: ImaPeppaPig (button) folded before Flop (didn't bet)



PokerStars Hand #254460118334:  Hold'em No Limit ($0.50/$1.00 USD) - 2025/01/19 1:24:25 WET [2025/01/19 20:24:25 ET]
Table 'Lonnrot III' 6-max Seat #2 is the button
Seat 1: Lore2955 ($0 in chips) is sitting out
Seat 2: m0nTTu ($96.20 in chips) 
Seat 3: Kristo 914 ($134.17 in chips) 
Seat 4: Mr_Dick666 ($172.61 in chips) 
Seat 5: steepfell ($117.03 in chips) 
Seat 6: ImaPeppaPig ($119.24 in chips) 
Kristo 914: posts small blind $0.50
Mr_Dick666: posts big blind $1
*** HOLE CARDS ***
steepfell: folds 
ImaPeppaPig: folds 
m0nTTu: raises $1.50 to $2.50
Kristo 914: folds 
Mr_Dick666: folds 
Uncalled bet ($1.50) returned to m0nTTu
m0nTTu collected $2.50 from pot
m0nTTu: doesn't show hand 
*** SUMMARY ***
Total pot $2.50 | Rake $0 
Seat 1: Lore2955
Seat 2: m0nTTu (button) collected ($2.50)
Seat 3: Kristo 914 (small blind) folded before Flop
Seat 4: Mr_Dick666 (big blind) folded before Flop
Seat 5: steepfell folded before Flop (didn't bet)
Seat 6: ImaPeppaPig folded before Flop (didn't bet)



PokerStars Hand #254460123370:  Hold'em No Limit ($0.50/$1.00 USD) - 2025/01/19 1:24:54 WET [2025/01/19 20:24:54 ET]
Table 'Lonnrot III' 6-max Seat #3 is the button
Seat 1: Lore2955 ($0 in chips) is sitting out
Seat 5: steepfell ($117.03 in chips) is sitting out
Seat 2: m0nTTu ($97.70 in chips) 
Seat 3: Kristo 914 ($133.67 in chips) 
Seat 4: Mr_Dick666 ($171.61 in chips) 
Seat 6: ImaPeppaPig ($119.24 in chips) 
Mr_Dick666: posts small blind $0.50
steepfell: is sitting out 
ImaPeppaPig: posts big blind $1
*** HOLE CARDS ***
steepfell leaves the table
m0nTTu: folds 
Lore2955 is disconnected 
Kristo 914: folds 
Mr_Dick666: folds 
Uncalled bet ($0.50) returned to ImaPeppaPig
ImaPeppaPig collected $1 from pot
ImaPeppaPig: doesn't show hand 
*** SUMMARY ***
Total pot $1 | Rake $0 
Seat 1: Lore2955
Seat 5: steepfell
Seat 2: m0nTTu folded before Flop (didn't bet)
Seat 3: Kristo 914 (button) folded before Flop (didn't bet)
Seat 4: Mr_Dick666 (small blind) folded before Flop
Seat 6: ImaPeppaPig (big blind) collected ($1)



PokerStars Hand #254460127096:  Hold'em No Limit ($0.50/$1.00 USD) - 2025/01/19 1:25:14 WET [2025/01/19 20:25:14 ET]
Table 'Lonnrot III' 6-max Seat #4 is the button
Seat 1: Lore2955 ($0 in chips) is sitting out
Seat 2: m0nTTu ($97.70 in chips) 
Seat 3: Kristo 914 ($133.67 in chips) 
Seat 4: Mr_Dick666 ($171.11 in chips) 
Seat 6: ImaPeppaPig ($119.74 in chips) 
ImaPeppaPig: posts small blind $0.50
m0nTTu: posts big blind $1
*** HOLE CARDS ***
Kristo 914: folds 
Mr_Dick666: folds 
ImaPeppaPig: folds 
Uncalled bet ($0.50) returned to m0nTTu
m0nTTu collected $1 from pot
m0nTTu: doesn't show hand 
Lore2955 leaves the table
*** SUMMARY ***
Total pot $1 | Rake $0 
Seat 1: Lore2955
Seat 2: m0nTTu (big blind) collected ($1)
Seat 3: Kristo 914 folded before Flop (didn't bet)
Seat 4: Mr_Dick666 (button) folded before Flop (didn't bet)
Seat 6: ImaPeppaPig (small blind) folded before Flop



PokerStars Hand #254460130203:  Hold'em No Limit ($0.50/$1.00 USD) - 2025/01/19 1:25:31 WET [2025/01/19 20:25:31 ET]
Table 'Lonnrot III' 6-max Seat #6 is the button
Seat 2: m0nTTu ($98.20 in chips) 
Seat 3: Kristo 914 ($133.67 in chips) 
Seat 4: Mr_Dick666 ($171.11 in chips) 
Seat 6: ImaPeppaPig ($119.24 in chips) 
m0nTTu: posts small blind $0.50
Kristo 914: posts big blind $1
*** HOLE CARDS ***
Mr_Dick666: folds 
ImaPeppaPig: raises $1.50 to $2.50
Mr_Dick666 leaves the table
nikalas22 joins the table at seat #1 
m0nTTu: raises $7.50 to $10
nikalas22 leaves the table
Kristo 914: folds 
ImaPeppaPig: calls $7.50
*** FLOP *** [Th 4d 6s]
m0nTTu: checks 
ImaPeppaPig: checks 
*** TURN *** [Th 4d 6s] [9h]
m0nTTu: checks 
ImaPeppaPig: checks 
*** RIVER *** [Th 4d 6s 9h] [Td]
m0nTTu: checks 
ImaPeppaPig: checks 
*** SHOW DOWN ***
m0nTTu: shows [Ad Js] (a pair of Tens)
ImaPeppaPig: shows [4h Ah] (two pair, Tens and Fours)
ImaPeppaPig collected $20 from pot
*** SUMMARY ***
Total pot $21 | Rake $1 
Board [Th 4d 6s 9h Td]
Seat 2: m0nTTu (small blind) showed [Ad Js] and lost with a pair of Tens
Seat 3: Kristo 914 (big blind) folded before Flop
Seat 4: Mr_Dick666 folded before Flop (didn't bet)
Seat 6: ImaPeppaPig (button) showed [4h Ah] and won ($20) with two pair, Tens and Fours



PokerStars Hand #254460144405:  Hold'em No Limit ($0.50/$1.00 USD) - 2025/01/19 1:26:50 WET [2025/01/19 20:26:50 ET]
Table 'Lonnrot III' 6-max Seat #2 is the button
Seat 2: m0nTTu ($88.20 in chips) 
Seat 3: Kristo 914 ($132.67 in chips) 
Seat 6: ImaPeppaPig ($129.24 in chips) 
Kristo 914: posts small blind $0.50
ImaPeppaPig: posts big blind $1
*** HOLE CARDS ***
m0nTTu: raises $1.50 to $2.50
Kristo 914: folds 
ImaPeppaPig: folds 
Uncalled bet ($1.50) returned to m0nTTu
m0nTTu collected $2.50 from pot
m0nTTu: doesn't show hand 
*** SUMMARY ***
Total pot $2.50 | Rake $0 
Seat 2: m0nTTu (button) collected ($2.50)
Seat 3: Kristo 914 (small blind) folded before Flop
Seat 6: ImaPeppaPig (big blind) folded before Flop



