PokerStars Hand #254457293542:  Hold'em No Limit ($0.50/$1.00 USD) - 2025/01/19 22:16:43 WET [2025/01/19 17:16:43 ET]
Table 'Adrastea III' 6-max Seat #1 is the button
Seat 4: Manifestorr ($104.81 in chips) is sitting out
Seat 1: I TAKE IT 85 ($100 in chips) 
Seat 3: CEPTT ($100 in chips) 
Seat 6: Kristo 914 ($100 in chips) 
CEPTT: posts small blind $0.50
Manifestorr: is sitting out 
Manifestorr leaves the table
Kristo 914: posts big blind $1
*** HOLE CARDS ***
I TAKE IT 85: raises $1.05 to $2.05
CEPTT: folds 
Kristo 914: folds 
Uncalled bet ($1.05) returned to I TAKE IT 85
I TAKE IT 85 collected $2.50 from pot
I TAKE IT 85: doesn't show hand 
*** SUMMARY ***
Total pot $2.50 | Rake $0 
Seat 4: Manifestorr
Seat 1: I TAKE IT 85 (button) collected ($2.50)
Seat 3: CEPTT (small blind) folded before Flop
Seat 6: Kristo 914 (big blind) folded before Flop



PokerStars Hand #254457299049:  Hold'em No Limit ($0.50/$1.00 USD) - 2025/01/19 22:16:58 WET [2025/01/19 17:16:58 ET]
Table 'Adrastea III' 6-max Seat #3 is the button
Seat 1: I TAKE IT 85 ($101.50 in chips) 
Seat 3: CEPTT ($100 in chips) 
Seat 6: Kristo 914 ($100 in chips) 
Kristo 914: posts small blind $0.50
I TAKE IT 85: posts big blind $1
*** HOLE CARDS ***
CEPTT: folds 
Kristo 914: raises $2 to $3
I TAKE IT 85: folds 
Uncalled bet ($2) returned to Kristo 914
Kristo 914 collected $2 from pot
Kristo 914: doesn't show hand 
*** SUMMARY ***
Total pot $2 | Rake $0 
Seat 1: I TAKE IT 85 (big blind) folded before Flop
Seat 3: CEPTT (button) folded before Flop (didn't bet)
Seat 6: Kristo 914 (small blind) collected ($2)



PokerStars Hand #254457306976:  Hold'em No Limit ($0.50/$1.00 USD) - 2025/01/19 22:17:21 WET [2025/01/19 17:17:21 ET]
Table 'Adrastea III' 6-max Seat #6 is the button
Seat 1: I TAKE IT 85 ($100.50 in chips) 
Seat 3: CEPTT ($100 in chips) 
Seat 6: Kristo 914 ($101 in chips) 
I TAKE IT 85: posts small blind $0.50
CEPTT: posts big blind $1
*** HOLE CARDS ***
Kristo 914: folds 
I TAKE IT 85: folds 
Uncalled bet ($0.50) returned to CEPTT
CEPTT collected $1 from pot
CEPTT: doesn't show hand 
*** SUMMARY ***
Total pot $1 | Rake $0 
Seat 1: I TAKE IT 85 (small blind) folded before Flop
Seat 3: CEPTT (big blind) collected ($1)
Seat 6: Kristo 914 (button) folded before Flop (didn't bet)



PokerStars Hand #254457310001:  Hold'em No Limit ($0.50/$1.00 USD) - 2025/01/19 22:17:29 WET [2025/01/19 17:17:29 ET]
Table 'Adrastea III' 6-max Seat #1 is the button
Seat 1: I TAKE IT 85 ($100 in chips) 
Seat 3: CEPTT ($100.50 in chips) 
Seat 6: Kristo 914 ($101 in chips) 
CEPTT: posts small blind $0.50
Kristo 914: posts big blind $1
*** HOLE CARDS ***
I TAKE IT 85: raises $1 to $2
CEPTT: raises $9 to $11
Kristo 914: folds 
I TAKE IT 85: folds 
Uncalled bet ($9) returned to CEPTT
CEPTT collected $5 from pot
CEPTT: doesn't show hand 
*** SUMMARY ***
Total pot $5 | Rake $0 
Seat 1: I TAKE IT 85 (button) folded before Flop
Seat 3: CEPTT (small blind) collected ($5)
Seat 6: Kristo 914 (big blind) folded before Flop



PokerStars Hand #254457318333:  Hold'em No Limit ($0.50/$1.00 USD) - 2025/01/19 22:17:53 WET [2025/01/19 17:17:53 ET]
Table 'Adrastea III' 6-max Seat #3 is the button
Seat 1: I TAKE IT 85 ($100 in chips) 
Seat 3: CEPTT ($103.50 in chips) 
Seat 6: Kristo 914 ($100 in chips) 
Kristo 914: posts small blind $0.50
I TAKE IT 85: posts big blind $1
*** HOLE CARDS ***
CEPTT: raises $1.85 to $2.85
Kristo 914: folds 
I TAKE IT 85: calls $1.85
*** FLOP *** [Qc 7c 5s]
I TAKE IT 85: checks 
CEPTT: bets $4.42
I TAKE IT 85: folds 
Uncalled bet ($4.42) returned to CEPTT
CEPTT collected $5.89 from pot
CEPTT: doesn't show hand 
*** SUMMARY ***
Total pot $6.20 | Rake $0.31 
Board [Qc 7c 5s]
Seat 1: I TAKE IT 85 (big blind) folded on the Flop
Seat 3: CEPTT (button) collected ($5.89)
Seat 6: Kristo 914 (small blind) folded before Flop



PokerStars Hand #254457336258:  Hold'em No Limit ($0.50/$1.00 USD) - 2025/01/19 22:18:45 WET [2025/01/19 17:18:45 ET]
Table 'Adrastea III' 6-max Seat #6 is the button
Seat 1: I TAKE IT 85 ($100 in chips) 
Seat 3: CEPTT ($106.54 in chips) 
Seat 6: Kristo 914 ($100 in chips) 
I TAKE IT 85: posts small blind $0.50
CEPTT: posts big blind $1
*** HOLE CARDS ***
Kristo 914: raises $1.40 to $2.40
I TAKE IT 85: folds 
CEPTT: folds 
Uncalled bet ($1.40) returned to Kristo 914
Kristo 914 collected $2.50 from pot
Kristo 914: doesn't show hand 
*** SUMMARY ***
Total pot $2.50 | Rake $0 
Seat 1: I TAKE IT 85 (small blind) folded before Flop
Seat 3: CEPTT (big blind) folded before Flop
Seat 6: Kristo 914 (button) collected ($2.50)



PokerStars Hand #254457340898:  Hold'em No Limit ($0.50/$1.00 USD) - 2025/01/19 22:18:58 WET [2025/01/19 17:18:58 ET]
Table 'Adrastea III' 6-max Seat #1 is the button
Seat 1: I TAKE IT 85 ($100 in chips) 
Seat 3: CEPTT ($105.54 in chips) 
Seat 6: Kristo 914 ($101.50 in chips) 
CEPTT: posts small blind $0.50
Kristo 914: posts big blind $1
*** HOLE CARDS ***
I TAKE IT 85: folds 
CEPTT: raises $2 to $3
Kristo 914: calls $2
*** FLOP *** [Qc Ah 2d]
CEPTT: checks 
2001111 joins the table at seat #2 
2001111 is disconnected 
IREQO joins the table at seat #5 
[FB]Voodoo joins the table at seat #4 
Kristo 914: checks 
*** TURN *** [Qc Ah 2d] [6s]
CEPTT: checks 
Kristo 914: checks 
*** RIVER *** [Qc Ah 2d 6s] [7c]
CEPTT: bets $4.27
Kristo 914: folds 
Uncalled bet ($4.27) returned to CEPTT
CEPTT collected $5.70 from pot
CEPTT: doesn't show hand 
*** SUMMARY ***
Total pot $6 | Rake $0.30 
Board [Qc Ah 2d 6s 7c]
Seat 1: I TAKE IT 85 (button) folded before Flop (didn't bet)
Seat 3: CEPTT (small blind) collected ($5.70)
Seat 6: Kristo 914 (big blind) folded on the River



PokerStars Hand #254457364001:  Hold'em No Limit ($0.50/$1.00 USD) - 2025/01/19 22:20:04 WET [2025/01/19 17:20:04 ET]
Table 'Adrastea III' 6-max Seat #3 is the button
Seat 4: [FB]Voodoo ($100 in chips) is sitting out
Seat 5: IREQO ($100 in chips) is sitting out
Seat 1: I TAKE IT 85 ($100 in chips) 
Seat 2: 2001111 ($100 in chips) 
Seat 3: CEPTT ($108.24 in chips) 
Seat 6: Kristo 914 ($100 in chips) 
Kristo 914: posts small blind $0.50
I TAKE IT 85: posts big blind $1
2001111: posts big blind $1
*** HOLE CARDS ***
2001111: checks 
CEPTT: folds 
Kristo 914: folds 
I TAKE IT 85: checks 
*** FLOP *** [3h Jc 3c]
I TAKE IT 85: checks 
2001111: checks 
*** TURN *** [3h Jc 3c] [9c]
I TAKE IT 85: checks 
2001111: checks 
*** RIVER *** [3h Jc 3c 9c] [6h]
I TAKE IT 85: bets $1
2001111: folds 
Uncalled bet ($1) returned to I TAKE IT 85
I TAKE IT 85 collected $2.38 from pot
I TAKE IT 85: doesn't show hand 
*** SUMMARY ***
Total pot $2.50 | Rake $0.12 
Board [3h Jc 3c 9c 6h]
Seat 4: [FB]Voodoo
Seat 5: IREQO
Seat 1: I TAKE IT 85 (big blind) collected ($2.38)
Seat 2: 2001111 folded on the River (didn't bet)
Seat 3: CEPTT (button) folded before Flop (didn't bet)
Seat 6: Kristo 914 (small blind) folded before Flop



PokerStars Hand #254457374357:  Hold'em No Limit ($0.50/$1.00 USD) - 2025/01/19 22:20:34 WET [2025/01/19 17:20:34 ET]
Table 'Adrastea III' 6-max Seat #6 is the button
Seat 4: [FB]Voodoo ($100 in chips) is sitting out
Seat 5: IREQO ($100 in chips) is sitting out
Seat 1: I TAKE IT 85 ($101.38 in chips) 
Seat 2: 2001111 ($99 in chips) 
Seat 3: CEPTT ($108.24 in chips) 
Seat 6: Kristo 914 ($100 in chips) 
I TAKE IT 85: posts small blind $0.50
2001111: posts big blind $1
[FB]Voodoo: sits out 
IREQO: sits out 
*** HOLE CARDS ***
CEPTT: raises $1.25 to $2.25
Kristo 914: folds 
I TAKE IT 85: folds 
2001111: calls $1.25
*** FLOP *** [5d 5s As]
2001111: bets $3
CEPTT: calls $3
*** TURN *** [5d 5s As] [Jh]
2001111: bets $5.23
CEPTT: calls $5.23
*** RIVER *** [5d 5s As Jh] [6c]
2001111: bets $13.12
CEPTT: calls $13.12
*** SHOW DOWN ***
2001111: shows [Kh 6s] (two pair, Sixes and Fives)
CEPTT: shows [Ad 7d] (two pair, Aces and Fives)
CEPTT collected $46.70 from pot
*** SUMMARY ***
Total pot $47.70 | Rake $1 
Board [5d 5s As Jh 6c]
Seat 4: [FB]Voodoo
Seat 5: IREQO
Seat 1: I TAKE IT 85 (small blind) folded before Flop
Seat 2: 2001111 (big blind) showed [Kh 6s] and lost with two pair, Sixes and Fives
Seat 3: CEPTT showed [Ad 7d] and won ($46.70) with two pair, Aces and Fives
Seat 6: Kristo 914 (button) folded before Flop (didn't bet)



PokerStars Hand #254457399030:  Hold'em No Limit ($0.50/$1.00 USD) - 2025/01/19 22:21:44 WET [2025/01/19 17:21:44 ET]
Table 'Adrastea III' 6-max Seat #1 is the button
Seat 4: [FB]Voodoo ($100 in chips) is sitting out
Seat 5: IREQO ($100 in chips) is sitting out
Seat 1: I TAKE IT 85 ($100.88 in chips) 
Seat 2: 2001111 ($75.40 in chips) 
Seat 3: CEPTT ($131.34 in chips) 
Seat 6: Kristo 914 ($100 in chips) 
2001111: posts small blind $0.50
CEPTT: posts big blind $1
[FB]Voodoo: sits out 
IREQO: sits out 
*** HOLE CARDS ***
Kristo 914: raises $1.40 to $2.40
I TAKE IT 85: folds 
2001111: calls $1.90
CEPTT: raises $11.60 to $14
Kristo 914: folds 
2001111: calls $11.60
*** FLOP *** [Ah Qd 3s]
2001111: checks 
CEPTT: checks 
*** TURN *** [Ah Qd 3s] [5d]
2001111: checks 
CEPTT: checks 
*** RIVER *** [Ah Qd 3s 5d] [3c]
2001111: checks 
CEPTT: bets $22.05
2001111: folds 
Uncalled bet ($22.05) returned to CEPTT
CEPTT collected $29.40 from pot
CEPTT: doesn't show hand 
*** SUMMARY ***
Total pot $30.40 | Rake $1 
Board [Ah Qd 3s 5d 3c]
Seat 4: [FB]Voodoo
Seat 5: IREQO
Seat 1: I TAKE IT 85 (button) folded before Flop (didn't bet)
Seat 2: 2001111 (small blind) folded on the River
Seat 3: CEPTT (big blind) collected ($29.40)
Seat 6: Kristo 914 folded before Flop



PokerStars Hand #254457418794:  Hold'em No Limit ($0.50/$1.00 USD) - 2025/01/19 22:22:41 WET [2025/01/19 17:22:41 ET]
Table 'Adrastea III' 6-max Seat #2 is the button
Seat 5: IREQO ($100 in chips) is sitting out
Seat 1: I TAKE IT 85 ($100.88 in chips) 
Seat 2: 2001111 ($61.40 in chips) 
Seat 3: CEPTT ($146.74 in chips) 
Seat 4: [FB]Voodoo ($100 in chips) 
Seat 6: Kristo 914 ($100 in chips) 
CEPTT: posts small blind $0.50
[FB]Voodoo: posts big blind $1
IREQO: sits out 
*** HOLE CARDS ***
Kristo 914: folds 
I TAKE IT 85: folds 
2001111: folds 
CEPTT: folds 
Uncalled bet ($0.50) returned to [FB]Voodoo
2001111 leaves the table
[FB]Voodoo collected $1 from pot
[FB]Voodoo: doesn't show hand 
*** SUMMARY ***
Total pot $1 | Rake $0 
Seat 5: IREQO
Seat 1: I TAKE IT 85 folded before Flop (didn't bet)
Seat 2: 2001111 (button) folded before Flop (didn't bet)
Seat 3: CEPTT (small blind) folded before Flop
Seat 4: [FB]Voodoo (big blind) collected ($1)
Seat 6: Kristo 914 folded before Flop (didn't bet)



PokerStars Hand #254457422344:  Hold'em No Limit ($0.50/$1.00 USD) - 2025/01/19 22:22:51 WET [2025/01/19 17:22:51 ET]
Table 'Adrastea III' 6-max Seat #3 is the button
Seat 1: I TAKE IT 85 ($100.88 in chips) 
Seat 3: CEPTT ($146.24 in chips) 
Seat 4: [FB]Voodoo ($100.50 in chips) 
Seat 5: IREQO ($100 in chips) 
Seat 6: Kristo 914 ($100 in chips) 
[FB]Voodoo: posts small blind $0.50
IREQO: posts big blind $1
*** HOLE CARDS ***
Kristo 914: folds 
I TAKE IT 85: folds 
CEPTT: folds 
[FB]Voodoo: folds 
Uncalled bet ($0.50) returned to IREQO
IREQO collected $1 from pot
IREQO: doesn't show hand 
*** SUMMARY ***
Total pot $1 | Rake $0 
Seat 1: I TAKE IT 85 folded before Flop (didn't bet)
Seat 3: CEPTT (button) folded before Flop (didn't bet)
Seat 4: [FB]Voodoo (small blind) folded before Flop
Seat 5: IREQO (big blind) collected ($1)
Seat 6: Kristo 914 folded before Flop (didn't bet)



PokerStars Hand #254457427724:  Hold'em No Limit ($0.50/$1.00 USD) - 2025/01/19 22:23:06 WET [2025/01/19 17:23:06 ET]
Table 'Adrastea III' 6-max Seat #4 is the button
Seat 1: I TAKE IT 85 ($100.88 in chips) 
Seat 3: CEPTT ($146.24 in chips) 
Seat 4: [FB]Voodoo ($100 in chips) 
Seat 5: IREQO ($100.50 in chips) 
Seat 6: Kristo 914 ($100 in chips) 
IREQO: posts small blind $0.50
Kristo 914: posts big blind $1
*** HOLE CARDS ***
I TAKE IT 85: calls $1
CEPTT: calls $1
[FB]Voodoo: calls $1
IREQO: folds 
Kristo 914: checks 
*** FLOP *** [Qd Ac 2c]
Kristo 914: checks 
I TAKE IT 85: checks 
CEPTT: checks 
[FB]Voodoo: checks 
*** TURN *** [Qd Ac 2c] [Ah]
The_Jubbster joins the table at seat #2 
Kristo 914: checks 
I TAKE IT 85: bets $2.14
CEPTT: folds 
[FB]Voodoo: folds 
Kristo 914: folds 
Uncalled bet ($2.14) returned to I TAKE IT 85
I TAKE IT 85 collected $4.28 from pot
I TAKE IT 85: doesn't show hand 
*** SUMMARY ***
Total pot $4.50 | Rake $0.22 
Board [Qd Ac 2c Ah]
Seat 1: I TAKE IT 85 collected ($4.28)
Seat 3: CEPTT folded on the Turn
Seat 4: [FB]Voodoo (button) folded on the Turn
Seat 5: IREQO (small blind) folded before Flop
Seat 6: Kristo 914 (big blind) folded on the Turn



PokerStars Hand #254457453735:  Hold'em No Limit ($0.50/$1.00 USD) - 2025/01/19 22:24:22 WET [2025/01/19 17:24:22 ET]
Table 'Adrastea III' 6-max Seat #5 is the button
Seat 2: The_Jubbster ($80 in chips) is sitting out
Seat 1: I TAKE IT 85 ($104.16 in chips) 
Seat 3: CEPTT ($145.24 in chips) 
Seat 4: [FB]Voodoo ($100 in chips) 
Seat 5: IREQO ($100 in chips) 
Seat 6: Kristo 914 ($100 in chips) 
Kristo 914: posts small blind $0.50
I TAKE IT 85: posts big blind $1
The_Jubbster: sits out 
*** HOLE CARDS ***
CEPTT: folds 
[FB]Voodoo: folds 
IREQO: raises $1.50 to $2.50
Kristo 914: raises $8.50 to $11
I TAKE IT 85: folds 
IREQO: raises $12 to $23
Kristo 914: folds 
Uncalled bet ($12) returned to IREQO
IREQO collected $23 from pot
IREQO: doesn't show hand 
*** SUMMARY ***
Total pot $23 | Rake $0 
Seat 2: The_Jubbster
Seat 1: I TAKE IT 85 (big blind) folded before Flop
Seat 3: CEPTT folded before Flop (didn't bet)
Seat 4: [FB]Voodoo folded before Flop (didn't bet)
Seat 5: IREQO (button) collected ($23)
Seat 6: Kristo 914 (small blind) folded before Flop



PokerStars Hand #254457467719:  Hold'em No Limit ($0.50/$1.00 USD) - 2025/01/19 22:25:03 WET [2025/01/19 17:25:03 ET]
Table 'Adrastea III' 6-max Seat #6 is the button
Seat 1: I TAKE IT 85 ($103.16 in chips) 
Seat 2: The_Jubbster ($80 in chips) 
Seat 3: CEPTT ($145.24 in chips) 
Seat 4: [FB]Voodoo ($100 in chips) 
Seat 5: IREQO ($112 in chips) 
Seat 6: Kristo 914 ($100 in chips) 
I TAKE IT 85: posts small blind $0.50
The_Jubbster: posts big blind $1
*** HOLE CARDS ***
CEPTT: folds 
[FB]Voodoo: folds 
IREQO: folds 
Kristo 914: folds 
I TAKE IT 85: folds 
Uncalled bet ($0.50) returned to The_Jubbster
The_Jubbster collected $1 from pot
The_Jubbster: doesn't show hand 
*** SUMMARY ***
Total pot $1 | Rake $0 
Seat 1: I TAKE IT 85 (small blind) folded before Flop
Seat 2: The_Jubbster (big blind) collected ($1)
Seat 3: CEPTT folded before Flop (didn't bet)
Seat 4: [FB]Voodoo folded before Flop (didn't bet)
Seat 5: IREQO folded before Flop (didn't bet)
Seat 6: Kristo 914 (button) folded before Flop (didn't bet)



PokerStars Hand #254457475259:  Hold'em No Limit ($0.50/$1.00 USD) - 2025/01/19 22:25:24 WET [2025/01/19 17:25:24 ET]
Table 'Adrastea III' 6-max Seat #1 is the button
Seat 3: CEPTT ($145.24 in chips) is sitting out
Seat 4: [FB]Voodoo ($100 in chips) is sitting out
Seat 1: I TAKE IT 85 ($102.66 in chips) 
Seat 2: The_Jubbster ($80.50 in chips) 
Seat 5: IREQO ($112 in chips) 
Seat 6: Kristo 914 ($100 in chips) 
The_Jubbster: posts small blind $0.50
CEPTT: is sitting out 
[FB]Voodoo: is sitting out 
IREQO: posts big blind $1
*** HOLE CARDS ***
Kristo 914: folds 
I TAKE IT 85: folds 
The_Jubbster: folds 
Uncalled bet ($0.50) returned to IREQO
IREQO collected $1 from pot
IREQO: doesn't show hand 
*** SUMMARY ***
Total pot $1 | Rake $0 
Seat 3: CEPTT
Seat 4: [FB]Voodoo
Seat 1: I TAKE IT 85 (button) folded before Flop (didn't bet)
Seat 2: The_Jubbster (small blind) folded before Flop
Seat 5: IREQO (big blind) collected ($1)
Seat 6: Kristo 914 folded before Flop (didn't bet)



PokerStars Hand #254457478195:  Hold'em No Limit ($0.50/$1.00 USD) - 2025/01/19 22:25:33 WET [2025/01/19 17:25:33 ET]
Table 'Adrastea III' 6-max Seat #2 is the button
Seat 3: CEPTT ($145.24 in chips) is sitting out
Seat 4: [FB]Voodoo ($100 in chips) is sitting out
Seat 1: I TAKE IT 85 ($102.66 in chips) 
Seat 2: The_Jubbster ($80 in chips) 
Seat 5: IREQO ($112.50 in chips) 
Seat 6: Kristo 914 ($100 in chips) 
IREQO: posts small blind $0.50
Kristo 914: posts big blind $1
*** HOLE CARDS ***
CEPTT leaves the table
I TAKE IT 85: raises $1.05 to $2.05
The_Jubbster: folds 
IREQO: folds 
Kristo 914: calls $1.05
*** FLOP *** [Ks 2s 7c]
[FB]Voodoo leaves the table
CaHek-Ty3 joins the table at seat #3 
Kristo 914: checks 
I TAKE IT 85: bets $1.66
Kristo 914: folds 
Uncalled bet ($1.66) returned to I TAKE IT 85
I TAKE IT 85 collected $4.37 from pot
I TAKE IT 85: doesn't show hand 
*** SUMMARY ***
Total pot $4.60 | Rake $0.23 
Board [Ks 2s 7c]
Seat 3: CEPTT
Seat 4: [FB]Voodoo
Seat 1: I TAKE IT 85 collected ($4.37)
Seat 2: The_Jubbster (button) folded before Flop (didn't bet)
Seat 5: IREQO (small blind) folded before Flop
Seat 6: Kristo 914 (big blind) folded on the Flop



PokerStars Hand #254457486938:  Hold'em No Limit ($0.50/$1.00 USD) - 2025/01/19 22:25:58 WET [2025/01/19 17:25:58 ET]
Table 'Adrastea III' 6-max Seat #5 is the button
Seat 3: CaHek-Ty3 ($100 in chips) is sitting out
Seat 1: I TAKE IT 85 ($104.98 in chips) 
Seat 2: The_Jubbster ($80 in chips) 
Seat 5: IREQO ($112 in chips) 
Seat 6: Kristo 914 ($100 in chips) 
Kristo 914: posts small blind $0.50
I TAKE IT 85: posts big blind $1
CaHek-Ty3: sits out 
*** HOLE CARDS ***
The_Jubbster: folds 
CaHek-Ty3 leaves the table
IREQO: folds 
PhoenixAssassin joins the table at seat #3 
Kristo 914: raises $2 to $3
xcinaz joins the table at seat #4 
I TAKE IT 85: calls $2
*** FLOP *** [7s 4h Jd]
Kristo 914: checks 
I TAKE IT 85: checks 
*** TURN *** [7s 4h Jd] [Ah]
Kristo 914: checks 
I TAKE IT 85: bets $4.50
Kristo 914: folds 
Uncalled bet ($4.50) returned to I TAKE IT 85
I TAKE IT 85 collected $5.70 from pot
I TAKE IT 85: doesn't show hand 
*** SUMMARY ***
Total pot $6 | Rake $0.30 
Board [7s 4h Jd Ah]
Seat 3: CaHek-Ty3
Seat 1: I TAKE IT 85 (big blind) collected ($5.70)
Seat 2: The_Jubbster folded before Flop (didn't bet)
Seat 5: IREQO (button) folded before Flop (didn't bet)
Seat 6: Kristo 914 (small blind) folded on the Turn



PokerStars Hand #254457500203:  Hold'em No Limit ($0.50/$1.00 USD) - 2025/01/19 22:26:36 WET [2025/01/19 17:26:36 ET]
Table 'Adrastea III' 6-max Seat #6 is the button
Seat 3: PhoenixAssassin ($100 in chips) is sitting out
Seat 4: xcinaz ($100 in chips) is sitting out
Seat 1: I TAKE IT 85 ($107.68 in chips) 
Seat 2: The_Jubbster ($80 in chips) 
Seat 5: IREQO ($112 in chips) 
Seat 6: Kristo 914 ($100 in chips) 
I TAKE IT 85: posts small blind $0.50
The_Jubbster: posts big blind $1
PhoenixAssassin: sits out 
xcinaz: sits out 
*** HOLE CARDS ***
IREQO: folds 
Kristo 914: folds 
I TAKE IT 85: folds 
Uncalled bet ($0.50) returned to The_Jubbster
The_Jubbster collected $1 from pot
The_Jubbster: doesn't show hand 
*** SUMMARY ***
Total pot $1 | Rake $0 
Seat 3: PhoenixAssassin
Seat 4: xcinaz
Seat 1: I TAKE IT 85 (small blind) folded before Flop
Seat 2: The_Jubbster (big blind) collected ($1)
Seat 5: IREQO folded before Flop (didn't bet)
Seat 6: Kristo 914 (button) folded before Flop (didn't bet)



PokerStars Hand #254457506837:  Hold'em No Limit ($0.50/$1.00 USD) - 2025/01/19 22:26:56 WET [2025/01/19 17:26:56 ET]
Table 'Adrastea III' 6-max Seat #1 is the button
Seat 4: xcinaz ($100 in chips) is sitting out
Seat 1: I TAKE IT 85 ($107.18 in chips) 
Seat 2: The_Jubbster ($80.50 in chips) 
Seat 3: PhoenixAssassin ($100 in chips) 
Seat 5: IREQO ($112 in chips) 
Seat 6: Kristo 914 ($100 in chips) 
The_Jubbster: posts small blind $0.50
PhoenixAssassin: posts big blind $1
xcinaz: sits out 
*** HOLE CARDS ***
IREQO: folds 
Kristo 914: raises $1.40 to $2.40
I TAKE IT 85: folds 
The_Jubbster: folds 
PhoenixAssassin: folds 
Uncalled bet ($1.40) returned to Kristo 914
Kristo 914 collected $2.50 from pot
Kristo 914: doesn't show hand 
*** SUMMARY ***
Total pot $2.50 | Rake $0 
Seat 4: xcinaz
Seat 1: I TAKE IT 85 (button) folded before Flop (didn't bet)
Seat 2: The_Jubbster (small blind) folded before Flop
Seat 3: PhoenixAssassin (big blind) folded before Flop
Seat 5: IREQO folded before Flop (didn't bet)
Seat 6: Kristo 914 collected ($2.50)



PokerStars Hand #254457511456:  Hold'em No Limit ($0.50/$1.00 USD) - 2025/01/19 22:27:10 WET [2025/01/19 17:27:10 ET]
Table 'Adrastea III' 6-max Seat #2 is the button
Seat 1: I TAKE IT 85 ($107.18 in chips) 
Seat 2: The_Jubbster ($80 in chips) 
Seat 3: PhoenixAssassin ($100 in chips) 
Seat 4: xcinaz ($100 in chips) 
Seat 5: IREQO ($112 in chips) 
Seat 6: Kristo 914 ($101.50 in chips) 
PhoenixAssassin: posts small blind $0.50
xcinaz: posts big blind $1
*** HOLE CARDS ***
IREQO: folds 
Kristo 914: folds 
I TAKE IT 85: raises $1.05 to $2.05
The_Jubbster: raises $5.95 to $8
PhoenixAssassin: folds 
xcinaz: folds 
I TAKE IT 85: folds 
Uncalled bet ($5.95) returned to The_Jubbster
The_Jubbster collected $5.60 from pot
The_Jubbster: doesn't show hand 
*** SUMMARY ***
Total pot $5.60 | Rake $0 
Seat 1: I TAKE IT 85 folded before Flop
Seat 2: The_Jubbster (button) collected ($5.60)
Seat 3: PhoenixAssassin (small blind) folded before Flop
Seat 4: xcinaz (big blind) folded before Flop
Seat 5: IREQO folded before Flop (didn't bet)
Seat 6: Kristo 914 folded before Flop (didn't bet)



PokerStars Hand #254457521499:  Hold'em No Limit ($0.50/$1.00 USD) - 2025/01/19 22:27:39 WET [2025/01/19 17:27:39 ET]
Table 'Adrastea III' 6-max Seat #3 is the button
Seat 1: I TAKE IT 85 ($105.13 in chips) 
Seat 2: The_Jubbster ($83.55 in chips) 
Seat 3: PhoenixAssassin ($100 in chips) 
Seat 4: xcinaz ($100 in chips) 
Seat 5: IREQO ($112 in chips) 
Seat 6: Kristo 914 ($101.50 in chips) 
xcinaz: posts small blind $0.50
IREQO: posts big blind $1
*** HOLE CARDS ***
Kristo 914: folds 
I TAKE IT 85: raises $1.05 to $2.05
The_Jubbster: folds 
PhoenixAssassin: folds 
xcinaz: folds 
IREQO: folds 
Uncalled bet ($1.05) returned to I TAKE IT 85
I TAKE IT 85 collected $2.50 from pot
I TAKE IT 85: doesn't show hand 
*** SUMMARY ***
Total pot $2.50 | Rake $0 
Seat 1: I TAKE IT 85 collected ($2.50)
Seat 2: The_Jubbster folded before Flop (didn't bet)
Seat 3: PhoenixAssassin (button) folded before Flop (didn't bet)
Seat 4: xcinaz (small blind) folded before Flop
Seat 5: IREQO (big blind) folded before Flop
Seat 6: Kristo 914 folded before Flop (didn't bet)



PokerStars Hand #254457525972:  Hold'em No Limit ($0.50/$1.00 USD) - 2025/01/19 22:27:52 WET [2025/01/19 17:27:52 ET]
Table 'Adrastea III' 6-max Seat #4 is the button
Seat 1: I TAKE IT 85 ($106.63 in chips) 
Seat 2: The_Jubbster ($83.55 in chips) 
Seat 3: PhoenixAssassin ($100 in chips) 
Seat 4: xcinaz ($100 in chips) 
Seat 5: IREQO ($111 in chips) 
Seat 6: Kristo 914 ($101.50 in chips) 
IREQO: posts small blind $0.50
Kristo 914: posts big blind $1
*** HOLE CARDS ***
I TAKE IT 85: folds 
The_Jubbster: folds 
PhoenixAssassin: folds 
xcinaz: folds 
IREQO: raises $1.50 to $2.50
Kristo 914: folds 
Uncalled bet ($1.50) returned to IREQO
IREQO collected $2 from pot
IREQO: doesn't show hand 
*** SUMMARY ***
Total pot $2 | Rake $0 
Seat 1: I TAKE IT 85 folded before Flop (didn't bet)
Seat 2: The_Jubbster folded before Flop (didn't bet)
Seat 3: PhoenixAssassin folded before Flop (didn't bet)
Seat 4: xcinaz (button) folded before Flop (didn't bet)
Seat 5: IREQO (small blind) collected ($2)
Seat 6: Kristo 914 (big blind) folded before Flop



PokerStars Hand #254457535367:  Hold'em No Limit ($0.50/$1.00 USD) - 2025/01/19 22:28:19 WET [2025/01/19 17:28:19 ET]
Table 'Adrastea III' 6-max Seat #5 is the button
Seat 1: I TAKE IT 85 ($106.63 in chips) 
Seat 2: The_Jubbster ($83.55 in chips) 
Seat 3: PhoenixAssassin ($100 in chips) 
Seat 4: xcinaz ($100 in chips) 
Seat 5: IREQO ($112 in chips) 
Seat 6: Kristo 914 ($100.50 in chips) 
Kristo 914: posts small blind $0.50
I TAKE IT 85: posts big blind $1
*** HOLE CARDS ***
The_Jubbster: folds 
PhoenixAssassin: folds 
xcinaz: folds 
IREQO: folds 
Kristo 914: raises $2 to $3
I TAKE IT 85: folds 
Uncalled bet ($2) returned to Kristo 914
Kristo 914 collected $2 from pot
Kristo 914: doesn't show hand 
*** SUMMARY ***
Total pot $2 | Rake $0 
Seat 1: I TAKE IT 85 (big blind) folded before Flop
Seat 2: The_Jubbster folded before Flop (didn't bet)
Seat 3: PhoenixAssassin folded before Flop (didn't bet)
Seat 4: xcinaz folded before Flop (didn't bet)
Seat 5: IREQO (button) folded before Flop (didn't bet)
Seat 6: Kristo 914 (small blind) collected ($2)



PokerStars Hand #254457541652:  Hold'em No Limit ($0.50/$1.00 USD) - 2025/01/19 22:28:38 WET [2025/01/19 17:28:38 ET]
Table 'Adrastea III' 6-max Seat #6 is the button
Seat 1: I TAKE IT 85 ($105.63 in chips) 
Seat 2: The_Jubbster ($83.55 in chips) 
Seat 3: PhoenixAssassin ($100 in chips) 
Seat 4: xcinaz ($100 in chips) 
Seat 5: IREQO ($112 in chips) 
Seat 6: Kristo 914 ($101.50 in chips) 
I TAKE IT 85: posts small blind $0.50
The_Jubbster: posts big blind $1
*** HOLE CARDS ***
PhoenixAssassin: folds 
xcinaz: folds 
IREQO: folds 
Kristo 914: raises $1.40 to $2.40
I TAKE IT 85: calls $1.90
The_Jubbster: folds 
*** FLOP *** [Ts 6s Ac]
I TAKE IT 85: checks 
Kristo 914: bets $4.19
I TAKE IT 85: folds 
Uncalled bet ($4.19) returned to Kristo 914
Kristo 914 collected $5.51 from pot
Kristo 914: doesn't show hand 
*** SUMMARY ***
Total pot $5.80 | Rake $0.29 
Board [Ts 6s Ac]
Seat 1: I TAKE IT 85 (small blind) folded on the Flop
Seat 2: The_Jubbster (big blind) folded before Flop
Seat 3: PhoenixAssassin folded before Flop (didn't bet)
Seat 4: xcinaz folded before Flop (didn't bet)
Seat 5: IREQO folded before Flop (didn't bet)
Seat 6: Kristo 914 (button) collected ($5.51)



PokerStars Hand #254457552050:  Hold'em No Limit ($0.50/$1.00 USD) - 2025/01/19 22:29:08 WET [2025/01/19 17:29:08 ET]
Table 'Adrastea III' 6-max Seat #1 is the button
Seat 3: PhoenixAssassin ($100 in chips) is sitting out
Seat 1: I TAKE IT 85 ($103.23 in chips) 
Seat 2: The_Jubbster ($82.55 in chips) 
Seat 4: xcinaz ($100 in chips) 
Seat 5: IREQO ($112 in chips) 
Seat 6: Kristo 914 ($104.61 in chips) 
The_Jubbster: posts small blind $0.50
PhoenixAssassin: is sitting out 
xcinaz: posts big blind $1
*** HOLE CARDS ***
IREQO: raises $1.50 to $2.50
PhoenixAssassin leaves the table
Kristo 914: folds 
I TAKE IT 85: folds 
The_Jubbster: folds 
xcinaz: folds 
Uncalled bet ($1.50) returned to IREQO
IREQO collected $2.50 from pot
IREQO: doesn't show hand 
nikalas22 joins the table at seat #3 
*** SUMMARY ***
Total pot $2.50 | Rake $0 
Seat 3: PhoenixAssassin
Seat 1: I TAKE IT 85 (button) folded before Flop (didn't bet)
Seat 2: The_Jubbster (small blind) folded before Flop
Seat 4: xcinaz (big blind) folded before Flop
Seat 5: IREQO collected ($2.50)
Seat 6: Kristo 914 folded before Flop (didn't bet)



PokerStars Hand #254457557853:  Hold'em No Limit ($0.50/$1.00 USD) - 2025/01/19 22:29:25 WET [2025/01/19 17:29:25 ET]
Table 'Adrastea III' 6-max Seat #2 is the button
Seat 3: nikalas22 ($100 in chips) is sitting out
Seat 1: I TAKE IT 85 ($103.23 in chips) 
Seat 2: The_Jubbster ($82.05 in chips) 
Seat 4: xcinaz ($100 in chips) 
Seat 5: IREQO ($113.50 in chips) 
Seat 6: Kristo 914 ($104.61 in chips) 
xcinaz: posts small blind $0.50
IREQO: posts big blind $1
*** HOLE CARDS ***
Kristo 914: folds 
I TAKE IT 85: folds 
The_Jubbster: folds 
xcinaz: raises $2 to $3
IREQO: folds 
Uncalled bet ($2) returned to xcinaz
xcinaz collected $2 from pot
xcinaz: doesn't show hand 
*** SUMMARY ***
Total pot $2 | Rake $0 
Seat 3: nikalas22
Seat 1: I TAKE IT 85 folded before Flop (didn't bet)
Seat 2: The_Jubbster (button) folded before Flop (didn't bet)
Seat 4: xcinaz (small blind) collected ($2)
Seat 5: IREQO (big blind) folded before Flop
Seat 6: Kristo 914 folded before Flop (didn't bet)



PokerStars Hand #254457566531:  Hold'em No Limit ($0.50/$1.00 USD) - 2025/01/19 22:29:50 WET [2025/01/19 17:29:50 ET]
Table 'Adrastea III' 6-max Seat #4 is the button
Seat 3: nikalas22 ($100 in chips) is sitting out
Seat 1: I TAKE IT 85 ($103.23 in chips) 
Seat 2: The_Jubbster ($82.05 in chips) 
Seat 4: xcinaz ($101 in chips) 
Seat 5: IREQO ($112.50 in chips) 
Seat 6: Kristo 914 ($104.61 in chips) 
IREQO: posts small blind $0.50
Kristo 914: posts big blind $1
nikalas22: sits out 
*** HOLE CARDS ***
I TAKE IT 85: folds 
The_Jubbster: folds 
xcinaz: raises $1.50 to $2.50
IREQO: folds 
Kristo 914: folds 
Uncalled bet ($1.50) returned to xcinaz
xcinaz collected $2.50 from pot
xcinaz: doesn't show hand 
*** SUMMARY ***
Total pot $2.50 | Rake $0 
Seat 3: nikalas22
Seat 1: I TAKE IT 85 folded before Flop (didn't bet)
Seat 2: The_Jubbster folded before Flop (didn't bet)
Seat 4: xcinaz (button) collected ($2.50)
Seat 5: IREQO (small blind) folded before Flop
Seat 6: Kristo 914 (big blind) folded before Flop



PokerStars Hand #254457571064:  Hold'em No Limit ($0.50/$1.00 USD) - 2025/01/19 22:30:03 WET [2025/01/19 17:30:03 ET]
Table 'Adrastea III' 6-max Seat #5 is the button
Seat 3: nikalas22 ($100 in chips) is sitting out
Seat 1: I TAKE IT 85 ($103.23 in chips) 
Seat 2: The_Jubbster ($82.05 in chips) 
Seat 4: xcinaz ($102.50 in chips) 
Seat 5: IREQO ($112 in chips) 
Seat 6: Kristo 914 ($103.61 in chips) 
Kristo 914: posts small blind $0.50
I TAKE IT 85: posts big blind $1
nikalas22: sits out 
*** HOLE CARDS ***
The_Jubbster has timed out
The_Jubbster: folds 
xcinaz: folds 
IREQO: raises $1.50 to $2.50
Kristo 914: folds 
I TAKE IT 85: calls $1.50
*** FLOP *** [Ah Qs 2d]
I TAKE IT 85: checks 
IREQO: bets $1.72
I TAKE IT 85: calls $1.72
*** TURN *** [Ah Qs 2d] [5d]
I TAKE IT 85: checks 
IREQO: bets $5
I TAKE IT 85: folds 
Uncalled bet ($5) returned to IREQO
IREQO collected $8.49 from pot
IREQO: doesn't show hand 
*** SUMMARY ***
Total pot $8.94 | Rake $0.45 
Board [Ah Qs 2d 5d]
Seat 3: nikalas22
Seat 1: I TAKE IT 85 (big blind) folded on the Turn
Seat 2: The_Jubbster folded before Flop (didn't bet)
Seat 4: xcinaz folded before Flop (didn't bet)
Seat 5: IREQO (button) collected ($8.49)
Seat 6: Kristo 914 (small blind) folded before Flop



PokerStars Hand #254457599750:  Hold'em No Limit ($0.50/$1.00 USD) - 2025/01/19 22:31:27 WET [2025/01/19 17:31:27 ET]
Table 'Adrastea III' 6-max Seat #6 is the button
Seat 3: nikalas22 ($100 in chips) is sitting out
Seat 1: I TAKE IT 85 ($100 in chips) 
Seat 2: The_Jubbster ($82.05 in chips) 
Seat 4: xcinaz ($102.50 in chips) 
Seat 5: IREQO ($116.27 in chips) 
Seat 6: Kristo 914 ($103.11 in chips) 
I TAKE IT 85: posts small blind $0.50
The_Jubbster: posts big blind $1
nikalas22: sits out 
*** HOLE CARDS ***
xcinaz: folds 
IREQO: folds 
Kristo 914: folds 
I TAKE IT 85: folds 
Uncalled bet ($0.50) returned to The_Jubbster
The_Jubbster collected $1 from pot
The_Jubbster: doesn't show hand 
*** SUMMARY ***
Total pot $1 | Rake $0 
Seat 3: nikalas22
Seat 1: I TAKE IT 85 (small blind) folded before Flop
Seat 2: The_Jubbster (big blind) collected ($1)
Seat 4: xcinaz folded before Flop (didn't bet)
Seat 5: IREQO folded before Flop (didn't bet)
Seat 6: Kristo 914 (button) folded before Flop (didn't bet)



PokerStars Hand #254457604997:  Hold'em No Limit ($0.50/$1.00 USD) - 2025/01/19 22:31:42 WET [2025/01/19 17:31:42 ET]
Table 'Adrastea III' 6-max Seat #1 is the button
Seat 1: I TAKE IT 85 ($100 in chips) 
Seat 2: The_Jubbster ($82.55 in chips) 
Seat 3: nikalas22 ($100 in chips) 
Seat 4: xcinaz ($102.50 in chips) 
Seat 5: IREQO ($116.27 in chips) 
Seat 6: Kristo 914 ($103.11 in chips) 
The_Jubbster: posts small blind $0.50
nikalas22: posts big blind $1
*** HOLE CARDS ***
xcinaz: folds 
IREQO: folds 
Kristo 914: folds 
I TAKE IT 85: folds 
The_Jubbster: folds 
Uncalled bet ($0.50) returned to nikalas22
nikalas22 collected $1 from pot
nikalas22: doesn't show hand 
*** SUMMARY ***
Total pot $1 | Rake $0 
Seat 1: I TAKE IT 85 (button) folded before Flop (didn't bet)
Seat 2: The_Jubbster (small blind) folded before Flop
Seat 3: nikalas22 (big blind) collected ($1)
Seat 4: xcinaz folded before Flop (didn't bet)
Seat 5: IREQO folded before Flop (didn't bet)
Seat 6: Kristo 914 folded before Flop (didn't bet)



PokerStars Hand #254457610554:  Hold'em No Limit ($0.50/$1.00 USD) - 2025/01/19 22:31:58 WET [2025/01/19 17:31:58 ET]
Table 'Adrastea III' 6-max Seat #2 is the button
Seat 1: I TAKE IT 85 ($100 in chips) 
Seat 2: The_Jubbster ($82.05 in chips) 
Seat 3: nikalas22 ($100.50 in chips) 
Seat 4: xcinaz ($102.50 in chips) 
Seat 5: IREQO ($116.27 in chips) 
Seat 6: Kristo 914 ($103.11 in chips) 
nikalas22: posts small blind $0.50
xcinaz: posts big blind $1
*** HOLE CARDS ***
IREQO: folds 
Kristo 914: raises $1.40 to $2.40
I TAKE IT 85: folds 
The_Jubbster: folds 
nikalas22: folds 
xcinaz: folds 
Uncalled bet ($1.40) returned to Kristo 914
Kristo 914 collected $2.50 from pot
Kristo 914: doesn't show hand 
*** SUMMARY ***
Total pot $2.50 | Rake $0 
Seat 1: I TAKE IT 85 folded before Flop (didn't bet)
Seat 2: The_Jubbster (button) folded before Flop (didn't bet)
Seat 3: nikalas22 (small blind) folded before Flop
Seat 4: xcinaz (big blind) folded before Flop
Seat 5: IREQO folded before Flop (didn't bet)
Seat 6: Kristo 914 collected ($2.50)



PokerStars Hand #254457619371:  Hold'em No Limit ($0.50/$1.00 USD) - 2025/01/19 22:32:24 WET [2025/01/19 17:32:24 ET]
Table 'Adrastea III' 6-max Seat #3 is the button
Seat 1: I TAKE IT 85 ($100 in chips) 
Seat 2: The_Jubbster ($82.05 in chips) 
Seat 3: nikalas22 ($100 in chips) 
Seat 4: xcinaz ($101.50 in chips) 
Seat 5: IREQO ($116.27 in chips) 
Seat 6: Kristo 914 ($104.61 in chips) 
xcinaz: posts small blind $0.50
IREQO: posts big blind $1
*** HOLE CARDS ***
Kristo 914: folds 
I TAKE IT 85: raises $1.05 to $2.05
The_Jubbster: folds 
nikalas22: folds 
xcinaz: folds 
IREQO: folds 
Uncalled bet ($1.05) returned to I TAKE IT 85
I TAKE IT 85 collected $2.50 from pot
I TAKE IT 85: doesn't show hand 
*** SUMMARY ***
Total pot $2.50 | Rake $0 
Seat 1: I TAKE IT 85 collected ($2.50)
Seat 2: The_Jubbster folded before Flop (didn't bet)
Seat 3: nikalas22 (button) folded before Flop (didn't bet)
Seat 4: xcinaz (small blind) folded before Flop
Seat 5: IREQO (big blind) folded before Flop
Seat 6: Kristo 914 folded before Flop (didn't bet)



PokerStars Hand #254457625171:  Hold'em No Limit ($0.50/$1.00 USD) - 2025/01/19 22:32:41 WET [2025/01/19 17:32:41 ET]
Table 'Adrastea III' 6-max Seat #4 is the button
Seat 1: I TAKE IT 85 ($101.50 in chips) 
Seat 2: The_Jubbster ($82.05 in chips) 
Seat 3: nikalas22 ($100 in chips) 
Seat 4: xcinaz ($101 in chips) 
Seat 5: IREQO ($115.27 in chips) 
Seat 6: Kristo 914 ($104.61 in chips) 
IREQO: posts small blind $0.50
Kristo 914: posts big blind $1
*** HOLE CARDS ***
I TAKE IT 85: raises $1.05 to $2.05
The_Jubbster: raises $1.05 to $3.10
nikalas22: folds 
xcinaz: folds 
IREQO: folds 
Kristo 914: folds 
I TAKE IT 85: calls $1.05
*** FLOP *** [7h Ac 5d]
I TAKE IT 85: checks 
The_Jubbster: bets $6
I TAKE IT 85: folds 
Uncalled bet ($6) returned to The_Jubbster
The_Jubbster collected $7.32 from pot
The_Jubbster: doesn't show hand 
*** SUMMARY ***
Total pot $7.70 | Rake $0.38 
Board [7h Ac 5d]
Seat 1: I TAKE IT 85 folded on the Flop
Seat 2: The_Jubbster collected ($7.32)
Seat 3: nikalas22 folded before Flop (didn't bet)
Seat 4: xcinaz (button) folded before Flop (didn't bet)
Seat 5: IREQO (small blind) folded before Flop
Seat 6: Kristo 914 (big blind) folded before Flop



PokerStars Hand #254457641983:  Hold'em No Limit ($0.50/$1.00 USD) - 2025/01/19 22:33:30 WET [2025/01/19 17:33:30 ET]
Table 'Adrastea III' 6-max Seat #5 is the button
Seat 1: I TAKE IT 85 ($100 in chips) 
Seat 2: The_Jubbster ($86.27 in chips) 
Seat 3: nikalas22 ($100 in chips) 
Seat 4: xcinaz ($101 in chips) 
Seat 5: IREQO ($114.77 in chips) 
Seat 6: Kristo 914 ($103.61 in chips) 
Kristo 914: posts small blind $0.50
I TAKE IT 85: posts big blind $1
*** HOLE CARDS ***
The_Jubbster: folds 
nikalas22: folds 
xcinaz: folds 
IREQO: raises $1.50 to $2.50
Kristo 914: folds 
I TAKE IT 85: folds 
Uncalled bet ($1.50) returned to IREQO
IREQO collected $2.50 from pot
IREQO: doesn't show hand 
*** SUMMARY ***
Total pot $2.50 | Rake $0 
Seat 1: I TAKE IT 85 (big blind) folded before Flop
Seat 2: The_Jubbster folded before Flop (didn't bet)
Seat 3: nikalas22 folded before Flop (didn't bet)
Seat 4: xcinaz folded before Flop (didn't bet)
Seat 5: IREQO (button) collected ($2.50)
Seat 6: Kristo 914 (small blind) folded before Flop



PokerStars Hand #254457648714:  Hold'em No Limit ($0.50/$1.00 USD) - 2025/01/19 22:33:50 WET [2025/01/19 17:33:50 ET]
Table 'Adrastea III' 6-max Seat #6 is the button
Seat 1: I TAKE IT 85 ($100 in chips) 
Seat 2: The_Jubbster ($86.27 in chips) 
Seat 3: nikalas22 ($100 in chips) 
Seat 4: xcinaz ($101 in chips) 
Seat 5: IREQO ($116.27 in chips) 
Seat 6: Kristo 914 ($103.11 in chips) 
I TAKE IT 85: posts small blind $0.50
The_Jubbster: posts big blind $1
*** HOLE CARDS ***
nikalas22: folds 
xcinaz: folds 
IREQO: folds 
Kristo 914: folds 
I TAKE IT 85: folds 
Uncalled bet ($0.50) returned to The_Jubbster
The_Jubbster collected $1 from pot
The_Jubbster: doesn't show hand 
*** SUMMARY ***
Total pot $1 | Rake $0 
Seat 1: I TAKE IT 85 (small blind) folded before Flop
Seat 2: The_Jubbster (big blind) collected ($1)
Seat 3: nikalas22 folded before Flop (didn't bet)
Seat 4: xcinaz folded before Flop (didn't bet)
Seat 5: IREQO folded before Flop (didn't bet)
Seat 6: Kristo 914 (button) folded before Flop (didn't bet)



PokerStars Hand #254457652138:  Hold'em No Limit ($0.50/$1.00 USD) - 2025/01/19 22:34:00 WET [2025/01/19 17:34:00 ET]
Table 'Adrastea III' 6-max Seat #1 is the button
Seat 1: I TAKE IT 85 ($100 in chips) 
Seat 2: The_Jubbster ($86.77 in chips) 
Seat 3: nikalas22 ($100 in chips) 
Seat 4: xcinaz ($101 in chips) 
Seat 5: IREQO ($116.27 in chips) 
Seat 6: Kristo 914 ($103.11 in chips) 
The_Jubbster: posts small blind $0.50
nikalas22: posts big blind $1
*** HOLE CARDS ***
xcinaz: raises $1 to $2
IREQO: folds 
Kristo 914: folds 
I TAKE IT 85: folds 
The_Jubbster: folds 
nikalas22: folds 
Uncalled bet ($1) returned to xcinaz
xcinaz collected $2.50 from pot
xcinaz: doesn't show hand 
*** SUMMARY ***
Total pot $2.50 | Rake $0 
Seat 1: I TAKE IT 85 (button) folded before Flop (didn't bet)
Seat 2: The_Jubbster (small blind) folded before Flop
Seat 3: nikalas22 (big blind) folded before Flop
Seat 4: xcinaz collected ($2.50)
Seat 5: IREQO folded before Flop (didn't bet)
Seat 6: Kristo 914 folded before Flop (didn't bet)



PokerStars Hand #254457662612:  Hold'em No Limit ($0.50/$1.00 USD) - 2025/01/19 22:34:31 WET [2025/01/19 17:34:31 ET]
Table 'Adrastea III' 6-max Seat #2 is the button
Seat 1: I TAKE IT 85 ($100 in chips) 
Seat 2: The_Jubbster ($86.27 in chips) 
Seat 3: nikalas22 ($100 in chips) 
Seat 4: xcinaz ($102.50 in chips) 
Seat 5: IREQO ($116.27 in chips) 
Seat 6: Kristo 914 ($103.11 in chips) 
nikalas22: posts small blind $0.50
xcinaz: posts big blind $1
*** HOLE CARDS ***
IREQO: folds 
Kristo 914: folds 
I TAKE IT 85: folds 
The_Jubbster: folds 
nikalas22: folds 
Uncalled bet ($0.50) returned to xcinaz
xcinaz collected $1 from pot
xcinaz: doesn't show hand 
*** SUMMARY ***
Total pot $1 | Rake $0 
Seat 1: I TAKE IT 85 folded before Flop (didn't bet)
Seat 2: The_Jubbster (button) folded before Flop (didn't bet)
Seat 3: nikalas22 (small blind) folded before Flop
Seat 4: xcinaz (big blind) collected ($1)
Seat 5: IREQO folded before Flop (didn't bet)
Seat 6: Kristo 914 folded before Flop (didn't bet)



PokerStars Hand #254457670304:  Hold'em No Limit ($0.50/$1.00 USD) - 2025/01/19 22:34:54 WET [2025/01/19 17:34:54 ET]
Table 'Adrastea III' 6-max Seat #3 is the button
Seat 1: I TAKE IT 85 ($100 in chips) 
Seat 2: The_Jubbster ($86.27 in chips) 
Seat 3: nikalas22 ($100 in chips) 
Seat 4: xcinaz ($103 in chips) 
Seat 5: IREQO ($116.27 in chips) 
Seat 6: Kristo 914 ($103.11 in chips) 
xcinaz: posts small blind $0.50
IREQO: posts big blind $1
*** HOLE CARDS ***
Kristo 914: folds 
I TAKE IT 85: folds 
The_Jubbster: raises $2.50 to $3.50
nikalas22: folds 
xcinaz: folds 
IREQO: folds 
Uncalled bet ($2.50) returned to The_Jubbster
The_Jubbster collected $2.50 from pot
The_Jubbster: doesn't show hand 
*** SUMMARY ***
Total pot $2.50 | Rake $0 
Seat 1: I TAKE IT 85 folded before Flop (didn't bet)
Seat 2: The_Jubbster collected ($2.50)
Seat 3: nikalas22 (button) folded before Flop (didn't bet)
Seat 4: xcinaz (small blind) folded before Flop
Seat 5: IREQO (big blind) folded before Flop
Seat 6: Kristo 914 folded before Flop (didn't bet)



PokerStars Hand #254457679313:  Hold'em No Limit ($0.50/$1.00 USD) - 2025/01/19 22:35:21 WET [2025/01/19 17:35:21 ET]
Table 'Adrastea III' 6-max Seat #4 is the button
Seat 1: I TAKE IT 85 ($100 in chips) 
Seat 2: The_Jubbster ($87.77 in chips) 
Seat 3: nikalas22 ($100 in chips) 
Seat 4: xcinaz ($102.50 in chips) 
Seat 5: IREQO ($115.27 in chips) 
Seat 6: Kristo 914 ($103.11 in chips) 
IREQO: posts small blind $0.50
Kristo 914: posts big blind $1
*** HOLE CARDS ***
I TAKE IT 85: folds 
The_Jubbster: folds 
nikalas22: folds 
xcinaz: folds 
IREQO: folds 
Uncalled bet ($0.50) returned to Kristo 914
Kristo 914 collected $1 from pot
Kristo 914: doesn't show hand 
*** SUMMARY ***
Total pot $1 | Rake $0 
Seat 1: I TAKE IT 85 folded before Flop (didn't bet)
Seat 2: The_Jubbster folded before Flop (didn't bet)
Seat 3: nikalas22 folded before Flop (didn't bet)
Seat 4: xcinaz (button) folded before Flop (didn't bet)
Seat 5: IREQO (small blind) folded before Flop
Seat 6: Kristo 914 (big blind) collected ($1)



PokerStars Hand #254457687082:  Hold'em No Limit ($0.50/$1.00 USD) - 2025/01/19 22:35:43 WET [2025/01/19 17:35:43 ET]
Table 'Adrastea III' 6-max Seat #5 is the button
Seat 1: I TAKE IT 85 ($100 in chips) 
Seat 2: The_Jubbster ($87.77 in chips) 
Seat 3: nikalas22 ($100 in chips) 
Seat 4: xcinaz ($102.50 in chips) 
Seat 5: IREQO ($114.77 in chips) 
Seat 6: Kristo 914 ($103.61 in chips) 
Kristo 914: posts small blind $0.50
I TAKE IT 85: posts big blind $1
*** HOLE CARDS ***
The_Jubbster: folds 
nikalas22: folds 
xcinaz: folds 
IREQO: raises $1.50 to $2.50
Kristo 914: raises $8.50 to $11
I TAKE IT 85: folds 
IREQO: folds 
Uncalled bet ($8.50) returned to Kristo 914
Kristo 914 collected $6 from pot
Kristo 914: doesn't show hand 
*** SUMMARY ***
Total pot $6 | Rake $0 
Seat 1: I TAKE IT 85 (big blind) folded before Flop
Seat 2: The_Jubbster folded before Flop (didn't bet)
Seat 3: nikalas22 folded before Flop (didn't bet)
Seat 4: xcinaz folded before Flop (didn't bet)
Seat 5: IREQO (button) folded before Flop
Seat 6: Kristo 914 (small blind) collected ($6)



PokerStars Hand #254457699150:  Hold'em No Limit ($0.50/$1.00 USD) - 2025/01/19 22:36:19 WET [2025/01/19 17:36:19 ET]
Table 'Adrastea III' 6-max Seat #6 is the button
Seat 1: I TAKE IT 85 ($100 in chips) 
Seat 2: The_Jubbster ($87.77 in chips) 
Seat 3: nikalas22 ($100 in chips) 
Seat 4: xcinaz ($102.50 in chips) 
Seat 5: IREQO ($112.27 in chips) 
Seat 6: Kristo 914 ($107.11 in chips) 
I TAKE IT 85: posts small blind $0.50
The_Jubbster: posts big blind $1
*** HOLE CARDS ***
nikalas22: folds 
xcinaz: folds 
IREQO: folds 
Kristo 914: raises $1.40 to $2.40
I TAKE IT 85: folds 
The_Jubbster: folds 
Uncalled bet ($1.40) returned to Kristo 914
Kristo 914 collected $2.50 from pot
Kristo 914: doesn't show hand 
*** SUMMARY ***
Total pot $2.50 | Rake $0 
Seat 1: I TAKE IT 85 (small blind) folded before Flop
Seat 2: The_Jubbster (big blind) folded before Flop
Seat 3: nikalas22 folded before Flop (didn't bet)
Seat 4: xcinaz folded before Flop (didn't bet)
Seat 5: IREQO folded before Flop (didn't bet)
Seat 6: Kristo 914 (button) collected ($2.50)



PokerStars Hand #254457706229:  Hold'em No Limit ($0.50/$1.00 USD) - 2025/01/19 22:36:40 WET [2025/01/19 17:36:40 ET]
Table 'Adrastea III' 6-max Seat #1 is the button
Seat 1: I TAKE IT 85 ($100 in chips) 
Seat 2: The_Jubbster ($86.77 in chips) 
Seat 3: nikalas22 ($100 in chips) 
Seat 4: xcinaz ($102.50 in chips) 
Seat 5: IREQO ($112.27 in chips) 
Seat 6: Kristo 914 ($108.61 in chips) 
The_Jubbster: posts small blind $0.50
nikalas22: posts big blind $1
*** HOLE CARDS ***
xcinaz: folds 
IREQO: folds 
Kristo 914: raises $1.40 to $2.40
I TAKE IT 85: folds 
The_Jubbster: folds 
nikalas22: calls $1.40
*** FLOP *** [2c 7c Kd]
nikalas22: checks 
Kristo 914: checks 
*** TURN *** [2c 7c Kd] [Qh]
nikalas22: bets $7.56
Kristo 914: folds 
Uncalled bet ($7.56) returned to nikalas22
nikalas22 collected $5.04 from pot
nikalas22: doesn't show hand 
*** SUMMARY ***
Total pot $5.30 | Rake $0.26 
Board [2c 7c Kd Qh]
Seat 1: I TAKE IT 85 (button) folded before Flop (didn't bet)
Seat 2: The_Jubbster (small blind) folded before Flop
Seat 3: nikalas22 (big blind) collected ($5.04)
Seat 4: xcinaz folded before Flop (didn't bet)
Seat 5: IREQO folded before Flop (didn't bet)
Seat 6: Kristo 914 folded on the Turn



PokerStars Hand #254457720708:  Hold'em No Limit ($0.50/$1.00 USD) - 2025/01/19 22:37:23 WET [2025/01/19 17:37:23 ET]
Table 'Adrastea III' 6-max Seat #2 is the button
Seat 1: I TAKE IT 85 ($100 in chips) 
Seat 2: The_Jubbster ($86.27 in chips) 
Seat 3: nikalas22 ($102.64 in chips) 
Seat 4: xcinaz ($102.50 in chips) 
Seat 5: IREQO ($112.27 in chips) 
Seat 6: Kristo 914 ($106.21 in chips) 
nikalas22: posts small blind $0.50
xcinaz: posts big blind $1
*** HOLE CARDS ***
IREQO: folds 
Kristo 914: folds 
I TAKE IT 85: raises $1.05 to $2.05
The_Jubbster: folds 
nikalas22: folds 
xcinaz: calls $1.05
*** FLOP *** [Jc Ah 4h]
xcinaz: checks 
I TAKE IT 85: checks 
*** TURN *** [Jc Ah 4h] [Kd]
xcinaz: checks 
I TAKE IT 85: checks 
*** RIVER *** [Jc Ah 4h Kd] [6h]
xcinaz: checks 
I TAKE IT 85: bets $3.45
xcinaz: folds 
Uncalled bet ($3.45) returned to I TAKE IT 85
I TAKE IT 85 collected $4.37 from pot
I TAKE IT 85: doesn't show hand 
*** SUMMARY ***
Total pot $4.60 | Rake $0.23 
Board [Jc Ah 4h Kd 6h]
Seat 1: I TAKE IT 85 collected ($4.37)
Seat 2: The_Jubbster (button) folded before Flop (didn't bet)
Seat 3: nikalas22 (small blind) folded before Flop
Seat 4: xcinaz (big blind) folded on the River
Seat 5: IREQO folded before Flop (didn't bet)
Seat 6: Kristo 914 folded before Flop (didn't bet)



PokerStars Hand #254457736417:  Hold'em No Limit ($0.50/$1.00 USD) - 2025/01/19 22:38:10 WET [2025/01/19 17:38:10 ET]
Table 'Adrastea III' 6-max Seat #3 is the button
Seat 1: I TAKE IT 85 ($102.32 in chips) 
Seat 2: The_Jubbster ($86.27 in chips) 
Seat 3: nikalas22 ($102.14 in chips) 
Seat 4: xcinaz ($100.45 in chips) 
Seat 5: IREQO ($112.27 in chips) 
Seat 6: Kristo 914 ($106.21 in chips) 
xcinaz: posts small blind $0.50
IREQO: posts big blind $1
*** HOLE CARDS ***
Kristo 914: folds 
I TAKE IT 85: folds 
The_Jubbster: folds 
nikalas22: folds 
xcinaz: raises $2 to $3
IREQO: raises $7 to $10
xcinaz: folds 
Uncalled bet ($7) returned to IREQO
IREQO collected $6 from pot
IREQO: doesn't show hand 
*** SUMMARY ***
Total pot $6 | Rake $0 
Seat 1: I TAKE IT 85 folded before Flop (didn't bet)
Seat 2: The_Jubbster folded before Flop (didn't bet)
Seat 3: nikalas22 (button) folded before Flop (didn't bet)
Seat 4: xcinaz (small blind) folded before Flop
Seat 5: IREQO (big blind) collected ($6)
Seat 6: Kristo 914 folded before Flop (didn't bet)



PokerStars Hand #254457746514:  Hold'em No Limit ($0.50/$1.00 USD) - 2025/01/19 22:38:41 WET [2025/01/19 17:38:41 ET]
Table 'Adrastea III' 6-max Seat #4 is the button
Seat 1: I TAKE IT 85 ($102.32 in chips) 
Seat 2: The_Jubbster ($86.27 in chips) 
Seat 3: nikalas22 ($102.14 in chips) 
Seat 4: xcinaz ($100 in chips) 
Seat 5: IREQO ($115.27 in chips) 
Seat 6: Kristo 914 ($106.21 in chips) 
IREQO: posts small blind $0.50
Kristo 914: posts big blind $1
*** HOLE CARDS ***
I TAKE IT 85: raises $1.05 to $2.05
The_Jubbster: folds 
nikalas22: folds 
xcinaz: folds 
IREQO: folds 
Kristo 914: folds 
Uncalled bet ($1.05) returned to I TAKE IT 85
I TAKE IT 85 collected $2.50 from pot
I TAKE IT 85: doesn't show hand 
*** SUMMARY ***
Total pot $2.50 | Rake $0 
Seat 1: I TAKE IT 85 collected ($2.50)
Seat 2: The_Jubbster folded before Flop (didn't bet)
Seat 3: nikalas22 folded before Flop (didn't bet)
Seat 4: xcinaz (button) folded before Flop (didn't bet)
Seat 5: IREQO (small blind) folded before Flop
Seat 6: Kristo 914 (big blind) folded before Flop



PokerStars Hand #254457755731:  Hold'em No Limit ($0.50/$1.00 USD) - 2025/01/19 22:39:09 WET [2025/01/19 17:39:09 ET]
Table 'Adrastea III' 6-max Seat #5 is the button
Seat 1: I TAKE IT 85 ($103.82 in chips) 
Seat 2: The_Jubbster ($86.27 in chips) 
Seat 3: nikalas22 ($102.14 in chips) 
Seat 4: xcinaz ($100 in chips) 
Seat 5: IREQO ($114.77 in chips) 
Seat 6: Kristo 914 ($105.21 in chips) 
Kristo 914: posts small blind $0.50
I TAKE IT 85: posts big blind $1
*** HOLE CARDS ***
The_Jubbster: folds 
nikalas22: folds 
xcinaz: folds 
IREQO: raises $1.50 to $2.50
Kristo 914: folds 
I TAKE IT 85: folds 
Uncalled bet ($1.50) returned to IREQO
IREQO collected $2.50 from pot
IREQO: doesn't show hand 
*** SUMMARY ***
Total pot $2.50 | Rake $0 
Seat 1: I TAKE IT 85 (big blind) folded before Flop
Seat 2: The_Jubbster folded before Flop (didn't bet)
Seat 3: nikalas22 folded before Flop (didn't bet)
Seat 4: xcinaz folded before Flop (didn't bet)
Seat 5: IREQO (button) collected ($2.50)
Seat 6: Kristo 914 (small blind) folded before Flop



PokerStars Hand #254457763412:  Hold'em No Limit ($0.50/$1.00 USD) - 2025/01/19 22:39:32 WET [2025/01/19 17:39:32 ET]
Table 'Adrastea III' 6-max Seat #6 is the button
Seat 1: I TAKE IT 85 ($102.82 in chips) 
Seat 2: The_Jubbster ($86.27 in chips) 
Seat 3: nikalas22 ($102.14 in chips) 
Seat 4: xcinaz ($100 in chips) 
Seat 5: IREQO ($116.27 in chips) 
Seat 6: Kristo 914 ($104.71 in chips) 
I TAKE IT 85: posts small blind $0.50
The_Jubbster: posts big blind $1
*** HOLE CARDS ***
nikalas22: raises $1.50 to $2.50
xcinaz: folds 
IREQO: folds 
Kristo 914: calls $2.50
I TAKE IT 85: folds 
The_Jubbster: calls $1.50
*** FLOP *** [8c Qs 3c]
The_Jubbster: checks 
nikalas22: checks 
Kristo 914: bets $2.40
The_Jubbster: folds 
nikalas22: folds 
Uncalled bet ($2.40) returned to Kristo 914
Kristo 914 collected $7.60 from pot
Kristo 914: doesn't show hand 
*** SUMMARY ***
Total pot $8 | Rake $0.40 
Board [8c Qs 3c]
Seat 1: I TAKE IT 85 (small blind) folded before Flop
Seat 2: The_Jubbster (big blind) folded on the Flop
Seat 3: nikalas22 folded on the Flop
Seat 4: xcinaz folded before Flop (didn't bet)
Seat 5: IREQO folded before Flop (didn't bet)
Seat 6: Kristo 914 (button) collected ($7.60)



PokerStars Hand #254457788592:  Hold'em No Limit ($0.50/$1.00 USD) - 2025/01/19 22:40:47 WET [2025/01/19 17:40:47 ET]
Table 'Adrastea III' 6-max Seat #1 is the button
Seat 3: nikalas22 ($100 in chips) is sitting out
Seat 1: I TAKE IT 85 ($102.32 in chips) 
Seat 2: The_Jubbster ($83.77 in chips) 
Seat 4: xcinaz ($100 in chips) 
Seat 5: IREQO ($116.27 in chips) 
Seat 6: Kristo 914 ($109.81 in chips) 
The_Jubbster: posts small blind $0.50
nikalas22: is sitting out 
xcinaz: posts big blind $1
*** HOLE CARDS ***
IREQO: folds 
nikalas22 leaves the table
Kristo 914: folds 
I TAKE IT 85: raises $1.05 to $2.05
The_Jubbster: folds 
GuigaMan joins the table at seat #3 
xcinaz: folds 
Uncalled bet ($1.05) returned to I TAKE IT 85
I TAKE IT 85 collected $2.50 from pot
I TAKE IT 85: doesn't show hand 
*** SUMMARY ***
Total pot $2.50 | Rake $0 
Seat 3: nikalas22
Seat 1: I TAKE IT 85 (button) collected ($2.50)
Seat 2: The_Jubbster (small blind) folded before Flop
Seat 4: xcinaz (big blind) folded before Flop
Seat 5: IREQO folded before Flop (didn't bet)
Seat 6: Kristo 914 folded before Flop (didn't bet)



PokerStars Hand #254457794517:  Hold'em No Limit ($0.50/$1.00 USD) - 2025/01/19 22:41:06 WET [2025/01/19 17:41:06 ET]
Table 'Adrastea III' 6-max Seat #2 is the button
Seat 3: GuigaMan ($100 in chips) is sitting out
Seat 1: I TAKE IT 85 ($103.82 in chips) 
Seat 2: The_Jubbster ($83.27 in chips) 
Seat 4: xcinaz ($100 in chips) 
Seat 5: IREQO ($116.27 in chips) 
Seat 6: Kristo 914 ($109.81 in chips) 
xcinaz: posts small blind $0.50
IREQO: posts big blind $1
*** HOLE CARDS ***
Kristo 914: folds 
I TAKE IT 85: raises $1.05 to $2.05
The_Jubbster: raises $6.95 to $9
xcinaz: folds 
IREQO: folds 
I TAKE IT 85: folds 
Uncalled bet ($6.95) returned to The_Jubbster
The_Jubbster collected $5.60 from pot
The_Jubbster: doesn't show hand 
*** SUMMARY ***
Total pot $5.60 | Rake $0 
Seat 3: GuigaMan
Seat 1: I TAKE IT 85 folded before Flop
Seat 2: The_Jubbster (button) collected ($5.60)
Seat 4: xcinaz (small blind) folded before Flop
Seat 5: IREQO (big blind) folded before Flop
Seat 6: Kristo 914 folded before Flop (didn't bet)



PokerStars Hand #254457804008:  Hold'em No Limit ($0.50/$1.00 USD) - 2025/01/19 22:41:34 WET [2025/01/19 17:41:34 ET]
Table 'Adrastea III' 6-max Seat #4 is the button
Seat 3: GuigaMan ($100 in chips) is sitting out
Seat 1: I TAKE IT 85 ($101.77 in chips) 
Seat 2: The_Jubbster ($86.82 in chips) 
Seat 4: xcinaz ($100 in chips) 
Seat 5: IREQO ($115.27 in chips) 
Seat 6: Kristo 914 ($109.81 in chips) 
IREQO: posts small blind $0.50
Kristo 914: posts big blind $1
GuigaMan: sits out 
*** HOLE CARDS ***
I TAKE IT 85: folds 
The_Jubbster: folds 
xcinaz: folds 
IREQO: raises $1.50 to $2.50
Kristo 914: folds 
Uncalled bet ($1.50) returned to IREQO
IREQO collected $2 from pot
IREQO: doesn't show hand 
*** SUMMARY ***
Total pot $2 | Rake $0 
Seat 3: GuigaMan
Seat 1: I TAKE IT 85 folded before Flop (didn't bet)
Seat 2: The_Jubbster folded before Flop (didn't bet)
Seat 4: xcinaz (button) folded before Flop (didn't bet)
Seat 5: IREQO (small blind) collected ($2)
Seat 6: Kristo 914 (big blind) folded before Flop



PokerStars Hand #254457810841:  Hold'em No Limit ($0.50/$1.00 USD) - 2025/01/19 22:41:55 WET [2025/01/19 17:41:55 ET]
Table 'Adrastea III' 6-max Seat #5 is the button
Seat 3: GuigaMan ($100 in chips) is sitting out
Seat 1: I TAKE IT 85 ($101.77 in chips) 
Seat 2: The_Jubbster ($86.82 in chips) 
Seat 4: xcinaz ($100 in chips) 
Seat 5: IREQO ($116.27 in chips) 
Seat 6: Kristo 914 ($108.81 in chips) 
Kristo 914: posts small blind $0.50
I TAKE IT 85: posts big blind $1
GuigaMan: sits out 
*** HOLE CARDS ***
The_Jubbster: raises $2.50 to $3.50
xcinaz: folds 
IREQO: folds 
Kristo 914: folds 
I TAKE IT 85: folds 
Uncalled bet ($2.50) returned to The_Jubbster
The_Jubbster collected $2.50 from pot
The_Jubbster: doesn't show hand 
*** SUMMARY ***
Total pot $2.50 | Rake $0 
Seat 3: GuigaMan
Seat 1: I TAKE IT 85 (big blind) folded before Flop
Seat 2: The_Jubbster collected ($2.50)
Seat 4: xcinaz folded before Flop (didn't bet)
Seat 5: IREQO (button) folded before Flop (didn't bet)
Seat 6: Kristo 914 (small blind) folded before Flop



PokerStars Hand #254457818549:  Hold'em No Limit ($0.50/$1.00 USD) - 2025/01/19 22:42:18 WET [2025/01/19 17:42:18 ET]
Table 'Adrastea III' 6-max Seat #6 is the button
Seat 3: GuigaMan ($100 in chips) is sitting out
Seat 1: I TAKE IT 85 ($100.77 in chips) 
Seat 2: The_Jubbster ($88.32 in chips) 
Seat 4: xcinaz ($100 in chips) 
Seat 5: IREQO ($116.27 in chips) 
Seat 6: Kristo 914 ($108.31 in chips) 
I TAKE IT 85: posts small blind $0.50
The_Jubbster: posts big blind $1
GuigaMan: sits out 
*** HOLE CARDS ***
xcinaz: folds 
IREQO: folds 
Kristo 914: raises $1.40 to $2.40
I TAKE IT 85: folds 
The_Jubbster: folds 
Uncalled bet ($1.40) returned to Kristo 914
Kristo 914 collected $2.50 from pot
Kristo 914: doesn't show hand 
*** SUMMARY ***
Total pot $2.50 | Rake $0 
Seat 3: GuigaMan
Seat 1: I TAKE IT 85 (small blind) folded before Flop
Seat 2: The_Jubbster (big blind) folded before Flop
Seat 4: xcinaz folded before Flop (didn't bet)
Seat 5: IREQO folded before Flop (didn't bet)
Seat 6: Kristo 914 (button) collected ($2.50)



PokerStars Hand #254457823095:  Hold'em No Limit ($0.50/$1.00 USD) - 2025/01/19 22:42:32 WET [2025/01/19 17:42:32 ET]
Table 'Adrastea III' 6-max Seat #1 is the button
Seat 1: I TAKE IT 85 ($100.27 in chips) 
Seat 2: The_Jubbster ($87.32 in chips) 
Seat 3: GuigaMan ($100 in chips) 
Seat 4: xcinaz ($100 in chips) 
Seat 5: IREQO ($116.27 in chips) 
Seat 6: Kristo 914 ($109.81 in chips) 
The_Jubbster: posts small blind $0.50
GuigaMan: posts big blind $1
*** HOLE CARDS ***
xcinaz: folds 
IREQO: folds 
Kristo 914: folds 
I TAKE IT 85: raises $1.05 to $2.05
The_Jubbster: folds 
GuigaMan: calls $1.05
*** FLOP *** [Ah 5h Qh]
GuigaMan: checks 
I TAKE IT 85: checks 
*** TURN *** [Ah 5h Qh] [Tc]
GuigaMan: checks 
I TAKE IT 85: checks 
*** RIVER *** [Ah 5h Qh Tc] [Jc]
GuigaMan: checks 
I TAKE IT 85: bets $3.45
GuigaMan: folds 
Uncalled bet ($3.45) returned to I TAKE IT 85
I TAKE IT 85 collected $4.37 from pot
I TAKE IT 85: doesn't show hand 
*** SUMMARY ***
Total pot $4.60 | Rake $0.23 
Board [Ah 5h Qh Tc Jc]
Seat 1: I TAKE IT 85 (button) collected ($4.37)
Seat 2: The_Jubbster (small blind) folded before Flop
Seat 3: GuigaMan (big blind) folded on the River
Seat 4: xcinaz folded before Flop (didn't bet)
Seat 5: IREQO folded before Flop (didn't bet)
Seat 6: Kristo 914 folded before Flop (didn't bet)



PokerStars Hand #254457839054:  Hold'em No Limit ($0.50/$1.00 USD) - 2025/01/19 22:43:20 WET [2025/01/19 17:43:20 ET]
Table 'Adrastea III' 6-max Seat #2 is the button
Seat 1: I TAKE IT 85 ($102.59 in chips) 
Seat 2: The_Jubbster ($86.82 in chips) 
Seat 3: GuigaMan ($100 in chips) 
Seat 4: xcinaz ($100 in chips) 
Seat 5: IREQO ($116.27 in chips) 
Seat 6: Kristo 914 ($109.81 in chips) 
GuigaMan: posts small blind $0.50
xcinaz: posts big blind $1
*** HOLE CARDS ***
IREQO: folds 
Kristo 914: raises $1.40 to $2.40
I TAKE IT 85: folds 
The_Jubbster: folds 
GuigaMan: folds 
xcinaz: folds 
Uncalled bet ($1.40) returned to Kristo 914
Kristo 914 collected $2.50 from pot
Kristo 914: doesn't show hand 
*** SUMMARY ***
Total pot $2.50 | Rake $0 
Seat 1: I TAKE IT 85 folded before Flop (didn't bet)
Seat 2: The_Jubbster (button) folded before Flop (didn't bet)
Seat 3: GuigaMan (small blind) folded before Flop
Seat 4: xcinaz (big blind) folded before Flop
Seat 5: IREQO folded before Flop (didn't bet)
Seat 6: Kristo 914 collected ($2.50)



PokerStars Hand #254457846949:  Hold'em No Limit ($0.50/$1.00 USD) - 2025/01/19 22:43:44 WET [2025/01/19 17:43:44 ET]
Table 'Adrastea III' 6-max Seat #3 is the button
Seat 1: I TAKE IT 85 ($102.59 in chips) 
Seat 2: The_Jubbster ($86.82 in chips) 
Seat 3: GuigaMan ($100 in chips) 
Seat 4: xcinaz ($100 in chips) 
Seat 5: IREQO ($116.27 in chips) 
Seat 6: Kristo 914 ($111.31 in chips) 
xcinaz: posts small blind $0.50
IREQO: posts big blind $1
*** HOLE CARDS ***
Kristo 914: folds 
I TAKE IT 85: folds 
The_Jubbster: folds 
GuigaMan: folds 
xcinaz: folds 
Uncalled bet ($0.50) returned to IREQO
IREQO collected $1 from pot
IREQO: doesn't show hand 
*** SUMMARY ***
Total pot $1 | Rake $0 
Seat 1: I TAKE IT 85 folded before Flop (didn't bet)
Seat 2: The_Jubbster folded before Flop (didn't bet)
Seat 3: GuigaMan (button) folded before Flop (didn't bet)
Seat 4: xcinaz (small blind) folded before Flop
Seat 5: IREQO (big blind) collected ($1)
Seat 6: Kristo 914 folded before Flop (didn't bet)



PokerStars Hand #254457851878:  Hold'em No Limit ($0.50/$1.00 USD) - 2025/01/19 22:43:59 WET [2025/01/19 17:43:59 ET]
Table 'Adrastea III' 6-max Seat #4 is the button
Seat 1: I TAKE IT 85 ($102.59 in chips) 
Seat 2: The_Jubbster ($86.82 in chips) 
Seat 3: GuigaMan ($100 in chips) 
Seat 4: xcinaz ($100 in chips) 
Seat 5: IREQO ($116.77 in chips) 
Seat 6: Kristo 914 ($111.31 in chips) 
IREQO: posts small blind $0.50
Kristo 914: posts big blind $1
*** HOLE CARDS ***
I TAKE IT 85: folds 
The_Jubbster: folds 
GuigaMan: folds 
xcinaz: folds 
IREQO: raises $1.50 to $2.50
Kristo 914: folds 
Uncalled bet ($1.50) returned to IREQO
IREQO collected $2 from pot
IREQO: doesn't show hand 
*** SUMMARY ***
Total pot $2 | Rake $0 
Seat 1: I TAKE IT 85 folded before Flop (didn't bet)
Seat 2: The_Jubbster folded before Flop (didn't bet)
Seat 3: GuigaMan folded before Flop (didn't bet)
Seat 4: xcinaz (button) folded before Flop (didn't bet)
Seat 5: IREQO (small blind) collected ($2)
Seat 6: Kristo 914 (big blind) folded before Flop



PokerStars Hand #254457860022:  Hold'em No Limit ($0.50/$1.00 USD) - 2025/01/19 22:44:24 WET [2025/01/19 17:44:24 ET]
Table 'Adrastea III' 6-max Seat #5 is the button
Seat 1: I TAKE IT 85 ($102.59 in chips) 
Seat 2: The_Jubbster ($86.82 in chips) 
Seat 3: GuigaMan ($100 in chips) 
Seat 4: xcinaz ($100 in chips) 
Seat 5: IREQO ($117.77 in chips) 
Seat 6: Kristo 914 ($110.31 in chips) 
Kristo 914: posts small blind $0.50
I TAKE IT 85: posts big blind $1
*** HOLE CARDS ***
The_Jubbster: raises $2 to $3
GuigaMan: raises $6 to $9
xcinaz: folds 
IREQO: folds 
Kristo 914: folds 
I TAKE IT 85: folds 
The_Jubbster: calls $6
*** FLOP *** [8c 6c 3h]
The_Jubbster: checks 
GuigaMan: bets $13.89
The_Jubbster: calls $13.89
*** TURN *** [8c 6c 3h] [9h]
The_Jubbster: checks 
GuigaMan: bets $30
The_Jubbster: raises $33.93 to $63.93 and is all-in
GuigaMan: calls $33.93
*** RIVER *** [8c 6c 3h 9h] [5h]
*** SHOW DOWN ***
The_Jubbster: shows [7d 6d] (a straight, Five to Nine)
GuigaMan: shows [Jd Jc] (a pair of Jacks)
The_Jubbster collected $172.64 from pot
*** SUMMARY ***
Total pot $175.14 | Rake $2.50 
Board [8c 6c 3h 9h 5h]
Seat 1: I TAKE IT 85 (big blind) folded before Flop
Seat 2: The_Jubbster showed [7d 6d] and won ($172.64) with a straight, Five to Nine
Seat 3: GuigaMan showed [Jd Jc] and lost with a pair of Jacks
Seat 4: xcinaz folded before Flop (didn't bet)
Seat 5: IREQO (button) folded before Flop (didn't bet)
Seat 6: Kristo 914 (small blind) folded before Flop



PokerStars Hand #254457893884:  Hold'em No Limit ($0.50/$1.00 USD) - 2025/01/19 22:46:06 WET [2025/01/19 17:46:06 ET]
Table 'Adrastea III' 6-max Seat #6 is the button
Seat 1: I TAKE IT 85 ($101.59 in chips) 
Seat 2: The_Jubbster ($172.64 in chips) 
Seat 3: GuigaMan ($100 in chips) 
Seat 4: xcinaz ($100 in chips) 
Seat 5: IREQO ($117.77 in chips) 
Seat 6: Kristo 914 ($109.81 in chips) 
I TAKE IT 85: posts small blind $0.50
The_Jubbster: posts big blind $1
*** HOLE CARDS ***
GuigaMan: folds 
xcinaz: folds 
IREQO: folds 
Kristo 914: raises $1.40 to $2.40
I TAKE IT 85: folds 
The_Jubbster: folds 
Uncalled bet ($1.40) returned to Kristo 914
Kristo 914 collected $2.50 from pot
Kristo 914: doesn't show hand 
*** SUMMARY ***
Total pot $2.50 | Rake $0 
Seat 1: I TAKE IT 85 (small blind) folded before Flop
Seat 2: The_Jubbster (big blind) folded before Flop
Seat 3: GuigaMan folded before Flop (didn't bet)
Seat 4: xcinaz folded before Flop (didn't bet)
Seat 5: IREQO folded before Flop (didn't bet)
Seat 6: Kristo 914 (button) collected ($2.50)



PokerStars Hand #254457899912:  Hold'em No Limit ($0.50/$1.00 USD) - 2025/01/19 22:46:25 WET [2025/01/19 17:46:25 ET]
Table 'Adrastea III' 6-max Seat #1 is the button
Seat 1: I TAKE IT 85 ($101.09 in chips) 
Seat 2: The_Jubbster ($171.64 in chips) 
Seat 3: GuigaMan ($100 in chips) 
Seat 4: xcinaz ($100 in chips) 
Seat 5: IREQO ($117.77 in chips) 
Seat 6: Kristo 914 ($111.31 in chips) 
The_Jubbster: posts small blind $0.50
GuigaMan: posts big blind $1
*** HOLE CARDS ***
xcinaz: folds 
IREQO: raises $1.50 to $2.50
Kristo 914: folds 
I TAKE IT 85: folds 
The_Jubbster: folds 
GuigaMan: folds 
Uncalled bet ($1.50) returned to IREQO
IREQO collected $2.50 from pot
IREQO: doesn't show hand 
*** SUMMARY ***
Total pot $2.50 | Rake $0 
Seat 1: I TAKE IT 85 (button) folded before Flop (didn't bet)
Seat 2: The_Jubbster (small blind) folded before Flop
Seat 3: GuigaMan (big blind) folded before Flop
Seat 4: xcinaz folded before Flop (didn't bet)
Seat 5: IREQO collected ($2.50)
Seat 6: Kristo 914 folded before Flop (didn't bet)



PokerStars Hand #254457909759:  Hold'em No Limit ($0.50/$1.00 USD) - 2025/01/19 22:46:55 WET [2025/01/19 17:46:55 ET]
Table 'Adrastea III' 6-max Seat #2 is the button
Seat 1: I TAKE IT 85 ($101.09 in chips) 
Seat 2: The_Jubbster ($171.14 in chips) 
Seat 3: GuigaMan ($100 in chips) 
Seat 4: xcinaz ($100 in chips) 
Seat 5: IREQO ($119.27 in chips) 
Seat 6: Kristo 914 ($111.31 in chips) 
GuigaMan: posts small blind $0.50
xcinaz: posts big blind $1
*** HOLE CARDS ***
IREQO: folds 
Kristo 914: folds 
I TAKE IT 85: folds 
The_Jubbster: folds 
GuigaMan: raises $2 to $3
xcinaz: folds 
Uncalled bet ($2) returned to GuigaMan
GuigaMan collected $2 from pot
*** SUMMARY ***
Total pot $2 | Rake $0 
Seat 1: I TAKE IT 85 folded before Flop (didn't bet)
Seat 2: The_Jubbster (button) folded before Flop (didn't bet)
Seat 3: GuigaMan (small blind) collected ($2)
Seat 4: xcinaz (big blind) folded before Flop
Seat 5: IREQO folded before Flop (didn't bet)
Seat 6: Kristo 914 folded before Flop (didn't bet)



PokerStars Hand #254457917885:  Hold'em No Limit ($0.50/$1.00 USD) - 2025/01/19 22:47:20 WET [2025/01/19 17:47:20 ET]
Table 'Adrastea III' 6-max Seat #3 is the button
Seat 1: I TAKE IT 85 ($101.09 in chips) 
Seat 2: The_Jubbster ($171.14 in chips) 
Seat 3: GuigaMan ($101 in chips) 
Seat 4: xcinaz ($100 in chips) 
Seat 5: IREQO ($119.27 in chips) 
Seat 6: Kristo 914 ($111.31 in chips) 
xcinaz: posts small blind $0.50
IREQO: posts big blind $1
*** HOLE CARDS ***
Kristo 914: folds 
I TAKE IT 85: folds 
The_Jubbster: folds 
GuigaMan: raises $1.10 to $2.10
xcinaz: folds 
IREQO: calls $1.10
*** FLOP *** [Ah Kd 7s]
IREQO: checks 
GuigaMan: bets $1.34
IREQO: folds 
Uncalled bet ($1.34) returned to GuigaMan
GuigaMan collected $4.46 from pot
*** SUMMARY ***
Total pot $4.70 | Rake $0.24 
Board [Ah Kd 7s]
Seat 1: I TAKE IT 85 folded before Flop (didn't bet)
Seat 2: The_Jubbster folded before Flop (didn't bet)
Seat 3: GuigaMan (button) collected ($4.46)
Seat 4: xcinaz (small blind) folded before Flop
Seat 5: IREQO (big blind) folded on the Flop
Seat 6: Kristo 914 folded before Flop (didn't bet)



PokerStars Hand #254457941049:  Hold'em No Limit ($0.50/$1.00 USD) - 2025/01/19 22:48:31 WET [2025/01/19 17:48:31 ET]
Table 'Adrastea III' 6-max Seat #4 is the button
Seat 1: I TAKE IT 85 ($101.09 in chips) 
Seat 2: The_Jubbster ($171.14 in chips) 
Seat 3: GuigaMan ($103.36 in chips) 
Seat 4: xcinaz ($100 in chips) 
Seat 5: IREQO ($117.17 in chips) 
Seat 6: Kristo 914 ($111.31 in chips) 
IREQO: posts small blind $0.50
Kristo 914: posts big blind $1
*** HOLE CARDS ***
I TAKE IT 85: folds 
The_Jubbster: raises $2 to $3
GuigaMan: folds 
xcinaz: raises $6 to $9
IREQO: folds 
Kristo 914: folds 
The_Jubbster: calls $6
*** FLOP *** [As Jd 6h]
The_Jubbster: checks 
xcinaz: bets $4.63
The_Jubbster: folds 
Uncalled bet ($4.63) returned to xcinaz
xcinaz collected $18.52 from pot
xcinaz: doesn't show hand 
*** SUMMARY ***
Total pot $19.50 | Rake $0.98 
Board [As Jd 6h]
Seat 1: I TAKE IT 85 folded before Flop (didn't bet)
Seat 2: The_Jubbster folded on the Flop
Seat 3: GuigaMan folded before Flop (didn't bet)
Seat 4: xcinaz (button) collected ($18.52)
Seat 5: IREQO (small blind) folded before Flop
Seat 6: Kristo 914 (big blind) folded before Flop



PokerStars Hand #254457954774:  Hold'em No Limit ($0.50/$1.00 USD) - 2025/01/19 22:49:13 WET [2025/01/19 17:49:13 ET]
Table 'Adrastea III' 6-max Seat #5 is the button
Seat 1: I TAKE IT 85 ($101.09 in chips) 
Seat 2: The_Jubbster ($162.14 in chips) 
Seat 3: GuigaMan ($103.36 in chips) 
Seat 4: xcinaz ($109.52 in chips) 
Seat 5: IREQO ($116.67 in chips) 
Seat 6: Kristo 914 ($110.31 in chips) 
Kristo 914: posts small blind $0.50
I TAKE IT 85: posts big blind $1
*** HOLE CARDS ***
The_Jubbster: folds 
GuigaMan: raises $1.10 to $2.10
xcinaz: folds 
IREQO: folds 
Kristo 914: folds 
I TAKE IT 85: folds 
Uncalled bet ($1.10) returned to GuigaMan
GuigaMan collected $2.50 from pot
*** SUMMARY ***
Total pot $2.50 | Rake $0 
Seat 1: I TAKE IT 85 (big blind) folded before Flop
Seat 2: The_Jubbster folded before Flop (didn't bet)
Seat 3: GuigaMan collected ($2.50)
Seat 4: xcinaz folded before Flop (didn't bet)
Seat 5: IREQO (button) folded before Flop (didn't bet)
Seat 6: Kristo 914 (small blind) folded before Flop



PokerStars Hand #254457959982:  Hold'em No Limit ($0.50/$1.00 USD) - 2025/01/19 22:49:30 WET [2025/01/19 17:49:30 ET]
Table 'Adrastea III' 6-max Seat #6 is the button
Seat 1: I TAKE IT 85 ($100.09 in chips) 
Seat 2: The_Jubbster ($162.14 in chips) 
Seat 3: GuigaMan ($104.86 in chips) 
Seat 4: xcinaz ($109.52 in chips) 
Seat 5: IREQO ($116.67 in chips) 
Seat 6: Kristo 914 ($109.81 in chips) 
I TAKE IT 85: posts small blind $0.50
The_Jubbster: posts big blind $1
*** HOLE CARDS ***
GuigaMan: folds 
xcinaz: folds 
IREQO: raises $1.50 to $2.50
Kristo 914: folds 
I TAKE IT 85: folds 
The_Jubbster: calls $1.50
*** FLOP *** [6h Ks Jd]
The_Jubbster: checks 
IREQO: checks 
*** TURN *** [6h Ks Jd] [3s]
The_Jubbster: checks 
IREQO: checks 
*** RIVER *** [6h Ks Jd 3s] [6s]
The_Jubbster: checks 
IREQO: checks 
*** SHOW DOWN ***
The_Jubbster: shows [Tc 9s] (a pair of Sixes)
IREQO: shows [4h 4d] (two pair, Sixes and Fours)
IREQO collected $5.22 from pot
*** SUMMARY ***
Total pot $5.50 | Rake $0.28 
Board [6h Ks Jd 3s 6s]
Seat 1: I TAKE IT 85 (small blind) folded before Flop
Seat 2: The_Jubbster (big blind) showed [Tc 9s] and lost with a pair of Sixes
Seat 3: GuigaMan folded before Flop (didn't bet)
Seat 4: xcinaz folded before Flop (didn't bet)
Seat 5: IREQO showed [4h 4d] and won ($5.22) with two pair, Sixes and Fours
Seat 6: Kristo 914 (button) folded before Flop (didn't bet)



PokerStars Hand #254457987449:  Hold'em No Limit ($0.50/$1.00 USD) - 2025/01/19 22:50:55 WET [2025/01/19 17:50:55 ET]
Table 'Adrastea III' 6-max Seat #1 is the button
Seat 1: I TAKE IT 85 ($100 in chips) 
Seat 2: The_Jubbster ($159.64 in chips) 
Seat 3: GuigaMan ($104.86 in chips) 
Seat 4: xcinaz ($109.52 in chips) 
Seat 5: IREQO ($119.39 in chips) 
Seat 6: Kristo 914 ($109.81 in chips) 
The_Jubbster: posts small blind $0.50
GuigaMan: posts big blind $1
*** HOLE CARDS ***
xcinaz: folds 
IREQO: folds 
Kristo 914: folds 
I TAKE IT 85: folds 
The_Jubbster: folds 
Uncalled bet ($0.50) returned to GuigaMan
GuigaMan collected $1 from pot
*** SUMMARY ***
Total pot $1 | Rake $0 
Seat 1: I TAKE IT 85 (button) folded before Flop (didn't bet)
Seat 2: The_Jubbster (small blind) folded before Flop
Seat 3: GuigaMan (big blind) collected ($1)
Seat 4: xcinaz folded before Flop (didn't bet)
Seat 5: IREQO folded before Flop (didn't bet)
Seat 6: Kristo 914 folded before Flop (didn't bet)



PokerStars Hand #254457994214:  Hold'em No Limit ($0.50/$1.00 USD) - 2025/01/19 22:51:16 WET [2025/01/19 17:51:16 ET]
Table 'Adrastea III' 6-max Seat #2 is the button
Seat 1: I TAKE IT 85 ($100 in chips) 
Seat 2: The_Jubbster ($159.14 in chips) 
Seat 3: GuigaMan ($105.36 in chips) 
Seat 4: xcinaz ($109.52 in chips) 
Seat 5: IREQO ($119.39 in chips) 
Seat 6: Kristo 914 ($109.81 in chips) 
GuigaMan: posts small blind $0.50
xcinaz: posts big blind $1
*** HOLE CARDS ***
IREQO: folds 
Kristo 914: folds 
I TAKE IT 85: folds 
The_Jubbster: raises $2 to $3
GuigaMan: folds 
xcinaz: folds 
Uncalled bet ($2) returned to The_Jubbster
The_Jubbster collected $2.50 from pot
The_Jubbster: doesn't show hand 
*** SUMMARY ***
Total pot $2.50 | Rake $0 
Seat 1: I TAKE IT 85 folded before Flop (didn't bet)
Seat 2: The_Jubbster (button) collected ($2.50)
Seat 3: GuigaMan (small blind) folded before Flop
Seat 4: xcinaz (big blind) folded before Flop
Seat 5: IREQO folded before Flop (didn't bet)
Seat 6: Kristo 914 folded before Flop (didn't bet)



PokerStars Hand #254458001578:  Hold'em No Limit ($0.50/$1.00 USD) - 2025/01/19 22:51:39 WET [2025/01/19 17:51:39 ET]
Table 'Adrastea III' 6-max Seat #3 is the button
Seat 1: I TAKE IT 85 ($100 in chips) 
Seat 2: The_Jubbster ($160.64 in chips) 
Seat 3: GuigaMan ($104.86 in chips) 
Seat 4: xcinaz ($108.52 in chips) 
Seat 5: IREQO ($119.39 in chips) 
Seat 6: Kristo 914 ($109.81 in chips) 
xcinaz: posts small blind $0.50
IREQO: posts big blind $1
*** HOLE CARDS ***
Kristo 914: folds 
I TAKE IT 85: folds 
The_Jubbster: raises $2 to $3
GuigaMan: folds 
xcinaz: raises $8.50 to $11.50
IREQO: folds 
The_Jubbster: raises $22.50 to $34
xcinaz: folds 
Uncalled bet ($22.50) returned to The_Jubbster
The_Jubbster collected $24 from pot
The_Jubbster: doesn't show hand 
*** SUMMARY ***
Total pot $24 | Rake $0 
Seat 1: I TAKE IT 85 folded before Flop (didn't bet)
Seat 2: The_Jubbster collected ($24)
Seat 3: GuigaMan (button) folded before Flop (didn't bet)
Seat 4: xcinaz (small blind) folded before Flop
Seat 5: IREQO (big blind) folded before Flop
Seat 6: Kristo 914 folded before Flop (didn't bet)



PokerStars Hand #254458010727:  Hold'em No Limit ($0.50/$1.00 USD) - 2025/01/19 22:52:07 WET [2025/01/19 17:52:07 ET]
Table 'Adrastea III' 6-max Seat #4 is the button
Seat 1: I TAKE IT 85 ($100 in chips) 
Seat 2: The_Jubbster ($173.14 in chips) 
Seat 3: GuigaMan ($104.86 in chips) 
Seat 4: xcinaz ($100 in chips) 
Seat 5: IREQO ($118.39 in chips) 
Seat 6: Kristo 914 ($109.81 in chips) 
IREQO: posts small blind $0.50
Kristo 914: posts big blind $1
*** HOLE CARDS ***
I TAKE IT 85: folds 
The_Jubbster: folds 
GuigaMan: folds 
xcinaz: folds 
IREQO: raises $1.50 to $2.50
Kristo 914: folds 
Uncalled bet ($1.50) returned to IREQO
IREQO collected $2 from pot
IREQO: doesn't show hand 
*** SUMMARY ***
Total pot $2 | Rake $0 
Seat 1: I TAKE IT 85 folded before Flop (didn't bet)
Seat 2: The_Jubbster folded before Flop (didn't bet)
Seat 3: GuigaMan folded before Flop (didn't bet)
Seat 4: xcinaz (button) folded before Flop (didn't bet)
Seat 5: IREQO (small blind) collected ($2)
Seat 6: Kristo 914 (big blind) folded before Flop



PokerStars Hand #254458019727:  Hold'em No Limit ($0.50/$1.00 USD) - 2025/01/19 22:52:35 WET [2025/01/19 17:52:35 ET]
Table 'Adrastea III' 6-max Seat #5 is the button
Seat 1: I TAKE IT 85 ($100 in chips) 
Seat 2: The_Jubbster ($173.14 in chips) 
Seat 3: GuigaMan ($104.86 in chips) 
Seat 4: xcinaz ($100 in chips) 
Seat 5: IREQO ($119.39 in chips) 
Seat 6: Kristo 914 ($108.81 in chips) 
Kristo 914: posts small blind $0.50
I TAKE IT 85: posts big blind $1
*** HOLE CARDS ***
The_Jubbster: folds 
GuigaMan: raises $1.10 to $2.10
xcinaz: folds 
IREQO: raises $4.90 to $7
Kristo 914: folds 
I TAKE IT 85: folds 
GuigaMan: folds 
Uncalled bet ($4.90) returned to IREQO
IREQO collected $5.70 from pot
IREQO: doesn't show hand 
*** SUMMARY ***
Total pot $5.70 | Rake $0 
Seat 1: I TAKE IT 85 (big blind) folded before Flop
Seat 2: The_Jubbster folded before Flop (didn't bet)
Seat 3: GuigaMan folded before Flop
Seat 4: xcinaz folded before Flop (didn't bet)
Seat 5: IREQO (button) collected ($5.70)
Seat 6: Kristo 914 (small blind) folded before Flop



PokerStars Hand #254458032989:  Hold'em No Limit ($0.50/$1.00 USD) - 2025/01/19 22:53:17 WET [2025/01/19 17:53:17 ET]
Table 'Adrastea III' 6-max Seat #6 is the button
Seat 1: I TAKE IT 85 ($100 in chips) 
Seat 2: The_Jubbster ($173.14 in chips) 
Seat 3: GuigaMan ($102.76 in chips) 
Seat 4: xcinaz ($100 in chips) 
Seat 5: IREQO ($122.99 in chips) 
Seat 6: Kristo 914 ($108.31 in chips) 
I TAKE IT 85: posts small blind $0.50
The_Jubbster: posts big blind $1
*** HOLE CARDS ***
GuigaMan: folds 
xcinaz: folds 
IREQO: raises $1.50 to $2.50
Kristo 914: folds 
I TAKE IT 85: folds 
The_Jubbster: folds 
Uncalled bet ($1.50) returned to IREQO
IREQO collected $2.50 from pot
IREQO: doesn't show hand 
*** SUMMARY ***
Total pot $2.50 | Rake $0 
Seat 1: I TAKE IT 85 (small blind) folded before Flop
Seat 2: The_Jubbster (big blind) folded before Flop
Seat 3: GuigaMan folded before Flop (didn't bet)
Seat 4: xcinaz folded before Flop (didn't bet)
Seat 5: IREQO collected ($2.50)
Seat 6: Kristo 914 (button) folded before Flop (didn't bet)



PokerStars Hand #254458042745:  Hold'em No Limit ($0.50/$1.00 USD) - 2025/01/19 22:53:48 WET [2025/01/19 17:53:48 ET]
Table 'Adrastea III' 6-max Seat #1 is the button
Seat 1: I TAKE IT 85 ($100 in chips) 
Seat 2: The_Jubbster ($172.14 in chips) 
Seat 3: GuigaMan ($102.76 in chips) 
Seat 4: xcinaz ($100 in chips) 
Seat 5: IREQO ($124.49 in chips) 
Seat 6: Kristo 914 ($108.31 in chips) 
The_Jubbster: posts small blind $0.50
GuigaMan: posts big blind $1
*** HOLE CARDS ***
xcinaz: folds 
IREQO: folds 
Kristo 914: folds 
I TAKE IT 85: raises $1.05 to $2.05
The_Jubbster: folds 
GuigaMan: folds 
Uncalled bet ($1.05) returned to I TAKE IT 85
I TAKE IT 85 collected $2.50 from pot
I TAKE IT 85: doesn't show hand 
*** SUMMARY ***
Total pot $2.50 | Rake $0 
Seat 1: I TAKE IT 85 (button) collected ($2.50)
Seat 2: The_Jubbster (small blind) folded before Flop
Seat 3: GuigaMan (big blind) folded before Flop
Seat 4: xcinaz folded before Flop (didn't bet)
Seat 5: IREQO folded before Flop (didn't bet)
Seat 6: Kristo 914 folded before Flop (didn't bet)



PokerStars Hand #254458052827:  Hold'em No Limit ($0.50/$1.00 USD) - 2025/01/19 22:54:20 WET [2025/01/19 17:54:20 ET]
Table 'Adrastea III' 6-max Seat #2 is the button
Seat 1: I TAKE IT 85 ($101.50 in chips) 
Seat 2: The_Jubbster ($171.64 in chips) 
Seat 3: GuigaMan ($101.76 in chips) 
Seat 4: xcinaz ($100 in chips) 
Seat 5: IREQO ($124.49 in chips) 
Seat 6: Kristo 914 ($108.31 in chips) 
GuigaMan: posts small blind $0.50
xcinaz: posts big blind $1
*** HOLE CARDS ***
IREQO: folds 
Kristo 914: folds 
I TAKE IT 85: folds 
IREQO leaves the table
The_Jubbster: folds 
GuigaMan: folds 
Uncalled bet ($0.50) returned to xcinaz
canon562105 joins the table at seat #5 
xcinaz collected $1 from pot
xcinaz: doesn't show hand 
*** SUMMARY ***
Total pot $1 | Rake $0 
Seat 1: I TAKE IT 85 folded before Flop (didn't bet)
Seat 2: The_Jubbster (button) folded before Flop (didn't bet)
Seat 3: GuigaMan (small blind) folded before Flop
Seat 4: xcinaz (big blind) collected ($1)
Seat 5: IREQO folded before Flop (didn't bet)
Seat 6: Kristo 914 folded before Flop (didn't bet)



PokerStars Hand #254458059579:  Hold'em No Limit ($0.50/$1.00 USD) - 2025/01/19 22:54:41 WET [2025/01/19 17:54:41 ET]
Table 'Adrastea III' 6-max Seat #3 is the button
Seat 1: I TAKE IT 85 ($101.50 in chips) 
Seat 2: The_Jubbster ($171.64 in chips) 
Seat 3: GuigaMan ($101.26 in chips) 
Seat 4: xcinaz ($100.50 in chips) 
Seat 5: canon562105 ($90.63 in chips) 
Seat 6: Kristo 914 ($108.31 in chips) 
xcinaz: posts small blind $0.50
canon562105: posts big blind $1
*** HOLE CARDS ***
Kristo 914: folds 
I TAKE IT 85: folds 
The_Jubbster: raises $2 to $3
GuigaMan: folds 
xcinaz: folds 
canon562105: folds 
Uncalled bet ($2) returned to The_Jubbster
The_Jubbster collected $2.50 from pot
The_Jubbster: doesn't show hand 
*** SUMMARY ***
Total pot $2.50 | Rake $0 
Seat 1: I TAKE IT 85 folded before Flop (didn't bet)
Seat 2: The_Jubbster collected ($2.50)
Seat 3: GuigaMan (button) folded before Flop (didn't bet)
Seat 4: xcinaz (small blind) folded before Flop
Seat 5: canon562105 (big blind) folded before Flop
Seat 6: Kristo 914 folded before Flop (didn't bet)



PokerStars Hand #254458068488:  Hold'em No Limit ($0.50/$1.00 USD) - 2025/01/19 22:55:13 WET [2025/01/19 17:55:13 ET]
Table 'Adrastea III' 6-max Seat #4 is the button
Seat 1: I TAKE IT 85 ($101.50 in chips) 
Seat 2: The_Jubbster ($173.14 in chips) 
Seat 3: GuigaMan ($101.26 in chips) 
Seat 4: xcinaz ($100 in chips) 
Seat 5: canon562105 ($89.63 in chips) 
Seat 6: Kristo 914 ($108.31 in chips) 
canon562105: posts small blind $0.50
Kristo 914: posts big blind $1
*** HOLE CARDS ***
I TAKE IT 85: folds 
The_Jubbster: raises $2 to $3
GuigaMan: folds 
xcinaz: folds 
canon562105: folds 
Kristo 914: folds 
Uncalled bet ($2) returned to The_Jubbster
The_Jubbster collected $2.50 from pot
The_Jubbster: doesn't show hand 
*** SUMMARY ***
Total pot $2.50 | Rake $0 
Seat 1: I TAKE IT 85 folded before Flop (didn't bet)
Seat 2: The_Jubbster collected ($2.50)
Seat 3: GuigaMan folded before Flop (didn't bet)
Seat 4: xcinaz (button) folded before Flop (didn't bet)
Seat 5: canon562105 (small blind) folded before Flop
Seat 6: Kristo 914 (big blind) folded before Flop



PokerStars Hand #254458071648:  Hold'em No Limit ($0.50/$1.00 USD) - 2025/01/19 22:55:29 WET [2025/01/19 17:55:29 ET]
Table 'Adrastea III' 6-max Seat #5 is the button
Seat 1: I TAKE IT 85 ($101.50 in chips) 
Seat 2: The_Jubbster ($174.64 in chips) 
Seat 3: GuigaMan ($101.26 in chips) 
Seat 4: xcinaz ($100 in chips) 
Seat 5: canon562105 ($89.13 in chips) 
Seat 6: Kristo 914 ($107.31 in chips) 
Kristo 914: posts small blind $0.50
I TAKE IT 85: posts big blind $1
*** HOLE CARDS ***
The_Jubbster: folds 
GuigaMan: raises $1.10 to $2.10
xcinaz: folds 
canon562105: folds 
Kristo 914: folds 
I TAKE IT 85: calls $1.10
*** FLOP *** [7d 7c 2c]
I TAKE IT 85: checks 
GuigaMan: bets $2.41
I TAKE IT 85: folds 
Uncalled bet ($2.41) returned to GuigaMan
GuigaMan collected $4.46 from pot
*** SUMMARY ***
Total pot $4.70 | Rake $0.24 
Board [7d 7c 2c]
Seat 1: I TAKE IT 85 (big blind) folded on the Flop
Seat 2: The_Jubbster folded before Flop (didn't bet)
Seat 3: GuigaMan collected ($4.46)
Seat 4: xcinaz folded before Flop (didn't bet)
Seat 5: canon562105 (button) folded before Flop (didn't bet)
Seat 6: Kristo 914 (small blind) folded before Flop



PokerStars Hand #254458078605:  Hold'em No Limit ($0.50/$1.00 USD) - 2025/01/19 22:56:05 WET [2025/01/19 17:56:05 ET]
Table 'Adrastea III' 6-max Seat #6 is the button
Seat 1: I TAKE IT 85 ($100 in chips) 
Seat 2: The_Jubbster ($174.64 in chips) 
Seat 3: GuigaMan ($103.62 in chips) 
Seat 4: xcinaz ($100 in chips) 
Seat 5: canon562105 ($89.13 in chips) 
Seat 6: Kristo 914 ($106.81 in chips) 
I TAKE IT 85: posts small blind $0.50
The_Jubbster: posts big blind $1
*** HOLE CARDS ***
GuigaMan: folds 
xcinaz: raises $1 to $2
canon562105: raises $1 to $3
Kristo 914: folds 
I TAKE IT 85: calls $2.50
The_Jubbster: calls $2
xcinaz: raises $14 to $17
canon562105: folds 
I TAKE IT 85: folds 
The_Jubbster: folds 
Uncalled bet ($14) returned to xcinaz
xcinaz collected $12 from pot
xcinaz: doesn't show hand 
*** SUMMARY ***
Total pot $12 | Rake $0 
Seat 1: I TAKE IT 85 (small blind) folded before Flop
Seat 2: The_Jubbster (big blind) folded before Flop
Seat 3: GuigaMan folded before Flop (didn't bet)
Seat 4: xcinaz collected ($12)
Seat 5: canon562105 folded before Flop
Seat 6: Kristo 914 (button) folded before Flop (didn't bet)



PokerStars Hand #254458091053:  Hold'em No Limit ($0.50/$1.00 USD) - 2025/01/19 22:57:08 WET [2025/01/19 17:57:08 ET]
Table 'Adrastea III' 6-max Seat #1 is the button
Seat 1: I TAKE IT 85 ($100 in chips) 
Seat 2: The_Jubbster ($171.64 in chips) 
Seat 3: GuigaMan ($103.62 in chips) 
Seat 4: xcinaz ($109 in chips) 
Seat 5: canon562105 ($86.13 in chips) 
Seat 6: Kristo 914 ($106.81 in chips) 
The_Jubbster: posts small blind $0.50
GuigaMan: posts big blind $1
*** HOLE CARDS ***
xcinaz: folds 
canon562105: raises $1 to $2
Kristo 914: folds 
I TAKE IT 85: raises $5 to $7
The_Jubbster: folds 
GuigaMan: raises $14 to $21
canon562105: folds 
I TAKE IT 85: calls $14
*** FLOP *** [Qd 4c Tc]
GuigaMan: bets $8
I TAKE IT 85: calls $8
*** TURN *** [Qd 4c Tc] [2s]
GuigaMan: checks 
I TAKE IT 85: bets $71 and is all-in
GuigaMan: folds 
Uncalled bet ($71) returned to I TAKE IT 85
I TAKE IT 85 collected $58 from pot
I TAKE IT 85: doesn't show hand 
*** SUMMARY ***
Total pot $60.50 | Rake $2.50 
Board [Qd 4c Tc 2s]
Seat 1: I TAKE IT 85 (button) collected ($58)
Seat 2: The_Jubbster (small blind) folded before Flop
Seat 3: GuigaMan (big blind) folded on the Turn
Seat 4: xcinaz folded before Flop (didn't bet)
Seat 5: canon562105 folded before Flop
Seat 6: Kristo 914 folded before Flop (didn't bet)



PokerStars Hand #254458112923:  Hold'em No Limit ($0.50/$1.00 USD) - 2025/01/19 22:58:58 WET [2025/01/19 17:58:58 ET]
Table 'Adrastea III' 6-max Seat #2 is the button
Seat 1: I TAKE IT 85 ($129 in chips) 
Seat 2: The_Jubbster ($171.14 in chips) 
Seat 3: GuigaMan ($100 in chips) 
Seat 4: xcinaz ($109 in chips) 
Seat 5: canon562105 ($84.13 in chips) 
Seat 6: Kristo 914 ($106.81 in chips) 
GuigaMan: posts small blind $0.50
xcinaz: posts big blind $1
*** HOLE CARDS ***
canon562105: folds 
Kristo 914: folds 
I TAKE IT 85: folds 
The_Jubbster: folds 
GuigaMan: folds 
Uncalled bet ($0.50) returned to xcinaz
xcinaz collected $1 from pot
xcinaz: doesn't show hand 
*** SUMMARY ***
Total pot $1 | Rake $0 
Seat 1: I TAKE IT 85 folded before Flop (didn't bet)
Seat 2: The_Jubbster (button) folded before Flop (didn't bet)
Seat 3: GuigaMan (small blind) folded before Flop
Seat 4: xcinaz (big blind) collected ($1)
Seat 5: canon562105 folded before Flop (didn't bet)
Seat 6: Kristo 914 folded before Flop (didn't bet)



PokerStars Hand #254458116140:  Hold'em No Limit ($0.50/$1.00 USD) - 2025/01/19 22:59:15 WET [2025/01/19 17:59:15 ET]
Table 'Adrastea III' 6-max Seat #3 is the button
Seat 1: I TAKE IT 85 ($129 in chips) 
Seat 2: The_Jubbster ($171.14 in chips) 
Seat 3: GuigaMan ($100 in chips) 
Seat 4: xcinaz ($109.50 in chips) 
Seat 5: canon562105 ($84.13 in chips) 
Seat 6: Kristo 914 ($106.81 in chips) 
xcinaz: posts small blind $0.50
canon562105: posts big blind $1
*** HOLE CARDS ***
Kristo 914: folds 
I TAKE IT 85: folds 
The_Jubbster: raises $2 to $3
GuigaMan: folds 
xcinaz: folds 
canon562105: folds 
Uncalled bet ($2) returned to The_Jubbster
The_Jubbster collected $2.50 from pot
The_Jubbster: doesn't show hand 
*** SUMMARY ***
Total pot $2.50 | Rake $0 
Seat 1: I TAKE IT 85 folded before Flop (didn't bet)
Seat 2: The_Jubbster collected ($2.50)
Seat 3: GuigaMan (button) folded before Flop (didn't bet)
Seat 4: xcinaz (small blind) folded before Flop
Seat 5: canon562105 (big blind) folded before Flop
Seat 6: Kristo 914 folded before Flop (didn't bet)



PokerStars Hand #254458120163:  Hold'em No Limit ($0.50/$1.00 USD) - 2025/01/19 22:59:35 WET [2025/01/19 17:59:35 ET]
Table 'Adrastea III' 6-max Seat #4 is the button
Seat 1: I TAKE IT 85 ($129 in chips) 
Seat 2: The_Jubbster ($172.64 in chips) 
Seat 3: GuigaMan ($100 in chips) 
Seat 4: xcinaz ($109 in chips) 
Seat 5: canon562105 ($83.13 in chips) 
Seat 6: Kristo 914 ($106.81 in chips) 
canon562105: posts small blind $0.50
Kristo 914: posts big blind $1
*** HOLE CARDS ***
I TAKE IT 85: folds 
The_Jubbster: raises $2 to $3
GuigaMan: folds 
xcinaz: folds 
canon562105: calls $2.50
Kristo 914: folds 
*** FLOP *** [7d Ts 4d]
canon562105: checks 
The_Jubbster: bets $3.33
canon562105: folds 
Uncalled bet ($3.33) returned to The_Jubbster
The_Jubbster collected $6.65 from pot
The_Jubbster: doesn't show hand 
*** SUMMARY ***
Total pot $7 | Rake $0.35 
Board [7d Ts 4d]
Seat 1: I TAKE IT 85 folded before Flop (didn't bet)
Seat 2: The_Jubbster collected ($6.65)
Seat 3: GuigaMan folded before Flop (didn't bet)
Seat 4: xcinaz (button) folded before Flop (didn't bet)
Seat 5: canon562105 (small blind) folded on the Flop
Seat 6: Kristo 914 (big blind) folded before Flop



PokerStars Hand #254458125374:  Hold'em No Limit ($0.50/$1.00 USD) - 2025/01/19 23:00:02 WET [2025/01/19 18:00:02 ET]
Table 'Adrastea III' 6-max Seat #5 is the button
Seat 1: I TAKE IT 85 ($129 in chips) 
Seat 2: The_Jubbster ($176.29 in chips) 
Seat 3: GuigaMan ($100 in chips) 
Seat 4: xcinaz ($109 in chips) 
Seat 5: canon562105 ($80.13 in chips) 
Seat 6: Kristo 914 ($105.81 in chips) 
Kristo 914: posts small blind $0.50
I TAKE IT 85: posts big blind $1
*** HOLE CARDS ***
The_Jubbster: folds 
GuigaMan: raises $1.10 to $2.10
xcinaz: folds 
canon562105: folds 
Kristo 914: folds 
I TAKE IT 85: folds 
Uncalled bet ($1.10) returned to GuigaMan
GuigaMan collected $2.50 from pot
*** SUMMARY ***
Total pot $2.50 | Rake $0 
Seat 1: I TAKE IT 85 (big blind) folded before Flop
Seat 2: The_Jubbster folded before Flop (didn't bet)
Seat 3: GuigaMan collected ($2.50)
Seat 4: xcinaz folded before Flop (didn't bet)
Seat 5: canon562105 (button) folded before Flop (didn't bet)
Seat 6: Kristo 914 (small blind) folded before Flop



PokerStars Hand #254458128791:  Hold'em No Limit ($0.50/$1.00 USD) - 2025/01/19 23:00:19 WET [2025/01/19 18:00:19 ET]
Table 'Adrastea III' 6-max Seat #6 is the button
Seat 1: I TAKE IT 85 ($128 in chips) 
Seat 2: The_Jubbster ($176.29 in chips) 
Seat 3: GuigaMan ($101.50 in chips) 
Seat 4: xcinaz ($109 in chips) 
Seat 5: canon562105 ($80.13 in chips) 
Seat 6: Kristo 914 ($105.31 in chips) 
I TAKE IT 85: posts small blind $0.50
The_Jubbster: posts big blind $1
*** HOLE CARDS ***
GuigaMan: raises $1.10 to $2.10
xcinaz: folds 
canon562105: raises $1.10 to $3.20
Kristo 914: folds 
I TAKE IT 85: folds 
The_Jubbster: folds 
GuigaMan: raises $11.80 to $15
canon562105: calls $11.80
*** FLOP *** [Qs 4h 6h]
GuigaMan: checks 
canon562105: checks 
*** TURN *** [Qs 4h 6h] [Td]
GuigaMan: bets $16.16
canon562105: calls $16.16
*** RIVER *** [Qs 4h 6h Td] [9c]
GuigaMan: checks 
canon562105: checks 
*** SHOW DOWN ***
GuigaMan: shows [Jh Jd] (a pair of Jacks)
canon562105: mucks hand 
GuigaMan collected $61.32 from pot
*** SUMMARY ***
Total pot $63.82 | Rake $2.50 
Board [Qs 4h 6h Td 9c]
Seat 1: I TAKE IT 85 (small blind) folded before Flop
Seat 2: The_Jubbster (big blind) folded before Flop
Seat 3: GuigaMan showed [Jh Jd] and won ($61.32) with a pair of Jacks
Seat 4: xcinaz folded before Flop (didn't bet)
Seat 5: canon562105 mucked
Seat 6: Kristo 914 (button) folded before Flop (didn't bet)



PokerStars Hand #254458140012:  Hold'em No Limit ($0.50/$1.00 USD) - 2025/01/19 23:01:09 WET [2025/01/19 18:01:09 ET]
Table 'Adrastea III' 6-max Seat #1 is the button
Seat 1: I TAKE IT 85 ($127.50 in chips) 
Seat 2: The_Jubbster ($175.29 in chips) 
Seat 3: GuigaMan ($131.66 in chips) 
Seat 4: xcinaz ($109 in chips) 
Seat 5: canon562105 ($48.97 in chips) 
Seat 6: Kristo 914 ($105.31 in chips) 
The_Jubbster: posts small blind $0.50
GuigaMan: posts big blind $1
*** HOLE CARDS ***
xcinaz: folds 
canon562105: folds 
Kristo 914: folds 
I TAKE IT 85: folds 
The_Jubbster: folds 
Uncalled bet ($0.50) returned to GuigaMan
GuigaMan collected $1 from pot
*** SUMMARY ***
Total pot $1 | Rake $0 
Seat 1: I TAKE IT 85 (button) folded before Flop (didn't bet)
Seat 2: The_Jubbster (small blind) folded before Flop
Seat 3: GuigaMan (big blind) collected ($1)
Seat 4: xcinaz folded before Flop (didn't bet)
Seat 5: canon562105 folded before Flop (didn't bet)
Seat 6: Kristo 914 folded before Flop (didn't bet)



PokerStars Hand #254458146057:  Hold'em No Limit ($0.50/$1.00 USD) - 2025/01/19 23:01:33 WET [2025/01/19 18:01:33 ET]
Table 'Adrastea III' 6-max Seat #2 is the button
Seat 1: I TAKE IT 85 ($127.50 in chips) 
Seat 2: The_Jubbster ($174.79 in chips) 
Seat 3: GuigaMan ($132.16 in chips) 
Seat 4: xcinaz ($109 in chips) 
Seat 5: canon562105 ($48.97 in chips) 
Seat 6: Kristo 914 ($105.31 in chips) 
GuigaMan: posts small blind $0.50
xcinaz: posts big blind $1
*** HOLE CARDS ***
canon562105: folds 
Kristo 914: folds 
I TAKE IT 85: raises $1.05 to $2.05
The_Jubbster: folds 
GuigaMan: folds 
xcinaz: calls $1.05
*** FLOP *** [Kc 5c 9s]
xcinaz: checks 
I TAKE IT 85: checks 
*** TURN *** [Kc 5c 9s] [8d]
xcinaz: bets $5.90
I TAKE IT 85: folds 
Uncalled bet ($5.90) returned to xcinaz
xcinaz collected $4.37 from pot
xcinaz: doesn't show hand 
*** SUMMARY ***
Total pot $4.60 | Rake $0.23 
Board [Kc 5c 9s 8d]
Seat 1: I TAKE IT 85 folded on the Turn
Seat 2: The_Jubbster (button) folded before Flop (didn't bet)
Seat 3: GuigaMan (small blind) folded before Flop
Seat 4: xcinaz (big blind) collected ($4.37)
Seat 5: canon562105 folded before Flop (didn't bet)
Seat 6: Kristo 914 folded before Flop (didn't bet)



PokerStars Hand #254458156961:  Hold'em No Limit ($0.50/$1.00 USD) - 2025/01/19 23:02:12 WET [2025/01/19 18:02:12 ET]
Table 'Adrastea III' 6-max Seat #3 is the button
Seat 1: I TAKE IT 85 ($125.45 in chips) 
Seat 2: The_Jubbster ($174.79 in chips) 
Seat 3: GuigaMan ($131.66 in chips) 
Seat 4: xcinaz ($111.32 in chips) 
Seat 5: canon562105 ($48.97 in chips) 
Seat 6: Kristo 914 ($105.31 in chips) 
xcinaz: posts small blind $0.50
canon562105: posts big blind $1
*** HOLE CARDS ***
Kristo 914: raises $1.40 to $2.40
I TAKE IT 85: folds 
The_Jubbster: folds 
GuigaMan: folds 
xcinaz: folds 
canon562105: folds 
Uncalled bet ($1.40) returned to Kristo 914
Kristo 914 collected $2.50 from pot
Kristo 914: doesn't show hand 
*** SUMMARY ***
Total pot $2.50 | Rake $0 
Seat 1: I TAKE IT 85 folded before Flop (didn't bet)
Seat 2: The_Jubbster folded before Flop (didn't bet)
Seat 3: GuigaMan (button) folded before Flop (didn't bet)
Seat 4: xcinaz (small blind) folded before Flop
Seat 5: canon562105 (big blind) folded before Flop
Seat 6: Kristo 914 collected ($2.50)



PokerStars Hand #254458163937:  Hold'em No Limit ($0.50/$1.00 USD) - 2025/01/19 23:02:41 WET [2025/01/19 18:02:41 ET]
Table 'Adrastea III' 6-max Seat #4 is the button
Seat 1: I TAKE IT 85 ($125.45 in chips) 
Seat 2: The_Jubbster ($174.79 in chips) 
Seat 3: GuigaMan ($131.66 in chips) 
Seat 4: xcinaz ($110.82 in chips) 
Seat 5: canon562105 ($47.97 in chips) 
Seat 6: Kristo 914 ($106.81 in chips) 
canon562105: posts small blind $0.50
Kristo 914: posts big blind $1
*** HOLE CARDS ***
I TAKE IT 85: raises $1.05 to $2.05
The_Jubbster: folds 
GuigaMan: raises $3.95 to $6
xcinaz: folds 
canon562105: raises $3.95 to $9.95
Kristo 914: folds 
I TAKE IT 85: folds 
GuigaMan: folds 
Uncalled bet ($3.95) returned to canon562105
canon562105 collected $15.05 from pot
canon562105: doesn't show hand 
*** SUMMARY ***
Total pot $15.05 | Rake $0 
Seat 1: I TAKE IT 85 folded before Flop
Seat 2: The_Jubbster folded before Flop (didn't bet)
Seat 3: GuigaMan folded before Flop
Seat 4: xcinaz (button) folded before Flop (didn't bet)
Seat 5: canon562105 (small blind) collected ($15.05)
Seat 6: Kristo 914 (big blind) folded before Flop



PokerStars Hand #254458173551:  Hold'em No Limit ($0.50/$1.00 USD) - 2025/01/19 23:03:16 WET [2025/01/19 18:03:16 ET]
Table 'Adrastea III' 6-max Seat #5 is the button
Seat 1: I TAKE IT 85 ($123.40 in chips) 
Seat 2: The_Jubbster ($174.79 in chips) 
Seat 3: GuigaMan ($125.66 in chips) 
Seat 4: xcinaz ($110.82 in chips) 
Seat 5: canon562105 ($57.02 in chips) 
Seat 6: Kristo 914 ($105.81 in chips) 
Kristo 914: posts small blind $0.50
I TAKE IT 85: posts big blind $1
*** HOLE CARDS ***
The_Jubbster: folds 
GuigaMan: folds 
xcinaz: raises $1.20 to $2.20
canon562105: calls $2.20
Kristo 914: folds 
I TAKE IT 85: folds 
*** FLOP *** [Th 8d 5d]
xcinaz: bets $1.85
canon562105: folds 
Uncalled bet ($1.85) returned to xcinaz
xcinaz collected $5.60 from pot
xcinaz: doesn't show hand 
*** SUMMARY ***
Total pot $5.90 | Rake $0.30 
Board [Th 8d 5d]
Seat 1: I TAKE IT 85 (big blind) folded before Flop
Seat 2: The_Jubbster folded before Flop (didn't bet)
Seat 3: GuigaMan folded before Flop (didn't bet)
Seat 4: xcinaz collected ($5.60)
Seat 5: canon562105 (button) folded on the Flop
Seat 6: Kristo 914 (small blind) folded before Flop



PokerStars Hand #254458188174:  Hold'em No Limit ($0.50/$1.00 USD) - 2025/01/19 23:04:05 WET [2025/01/19 18:04:05 ET]
Table 'Adrastea III' 6-max Seat #6 is the button
Seat 1: I TAKE IT 85 ($122.40 in chips) 
Seat 2: The_Jubbster ($174.79 in chips) 
Seat 3: GuigaMan ($125.66 in chips) 
Seat 4: xcinaz ($114.22 in chips) 
Seat 5: canon562105 ($54.82 in chips) 
Seat 6: Kristo 914 ($105.31 in chips) 
I TAKE IT 85: posts small blind $0.50
The_Jubbster: posts big blind $1
*** HOLE CARDS ***
GuigaMan: folds 
xcinaz: raises $1 to $2
canon562105: raises $1 to $3
Kristo 914: folds 
I TAKE IT 85: folds 
The_Jubbster: folds 
xcinaz: calls $1
*** FLOP *** [Ad 6d Ah]
xcinaz: checks 
canon562105: checks 
*** TURN *** [Ad 6d Ah] [9h]
xcinaz: checks 
canon562105: checks 
*** RIVER *** [Ad 6d Ah 9h] [Kc]
xcinaz: checks 
canon562105: checks 
*** SHOW DOWN ***
xcinaz: shows [Ks Jh] (two pair, Aces and Kings)
canon562105: mucks hand 
xcinaz collected $7.12 from pot
*** SUMMARY ***
Total pot $7.50 | Rake $0.38 
Board [Ad 6d Ah 9h Kc]
Seat 1: I TAKE IT 85 (small blind) folded before Flop
Seat 2: The_Jubbster (big blind) folded before Flop
Seat 3: GuigaMan folded before Flop (didn't bet)
Seat 4: xcinaz showed [Ks Jh] and won ($7.12) with two pair, Aces and Kings
Seat 5: canon562105 mucked
Seat 6: Kristo 914 (button) folded before Flop (didn't bet)



PokerStars Hand #254458202681:  Hold'em No Limit ($0.50/$1.00 USD) - 2025/01/19 23:04:56 WET [2025/01/19 18:04:56 ET]
Table 'Adrastea III' 6-max Seat #1 is the button
Seat 1: I TAKE IT 85 ($121.90 in chips) 
Seat 2: The_Jubbster ($173.79 in chips) 
Seat 3: GuigaMan ($125.66 in chips) 
Seat 4: xcinaz ($118.34 in chips) 
Seat 5: canon562105 ($51.82 in chips) 
Seat 6: Kristo 914 ($105.31 in chips) 
The_Jubbster: posts small blind $0.50
GuigaMan: posts big blind $1
*** HOLE CARDS ***
xcinaz: folds 
canon562105: folds 
Kristo 914: folds 
I TAKE IT 85: folds 
The_Jubbster: raises $2 to $3
GuigaMan: raises $6 to $9
The_Jubbster: folds 
Uncalled bet ($6) returned to GuigaMan
GuigaMan collected $6 from pot
*** SUMMARY ***
Total pot $6 | Rake $0 
Seat 1: I TAKE IT 85 (button) folded before Flop (didn't bet)
Seat 2: The_Jubbster (small blind) folded before Flop
Seat 3: GuigaMan (big blind) collected ($6)
Seat 4: xcinaz folded before Flop (didn't bet)
Seat 5: canon562105 folded before Flop (didn't bet)
Seat 6: Kristo 914 folded before Flop (didn't bet)



PokerStars Hand #254458213184:  Hold'em No Limit ($0.50/$1.00 USD) - 2025/01/19 23:05:32 WET [2025/01/19 18:05:32 ET]
Table 'Adrastea III' 6-max Seat #2 is the button
Seat 1: I TAKE IT 85 ($121.90 in chips) 
Seat 2: The_Jubbster ($170.79 in chips) 
Seat 3: GuigaMan ($128.66 in chips) 
Seat 4: xcinaz ($118.34 in chips) 
Seat 5: canon562105 ($51.82 in chips) 
Seat 6: Kristo 914 ($105.31 in chips) 
GuigaMan: posts small blind $0.50
xcinaz: posts big blind $1
*** HOLE CARDS ***
canon562105: raises $1 to $2
Kristo 914: folds 
I TAKE IT 85: raises $4 to $6
The_Jubbster: folds 
GuigaMan: folds 
xcinaz: folds 
canon562105: raises $4 to $10
I TAKE IT 85: calls $4
*** FLOP *** [Td 5h Ad]
canon562105: bets $9
I TAKE IT 85: calls $9
*** TURN *** [Td 5h Ad] [6d]
canon562105: bets $32.82 and is all-in
I TAKE IT 85: folds 
Uncalled bet ($32.82) returned to canon562105
canon562105 collected $37.52 from pot
canon562105: doesn't show hand 
*** SUMMARY ***
Total pot $39.50 | Rake $1.98 
Board [Td 5h Ad 6d]
Seat 1: I TAKE IT 85 folded on the Turn
Seat 2: The_Jubbster (button) folded before Flop (didn't bet)
Seat 3: GuigaMan (small blind) folded before Flop
Seat 4: xcinaz (big blind) folded before Flop
Seat 5: canon562105 collected ($37.52)
Seat 6: Kristo 914 folded before Flop (didn't bet)



PokerStars Hand #254458234620:  Hold'em No Limit ($0.50/$1.00 USD) - 2025/01/19 23:06:45 WET [2025/01/19 18:06:45 ET]
Table 'Adrastea III' 6-max Seat #3 is the button
Seat 1: I TAKE IT 85 ($102.90 in chips) 
Seat 2: The_Jubbster ($170.79 in chips) 
Seat 3: GuigaMan ($128.16 in chips) 
Seat 4: xcinaz ($117.34 in chips) 
Seat 5: canon562105 ($70.34 in chips) 
Seat 6: Kristo 914 ($105.31 in chips) 
xcinaz: posts small blind $0.50
canon562105: posts big blind $1
*** HOLE CARDS ***
Kristo 914: folds 
I TAKE IT 85: folds 
The_Jubbster: folds 
GuigaMan: raises $1.10 to $2.10
xcinaz: folds 
canon562105: folds 
Uncalled bet ($1.10) returned to GuigaMan
GuigaMan collected $2.50 from pot
*** SUMMARY ***
Total pot $2.50 | Rake $0 
Seat 1: I TAKE IT 85 folded before Flop (didn't bet)
Seat 2: The_Jubbster folded before Flop (didn't bet)
Seat 3: GuigaMan (button) collected ($2.50)
Seat 4: xcinaz (small blind) folded before Flop
Seat 5: canon562105 (big blind) folded before Flop
Seat 6: Kristo 914 folded before Flop (didn't bet)



PokerStars Hand #254458240711:  Hold'em No Limit ($0.50/$1.00 USD) - 2025/01/19 23:07:06 WET [2025/01/19 18:07:06 ET]
Table 'Adrastea III' 6-max Seat #4 is the button
Seat 1: I TAKE IT 85 ($102.90 in chips) 
Seat 2: The_Jubbster ($170.79 in chips) 
Seat 3: GuigaMan ($129.66 in chips) 
Seat 4: xcinaz ($116.84 in chips) 
Seat 5: canon562105 ($69.34 in chips) 
Seat 6: Kristo 914 ($105.31 in chips) 
canon562105: posts small blind $0.50
Kristo 914: posts big blind $1
*** HOLE CARDS ***
I TAKE IT 85: folds 
The_Jubbster has timed out
The_Jubbster: folds 
GuigaMan: raises $1.10 to $2.10
xcinaz: folds 
canon562105: calls $1.60
Kristo 914: folds 
*** FLOP *** [Tc 9h Th]
canon562105: checks 
GuigaMan: bets $2.67
canon562105: calls $2.67
*** TURN *** [Tc 9h Th] [Ah]
canon562105: checks 
GuigaMan: checks 
*** RIVER *** [Tc 9h Th Ah] [Ac]
canon562105: checks 
GuigaMan: checks 
*** SHOW DOWN ***
canon562105: shows [8d Qd] (two pair, Aces and Tens)
GuigaMan: mucks hand 
canon562105 collected $10.01 from pot
*** SUMMARY ***
Total pot $10.54 | Rake $0.53 
Board [Tc 9h Th Ah Ac]
Seat 1: I TAKE IT 85 folded before Flop (didn't bet)
Seat 2: The_Jubbster folded before Flop (didn't bet)
Seat 3: GuigaMan mucked
Seat 4: xcinaz (button) folded before Flop (didn't bet)
Seat 5: canon562105 (small blind) showed [8d Qd] and won ($10.01) with two pair, Aces and Tens
Seat 6: Kristo 914 (big blind) folded before Flop



PokerStars Hand #254458259524:  Hold'em No Limit ($0.50/$1.00 USD) - 2025/01/19 23:08:10 WET [2025/01/19 18:08:10 ET]
Table 'Adrastea III' 6-max Seat #5 is the button
Seat 1: I TAKE IT 85 ($102.90 in chips) 
Seat 2: The_Jubbster ($170.79 in chips) 
Seat 3: GuigaMan ($124.89 in chips) 
Seat 4: xcinaz ($116.84 in chips) 
Seat 5: canon562105 ($74.58 in chips) 
Seat 6: Kristo 914 ($104.31 in chips) 
Kristo 914: posts small blind $0.50
I TAKE IT 85: posts big blind $1
*** HOLE CARDS ***
The_Jubbster: folds 
GuigaMan: folds 
xcinaz: folds 
canon562105: folds 
Kristo 914: folds 
Uncalled bet ($0.50) returned to I TAKE IT 85
I TAKE IT 85 collected $1 from pot
I TAKE IT 85: doesn't show hand 
*** SUMMARY ***
Total pot $1 | Rake $0 
Seat 1: I TAKE IT 85 (big blind) collected ($1)
Seat 2: The_Jubbster folded before Flop (didn't bet)
Seat 3: GuigaMan folded before Flop (didn't bet)
Seat 4: xcinaz folded before Flop (didn't bet)
Seat 5: canon562105 (button) folded before Flop (didn't bet)
Seat 6: Kristo 914 (small blind) folded before Flop



PokerStars Hand #254458263119:  Hold'em No Limit ($0.50/$1.00 USD) - 2025/01/19 23:08:23 WET [2025/01/19 18:08:23 ET]
Table 'Adrastea III' 6-max Seat #6 is the button
Seat 1: I TAKE IT 85 ($103.40 in chips) 
Seat 2: The_Jubbster ($170.79 in chips) 
Seat 3: GuigaMan ($124.89 in chips) 
Seat 4: xcinaz ($116.84 in chips) 
Seat 5: canon562105 ($74.58 in chips) 
Seat 6: Kristo 914 ($103.81 in chips) 
I TAKE IT 85: posts small blind $0.50
The_Jubbster: posts big blind $1
*** HOLE CARDS ***
GuigaMan: folds 
xcinaz: folds 
canon562105: calls $1
Kristo 914: folds 
I TAKE IT 85: raises $4 to $5
The_Jubbster: folds 
canon562105: folds 
Uncalled bet ($4) returned to I TAKE IT 85
I TAKE IT 85 collected $3 from pot
I TAKE IT 85: doesn't show hand 
*** SUMMARY ***
Total pot $3 | Rake $0 
Seat 1: I TAKE IT 85 (small blind) collected ($3)
Seat 2: The_Jubbster (big blind) folded before Flop
Seat 3: GuigaMan folded before Flop (didn't bet)
Seat 4: xcinaz folded before Flop (didn't bet)
Seat 5: canon562105 folded before Flop
Seat 6: Kristo 914 (button) folded before Flop (didn't bet)



PokerStars Hand #254458269288:  Hold'em No Limit ($0.50/$1.00 USD) - 2025/01/19 23:08:45 WET [2025/01/19 18:08:45 ET]
Table 'Adrastea III' 6-max Seat #1 is the button
Seat 1: I TAKE IT 85 ($105.40 in chips) 
Seat 2: The_Jubbster ($169.79 in chips) 
Seat 3: GuigaMan ($124.89 in chips) 
Seat 4: xcinaz ($116.84 in chips) 
Seat 5: canon562105 ($73.58 in chips) 
Seat 6: Kristo 914 ($103.81 in chips) 
The_Jubbster: posts small blind $0.50
GuigaMan: posts big blind $1
*** HOLE CARDS ***
xcinaz: folds 
canon562105: folds 
Kristo 914: folds 
I TAKE IT 85: raises $1.05 to $2.05
The_Jubbster: folds 
GuigaMan: calls $1.05
*** FLOP *** [Ad Kd Kc]
GuigaMan: checks 
I TAKE IT 85: bets $1.09
GuigaMan: folds 
Uncalled bet ($1.09) returned to I TAKE IT 85
I TAKE IT 85 collected $4.37 from pot
I TAKE IT 85: doesn't show hand 
*** SUMMARY ***
Total pot $4.60 | Rake $0.23 
Board [Ad Kd Kc]
Seat 1: I TAKE IT 85 (button) collected ($4.37)
Seat 2: The_Jubbster (small blind) folded before Flop
Seat 3: GuigaMan (big blind) folded on the Flop
Seat 4: xcinaz folded before Flop (didn't bet)
Seat 5: canon562105 folded before Flop (didn't bet)
Seat 6: Kristo 914 folded before Flop (didn't bet)



PokerStars Hand #254458282194:  Hold'em No Limit ($0.50/$1.00 USD) - 2025/01/19 23:09:33 WET [2025/01/19 18:09:33 ET]
Table 'Adrastea III' 6-max Seat #2 is the button
Seat 1: I TAKE IT 85 ($107.72 in chips) 
Seat 2: The_Jubbster ($169.29 in chips) 
Seat 3: GuigaMan ($122.84 in chips) 
Seat 4: xcinaz ($116.84 in chips) 
Seat 5: canon562105 ($73.58 in chips) 
Seat 6: Kristo 914 ($103.81 in chips) 
GuigaMan: posts small blind $0.50
xcinaz: posts big blind $1
*** HOLE CARDS ***
canon562105: folds 
Kristo 914: folds 
I TAKE IT 85: folds 
The_Jubbster: folds 
GuigaMan: folds 
Uncalled bet ($0.50) returned to xcinaz
xcinaz collected $1 from pot
xcinaz: doesn't show hand 
*** SUMMARY ***
Total pot $1 | Rake $0 
Seat 1: I TAKE IT 85 folded before Flop (didn't bet)
Seat 2: The_Jubbster (button) folded before Flop (didn't bet)
Seat 3: GuigaMan (small blind) folded before Flop
Seat 4: xcinaz (big blind) collected ($1)
Seat 5: canon562105 folded before Flop (didn't bet)
Seat 6: Kristo 914 folded before Flop (didn't bet)



PokerStars Hand #254458287779:  Hold'em No Limit ($0.50/$1.00 USD) - 2025/01/19 23:09:54 WET [2025/01/19 18:09:54 ET]
Table 'Adrastea III' 6-max Seat #3 is the button
Seat 1: I TAKE IT 85 ($107.72 in chips) 
Seat 2: The_Jubbster ($169.29 in chips) 
Seat 3: GuigaMan ($122.34 in chips) 
Seat 4: xcinaz ($117.34 in chips) 
Seat 5: canon562105 ($73.58 in chips) 
Seat 6: Kristo 914 ($103.81 in chips) 
xcinaz: posts small blind $0.50
canon562105: posts big blind $1
*** HOLE CARDS ***
Kristo 914: folds 
I TAKE IT 85: raises $1.05 to $2.05
The_Jubbster: folds 
GuigaMan: raises $3.95 to $6
xcinaz: folds 
canon562105: folds 
I TAKE IT 85: folds 
Uncalled bet ($3.95) returned to GuigaMan
GuigaMan collected $5.60 from pot
*** SUMMARY ***
Total pot $5.60 | Rake $0 
Seat 1: I TAKE IT 85 folded before Flop
Seat 2: The_Jubbster folded before Flop (didn't bet)
Seat 3: GuigaMan (button) collected ($5.60)
Seat 4: xcinaz (small blind) folded before Flop
Seat 5: canon562105 (big blind) folded before Flop
Seat 6: Kristo 914 folded before Flop (didn't bet)



PokerStars Hand #254458298351:  Hold'em No Limit ($0.50/$1.00 USD) - 2025/01/19 23:10:33 WET [2025/01/19 18:10:33 ET]
Table 'Adrastea III' 6-max Seat #4 is the button
Seat 1: I TAKE IT 85 ($105.67 in chips) 
Seat 2: The_Jubbster ($169.29 in chips) 
Seat 3: GuigaMan ($125.89 in chips) 
Seat 4: xcinaz ($116.84 in chips) 
Seat 5: canon562105 ($72.58 in chips) 
Seat 6: Kristo 914 ($103.81 in chips) 
canon562105: posts small blind $0.50
Kristo 914: posts big blind $1
*** HOLE CARDS ***
I TAKE IT 85: folds 
The_Jubbster: raises $2 to $3
GuigaMan: folds 
xcinaz: folds 
canon562105: calls $2.50
Kristo 914: calls $2
*** FLOP *** [Th Ac As]
canon562105: checks 
Kristo 914: checks 
The_Jubbster: bets $3
canon562105: folds 
Kristo 914: folds 
Uncalled bet ($3) returned to The_Jubbster
The_Jubbster collected $8.55 from pot
The_Jubbster: doesn't show hand 
*** SUMMARY ***
Total pot $9 | Rake $0.45 
Board [Th Ac As]
Seat 1: I TAKE IT 85 folded before Flop (didn't bet)
Seat 2: The_Jubbster collected ($8.55)
Seat 3: GuigaMan folded before Flop (didn't bet)
Seat 4: xcinaz (button) folded before Flop (didn't bet)
Seat 5: canon562105 (small blind) folded on the Flop
Seat 6: Kristo 914 (big blind) folded on the Flop



PokerStars Hand #254458312042:  Hold'em No Limit ($0.50/$1.00 USD) - 2025/01/19 23:11:22 WET [2025/01/19 18:11:22 ET]
Table 'Adrastea III' 6-max Seat #5 is the button
Seat 1: I TAKE IT 85 ($105.67 in chips) 
Seat 2: The_Jubbster ($174.84 in chips) 
Seat 3: GuigaMan ($125.89 in chips) 
Seat 4: xcinaz ($116.84 in chips) 
Seat 5: canon562105 ($69.58 in chips) 
Seat 6: Kristo 914 ($100.81 in chips) 
Kristo 914: posts small blind $0.50
I TAKE IT 85: posts big blind $1
*** HOLE CARDS ***
The_Jubbster: folds 
GuigaMan: folds 
xcinaz: raises $1.20 to $2.20
canon562105: raises $1.20 to $3.40
Kristo 914: folds 
I TAKE IT 85: raises $8.60 to $12
xcinaz: folds 
canon562105: raises $8.60 to $20.60
I TAKE IT 85: calls $8.60
*** FLOP *** [Qh 6d Jh]
I TAKE IT 85: checks 
canon562105: bets $9
I TAKE IT 85: folds 
Uncalled bet ($9) returned to canon562105
canon562105 collected $41.70 from pot
canon562105: doesn't show hand 
*** SUMMARY ***
Total pot $43.90 | Rake $2.20 
Board [Qh 6d Jh]
Seat 1: I TAKE IT 85 (big blind) folded on the Flop
Seat 2: The_Jubbster folded before Flop (didn't bet)
Seat 3: GuigaMan folded before Flop (didn't bet)
Seat 4: xcinaz folded before Flop
Seat 5: canon562105 (button) collected ($41.70)
Seat 6: Kristo 914 (small blind) folded before Flop



PokerStars Hand #254458329126:  Hold'em No Limit ($0.50/$1.00 USD) - 2025/01/19 23:12:21 WET [2025/01/19 18:12:21 ET]
Table 'Adrastea III' 6-max Seat #6 is the button
Seat 1: I TAKE IT 85 ($100 in chips) 
Seat 2: The_Jubbster ($174.84 in chips) 
Seat 3: GuigaMan ($125.89 in chips) 
Seat 4: xcinaz ($114.64 in chips) 
Seat 5: canon562105 ($90.68 in chips) 
Seat 6: Kristo 914 ($100.31 in chips) 
I TAKE IT 85: posts small blind $0.50
The_Jubbster: posts big blind $1
*** HOLE CARDS ***
GuigaMan: folds 
xcinaz: folds 
canon562105: raises $1 to $2
Kristo 914: folds 
I TAKE IT 85: folds 
The_Jubbster: calls $1
*** FLOP *** [5s 8d 5d]
The_Jubbster: checks 
canon562105: checks 
*** TURN *** [5s 8d 5d] [7h]
The_Jubbster: bets $4.28
canon562105: calls $4.28
*** RIVER *** [5s 8d 5d 7h] [Qc]
The_Jubbster: checks 
canon562105: checks 
*** SHOW DOWN ***
The_Jubbster: shows [Ts 9s] (a pair of Fives)
canon562105: shows [9h Kh] (a pair of Fives - King kicker)
canon562105 collected $12.41 from pot
*** SUMMARY ***
Total pot $13.06 | Rake $0.65 
Board [5s 8d 5d 7h Qc]
Seat 1: I TAKE IT 85 (small blind) folded before Flop
Seat 2: The_Jubbster (big blind) showed [Ts 9s] and lost with a pair of Fives
Seat 3: GuigaMan folded before Flop (didn't bet)
Seat 4: xcinaz folded before Flop (didn't bet)
Seat 5: canon562105 showed [9h Kh] and won ($12.41) with a pair of Fives
Seat 6: Kristo 914 (button) folded before Flop (didn't bet)



PokerStars Hand #254458340272:  Hold'em No Limit ($0.50/$1.00 USD) - 2025/01/19 23:13:01 WET [2025/01/19 18:13:01 ET]
Table 'Adrastea III' 6-max Seat #1 is the button
Seat 1: I TAKE IT 85 ($100 in chips) 
Seat 2: The_Jubbster ($168.56 in chips) 
Seat 3: GuigaMan ($125.89 in chips) 
Seat 4: xcinaz ($114.64 in chips) 
Seat 5: canon562105 ($96.81 in chips) 
Seat 6: Kristo 914 ($100.31 in chips) 
The_Jubbster: posts small blind $0.50
GuigaMan: posts big blind $1
*** HOLE CARDS ***
xcinaz: folds 
canon562105: folds 
Kristo 914: folds 
I TAKE IT 85: raises $1.05 to $2.05
The_Jubbster: calls $1.55
GuigaMan: calls $1.05
*** FLOP *** [3h 3s 2d]
The_Jubbster: checks 
GuigaMan: checks 
I TAKE IT 85: bets $2.22
The_Jubbster: raises $7.78 to $10
GuigaMan: folds 
I TAKE IT 85: calls $7.78
*** TURN *** [3h 3s 2d] [2s]
The_Jubbster: bets $7
I TAKE IT 85: raises $19.42 to $26.42
The_Jubbster: folds 
Uncalled bet ($19.42) returned to I TAKE IT 85
I TAKE IT 85 collected $38.14 from pot
I TAKE IT 85: doesn't show hand 
*** SUMMARY ***
Total pot $40.15 | Rake $2.01 
Board [3h 3s 2d 2s]
Seat 1: I TAKE IT 85 (button) collected ($38.14)
Seat 2: The_Jubbster (small blind) folded on the Turn
Seat 3: GuigaMan (big blind) folded on the Flop
Seat 4: xcinaz folded before Flop (didn't bet)
Seat 5: canon562105 folded before Flop (didn't bet)
Seat 6: Kristo 914 folded before Flop (didn't bet)



PokerStars Hand #254458366284:  Hold'em No Limit ($0.50/$1.00 USD) - 2025/01/19 23:14:33 WET [2025/01/19 18:14:33 ET]
Table 'Adrastea III' 6-max Seat #2 is the button
Seat 1: I TAKE IT 85 ($119.09 in chips) 
Seat 2: The_Jubbster ($149.51 in chips) 
Seat 3: GuigaMan ($123.84 in chips) 
Seat 4: xcinaz ($114.64 in chips) 
Seat 5: canon562105 ($96.81 in chips) 
Seat 6: Kristo 914 ($100.31 in chips) 
GuigaMan: posts small blind $0.50
xcinaz: posts big blind $1
*** HOLE CARDS ***
canon562105: raises $1 to $2
Kristo 914: raises $4 to $6
I TAKE IT 85: folds 
The_Jubbster: raises $10 to $16
GuigaMan: folds 
xcinaz: folds 
canon562105: folds 
Kristo 914: folds 
Uncalled bet ($10) returned to The_Jubbster
The_Jubbster collected $15.50 from pot
The_Jubbster: doesn't show hand 
*** SUMMARY ***
Total pot $15.50 | Rake $0 
Seat 1: I TAKE IT 85 folded before Flop (didn't bet)
Seat 2: The_Jubbster (button) collected ($15.50)
Seat 3: GuigaMan (small blind) folded before Flop
Seat 4: xcinaz (big blind) folded before Flop
Seat 5: canon562105 folded before Flop
Seat 6: Kristo 914 folded before Flop



PokerStars Hand #254458379852:  Hold'em No Limit ($0.50/$1.00 USD) - 2025/01/19 23:15:20 WET [2025/01/19 18:15:20 ET]
Table 'Adrastea III' 6-max Seat #3 is the button
Seat 1: I TAKE IT 85 ($119.09 in chips) 
Seat 2: The_Jubbster ($159.01 in chips) 
Seat 3: GuigaMan ($123.34 in chips) 
Seat 4: xcinaz ($113.64 in chips) 
Seat 5: canon562105 ($94.81 in chips) 
Seat 6: Kristo 914 ($100 in chips) 
xcinaz: posts small blind $0.50
canon562105: posts big blind $1
*** HOLE CARDS ***
Kristo 914: raises $1.40 to $2.40
I TAKE IT 85: folds 
The_Jubbster: folds 
GuigaMan: folds 
xcinaz: folds 
canon562105: calls $1.40
*** FLOP *** [5s 9d 6c]
canon562105: checks 
Kristo 914: bets $2.57
canon562105: folds 
Uncalled bet ($2.57) returned to Kristo 914
Kristo 914 collected $5.04 from pot
Kristo 914: doesn't show hand 
*** SUMMARY ***
Total pot $5.30 | Rake $0.26 
Board [5s 9d 6c]
Seat 1: I TAKE IT 85 folded before Flop (didn't bet)
Seat 2: The_Jubbster folded before Flop (didn't bet)
Seat 3: GuigaMan (button) folded before Flop (didn't bet)
Seat 4: xcinaz (small blind) folded before Flop
Seat 5: canon562105 (big blind) folded on the Flop
Seat 6: Kristo 914 collected ($5.04)



PokerStars Hand #254458391412:  Hold'em No Limit ($0.50/$1.00 USD) - 2025/01/19 23:16:00 WET [2025/01/19 18:16:00 ET]
Table 'Adrastea III' 6-max Seat #4 is the button
Seat 1: I TAKE IT 85 ($119.09 in chips) 
Seat 2: The_Jubbster ($159.01 in chips) 
Seat 3: GuigaMan ($123.34 in chips) 
Seat 4: xcinaz ($113.14 in chips) 
Seat 5: canon562105 ($92.41 in chips) 
Seat 6: Kristo 914 ($102.64 in chips) 
canon562105: posts small blind $0.50
Kristo 914: posts big blind $1
*** HOLE CARDS ***
I TAKE IT 85: raises $1.05 to $2.05
The_Jubbster: raises $4.95 to $7
GuigaMan: folds 
xcinaz: folds 
canon562105: folds 
Kristo 914: folds 
I TAKE IT 85: calls $4.95
*** FLOP *** [3s Jh 4h]
I TAKE IT 85: checks 
The_Jubbster: bets $11
I TAKE IT 85: folds 
Uncalled bet ($11) returned to The_Jubbster
The_Jubbster collected $14.72 from pot
The_Jubbster: doesn't show hand 
*** SUMMARY ***
Total pot $15.50 | Rake $0.78 
Board [3s Jh 4h]
Seat 1: I TAKE IT 85 folded on the Flop
Seat 2: The_Jubbster collected ($14.72)
Seat 3: GuigaMan folded before Flop (didn't bet)
Seat 4: xcinaz (button) folded before Flop (didn't bet)
Seat 5: canon562105 (small blind) folded before Flop
Seat 6: Kristo 914 (big blind) folded before Flop



PokerStars Hand #254458405473:  Hold'em No Limit ($0.50/$1.00 USD) - 2025/01/19 23:16:48 WET [2025/01/19 18:16:48 ET]
Table 'Adrastea III' 6-max Seat #5 is the button
Seat 1: I TAKE IT 85 ($112.09 in chips) 
Seat 2: The_Jubbster ($166.73 in chips) 
Seat 3: GuigaMan ($123.34 in chips) 
Seat 4: xcinaz ($113.14 in chips) 
Seat 5: canon562105 ($91.91 in chips) 
Seat 6: Kristo 914 ($101.64 in chips) 
Kristo 914: posts small blind $0.50
I TAKE IT 85: posts big blind $1
*** HOLE CARDS ***
The_Jubbster: folds 
GuigaMan: raises $1.10 to $2.10
xcinaz: folds 
canon562105: folds 
Kristo 914: folds 
I TAKE IT 85: calls $1.10
*** FLOP *** [7s 7c Tc]
I TAKE IT 85: checks 
GuigaMan: checks 
*** TURN *** [7s 7c Tc] [Ts]
I TAKE IT 85: checks 
GuigaMan: checks 
*** RIVER *** [7s 7c Tc Ts] [4s]
I TAKE IT 85: checks 
GuigaMan: checks 
*** SHOW DOWN ***
I TAKE IT 85: shows [8h Kh] (two pair, Tens and Sevens)
GuigaMan: shows [Jh Kd] (two pair, Tens and Sevens)
I TAKE IT 85 collected $2.23 from pot
GuigaMan collected $2.23 from pot
*** SUMMARY ***
Total pot $4.70 | Rake $0.24 
Board [7s 7c Tc Ts 4s]
Seat 1: I TAKE IT 85 (big blind) showed [8h Kh] and won ($2.23) with two pair, Tens and Sevens
Seat 2: The_Jubbster folded before Flop (didn't bet)
Seat 3: GuigaMan showed [Jh Kd] and won ($2.23) with two pair, Tens and Sevens
Seat 4: xcinaz folded before Flop (didn't bet)
Seat 5: canon562105 (button) folded before Flop (didn't bet)
Seat 6: Kristo 914 (small blind) folded before Flop



PokerStars Hand #254458423940:  Hold'em No Limit ($0.50/$1.00 USD) - 2025/01/19 23:17:52 WET [2025/01/19 18:17:52 ET]
Table 'Adrastea III' 6-max Seat #6 is the button
Seat 5: canon562105 ($91.91 in chips) is sitting out
Seat 1: I TAKE IT 85 ($112.22 in chips) 
Seat 2: The_Jubbster ($166.73 in chips) 
Seat 3: GuigaMan ($123.47 in chips) 
Seat 4: xcinaz ($113.14 in chips) 
Seat 6: Kristo 914 ($101.14 in chips) 
I TAKE IT 85: posts small blind $0.50
The_Jubbster: posts big blind $1
*** HOLE CARDS ***
GuigaMan: folds 
xcinaz: folds 
Kristo 914: folds 
I TAKE IT 85: raises $2 to $3
The_Jubbster: folds 
Uncalled bet ($2) returned to I TAKE IT 85
I TAKE IT 85 collected $2 from pot
I TAKE IT 85: doesn't show hand 
*** SUMMARY ***
Total pot $2 | Rake $0 
Seat 5: canon562105
Seat 1: I TAKE IT 85 (small blind) collected ($2)
Seat 2: The_Jubbster (big blind) folded before Flop
Seat 3: GuigaMan folded before Flop (didn't bet)
Seat 4: xcinaz folded before Flop (didn't bet)
Seat 6: Kristo 914 (button) folded before Flop (didn't bet)



PokerStars Hand #254458430732:  Hold'em No Limit ($0.50/$1.00 USD) - 2025/01/19 23:18:15 WET [2025/01/19 18:18:15 ET]
Table 'Adrastea III' 6-max Seat #1 is the button
Seat 1: I TAKE IT 85 ($113.22 in chips) 
Seat 2: The_Jubbster ($165.73 in chips) 
Seat 3: GuigaMan ($123.47 in chips) 
Seat 4: xcinaz ($113.14 in chips) 
Seat 5: canon562105 ($91.91 in chips) 
Seat 6: Kristo 914 ($101.14 in chips) 
The_Jubbster: posts small blind $0.50
GuigaMan: posts big blind $1
*** HOLE CARDS ***
xcinaz: folds 
canon562105: raises $1 to $2
Kristo 914: folds 
I TAKE IT 85: folds 
The_Jubbster: folds 
GuigaMan: folds 
Uncalled bet ($1) returned to canon562105
canon562105 collected $2.50 from pot
canon562105: doesn't show hand 
*** SUMMARY ***
Total pot $2.50 | Rake $0 
Seat 1: I TAKE IT 85 (button) folded before Flop (didn't bet)
Seat 2: The_Jubbster (small blind) folded before Flop
Seat 3: GuigaMan (big blind) folded before Flop
Seat 4: xcinaz folded before Flop (didn't bet)
Seat 5: canon562105 collected ($2.50)
Seat 6: Kristo 914 folded before Flop (didn't bet)



PokerStars Hand #254458439337:  Hold'em No Limit ($0.50/$1.00 USD) - 2025/01/19 23:18:45 WET [2025/01/19 18:18:45 ET]
Table 'Adrastea III' 6-max Seat #2 is the button
Seat 1: I TAKE IT 85 ($113.22 in chips) 
Seat 2: The_Jubbster ($165.23 in chips) 
Seat 3: GuigaMan ($122.47 in chips) 
Seat 4: xcinaz ($113.14 in chips) 
Seat 5: canon562105 ($93.41 in chips) 
Seat 6: Kristo 914 ($101.14 in chips) 
GuigaMan: posts small blind $0.50
xcinaz: posts big blind $1
*** HOLE CARDS ***
canon562105: folds 
Kristo 914: folds 
I TAKE IT 85: folds 
The_Jubbster: raises $2.50 to $3.50
GuigaMan: folds 
xcinaz: folds 
Uncalled bet ($2.50) returned to The_Jubbster
The_Jubbster collected $2.50 from pot
The_Jubbster: doesn't show hand 
*** SUMMARY ***
Total pot $2.50 | Rake $0 
Seat 1: I TAKE IT 85 folded before Flop (didn't bet)
Seat 2: The_Jubbster (button) collected ($2.50)
Seat 3: GuigaMan (small blind) folded before Flop
Seat 4: xcinaz (big blind) folded before Flop
Seat 5: canon562105 folded before Flop (didn't bet)
Seat 6: Kristo 914 folded before Flop (didn't bet)



PokerStars Hand #254458443986:  Hold'em No Limit ($0.50/$1.00 USD) - 2025/01/19 23:19:01 WET [2025/01/19 18:19:01 ET]
Table 'Adrastea III' 6-max Seat #3 is the button
Seat 1: I TAKE IT 85 ($113.22 in chips) 
Seat 2: The_Jubbster ($166.73 in chips) 
Seat 3: GuigaMan ($121.97 in chips) 
Seat 4: xcinaz ($112.14 in chips) 
Seat 5: canon562105 ($93.41 in chips) 
Seat 6: Kristo 914 ($101.14 in chips) 
xcinaz: posts small blind $0.50
canon562105: posts big blind $1
*** HOLE CARDS ***
Kristo 914: folds 
I TAKE IT 85: folds 
The_Jubbster: folds 
The_Jubbster leaves the table
GuigaMan: raises $1.10 to $2.10
xcinaz: folds 
canon562105: calls $1.10
*** FLOP *** [9h 7s 3s]
tintin641 joins the table at seat #2 
canon562105: checks 
GuigaMan: bets $2.41
canon562105: calls $2.41
*** TURN *** [9h 7s 3s] [3d]
canon562105: checks 
GuigaMan: bets $4.88
canon562105: calls $4.88
*** RIVER *** [9h 7s 3s 3d] [Ah]
canon562105: checks 
GuigaMan: checks 
*** SHOW DOWN ***
canon562105: shows [Ts Td] (two pair, Tens and Threes)
GuigaMan: mucks hand 
canon562105 collected $18.32 from pot
*** SUMMARY ***
Total pot $19.28 | Rake $0.96 
Board [9h 7s 3s 3d Ah]
Seat 1: I TAKE IT 85 folded before Flop (didn't bet)
Seat 2: The_Jubbster folded before Flop (didn't bet)
Seat 3: GuigaMan (button) mucked
Seat 4: xcinaz (small blind) folded before Flop
Seat 5: canon562105 (big blind) showed [Ts Td] and won ($18.32) with two pair, Tens and Threes
Seat 6: Kristo 914 folded before Flop (didn't bet)



PokerStars Hand #254458456485:  Hold'em No Limit ($0.50/$1.00 USD) - 2025/01/19 23:19:45 WET [2025/01/19 18:19:45 ET]
Table 'Adrastea III' 6-max Seat #4 is the button
Seat 2: tintin641 ($100 in chips) is sitting out
Seat 1: I TAKE IT 85 ($113.22 in chips) 
Seat 3: GuigaMan ($112.58 in chips) 
Seat 4: xcinaz ($111.64 in chips) 
Seat 5: canon562105 ($102.34 in chips) 
Seat 6: Kristo 914 ($101.14 in chips) 
canon562105: posts small blind $0.50
Kristo 914: posts big blind $1
tintin641: sits out 
*** HOLE CARDS ***
I TAKE IT 85: folds 
GuigaMan: raises $1.10 to $2.10
xcinaz: folds 
canon562105: calls $1.60
Kristo 914: folds 
*** FLOP *** [7d 3c 4h]
canon562105: checks 
GuigaMan: checks 
*** TURN *** [7d 3c 4h] [7s]
canon562105: checks 
GuigaMan: checks 
*** RIVER *** [7d 3c 4h 7s] [6h]
canon562105: checks 
GuigaMan: checks 
*** SHOW DOWN ***
canon562105: shows [9c Kh] (a pair of Sevens)
GuigaMan: shows [Jh As] (a pair of Sevens - Ace kicker)
GuigaMan collected $4.94 from pot
*** SUMMARY ***
Total pot $5.20 | Rake $0.26 
Board [7d 3c 4h 7s 6h]
Seat 2: tintin641
Seat 1: I TAKE IT 85 folded before Flop (didn't bet)
Seat 3: GuigaMan showed [Jh As] and won ($4.94) with a pair of Sevens
Seat 4: xcinaz (button) folded before Flop (didn't bet)
Seat 5: canon562105 (small blind) showed [9c Kh] and lost with a pair of Sevens
Seat 6: Kristo 914 (big blind) folded before Flop



PokerStars Hand #254458466278:  Hold'em No Limit ($0.50/$1.00 USD) - 2025/01/19 23:20:20 WET [2025/01/19 18:20:20 ET]
Table 'Adrastea III' 6-max Seat #5 is the button
Seat 2: tintin641 ($100 in chips) is sitting out
Seat 1: I TAKE IT 85 ($113.22 in chips) 
Seat 3: GuigaMan ($115.42 in chips) 
Seat 4: xcinaz ($111.64 in chips) 
Seat 5: canon562105 ($100.24 in chips) 
Seat 6: Kristo 914 ($100.14 in chips) 
Kristo 914: posts small blind $0.50
I TAKE IT 85: posts big blind $1
tintin641: sits out 
*** HOLE CARDS ***
GuigaMan: folds 
xcinaz: raises $1.20 to $2.20
canon562105: raises $1.20 to $3.40
Kristo 914: folds 
I TAKE IT 85: folds 
xcinaz: calls $1.20
*** FLOP *** [7d Ad 9s]
xcinaz: checks 
canon562105: checks 
*** TURN *** [7d Ad 9s] [Tc]
xcinaz: bets $6.70
canon562105: calls $6.70
*** RIVER *** [7d Ad 9s Tc] [9h]
xcinaz: bets $30.93
canon562105: folds 
Uncalled bet ($30.93) returned to xcinaz
xcinaz collected $20.62 from pot
xcinaz: doesn't show hand 
*** SUMMARY ***
Total pot $21.70 | Rake $1.08 
Board [7d Ad 9s Tc 9h]
Seat 2: tintin641
Seat 1: I TAKE IT 85 (big blind) folded before Flop
Seat 3: GuigaMan folded before Flop (didn't bet)
Seat 4: xcinaz collected ($20.62)
Seat 5: canon562105 (button) folded on the River
Seat 6: Kristo 914 (small blind) folded before Flop



PokerStars Hand #254458479954:  Hold'em No Limit ($0.50/$1.00 USD) - 2025/01/19 23:21:07 WET [2025/01/19 18:21:07 ET]
Table 'Adrastea III' 6-max Seat #6 is the button
Seat 1: I TAKE IT 85 ($112.22 in chips) 
Seat 2: tintin641 ($100 in chips) 
Seat 3: GuigaMan ($115.42 in chips) 
Seat 4: xcinaz ($122.16 in chips) 
Seat 5: canon562105 ($90.14 in chips) 
Seat 6: Kristo 914 ($100 in chips) 
I TAKE IT 85: posts small blind $0.50
tintin641: posts big blind $1
*** HOLE CARDS ***
GuigaMan: folds 
xcinaz: folds 
canon562105: folds 
Kristo 914: folds 
I TAKE IT 85: folds 
Uncalled bet ($0.50) returned to tintin641
tintin641 collected $1 from pot
tintin641: doesn't show hand 
*** SUMMARY ***
Total pot $1 | Rake $0 
Seat 1: I TAKE IT 85 (small blind) folded before Flop
Seat 2: tintin641 (big blind) collected ($1)
Seat 3: GuigaMan folded before Flop (didn't bet)
Seat 4: xcinaz folded before Flop (didn't bet)
Seat 5: canon562105 folded before Flop (didn't bet)
Seat 6: Kristo 914 (button) folded before Flop (didn't bet)



PokerStars Hand #254458486178:  Hold'em No Limit ($0.50/$1.00 USD) - 2025/01/19 23:21:28 WET [2025/01/19 18:21:28 ET]
Table 'Adrastea III' 6-max Seat #1 is the button
Seat 1: I TAKE IT 85 ($111.72 in chips) 
Seat 2: tintin641 ($100.50 in chips) 
Seat 3: GuigaMan ($115.42 in chips) 
Seat 4: xcinaz ($122.16 in chips) 
Seat 5: canon562105 ($90.14 in chips) 
Seat 6: Kristo 914 ($100 in chips) 
tintin641: posts small blind $0.50
GuigaMan: posts big blind $1
*** HOLE CARDS ***
xcinaz: folds 
canon562105: folds 
Kristo 914: folds 
I TAKE IT 85: raises $1.05 to $2.05
tintin641: folds 
GuigaMan: folds 
Uncalled bet ($1.05) returned to I TAKE IT 85
I TAKE IT 85 collected $2.50 from pot
I TAKE IT 85: doesn't show hand 
*** SUMMARY ***
Total pot $2.50 | Rake $0 
Seat 1: I TAKE IT 85 (button) collected ($2.50)
Seat 2: tintin641 (small blind) folded before Flop
Seat 3: GuigaMan (big blind) folded before Flop
Seat 4: xcinaz folded before Flop (didn't bet)
Seat 5: canon562105 folded before Flop (didn't bet)
Seat 6: Kristo 914 folded before Flop (didn't bet)



PokerStars Hand #254458491171:  Hold'em No Limit ($0.50/$1.00 USD) - 2025/01/19 23:21:45 WET [2025/01/19 18:21:45 ET]
Table 'Adrastea III' 6-max Seat #2 is the button
Seat 1: I TAKE IT 85 ($113.22 in chips) 
Seat 2: tintin641 ($100 in chips) 
Seat 3: GuigaMan ($114.42 in chips) 
Seat 4: xcinaz ($122.16 in chips) 
Seat 5: canon562105 ($90.14 in chips) 
Seat 6: Kristo 914 ($100 in chips) 
GuigaMan: posts small blind $0.50
xcinaz: posts big blind $1
*** HOLE CARDS ***
canon562105: folds 
Kristo 914: folds 
I TAKE IT 85: folds 
tintin641: folds 
GuigaMan: folds 
Uncalled bet ($0.50) returned to xcinaz
xcinaz collected $1 from pot
xcinaz: doesn't show hand 
*** SUMMARY ***
Total pot $1 | Rake $0 
Seat 1: I TAKE IT 85 folded before Flop (didn't bet)
Seat 2: tintin641 (button) folded before Flop (didn't bet)
Seat 3: GuigaMan (small blind) folded before Flop
Seat 4: xcinaz (big blind) collected ($1)
Seat 5: canon562105 folded before Flop (didn't bet)
Seat 6: Kristo 914 folded before Flop (didn't bet)



PokerStars Hand #254458495530:  Hold'em No Limit ($0.50/$1.00 USD) - 2025/01/19 23:22:02 WET [2025/01/19 18:22:02 ET]
Table 'Adrastea III' 6-max Seat #3 is the button
Seat 1: I TAKE IT 85 ($113.22 in chips) 
Seat 2: tintin641 ($100 in chips) 
Seat 3: GuigaMan ($113.92 in chips) 
Seat 4: xcinaz ($122.66 in chips) 
Seat 5: canon562105 ($90.14 in chips) 
Seat 6: Kristo 914 ($100 in chips) 
xcinaz: posts small blind $0.50
canon562105: posts big blind $1
*** HOLE CARDS ***
Kristo 914: raises $1.40 to $2.40
I TAKE IT 85: folds 
tintin641: folds 
GuigaMan: folds 
xcinaz: folds 
canon562105: calls $1.40
*** FLOP *** [Ah 3c 8s]
canon562105: checks 
Kristo 914: bets $1.46
canon562105: folds 
Uncalled bet ($1.46) returned to Kristo 914
Kristo 914 collected $5.04 from pot
Kristo 914: doesn't show hand 
*** SUMMARY ***
Total pot $5.30 | Rake $0.26 
Board [Ah 3c 8s]
Seat 1: I TAKE IT 85 folded before Flop (didn't bet)
Seat 2: tintin641 folded before Flop (didn't bet)
Seat 3: GuigaMan (button) folded before Flop (didn't bet)
Seat 4: xcinaz (small blind) folded before Flop
Seat 5: canon562105 (big blind) folded on the Flop
Seat 6: Kristo 914 collected ($5.04)



PokerStars Hand #254458508471:  Hold'em No Limit ($0.50/$1.00 USD) - 2025/01/19 23:22:46 WET [2025/01/19 18:22:46 ET]
Table 'Adrastea III' 6-max Seat #4 is the button
Seat 1: I TAKE IT 85 ($113.22 in chips) 
Seat 2: tintin641 ($100 in chips) 
Seat 3: GuigaMan ($113.92 in chips) 
Seat 4: xcinaz ($122.16 in chips) 
Seat 5: canon562105 ($87.74 in chips) 
Seat 6: Kristo 914 ($102.64 in chips) 
canon562105: posts small blind $0.50
Kristo 914: posts big blind $1
*** HOLE CARDS ***
I TAKE IT 85: folds 
tintin641: folds 
GuigaMan: folds 
xcinaz: folds 
canon562105: raises $1 to $2
Kristo 914: calls $1
*** FLOP *** [4h 3h 2d]
canon562105: checks 
Kristo 914: checks 
*** TURN *** [4h 3h 2d] [5d]
canon562105: checks 
Kristo 914: checks 
*** RIVER *** [4h 3h 2d 5d] [3d]
canon562105: bets $4
Kristo 914: folds 
Uncalled bet ($4) returned to canon562105
canon562105 collected $3.80 from pot
canon562105: doesn't show hand 
*** SUMMARY ***
Total pot $4 | Rake $0.20 
Board [4h 3h 2d 5d 3d]
Seat 1: I TAKE IT 85 folded before Flop (didn't bet)
Seat 2: tintin641 folded before Flop (didn't bet)
Seat 3: GuigaMan folded before Flop (didn't bet)
Seat 4: xcinaz (button) folded before Flop (didn't bet)
Seat 5: canon562105 (small blind) collected ($3.80)
Seat 6: Kristo 914 (big blind) folded on the River



PokerStars Hand #254458523613:  Hold'em No Limit ($0.50/$1.00 USD) - 2025/01/19 23:23:38 WET [2025/01/19 18:23:38 ET]
Table 'Adrastea III' 6-max Seat #5 is the button
Seat 1: I TAKE IT 85 ($113.22 in chips) 
Seat 2: tintin641 ($100 in chips) 
Seat 3: GuigaMan ($113.92 in chips) 
Seat 4: xcinaz ($122.16 in chips) 
Seat 5: canon562105 ($89.54 in chips) 
Seat 6: Kristo 914 ($100.64 in chips) 
Kristo 914: posts small blind $0.50
I TAKE IT 85: posts big blind $1
*** HOLE CARDS ***
tintin641: raises $1.50 to $2.50
GuigaMan: folds 
xcinaz: folds 
canon562105: folds 
Kristo 914: folds 
I TAKE IT 85: folds 
Uncalled bet ($1.50) returned to tintin641
tintin641 collected $2.50 from pot
tintin641: doesn't show hand 
*** SUMMARY ***
Total pot $2.50 | Rake $0 
Seat 1: I TAKE IT 85 (big blind) folded before Flop
Seat 2: tintin641 collected ($2.50)
Seat 3: GuigaMan folded before Flop (didn't bet)
Seat 4: xcinaz folded before Flop (didn't bet)
Seat 5: canon562105 (button) folded before Flop (didn't bet)
Seat 6: Kristo 914 (small blind) folded before Flop



PokerStars Hand #254458529486:  Hold'em No Limit ($0.50/$1.00 USD) - 2025/01/19 23:23:59 WET [2025/01/19 18:23:59 ET]
Table 'Adrastea III' 6-max Seat #6 is the button
Seat 1: I TAKE IT 85 ($112.22 in chips) 
Seat 2: tintin641 ($101.50 in chips) 
Seat 3: GuigaMan ($113.92 in chips) 
Seat 4: xcinaz ($122.16 in chips) 
Seat 5: canon562105 ($89.54 in chips) 
Seat 6: Kristo 914 ($100.14 in chips) 
I TAKE IT 85: posts small blind $0.50
tintin641: posts big blind $1
*** HOLE CARDS ***
GuigaMan: folds 
xcinaz: folds 
canon562105: raises $1 to $2
Kristo 914: folds 
I TAKE IT 85: folds 
tintin641: calls $1
*** FLOP *** [8c 3h Kd]
tintin641: checks 
canon562105: checks 
*** TURN *** [8c 3h Kd] [7h]
tintin641: checks 
canon562105: checks 
*** RIVER *** [8c 3h Kd 7h] [Tc]
tintin641: bets $6.42
canon562105: folds 
Uncalled bet ($6.42) returned to tintin641
tintin641 collected $4.28 from pot
tintin641: doesn't show hand 
*** SUMMARY ***
Total pot $4.50 | Rake $0.22 
Board [8c 3h Kd 7h Tc]
Seat 1: I TAKE IT 85 (small blind) folded before Flop
Seat 2: tintin641 (big blind) collected ($4.28)
Seat 3: GuigaMan folded before Flop (didn't bet)
Seat 4: xcinaz folded before Flop (didn't bet)
Seat 5: canon562105 folded on the River
Seat 6: Kristo 914 (button) folded before Flop (didn't bet)



PokerStars Hand #254458544072:  Hold'em No Limit ($0.50/$1.00 USD) - 2025/01/19 23:24:49 WET [2025/01/19 18:24:49 ET]
Table 'Adrastea III' 6-max Seat #1 is the button
Seat 1: I TAKE IT 85 ($111.72 in chips) 
Seat 2: tintin641 ($103.78 in chips) 
Seat 3: GuigaMan ($113.92 in chips) 
Seat 4: xcinaz ($122.16 in chips) 
Seat 5: canon562105 ($87.54 in chips) 
Seat 6: Kristo 914 ($100.14 in chips) 
tintin641: posts small blind $0.50
GuigaMan: posts big blind $1
*** HOLE CARDS ***
xcinaz: folds 
canon562105: folds 
Kristo 914: folds 
I TAKE IT 85: raises $1.05 to $2.05
tintin641: folds 
GuigaMan: folds 
Uncalled bet ($1.05) returned to I TAKE IT 85
I TAKE IT 85 collected $2.50 from pot
I TAKE IT 85: doesn't show hand 
*** SUMMARY ***
Total pot $2.50 | Rake $0 
Seat 1: I TAKE IT 85 (button) collected ($2.50)
Seat 2: tintin641 (small blind) folded before Flop
Seat 3: GuigaMan (big blind) folded before Flop
Seat 4: xcinaz folded before Flop (didn't bet)
Seat 5: canon562105 folded before Flop (didn't bet)
Seat 6: Kristo 914 folded before Flop (didn't bet)



PokerStars Hand #254458549138:  Hold'em No Limit ($0.50/$1.00 USD) - 2025/01/19 23:25:07 WET [2025/01/19 18:25:07 ET]
Table 'Adrastea III' 6-max Seat #2 is the button
Seat 1: I TAKE IT 85 ($113.22 in chips) 
Seat 2: tintin641 ($103.28 in chips) 
Seat 3: GuigaMan ($112.92 in chips) 
Seat 4: xcinaz ($122.16 in chips) 
Seat 5: canon562105 ($87.54 in chips) 
Seat 6: Kristo 914 ($100.14 in chips) 
GuigaMan: posts small blind $0.50
xcinaz: posts big blind $1
*** HOLE CARDS ***
canon562105: folds 
Kristo 914: folds 
I TAKE IT 85: folds 
tintin641: folds 
GuigaMan: raises $2 to $3
xcinaz: calls $2
*** FLOP *** [3h 8h 3s]
GuigaMan: checks 
xcinaz: bets $1.43
GuigaMan: folds 
Uncalled bet ($1.43) returned to xcinaz
xcinaz collected $5.70 from pot
xcinaz: doesn't show hand 
*** SUMMARY ***
Total pot $6 | Rake $0.30 
Board [3h 8h 3s]
Seat 1: I TAKE IT 85 folded before Flop (didn't bet)
Seat 2: tintin641 (button) folded before Flop (didn't bet)
Seat 3: GuigaMan (small blind) folded on the Flop
Seat 4: xcinaz (big blind) collected ($5.70)
Seat 5: canon562105 folded before Flop (didn't bet)
Seat 6: Kristo 914 folded before Flop (didn't bet)



PokerStars Hand #254458562090:  Hold'em No Limit ($0.50/$1.00 USD) - 2025/01/19 23:25:51 WET [2025/01/19 18:25:51 ET]
Table 'Adrastea III' 6-max Seat #3 is the button
Seat 1: I TAKE IT 85 ($113.22 in chips) 
Seat 2: tintin641 ($103.28 in chips) 
Seat 3: GuigaMan ($109.92 in chips) 
Seat 4: xcinaz ($124.86 in chips) 
Seat 5: canon562105 ($87.54 in chips) 
Seat 6: Kristo 914 ($100.14 in chips) 
xcinaz: posts small blind $0.50
canon562105: posts big blind $1
*** HOLE CARDS ***
Kristo 914: folds 
I TAKE IT 85: folds 
tintin641: raises $1.50 to $2.50
GuigaMan: folds 
xcinaz: folds 
canon562105: calls $1.50
*** FLOP *** [8c Ac Js]
canon562105: bets $5
tintin641: raises $22.83 to $27.83
canon562105: folds 
Uncalled bet ($22.83) returned to tintin641
tintin641 collected $14.72 from pot
tintin641: doesn't show hand 
*** SUMMARY ***
Total pot $15.50 | Rake $0.78 
Board [8c Ac Js]
Seat 1: I TAKE IT 85 folded before Flop (didn't bet)
Seat 2: tintin641 collected ($14.72)
Seat 3: GuigaMan (button) folded before Flop (didn't bet)
Seat 4: xcinaz (small blind) folded before Flop
Seat 5: canon562105 (big blind) folded on the Flop
Seat 6: Kristo 914 folded before Flop (didn't bet)



PokerStars Hand #254458577809:  Hold'em No Limit ($0.50/$1.00 USD) - 2025/01/19 23:26:46 WET [2025/01/19 18:26:46 ET]
Table 'Adrastea III' 6-max Seat #4 is the button
Seat 1: I TAKE IT 85 ($113.22 in chips) 
Seat 2: tintin641 ($110.50 in chips) 
Seat 3: GuigaMan ($109.92 in chips) 
Seat 4: xcinaz ($124.36 in chips) 
Seat 5: canon562105 ($80.04 in chips) 
Seat 6: Kristo 914 ($100.14 in chips) 
canon562105: posts small blind $0.50
Kristo 914: posts big blind $1
*** HOLE CARDS ***
I TAKE IT 85: raises $1.05 to $2.05
tintin641: folds 
GuigaMan: folds 
xcinaz: folds 
canon562105: calls $1.55
Kristo 914: calls $1.05
*** FLOP *** [6h Qs 7d]
canon562105: bets $5
Kristo 914: calls $5
I TAKE IT 85: folds 
*** TURN *** [6h Qs 7d] [As]
canon562105: checks 
Kristo 914: bets $7.82
canon562105: calls $7.82
*** RIVER *** [6h Qs 7d As] [Jh]
canon562105: checks 
Kristo 914: bets $30.50
canon562105: folds 
Uncalled bet ($30.50) returned to Kristo 914
Kristo 914 collected $30.20 from pot
Kristo 914: doesn't show hand 
*** SUMMARY ***
Total pot $31.79 | Rake $1.59 
Board [6h Qs 7d As Jh]
Seat 1: I TAKE IT 85 folded on the Flop
Seat 2: tintin641 folded before Flop (didn't bet)
Seat 3: GuigaMan folded before Flop (didn't bet)
Seat 4: xcinaz (button) folded before Flop (didn't bet)
Seat 5: canon562105 (small blind) folded on the River
Seat 6: Kristo 914 (big blind) collected ($30.20)



