PokerStars Hand #254443242113:  Hold'em No Limit ($0.50/$1.00 USD) - 2025/01/19 4:58:49 WET [2025/01/18 23:58:49 ET]
Table 'Neufang III' 6-max Seat #1 is the button
Seat 2: JuninhoSu422 ($0 in chips) is sitting out
Seat 3: b2k-Snick ($135.61 in chips) is sitting out
Seat 1: uuzka ($106.27 in chips) 
Seat 4: rostickkin ($112.12 in chips) 
Seat 6: Supermegopro ($100 in chips) 
rostickkin: posts small blind $0.50
Supermegopro: posts big blind $1
*** HOLE CARDS ***
uuzka: raises $1.50 to $2.50
rostickkin: folds 
Supermegopro: calls $1.50
*** FLOP *** [Kc As 5h]
Supermegopro: checks 
uuzka: checks 
*** TURN *** [Kc As 5h] [5s]
Supermegopro: checks 
uuzka: checks 
*** RIVER *** [Kc As 5h 5s] [3h]
Supermegopro: checks 
uuzka: bets $1
Supermegopro: calls $1
*** SHOW DOWN ***
uuzka: shows [Js Ks] (two pair, Kings and Fives)
Supermegopro: mucks hand 
uuzka collected $7.12 from pot
*** SUMMARY ***
Total pot $7.50 | Rake $0.38 
Board [Kc As 5h 5s 3h]
Seat 2: JuninhoSu422
Seat 3: b2k-Snick
Seat 1: uuzka (button) showed [Js Ks] and won ($7.12) with two pair, Kings and Fives
Seat 4: rostickkin (small blind) folded before Flop
Seat 6: Supermegopro (big blind) mucked



PokerStars Hand #254443349637:  Hold'em No Limit ($0.50/$1.00 USD) - 2025/01/19 5:17:15 WET [2025/01/19 0:17:15 ET]
Table 'Neufang III' 6-max Seat #5 is the button
Seat 1: rostickkin ($111.62 in chips) 
Seat 5: franbasualdo10 ($27 in chips) 
Seat 6: Supermegopro ($100 in chips) 
Supermegopro: posts small blind $0.50
rostickkin: posts big blind $1
*** HOLE CARDS ***
franbasualdo10: raises $1 to $2
Supermegopro: folds 
rostickkin: calls $1
*** FLOP *** [Qc Kd 4h]
rostickkin: checks 
franbasualdo10: bets $1
Pon4uk.ua joins the table at seat #3 
rostickkin: raises $4.77 to $5.77
franbasualdo10: folds 
Uncalled bet ($4.77) returned to rostickkin
rostickkin collected $6.18 from pot
rostickkin: doesn't show hand 
*** SUMMARY ***
Total pot $6.50 | Rake $0.32 
Board [Qc Kd 4h]
Seat 1: rostickkin (big blind) collected ($6.18)
Seat 5: franbasualdo10 (button) folded on the Flop
Seat 6: Supermegopro (small blind) folded before Flop



PokerStars Hand #254443351775:  Hold'em No Limit ($0.50/$1.00 USD) - 2025/01/19 5:17:37 WET [2025/01/19 0:17:37 ET]
Table 'Neufang III' 6-max Seat #6 is the button
Seat 1: rostickkin ($114.80 in chips) 
Seat 3: Pon4uk.ua ($100 in chips) 
Seat 5: franbasualdo10 ($24 in chips) 
Seat 6: Supermegopro ($100 in chips) 
rostickkin: posts small blind $0.50
Pon4uk.ua: posts big blind $1
*** HOLE CARDS ***
franbasualdo10: folds 
Supermegopro: raises $1.50 to $2.50
rostickkin: folds 
Pon4uk.ua: folds 
Uncalled bet ($1.50) returned to Supermegopro
Supermegopro collected $2.50 from pot
Supermegopro: doesn't show hand 
*** SUMMARY ***
Total pot $2.50 | Rake $0 
Seat 1: rostickkin (small blind) folded before Flop
Seat 3: Pon4uk.ua (big blind) folded before Flop
Seat 5: franbasualdo10 folded before Flop (didn't bet)
Seat 6: Supermegopro (button) collected ($2.50)



PokerStars Hand #254443354001:  Hold'em No Limit ($0.50/$1.00 USD) - 2025/01/19 5:18:00 WET [2025/01/19 0:18:00 ET]
Table 'Neufang III' 6-max Seat #1 is the button
Seat 1: rostickkin ($114.30 in chips) 
Seat 3: Pon4uk.ua ($100 in chips) 
Seat 5: franbasualdo10 ($24 in chips) 
Seat 6: Supermegopro ($101.50 in chips) 
Pon4uk.ua: posts small blind $0.50
franbasualdo10: posts big blind $1
*** HOLE CARDS ***
Supermegopro: raises $1.50 to $2.50
rostickkin: folds 
Pon4uk.ua: folds 
franbasualdo10: calls $1.50
*** FLOP *** [Qh 5d 8h]
franbasualdo10: checks 
Supermegopro: checks 
*** TURN *** [Qh 5d 8h] [5h]
franbasualdo10: checks 
Supermegopro: checks 
*** RIVER *** [Qh 5d 8h 5h] [7c]
franbasualdo10: bets $3
Supermegopro: folds 
Uncalled bet ($3) returned to franbasualdo10
franbasualdo10 collected $5.22 from pot
*** SUMMARY ***
Total pot $5.50 | Rake $0.28 
Board [Qh 5d 8h 5h 7c]
Seat 1: rostickkin (button) folded before Flop (didn't bet)
Seat 3: Pon4uk.ua (small blind) folded before Flop
Seat 5: franbasualdo10 (big blind) collected ($5.22)
Seat 6: Supermegopro folded on the River



PokerStars Hand #254443359533:  Hold'em No Limit ($0.50/$1.00 USD) - 2025/01/19 5:18:58 WET [2025/01/19 0:18:58 ET]
Table 'Neufang III' 6-max Seat #3 is the button
Seat 1: rostickkin ($114.30 in chips) 
Seat 3: Pon4uk.ua ($100 in chips) 
Seat 5: franbasualdo10 ($26.72 in chips) 
Seat 6: Supermegopro ($100 in chips) 
franbasualdo10: posts small blind $0.50
Supermegopro: posts big blind $1
*** HOLE CARDS ***
rostickkin: folds 
Pon4uk.ua: raises $1.50 to $2.50
franbasualdo10: folds 
Supermegopro: folds 
Uncalled bet ($1.50) returned to Pon4uk.ua
Pon4uk.ua collected $2.50 from pot
Pon4uk.ua: doesn't show hand 
*** SUMMARY ***
Total pot $2.50 | Rake $0 
Seat 1: rostickkin folded before Flop (didn't bet)
Seat 3: Pon4uk.ua (button) collected ($2.50)
Seat 5: franbasualdo10 (small blind) folded before Flop
Seat 6: Supermegopro (big blind) folded before Flop



PokerStars Hand #254443360514:  Hold'em No Limit ($0.50/$1.00 USD) - 2025/01/19 5:19:07 WET [2025/01/19 0:19:07 ET]
Table 'Neufang III' 6-max Seat #5 is the button
Seat 1: rostickkin ($114.30 in chips) is sitting out
Seat 3: Pon4uk.ua ($101.50 in chips) 
Seat 5: franbasualdo10 ($26.22 in chips) 
Seat 6: Supermegopro ($100 in chips) 
Supermegopro: posts small blind $0.50
rostickkin: is sitting out 
Pon4uk.ua: posts big blind $1
*** HOLE CARDS ***
franbasualdo10: calls $1
Supermegopro: raises $4 to $5
Pon4uk.ua: folds 
franbasualdo10: calls $4
*** FLOP *** [Tc 6c 4h]
Supermegopro: bets $5.97
franbasualdo10: raises $15.25 to $21.22 and is all-in
Supermegopro: calls $15.25
*** TURN *** [Tc 6c 4h] [9h]
*** RIVER *** [Tc 6c 4h 9h] [Td]
*** SHOW DOWN ***
Supermegopro: shows [Jd Jc] (two pair, Jacks and Tens)
franbasualdo10: shows [As Ts] (three of a kind, Tens)
franbasualdo10 collected $52.44 from pot
*** SUMMARY ***
Total pot $53.44 | Rake $1 
Board [Tc 6c 4h 9h Td]
Seat 1: rostickkin
Seat 3: Pon4uk.ua (big blind) folded before Flop
Seat 5: franbasualdo10 (button) showed [As Ts] and won ($52.44) with three of a kind, Tens
Seat 6: Supermegopro (small blind) showed [Jd Jc] and lost with two pair, Jacks and Tens



PokerStars Hand #254443363444:  Hold'em No Limit ($0.50/$1.00 USD) - 2025/01/19 5:19:37 WET [2025/01/19 0:19:37 ET]
Table 'Neufang III' 6-max Seat #6 is the button
Seat 1: rostickkin ($114.30 in chips) is sitting out
Seat 3: Pon4uk.ua ($100.50 in chips) 
Seat 5: franbasualdo10 ($52.44 in chips) 
Seat 6: Supermegopro ($100 in chips) 
Pon4uk.ua: posts small blind $0.50
franbasualdo10: posts big blind $1
*** HOLE CARDS ***
Supermegopro: folds 
Pon4uk.ua: folds 
Uncalled bet ($0.50) returned to franbasualdo10
franbasualdo10 collected $1 from pot
*** SUMMARY ***
Total pot $1 | Rake $0 
Seat 1: rostickkin
Seat 3: Pon4uk.ua (small blind) folded before Flop
Seat 5: franbasualdo10 (big blind) collected ($1)
Seat 6: Supermegopro (button) folded before Flop (didn't bet)



PokerStars Hand #254443364324:  Hold'em No Limit ($0.50/$1.00 USD) - 2025/01/19 5:19:46 WET [2025/01/19 0:19:46 ET]
Table 'Neufang III' 6-max Seat #3 is the button
Seat 1: rostickkin ($114.30 in chips) is sitting out
Seat 3: Pon4uk.ua ($100 in chips) 
Seat 5: franbasualdo10 ($52.94 in chips) 
Seat 6: Supermegopro ($100 in chips) 
franbasualdo10: posts small blind $0.50
Supermegopro: posts big blind $1
*** HOLE CARDS ***
Felipe$Andre joins the table at seat #2 
Pon4uk.ua: folds 
franbasualdo10: folds 
Uncalled bet ($0.50) returned to Supermegopro
Supermegopro collected $1 from pot
Supermegopro: doesn't show hand 
*** SUMMARY ***
Total pot $1 | Rake $0 
Seat 1: rostickkin
Seat 3: Pon4uk.ua (button) folded before Flop (didn't bet)
Seat 5: franbasualdo10 (small blind) folded before Flop
Seat 6: Supermegopro (big blind) collected ($1)



PokerStars Hand #254443164722:  Hold'em No Limit ($0.50/$1.00 USD) - 2025/01/19 4:45:48 WET [2025/01/18 23:45:48 ET]
Table 'Neufang III' 6-max Seat #3 is the button
Seat 2: Mo13656 ($10 in chips) 
Seat 3: B1GBankroll ($100 in chips) 
Seat 4: rostickkin ($100 in chips) 
rostickkin: posts small blind $0.50
Mo13656: posts big blind $1
*** HOLE CARDS ***
B1GBankroll: raises $1.50 to $2.50
Supermegopro joins the table at seat #5 
rostickkin: folds 
Mo13656: folds 
Uncalled bet ($1.50) returned to B1GBankroll
B1GBankroll collected $2.50 from pot
B1GBankroll: doesn't show hand 
*** SUMMARY ***
Total pot $2.50 | Rake $0 
Seat 2: Mo13656 (big blind) folded before Flop
Seat 3: B1GBankroll (button) collected ($2.50)
Seat 4: rostickkin (small blind) folded before Flop



PokerStars Hand #254443166511:  Hold'em No Limit ($0.50/$1.00 USD) - 2025/01/19 4:46:05 WET [2025/01/18 23:46:05 ET]
Table 'Neufang III' 6-max Seat #4 is the button
Seat 5: Supermegopro ($100 in chips) is sitting out
Seat 2: Mo13656 ($9 in chips) 
Seat 3: B1GBankroll ($101.50 in chips) 
Seat 4: rostickkin ($100 in chips) 
Mo13656: posts small blind $0.50
B1GBankroll: posts big blind $1
*** HOLE CARDS ***
Sadyhov V.V. joins the table at seat #6 
rostickkin: folds 
Mo13656: calls $0.50
B1GBankroll: raises $100.50 to $101.50 and is all-in
Mo13656: folds 
Uncalled bet ($100.50) returned to B1GBankroll
B1GBankroll collected $2 from pot
B1GBankroll: doesn't show hand 
*** SUMMARY ***
Total pot $2 | Rake $0 
Seat 5: Supermegopro
Seat 2: Mo13656 (small blind) folded before Flop
Seat 3: B1GBankroll (big blind) collected ($2)
Seat 4: rostickkin (button) folded before Flop (didn't bet)



PokerStars Hand #254443170244:  Hold'em No Limit ($0.50/$1.00 USD) - 2025/01/19 4:46:40 WET [2025/01/18 23:46:40 ET]
Table 'Neufang III' 6-max Seat #2 is the button
Seat 5: Supermegopro ($100 in chips) is sitting out
Seat 6: Sadyhov V.V. ($100 in chips) is sitting out
Seat 2: Mo13656 ($8 in chips) 
Seat 3: B1GBankroll ($102.50 in chips) 
Seat 4: rostickkin ($100 in chips) 
B1GBankroll: posts small blind $0.50
rostickkin: posts big blind $1
Supermegopro: sits out 
Sadyhov V.V.: sits out 
*** HOLE CARDS ***
Mo13656: raises $1 to $2
B1GBankroll: folds 
rostickkin: raises $7 to $9
Mo13656: calls $6 and is all-in
Uncalled bet ($1) returned to rostickkin
*** FLOP *** [Jd Qc 3h]
*** TURN *** [Jd Qc 3h] [2s]
*** RIVER *** [Jd Qc 3h 2s] [Qd]
*** SHOW DOWN ***
rostickkin: shows [Ad 9c] (a pair of Queens)
Mo13656: shows [Tc Td] (two pair, Queens and Tens)
Mo13656 cashed out the hand for $11.11 | Cash Out Fee $0.23
*** SUMMARY ***
Total pot $16.50 | Rake $0.82 
Board [Jd Qc 3h 2s Qd]
Seat 5: Supermegopro
Seat 6: Sadyhov V.V.
Seat 2: Mo13656 (button) showed [Tc Td] and won ($15.68) with two pair, Queens and Tens (pot not awarded as player cashed out)
Seat 3: B1GBankroll (small blind) folded before Flop
Seat 4: rostickkin (big blind) showed [Ad 9c] and lost with a pair of Queens



PokerStars Hand #254443172728:  Hold'em No Limit ($0.50/$1.00 USD) - 2025/01/19 4:47:03 WET [2025/01/18 23:47:03 ET]
Table 'Neufang III' 6-max Seat #3 is the button
Seat 6: Sadyhov V.V. ($100 in chips) is sitting out
Seat 3: B1GBankroll ($102 in chips) 
Seat 4: rostickkin ($100 in chips) 
Seat 5: Supermegopro ($100 in chips) 
rostickkin: posts small blind $0.50
Supermegopro: posts big blind $1
Sadyhov V.V.: sits out 
*** HOLE CARDS ***
B1GBankroll: folds 
Sadyhov V.V. leaves the table
rostickkin: folds 
Uncalled bet ($0.50) returned to Supermegopro
Supermegopro collected $1 from pot
Supermegopro: doesn't show hand 
*** SUMMARY ***
Total pot $1 | Rake $0 
Seat 6: Sadyhov V.V.
Seat 3: B1GBankroll (button) folded before Flop (didn't bet)
Seat 4: rostickkin (small blind) folded before Flop
Seat 5: Supermegopro (big blind) collected ($1)



PokerStars Hand #254443174087:  Hold'em No Limit ($0.50/$1.00 USD) - 2025/01/19 4:47:17 WET [2025/01/18 23:47:17 ET]
Table 'Neufang III' 6-max Seat #5 is the button
Seat 3: B1GBankroll ($102 in chips) is sitting out
Seat 4: rostickkin ($100 in chips) 
Seat 5: Supermegopro ($100.50 in chips) 
Supermegopro: posts small blind $0.50
B1GBankroll: is sitting out 
rostickkin: posts big blind $1
*** HOLE CARDS ***
B1GBankroll leaves the table
Supermegopro: raises $1.50 to $2.50
rostickkin: folds 
Uncalled bet ($1.50) returned to Supermegopro
Supermegopro collected $2 from pot
Supermegopro: doesn't show hand 
*** SUMMARY ***
Total pot $2 | Rake $0 
Seat 3: B1GBankroll
Seat 4: rostickkin (big blind) folded before Flop
Seat 5: Supermegopro (button) (small blind) collected ($2)



PokerStars Hand #254443175212:  Hold'em No Limit ($0.50/$1.00 USD) - 2025/01/19 4:47:27 WET [2025/01/18 23:47:27 ET]
Table 'Neufang III' 6-max Seat #4 is the button
Seat 4: rostickkin ($100 in chips) 
Seat 5: Supermegopro ($101.50 in chips) 
rostickkin: posts small blind $0.50
Supermegopro: posts big blind $1
*** HOLE CARDS ***
rostickkin: raises $2 to $3
Supermegopro: folds 
Uncalled bet ($2) returned to rostickkin
rostickkin collected $2 from pot
rostickkin: doesn't show hand 
Supermegopro leaves the table
*** SUMMARY ***
Total pot $2 | Rake $0 
Seat 4: rostickkin (button) (small blind) collected ($2)
Seat 5: Supermegopro (big blind) folded before Flop



PokerStars Hand #254443195810:  Hold'em No Limit ($0.50/$1.00 USD) - 2025/01/19 4:50:45 WET [2025/01/18 23:50:45 ET]
Table 'Neufang III' 6-max Seat #5 is the button
Seat 2: JuninhoSu422 ($50.57 in chips) 
Seat 3: An1an1 ($100 in chips) 
Seat 4: rostickkin ($101 in chips) 
Seat 5: B1GBankroll ($102 in chips) 
Seat 6: Supermegopro ($100.50 in chips) 
Supermegopro is connected 
Supermegopro: posts small blind $0.50
JuninhoSu422: posts big blind $1
*** HOLE CARDS ***
An1an1: folds 
rostickkin: folds 
B1GBankroll: folds 
Supermegopro: folds 
Uncalled bet ($0.50) returned to JuninhoSu422
JuninhoSu422 collected $1 from pot
*** SUMMARY ***
Total pot $1 | Rake $0 
Seat 2: JuninhoSu422 (big blind) collected ($1)
Seat 3: An1an1 folded before Flop (didn't bet)
Seat 4: rostickkin folded before Flop (didn't bet)
Seat 5: B1GBankroll (button) folded before Flop (didn't bet)
Seat 6: Supermegopro (small blind) folded before Flop



PokerStars Hand #254443198240:  Hold'em No Limit ($0.50/$1.00 USD) - 2025/01/19 4:51:09 WET [2025/01/18 23:51:09 ET]
Table 'Neufang III' 6-max Seat #6 is the button
Seat 2: JuninhoSu422 ($51.07 in chips) 
Seat 3: An1an1 ($100 in chips) 
Seat 4: rostickkin ($101 in chips) 
Seat 5: B1GBankroll ($102 in chips) 
Seat 6: Supermegopro ($100 in chips) 
JuninhoSu422: posts small blind $0.50
An1an1: posts big blind $1
*** HOLE CARDS ***
rostickkin: folds 
B1GBankroll: folds 
Supermegopro: folds 
JuninhoSu422: calls $0.50
An1an1: checks 
*** FLOP *** [Ks 6c 6h]
JuninhoSu422: checks 
An1an1: bets $1
JuninhoSu422: calls $1
*** TURN *** [Ks 6c 6h] [9c]
JuninhoSu422: checks 
An1an1: checks 
*** RIVER *** [Ks 6c 6h 9c] [8s]
JuninhoSu422: checks 
uuzka joins the table at seat #1 
An1an1: bets $1.90
JuninhoSu422: folds 
Uncalled bet ($1.90) returned to An1an1
An1an1 collected $3.80 from pot
An1an1: doesn't show hand 
*** SUMMARY ***
Total pot $4 | Rake $0.20 
Board [Ks 6c 6h 9c 8s]
Seat 2: JuninhoSu422 (small blind) folded on the River
Seat 3: An1an1 (big blind) collected ($3.80)
Seat 4: rostickkin folded before Flop (didn't bet)
Seat 5: B1GBankroll folded before Flop (didn't bet)
Seat 6: Supermegopro (button) folded before Flop (didn't bet)



PokerStars Hand #254443204690:  Hold'em No Limit ($0.50/$1.00 USD) - 2025/01/19 4:52:11 WET [2025/01/18 23:52:11 ET]
Table 'Neufang III' 6-max Seat #2 is the button
Seat 1: uuzka ($100 in chips) is sitting out
Seat 2: JuninhoSu422 ($49.07 in chips) 
Seat 3: An1an1 ($101.80 in chips) 
Seat 4: rostickkin ($101 in chips) 
Seat 5: B1GBankroll ($102 in chips) 
Seat 6: Supermegopro ($100 in chips) 
An1an1: posts small blind $0.50
rostickkin: posts big blind $1
uuzka: sits out 
*** HOLE CARDS ***
B1GBankroll: folds 
Supermegopro: folds 
JuninhoSu422: folds 
An1an1: raises $1.50 to $2.50
rostickkin: calls $1.50
*** FLOP *** [Jh 4d 3d]
An1an1: checks 
rostickkin: checks 
*** TURN *** [Jh 4d 3d] [5s]
An1an1: bets $3.17
rostickkin: folds 
Uncalled bet ($3.17) returned to An1an1
An1an1 collected $4.75 from pot
An1an1: doesn't show hand 
*** SUMMARY ***
Total pot $5 | Rake $0.25 
Board [Jh 4d 3d 5s]
Seat 1: uuzka
Seat 2: JuninhoSu422 (button) folded before Flop (didn't bet)
Seat 3: An1an1 (small blind) collected ($4.75)
Seat 4: rostickkin (big blind) folded on the Turn
Seat 5: B1GBankroll folded before Flop (didn't bet)
Seat 6: Supermegopro folded before Flop (didn't bet)



PokerStars Hand #254443208067:  Hold'em No Limit ($0.50/$1.00 USD) - 2025/01/19 4:52:43 WET [2025/01/18 23:52:43 ET]
Table 'Neufang III' 6-max Seat #3 is the button
Seat 1: uuzka ($100 in chips) is sitting out
Seat 2: JuninhoSu422 ($49.07 in chips) 
Seat 3: An1an1 ($104.05 in chips) 
Seat 4: rostickkin ($100 in chips) 
Seat 5: B1GBankroll ($102 in chips) 
Seat 6: Supermegopro ($100 in chips) 
rostickkin: posts small blind $0.50
B1GBankroll: posts big blind $1
uuzka: sits out 
*** HOLE CARDS ***
Supermegopro is disconnected 
Supermegopro has timed out while disconnected
Supermegopro: folds 
JuninhoSu422: raises $1 to $2
An1an1: raises $3.50 to $5.50
rostickkin: raises $10 to $15.50
B1GBankroll: folds 
JuninhoSu422: folds 
An1an1: folds 
Uncalled bet ($10) returned to rostickkin
rostickkin collected $14 from pot
rostickkin: doesn't show hand 
*** SUMMARY ***
Total pot $14 | Rake $0 
Seat 1: uuzka
Seat 2: JuninhoSu422 folded before Flop
Seat 3: An1an1 (button) folded before Flop
Seat 4: rostickkin (small blind) collected ($14)
Seat 5: B1GBankroll (big blind) folded before Flop
Seat 6: Supermegopro folded before Flop (didn't bet)



PokerStars Hand #254443211723:  Hold'em No Limit ($0.50/$1.00 USD) - 2025/01/19 4:53:19 WET [2025/01/18 23:53:19 ET]
Table 'Neufang III' 6-max Seat #4 is the button
Seat 1: uuzka ($100 in chips) is sitting out
Seat 2: JuninhoSu422 ($47.07 in chips) 
Seat 3: An1an1 ($100 in chips) 
Seat 4: rostickkin ($108.50 in chips) 
Seat 5: B1GBankroll ($101 in chips) 
Seat 6: Supermegopro ($100 in chips) 
B1GBankroll: posts small blind $0.50
Supermegopro: posts big blind $1
uuzka: sits out 
*** HOLE CARDS ***
JuninhoSu422: raises $2 to $3
An1an1: folds 
rostickkin: folds 
B1GBankroll: folds 
Supermegopro: calls $2
*** FLOP *** [5h 9h 3h]
Supermegopro: checks 
JuninhoSu422: bets $6.18
Supermegopro: raises $90.82 to $97 and is all-in
JuninhoSu422: folds 
Uncalled bet ($90.82) returned to Supermegopro
Supermegopro collected $17.92 from pot
Supermegopro: doesn't show hand 
*** SUMMARY ***
Total pot $18.86 | Rake $0.94 
Board [5h 9h 3h]
Seat 1: uuzka
Seat 2: JuninhoSu422 folded on the Flop
Seat 3: An1an1 folded before Flop (didn't bet)
Seat 4: rostickkin (button) folded before Flop (didn't bet)
Seat 5: B1GBankroll (small blind) folded before Flop
Seat 6: Supermegopro (big blind) collected ($17.92)



PokerStars Hand #254443214877:  Hold'em No Limit ($0.50/$1.00 USD) - 2025/01/19 4:53:50 WET [2025/01/18 23:53:50 ET]
Table 'Neufang III' 6-max Seat #5 is the button
Seat 1: uuzka ($100 in chips) 
Seat 2: JuninhoSu422 ($37.89 in chips) 
Seat 3: An1an1 ($100 in chips) 
Seat 4: rostickkin ($108.50 in chips) 
Seat 5: B1GBankroll ($100.50 in chips) 
Seat 6: Supermegopro ($108.74 in chips) 
Supermegopro: posts small blind $0.50
uuzka: posts big blind $1
*** HOLE CARDS ***
JuninhoSu422: folds 
An1an1: folds 
rostickkin: folds 
B1GBankroll: folds 
Supermegopro: folds 
Uncalled bet ($0.50) returned to uuzka
uuzka collected $1 from pot
uuzka: doesn't show hand 
*** SUMMARY ***
Total pot $1 | Rake $0 
Seat 1: uuzka (big blind) collected ($1)
Seat 2: JuninhoSu422 folded before Flop (didn't bet)
Seat 3: An1an1 folded before Flop (didn't bet)
Seat 4: rostickkin folded before Flop (didn't bet)
Seat 5: B1GBankroll (button) folded before Flop (didn't bet)
Seat 6: Supermegopro (small blind) folded before Flop



PokerStars Hand #254443216059:  Hold'em No Limit ($0.50/$1.00 USD) - 2025/01/19 4:54:02 WET [2025/01/18 23:54:02 ET]
Table 'Neufang III' 6-max Seat #6 is the button
Seat 1: uuzka ($100.50 in chips) 
Seat 2: JuninhoSu422 ($37.89 in chips) 
Seat 3: An1an1 ($100 in chips) 
Seat 4: rostickkin ($108.50 in chips) 
Seat 5: B1GBankroll ($100.50 in chips) 
Seat 6: Supermegopro ($108.24 in chips) 
uuzka: posts small blind $0.50
JuninhoSu422: posts big blind $1
*** HOLE CARDS ***
An1an1: folds 
rostickkin: folds 
B1GBankroll: raises $1.50 to $2.50
An1an1 leaves the table
Supermegopro: folds 
b2k-Snick joins the table at seat #3 
uuzka: folds 
JuninhoSu422: calls $1.50
*** FLOP *** [7d 6s 4h]
JuninhoSu422: checks 
B1GBankroll: checks 
*** TURN *** [7d 6s 4h] [Th]
JuninhoSu422: checks 
B1GBankroll: checks 
*** RIVER *** [7d 6s 4h Th] [8s]
JuninhoSu422: checks 
B1GBankroll: bets $2.56
JuninhoSu422: folds 
Uncalled bet ($2.56) returned to B1GBankroll
B1GBankroll collected $5.22 from pot
B1GBankroll: doesn't show hand 
*** SUMMARY ***
Total pot $5.50 | Rake $0.28 
Board [7d 6s 4h Th 8s]
Seat 1: uuzka (small blind) folded before Flop
Seat 2: JuninhoSu422 (big blind) folded on the River
Seat 3: An1an1 folded before Flop (didn't bet)
Seat 4: rostickkin folded before Flop (didn't bet)
Seat 5: B1GBankroll collected ($5.22)
Seat 6: Supermegopro (button) folded before Flop (didn't bet)



PokerStars Hand #254443223690:  Hold'em No Limit ($0.50/$1.00 USD) - 2025/01/19 4:55:17 WET [2025/01/18 23:55:17 ET]
Table 'Neufang III' 6-max Seat #1 is the button
Seat 1: uuzka ($100 in chips) 
Seat 2: JuninhoSu422 ($35.39 in chips) 
Seat 3: b2k-Snick ($100 in chips) 
Seat 4: rostickkin ($108.50 in chips) 
Seat 5: B1GBankroll ($103.22 in chips) 
Seat 6: Supermegopro ($108.24 in chips) 
JuninhoSu422: posts small blind $0.50
b2k-Snick: posts big blind $1
*** HOLE CARDS ***
rostickkin: folds 
B1GBankroll: folds 
Supermegopro: folds 
uuzka: folds 
JuninhoSu422: calls $0.50
b2k-Snick: raises $3 to $4
JuninhoSu422: calls $3
*** FLOP *** [9c Tc 8s]
JuninhoSu422: checks 
b2k-Snick: bets $5
JuninhoSu422: raises $26.39 to $31.39 and is all-in
b2k-Snick: calls $26.39
*** TURN *** [9c Tc 8s] [9d]
*** RIVER *** [9c Tc 8s 9d] [Ac]
*** SHOW DOWN ***
JuninhoSu422: shows [2s Jh] (a pair of Nines)
b2k-Snick: shows [Kc 4c] (a flush, Ace high)
b2k-Snick collected $68.28 from pot
*** SUMMARY ***
Total pot $70.78 | Rake $2.50 
Board [9c Tc 8s 9d Ac]
Seat 1: uuzka (button) folded before Flop (didn't bet)
Seat 2: JuninhoSu422 (small blind) showed [2s Jh] and lost with a pair of Nines
Seat 3: b2k-Snick (big blind) showed [Kc 4c] and won ($68.28) with a flush, Ace high
Seat 4: rostickkin folded before Flop (didn't bet)
Seat 5: B1GBankroll folded before Flop (didn't bet)
Seat 6: Supermegopro folded before Flop (didn't bet)



PokerStars Hand #254443228616:  Hold'em No Limit ($0.50/$1.00 USD) - 2025/01/19 4:56:14 WET [2025/01/18 23:56:14 ET]
Table 'Neufang III' 6-max Seat #3 is the button
Seat 2: JuninhoSu422 ($0 in chips) is sitting out
Seat 1: uuzka ($100 in chips) 
Seat 3: b2k-Snick ($132.89 in chips) 
Seat 4: rostickkin ($108.50 in chips) 
Seat 5: B1GBankroll ($103.22 in chips) 
Seat 6: Supermegopro ($108.24 in chips) 
rostickkin: posts small blind $0.50
B1GBankroll: posts big blind $1
*** HOLE CARDS ***
Supermegopro: folds 
uuzka: folds 
b2k-Snick: raises $1.50 to $2.50
rostickkin: folds 
B1GBankroll: calls $1.50
*** FLOP *** [Tc Js Kh]
B1GBankroll: checks 
b2k-Snick: bets $2.87
B1GBankroll: folds 
Uncalled bet ($2.87) returned to b2k-Snick
b2k-Snick collected $5.22 from pot
b2k-Snick: doesn't show hand 
*** SUMMARY ***
Total pot $5.50 | Rake $0.28 
Board [Tc Js Kh]
Seat 2: JuninhoSu422
Seat 1: uuzka folded before Flop (didn't bet)
Seat 3: b2k-Snick (button) collected ($5.22)
Seat 4: rostickkin (small blind) folded before Flop
Seat 5: B1GBankroll (big blind) folded on the Flop
Seat 6: Supermegopro folded before Flop (didn't bet)



PokerStars Hand #254443231890:  Hold'em No Limit ($0.50/$1.00 USD) - 2025/01/19 4:56:51 WET [2025/01/18 23:56:51 ET]
Table 'Neufang III' 6-max Seat #4 is the button
Seat 2: JuninhoSu422 ($0 in chips) is sitting out
Seat 1: uuzka ($100 in chips) 
Seat 3: b2k-Snick ($135.61 in chips) 
Seat 4: rostickkin ($108 in chips) 
Seat 5: B1GBankroll ($100.72 in chips) 
Seat 6: Supermegopro ($108.24 in chips) 
B1GBankroll: posts small blind $0.50
Supermegopro: posts big blind $1
*** HOLE CARDS ***
uuzka: folds 
b2k-Snick: folds 
rostickkin: raises $1.50 to $2.50
B1GBankroll: folds 
Supermegopro: calls $1.50
*** FLOP *** [Qs Th 3s]
Supermegopro: checks 
rostickkin: bets $2.66
Supermegopro: calls $2.66
*** TURN *** [Qs Th 3s] [7s]
Supermegopro: checks 
rostickkin: checks 
*** RIVER *** [Qs Th 3s 7s] [Kh]
Supermegopro: checks 
rostickkin: bets $7.81
JuninhoSu422 is disconnected 
Supermegopro: folds 
Uncalled bet ($7.81) returned to rostickkin
rostickkin collected $10.28 from pot
rostickkin: doesn't show hand 
*** SUMMARY ***
Total pot $10.82 | Rake $0.54 
Board [Qs Th 3s 7s Kh]
Seat 2: JuninhoSu422
Seat 1: uuzka folded before Flop (didn't bet)
Seat 3: b2k-Snick folded before Flop (didn't bet)
Seat 4: rostickkin (button) collected ($10.28)
Seat 5: B1GBankroll (small blind) folded before Flop
Seat 6: Supermegopro (big blind) folded on the River



PokerStars Hand #254443236208:  Hold'em No Limit ($0.50/$1.00 USD) - 2025/01/19 4:57:40 WET [2025/01/18 23:57:40 ET]
Table 'Neufang III' 6-max Seat #5 is the button
Seat 2: JuninhoSu422 ($0 in chips) is sitting out
Seat 1: uuzka ($100 in chips) 
Seat 3: b2k-Snick ($135.61 in chips) 
Seat 4: rostickkin ($113.12 in chips) 
Seat 5: B1GBankroll ($100.22 in chips) 
Seat 6: Supermegopro ($103.08 in chips) 
Supermegopro: posts small blind $0.50
uuzka: posts big blind $1
*** HOLE CARDS ***
b2k-Snick: folds 
rostickkin: folds 
B1GBankroll: folds 
Supermegopro: raises $2 to $3
uuzka: calls $2
*** FLOP *** [9c 9d As]
Supermegopro: bets $2.85
uuzka: raises $7.14 to $9.99
Supermegopro: folds 
Uncalled bet ($7.14) returned to uuzka
uuzka collected $11.12 from pot
uuzka: doesn't show hand 
*** SUMMARY ***
Total pot $11.70 | Rake $0.58 
Board [9c 9d As]
Seat 2: JuninhoSu422
Seat 1: uuzka (big blind) collected ($11.12)
Seat 3: b2k-Snick folded before Flop (didn't bet)
Seat 4: rostickkin folded before Flop (didn't bet)
Seat 5: B1GBankroll (button) folded before Flop (didn't bet)
Seat 6: Supermegopro (small blind) folded on the Flop



PokerStars Hand #254443240754:  Hold'em No Limit ($0.50/$1.00 USD) - 2025/01/19 4:58:33 WET [2025/01/18 23:58:33 ET]
Table 'Neufang III' 6-max Seat #6 is the button
Seat 2: JuninhoSu422 ($0 in chips) is sitting out
Seat 3: b2k-Snick ($135.61 in chips) is sitting out
Seat 1: uuzka ($105.27 in chips) 
Seat 4: rostickkin ($113.12 in chips) 
Seat 5: B1GBankroll ($100.22 in chips) 
Seat 6: Supermegopro ($100 in chips) 
uuzka: posts small blind $0.50
b2k-Snick: is sitting out 
rostickkin: posts big blind $1
*** HOLE CARDS ***
B1GBankroll: folds 
B1GBankroll leaves the table
Supermegopro: folds 
uuzka: raises $1.77 to $2.77
rostickkin: folds 
Uncalled bet ($1.77) returned to uuzka
uuzka collected $2 from pot
uuzka: doesn't show hand 
*** SUMMARY ***
Total pot $2 | Rake $0 
Seat 2: JuninhoSu422
Seat 3: b2k-Snick
Seat 1: uuzka (small blind) collected ($2)
Seat 4: rostickkin (big blind) folded before Flop
Seat 5: B1GBankroll folded before Flop (didn't bet)
Seat 6: Supermegopro (button) folded before Flop (didn't bet)



PokerStars Hand #254443365544:  Hold'em No Limit ($0.50/$1.00 USD) - 2025/01/19 5:19:59 WET [2025/01/19 0:19:59 ET]
Table 'Neufang III' 6-max Seat #5 is the button
Seat 1: rostickkin ($114.30 in chips) is sitting out
Seat 2: Felipe$Andre ($100 in chips) 
Seat 3: Pon4uk.ua ($100 in chips) 
Seat 5: franbasualdo10 ($52.44 in chips) 
Seat 6: Supermegopro ($100.50 in chips) 
Supermegopro: posts small blind $0.50
Felipe$Andre: posts big blind $1
*** HOLE CARDS ***
Pon4uk.ua: folds 
franbasualdo10: calls $1
Supermegopro: folds 
rostickkin leaves the table
Felipe$Andre: raises $4 to $5
franbasualdo10: folds 
Uncalled bet ($4) returned to Felipe$Andre
Felipe$Andre collected $2.50 from pot
Felipe$Andre: doesn't show hand 
*** SUMMARY ***
Total pot $2.50 | Rake $0 
Seat 1: rostickkin
Seat 2: Felipe$Andre (big blind) collected ($2.50)
Seat 3: Pon4uk.ua folded before Flop (didn't bet)
Seat 5: franbasualdo10 (button) folded before Flop
Seat 6: Supermegopro (small blind) folded before Flop



PokerStars Hand #254443367354:  Hold'em No Limit ($0.50/$1.00 USD) - 2025/01/19 5:20:17 WET [2025/01/19 0:20:17 ET]
Table 'Neufang III' 6-max Seat #6 is the button
Seat 2: Felipe$Andre ($101.50 in chips) 
Seat 3: Pon4uk.ua ($100 in chips) 
Seat 5: franbasualdo10 ($51.44 in chips) 
Seat 6: Supermegopro ($100 in chips) 
Felipe$Andre: posts small blind $0.50
Pon4uk.ua: posts big blind $1
*** HOLE CARDS ***
franbasualdo10: folds 
Supermegopro: folds 
franbasualdo10 leaves the table
Felipe$Andre: folds 
Uncalled bet ($0.50) returned to Pon4uk.ua
Pon4uk.ua collected $1 from pot
Pon4uk.ua: doesn't show hand 
*** SUMMARY ***
Total pot $1 | Rake $0 
Seat 2: Felipe$Andre (small blind) folded before Flop
Seat 3: Pon4uk.ua (big blind) collected ($1)
Seat 5: franbasualdo10 folded before Flop (didn't bet)
Seat 6: Supermegopro (button) folded before Flop (didn't bet)



PokerStars Hand #254443368444:  Hold'em No Limit ($0.50/$1.00 USD) - 2025/01/19 5:20:29 WET [2025/01/19 0:20:29 ET]
Table 'Neufang III' 6-max Seat #2 is the button
Seat 2: Felipe$Andre ($101 in chips) 
Seat 3: Pon4uk.ua ($100.50 in chips) 
Seat 6: Supermegopro ($100 in chips) 
Pon4uk.ua: posts small blind $0.50
Supermegopro: posts big blind $1
*** HOLE CARDS ***
Felipe$Andre: folds 
Pon4uk.ua: raises $1.75 to $2.75
Supermegopro: calls $1.75
*** FLOP *** [Kd 9d Qc]
Pon4uk.ua: checks 
Supermegopro: checks 
*** TURN *** [Kd 9d Qc] [Kc]
Pon4uk.ua: checks 
Supermegopro: checks 
*** RIVER *** [Kd 9d Qc Kc] [Td]
Pon4uk.ua: checks 
Supermegopro: checks 
*** SHOW DOWN ***
Pon4uk.ua: shows [As 2s] (a pair of Kings)
Supermegopro: shows [4s Ad] (a pair of Kings)
Pon4uk.ua collected $2.61 from pot
Supermegopro collected $2.61 from pot
*** SUMMARY ***
Total pot $5.50 | Rake $0.28 
Board [Kd 9d Qc Kc Td]
Seat 2: Felipe$Andre (button) folded before Flop (didn't bet)
Seat 3: Pon4uk.ua (small blind) showed [As 2s] and won ($2.61) with a pair of Kings
Seat 6: Supermegopro (big blind) showed [4s Ad] and won ($2.61) with a pair of Kings



PokerStars Hand #254443372576:  Hold'em No Limit ($0.50/$1.00 USD) - 2025/01/19 5:21:11 WET [2025/01/19 0:21:11 ET]
Table 'Neufang III' 6-max Seat #3 is the button
Seat 2: Felipe$Andre ($101 in chips) 
Seat 3: Pon4uk.ua ($100.36 in chips) 
Seat 6: Supermegopro ($100 in chips) 
Supermegopro: posts small blind $0.50
Felipe$Andre: posts big blind $1
*** HOLE CARDS ***
Pon4uk.ua: raises $1.50 to $2.50
Supermegopro: folds 
Felipe$Andre: folds 
Uncalled bet ($1.50) returned to Pon4uk.ua
Pon4uk.ua collected $2.50 from pot
Pon4uk.ua: doesn't show hand 
*** SUMMARY ***
Total pot $2.50 | Rake $0 
Seat 2: Felipe$Andre (big blind) folded before Flop
Seat 3: Pon4uk.ua (button) collected ($2.50)
Seat 6: Supermegopro (small blind) folded before Flop



PokerStars Hand #254443373402:  Hold'em No Limit ($0.50/$1.00 USD) - 2025/01/19 5:21:20 WET [2025/01/19 0:21:20 ET]
Table 'Neufang III' 6-max Seat #2 is the button
Seat 3: Pon4uk.ua ($101.86 in chips) is sitting out
Seat 2: Felipe$Andre ($100 in chips) 
Seat 6: Supermegopro ($100 in chips) 
Felipe$Andre: posts small blind $0.50
Pon4uk.ua: is sitting out 
Supermegopro: posts big blind $1
*** HOLE CARDS ***
Felipe$Andre: raises $1.50 to $2.50
Pon4uk.ua leaves the table
Supermegopro: folds 
Uncalled bet ($1.50) returned to Felipe$Andre
Felipe$Andre collected $2 from pot
Felipe$Andre: doesn't show hand 
*** SUMMARY ***
Total pot $2 | Rake $0 
Seat 3: Pon4uk.ua
Seat 2: Felipe$Andre (button) (small blind) collected ($2)
Seat 6: Supermegopro (big blind) folded before Flop



PokerStars Hand #254443395513:  Hold'em No Limit ($0.50/$1.00 USD) - 2025/01/19 5:25:13 WET [2025/01/19 0:25:13 ET]
Table 'Neufang III' 6-max Seat #3 is the button
Seat 2: CashfishT ($100 in chips) 
Seat 3: izzyfromthebloc ($24.06 in chips) 
Seat 6: franbasualdo10 ($51.44 in chips) 
franbasualdo10: posts small blind $0.50
CashfishT: posts big blind $1
*** HOLE CARDS ***
izzyfromthebloc: folds 
franbasualdo10: folds 
Uncalled bet ($0.50) returned to CashfishT
CashfishT collected $1 from pot
CashfishT: doesn't show hand 
*** SUMMARY ***
Total pot $1 | Rake $0 
Seat 2: CashfishT (big blind) collected ($1)
Seat 3: izzyfromthebloc (button) folded before Flop (didn't bet)
Seat 6: franbasualdo10 (small blind) folded before Flop



PokerStars Hand #254443396250:  Hold'em No Limit ($0.50/$1.00 USD) - 2025/01/19 5:25:21 WET [2025/01/19 0:25:21 ET]
Table 'Neufang III' 6-max Seat #6 is the button
Seat 2: CashfishT ($100.50 in chips) 
Seat 3: izzyfromthebloc ($24.06 in chips) 
Seat 6: franbasualdo10 ($50.94 in chips) 
CashfishT: posts small blind $0.50
izzyfromthebloc: posts big blind $1
*** HOLE CARDS ***
franbasualdo10: raises $1 to $2
CashfishT: folds 
izzyfromthebloc: calls $1
*** FLOP *** [Ts 3c 2d]
izzyfromthebloc: checks 
franbasualdo10: checks 
*** TURN *** [Ts 3c 2d] [4s]
izzyfromthebloc: bets $2
Felipe$Andre joins the table at seat #1 
franbasualdo10: folds 
Uncalled bet ($2) returned to izzyfromthebloc
izzyfromthebloc collected $4.28 from pot
*** SUMMARY ***
Total pot $4.50 | Rake $0.22 
Board [Ts 3c 2d 4s]
Seat 2: CashfishT (small blind) folded before Flop
Seat 3: izzyfromthebloc (big blind) collected ($4.28)
Seat 6: franbasualdo10 (button) folded on the Turn



PokerStars Hand #254443398026:  Hold'em No Limit ($0.50/$1.00 USD) - 2025/01/19 5:25:40 WET [2025/01/19 0:25:40 ET]
Table 'Neufang III' 6-max Seat #2 is the button
Seat 1: Felipe$Andre ($101 in chips) is sitting out
Seat 2: CashfishT ($100 in chips) 
Seat 3: izzyfromthebloc ($26.34 in chips) 
Seat 6: franbasualdo10 ($48.94 in chips) 
izzyfromthebloc: posts small blind $0.50
franbasualdo10: posts big blind $1
Felipe$Andre: sits out 
*** HOLE CARDS ***
CashfishT: raises $1.20 to $2.20
izzyfromthebloc: calls $1.70
franbasualdo10: folds 
*** FLOP *** [Qc 5s Qh]
izzyfromthebloc: checks 
CashfishT: bets $1.28
izzyfromthebloc: folds 
Uncalled bet ($1.28) returned to CashfishT
CashfishT collected $5.13 from pot
CashfishT: doesn't show hand 
*** SUMMARY ***
Total pot $5.40 | Rake $0.27 
Board [Qc 5s Qh]
Seat 1: Felipe$Andre
Seat 2: CashfishT (button) collected ($5.13)
Seat 3: izzyfromthebloc (small blind) folded on the Flop
Seat 6: franbasualdo10 (big blind) folded before Flop



PokerStars Hand #254443400202:  Hold'em No Limit ($0.50/$1.00 USD) - 2025/01/19 5:26:03 WET [2025/01/19 0:26:03 ET]
Table 'Neufang III' 6-max Seat #3 is the button
Seat 1: Felipe$Andre ($101 in chips) 
Seat 2: CashfishT ($102.93 in chips) 
Seat 3: izzyfromthebloc ($24.14 in chips) 
Seat 6: franbasualdo10 ($47.94 in chips) 
franbasualdo10: posts small blind $0.50
Felipe$Andre: posts big blind $1
*** HOLE CARDS ***
CashfishT: folds 
izzyfromthebloc: raises $1 to $2
franbasualdo10: folds 
Pon4uk.ua joins the table at seat #4 
Felipe$Andre: raises $5 to $7
joaquin612 joins the table at seat #5 
izzyfromthebloc: folds 
Uncalled bet ($5) returned to Felipe$Andre
Felipe$Andre collected $4.50 from pot
Felipe$Andre: doesn't show hand 
*** SUMMARY ***
Total pot $4.50 | Rake $0 
Seat 1: Felipe$Andre (big blind) collected ($4.50)
Seat 2: CashfishT folded before Flop (didn't bet)
Seat 3: izzyfromthebloc (button) folded before Flop
Seat 6: franbasualdo10 (small blind) folded before Flop



PokerStars Hand #254443403211:  Hold'em No Limit ($0.50/$1.00 USD) - 2025/01/19 5:26:35 WET [2025/01/19 0:26:35 ET]
Table 'Neufang III' 6-max Seat #6 is the button
Seat 4: Pon4uk.ua ($101.86 in chips) is sitting out
Seat 5: joaquin612 ($100 in chips) is sitting out
Seat 1: Felipe$Andre ($103.50 in chips) 
Seat 2: CashfishT ($102.93 in chips) 
Seat 3: izzyfromthebloc ($22.14 in chips) 
Seat 6: franbasualdo10 ($47.44 in chips) 
Felipe$Andre: posts small blind $0.50
CashfishT: posts big blind $1
Pon4uk.ua: sits out 
joaquin612: sits out 
*** HOLE CARDS ***
izzyfromthebloc: folds 
franbasualdo10: folds 
Felipe$Andre: raises $2 to $3
CashfishT: raises $7 to $10
Felipe$Andre: folds 
Uncalled bet ($7) returned to CashfishT
CashfishT collected $6 from pot
CashfishT: doesn't show hand 
*** SUMMARY ***
Total pot $6 | Rake $0 
Seat 4: Pon4uk.ua
Seat 5: joaquin612
Seat 1: Felipe$Andre (small blind) folded before Flop
Seat 2: CashfishT (big blind) collected ($6)
Seat 3: izzyfromthebloc folded before Flop (didn't bet)
Seat 6: franbasualdo10 (button) folded before Flop (didn't bet)



PokerStars Hand #254443405283:  Hold'em No Limit ($0.50/$1.00 USD) - 2025/01/19 5:26:58 WET [2025/01/19 0:26:58 ET]
Table 'Neufang III' 6-max Seat #1 is the button
Seat 4: Pon4uk.ua ($101.86 in chips) is sitting out
Seat 5: joaquin612 ($100 in chips) is sitting out
Seat 1: Felipe$Andre ($100.50 in chips) 
Seat 2: CashfishT ($105.93 in chips) 
Seat 3: izzyfromthebloc ($22.14 in chips) 
Seat 6: franbasualdo10 ($47.44 in chips) 
CashfishT: posts small blind $0.50
izzyfromthebloc: posts big blind $1
Pon4uk.ua: sits out 
joaquin612: sits out 
*** HOLE CARDS ***
franbasualdo10: folds 
Felipe$Andre: raises $1.50 to $2.50
CashfishT: folds 
izzyfromthebloc: calls $1.50
*** FLOP *** [9s 4h 9c]
izzyfromthebloc: checks 
Felipe$Andre: checks 
*** TURN *** [9s 4h 9c] [3c]
izzyfromthebloc: checks 
Felipe$Andre: checks 
*** RIVER *** [9s 4h 9c 3c] [8h]
izzyfromthebloc: bets $1
Felipe$Andre: calls $1
*** SHOW DOWN ***
izzyfromthebloc: shows [Qc 5d] (a pair of Nines)
Felipe$Andre: shows [5h As] (a pair of Nines - Ace kicker)
Felipe$Andre collected $7.12 from pot
*** SUMMARY ***
Total pot $7.50 | Rake $0.38 
Board [9s 4h 9c 3c 8h]
Seat 4: Pon4uk.ua
Seat 5: joaquin612
Seat 1: Felipe$Andre (button) showed [5h As] and won ($7.12) with a pair of Nines
Seat 2: CashfishT (small blind) folded before Flop
Seat 3: izzyfromthebloc (big blind) showed [Qc 5d] and lost with a pair of Nines
Seat 6: franbasualdo10 folded before Flop (didn't bet)



PokerStars Hand #254443408556:  Hold'em No Limit ($0.50/$1.00 USD) - 2025/01/19 5:27:34 WET [2025/01/19 0:27:34 ET]
Table 'Neufang III' 6-max Seat #2 is the button
Seat 5: joaquin612 ($100 in chips) is sitting out
Seat 1: Felipe$Andre ($104.12 in chips) 
Seat 2: CashfishT ($105.43 in chips) 
Seat 3: izzyfromthebloc ($18.64 in chips) 
Seat 4: Pon4uk.ua ($101.86 in chips) 
Seat 6: franbasualdo10 ($47.44 in chips) 
izzyfromthebloc: posts small blind $0.50
Pon4uk.ua: posts big blind $1
joaquin612: sits out 
*** HOLE CARDS ***
franbasualdo10: folds 
Felipe$Andre: folds 
CashfishT: raises $1.20 to $2.20
izzyfromthebloc: folds 
Pon4uk.ua: folds 
Uncalled bet ($1.20) returned to CashfishT
CashfishT collected $2.50 from pot
CashfishT: doesn't show hand 
*** SUMMARY ***
Total pot $2.50 | Rake $0 
Seat 5: joaquin612
Seat 1: Felipe$Andre folded before Flop (didn't bet)
Seat 2: CashfishT (button) collected ($2.50)
Seat 3: izzyfromthebloc (small blind) folded before Flop
Seat 4: Pon4uk.ua (big blind) folded before Flop
Seat 6: franbasualdo10 folded before Flop (didn't bet)



PokerStars Hand #254443409686:  Hold'em No Limit ($0.50/$1.00 USD) - 2025/01/19 5:27:46 WET [2025/01/19 0:27:46 ET]
Table 'Neufang III' 6-max Seat #3 is the button
Seat 1: Felipe$Andre ($104.12 in chips) 
Seat 2: CashfishT ($106.93 in chips) 
Seat 3: izzyfromthebloc ($18.14 in chips) 
Seat 4: Pon4uk.ua ($100.86 in chips) 
Seat 5: joaquin612 ($100 in chips) 
Seat 6: franbasualdo10 ($47.44 in chips) 
Pon4uk.ua: posts small blind $0.50
joaquin612: posts big blind $1
*** HOLE CARDS ***
franbasualdo10: calls $1
Felipe$Andre: raises $2.50 to $3.50
CashfishT: folds 
izzyfromthebloc: folds 
Pon4uk.ua: folds 
joaquin612: raises $10.50 to $14
franbasualdo10: folds 
Felipe$Andre: folds 
Uncalled bet ($10.50) returned to joaquin612
joaquin612 collected $8.50 from pot
joaquin612: doesn't show hand 
*** SUMMARY ***
Total pot $8.50 | Rake $0 
Seat 1: Felipe$Andre folded before Flop
Seat 2: CashfishT folded before Flop (didn't bet)
Seat 3: izzyfromthebloc (button) folded before Flop (didn't bet)
Seat 4: Pon4uk.ua (small blind) folded before Flop
Seat 5: joaquin612 (big blind) collected ($8.50)
Seat 6: franbasualdo10 folded before Flop



