PokerStars Hand #254454320378:  Hold'em No Limit ($0.50/$1.00 USD) - 2025/01/19 20:01:03 WET [2025/01/19 15:01:03 ET]
Table 'Griqua III' 6-max Seat #4 is the button
Seat 1: vadjkeee ($100 in chips) 
Seat 2: Joker007r ($107.77 in chips) 
Seat 3: worker0k ($100 in chips) 
Seat 4: BoyLoc0 ($100 in chips) 
Seat 5: XneferX ($103.50 in chips) 
XneferX: posts small blind $0.50
vadjkeee: posts big blind $1
*** HOLE CARDS ***
Joker007r: folds 
worker0k: raises $1.30 to $2.30
BoyLoc0: folds 
XneferX: folds 
vadjkeee: raises $9.70 to $12
worker0k: folds 
Uncalled bet ($9.70) returned to vadjkeee
vadjkeee collected $5.10 from pot
vadjkeee: doesn't show hand 
*** SUMMARY ***
Total pot $5.10 | Rake $0 
Seat 1: vadjkeee (big blind) collected ($5.10)
Seat 2: Joker007r folded before Flop (didn't bet)
Seat 3: worker0k folded before Flop
Seat 4: BoyLoc0 (button) folded before Flop (didn't bet)
Seat 5: XneferX (small blind) folded before Flop



PokerStars Hand #254454327447:  Hold'em No Limit ($0.50/$1.00 USD) - 2025/01/19 20:01:27 WET [2025/01/19 15:01:27 ET]
Table 'Griqua III' 6-max Seat #5 is the button
Seat 2: Joker007r ($107.77 in chips) is sitting out
Seat 3: worker0k ($100 in chips) is sitting out
Seat 1: vadjkeee ($102.80 in chips) 
Seat 4: BoyLoc0 ($100 in chips) 
Seat 5: XneferX ($103 in chips) 
vadjkeee: posts small blind $0.50
Joker007r: is sitting out 
worker0k: is sitting out 
BoyLoc0: posts big blind $1
*** HOLE CARDS ***
Joker007r leaves the table
XneferX: folds 
vadjkeee: raises $2 to $3
BoyLoc0: folds 
Uncalled bet ($2) returned to vadjkeee
worker0k leaves the table
vadjkeee collected $2 from pot
vadjkeee: doesn't show hand 
*** SUMMARY ***
Total pot $2 | Rake $0 
Seat 2: Joker007r
Seat 3: worker0k
Seat 1: vadjkeee (small blind) collected ($2)
Seat 4: BoyLoc0 (big blind) folded before Flop
Seat 5: XneferX (button) folded before Flop (didn't bet)



PokerStars Hand #254454331136:  Hold'em No Limit ($0.50/$1.00 USD) - 2025/01/19 20:01:39 WET [2025/01/19 15:01:39 ET]
Table 'Griqua III' 6-max Seat #1 is the button
Seat 1: vadjkeee ($103.80 in chips) 
Seat 4: BoyLoc0 ($100 in chips) 
Seat 5: XneferX ($103 in chips) 
BoyLoc0: posts small blind $0.50
XneferX: posts big blind $1
*** HOLE CARDS ***
vadjkeee: raises $1.50 to $2.50
BoyLoc0: folds 
XneferX: folds 
Uncalled bet ($1.50) returned to vadjkeee
vadjkeee collected $2.50 from pot
vadjkeee: doesn't show hand 
*** SUMMARY ***
Total pot $2.50 | Rake $0 
Seat 1: vadjkeee (button) collected ($2.50)
Seat 4: BoyLoc0 (small blind) folded before Flop
Seat 5: XneferX (big blind) folded before Flop



PokerStars Hand #254454338715:  Hold'em No Limit ($0.50/$1.00 USD) - 2025/01/19 20:02:03 WET [2025/01/19 15:02:03 ET]
Table 'Griqua III' 6-max Seat #4 is the button
Seat 1: vadjkeee ($105.30 in chips) 
Seat 4: BoyLoc0 ($100 in chips) 
Seat 5: XneferX ($102 in chips) 
XneferX: posts small blind $0.50
vadjkeee: posts big blind $1
*** HOLE CARDS ***
BoyLoc0: raises $1.50 to $2.50
XneferX: folds 
vadjkeee: raises $9.50 to $12
BoyLoc0: folds 
Uncalled bet ($9.50) returned to vadjkeee
vadjkeee collected $5.50 from pot
vadjkeee: doesn't show hand 
*** SUMMARY ***
Total pot $5.50 | Rake $0 
Seat 1: vadjkeee (big blind) collected ($5.50)
Seat 4: BoyLoc0 (button) folded before Flop
Seat 5: XneferX (small blind) folded before Flop



PokerStars Hand #254454344605:  Hold'em No Limit ($0.50/$1.00 USD) - 2025/01/19 20:02:21 WET [2025/01/19 15:02:21 ET]
Table 'Griqua III' 6-max Seat #5 is the button
Seat 1: vadjkeee ($108.30 in chips) 
Seat 4: BoyLoc0 ($100 in chips) 
Seat 5: XneferX ($101.50 in chips) 
vadjkeee: posts small blind $0.50
BoyLoc0: posts big blind $1
*** HOLE CARDS ***
XneferX: folds 
vadjkeee: raises $2 to $3
BoyLoc0: folds 
Uncalled bet ($2) returned to vadjkeee
vadjkeee collected $2 from pot
vadjkeee: doesn't show hand 
*** SUMMARY ***
Total pot $2 | Rake $0 
Seat 1: vadjkeee (small blind) collected ($2)
Seat 4: BoyLoc0 (big blind) folded before Flop
Seat 5: XneferX (button) folded before Flop (didn't bet)



PokerStars Hand #254454349718:  Hold'em No Limit ($0.50/$1.00 USD) - 2025/01/19 20:02:35 WET [2025/01/19 15:02:35 ET]
Table 'Griqua III' 6-max Seat #1 is the button
Seat 1: vadjkeee ($109.30 in chips) 
Seat 4: BoyLoc0 ($100 in chips) 
Seat 5: XneferX ($101.50 in chips) 
BoyLoc0: posts small blind $0.50
XneferX: posts big blind $1
*** HOLE CARDS ***
michasia joins the table at seat #2 
vadjkeee: folds 
BoyLoc0: folds 
Uncalled bet ($0.50) returned to XneferX
XneferX collected $1 from pot
XneferX: doesn't show hand 
*** SUMMARY ***
Total pot $1 | Rake $0 
Seat 1: vadjkeee (button) folded before Flop (didn't bet)
Seat 4: BoyLoc0 (small blind) folded before Flop
Seat 5: XneferX (big blind) collected ($1)



PokerStars Hand #254454351898:  Hold'em No Limit ($0.50/$1.00 USD) - 2025/01/19 20:02:42 WET [2025/01/19 15:02:42 ET]
Table 'Griqua III' 6-max Seat #4 is the button
Seat 2: michasia ($100 in chips) is sitting out
Seat 1: vadjkeee ($109.30 in chips) 
Seat 4: BoyLoc0 ($100 in chips) 
Seat 5: XneferX ($102 in chips) 
XneferX: posts small blind $0.50
vadjkeee: posts big blind $1
michasia: sits out 
*** HOLE CARDS ***
BoyLoc0: raises $1.50 to $2.50
hwaspen joins the table at seat #6 
hwaspen is disconnected 
XneferX: folds 
z00mba joins the table at seat #3 
vadjkeee: raises $9.50 to $12
BoyLoc0: folds 
Uncalled bet ($9.50) returned to vadjkeee
vadjkeee collected $5.50 from pot
vadjkeee: doesn't show hand 
*** SUMMARY ***
Total pot $5.50 | Rake $0 
Seat 2: michasia
Seat 1: vadjkeee (big blind) collected ($5.50)
Seat 4: BoyLoc0 (button) folded before Flop
Seat 5: XneferX (small blind) folded before Flop



PokerStars Hand #254454358246:  Hold'em No Limit ($0.50/$1.00 USD) - 2025/01/19 20:03:01 WET [2025/01/19 15:03:01 ET]
Table 'Griqua III' 6-max Seat #5 is the button
Seat 3: z00mba ($100 in chips) is sitting out
Seat 6: hwaspen ($100 in chips) is sitting out
Seat 1: vadjkeee ($112.30 in chips) 
Seat 2: michasia ($100 in chips) 
Seat 4: BoyLoc0 ($100 in chips) 
Seat 5: XneferX ($101.50 in chips) 
vadjkeee: posts small blind $0.50
michasia: posts big blind $1
z00mba: sits out 
*** HOLE CARDS ***
BoyLoc0: folds 
XneferX: folds 
vadjkeee: raises $2 to $3
michasia: calls $2
*** FLOP *** [5s Jd 5d]
vadjkeee: bets $1.43
michasia: calls $1.43
*** TURN *** [5s Jd 5d] [4d]
vadjkeee: checks 
michasia: checks 
*** RIVER *** [5s Jd 5d 4d] [5c]
vadjkeee: bets $2.10
michasia: calls $2.10
*** SHOW DOWN ***
vadjkeee: shows [4c Ac] (a full house, Fives full of Fours)
michasia: shows [8d 8c] (a full house, Fives full of Eights)
michasia collected $12.41 from pot
*** SUMMARY ***
Total pot $13.06 | Rake $0.65 
Board [5s Jd 5d 4d 5c]
Seat 3: z00mba
Seat 6: hwaspen
Seat 1: vadjkeee (small blind) showed [4c Ac] and lost with a full house, Fives full of Fours
Seat 2: michasia (big blind) showed [8d 8c] and won ($12.41) with a full house, Fives full of Eights
Seat 4: BoyLoc0 folded before Flop (didn't bet)
Seat 5: XneferX (button) folded before Flop (didn't bet)



PokerStars Hand #254454376898:  Hold'em No Limit ($0.50/$1.00 USD) - 2025/01/19 20:03:51 WET [2025/01/19 15:03:51 ET]
Table 'Griqua III' 6-max Seat #1 is the button
Seat 1: vadjkeee ($105.77 in chips) 
Seat 2: michasia ($105.88 in chips) 
Seat 3: z00mba ($100 in chips) 
Seat 4: BoyLoc0 ($100 in chips) 
Seat 5: XneferX ($101.50 in chips) 
Seat 6: hwaspen ($100 in chips) 
michasia: posts small blind $0.50
z00mba: posts big blind $1
hwaspen: posts big blind $1
*** HOLE CARDS ***
BoyLoc0: folds 
XneferX: folds 
hwaspen: checks 
vadjkeee: folds 
michasia: raises $4 to $5
z00mba: folds 
hwaspen: folds 
Uncalled bet ($4) returned to michasia
michasia collected $3 from pot
michasia: doesn't show hand 
*** SUMMARY ***
Total pot $3 | Rake $0 
Seat 1: vadjkeee (button) folded before Flop (didn't bet)
Seat 2: michasia (small blind) collected ($3)
Seat 3: z00mba (big blind) folded before Flop
Seat 4: BoyLoc0 folded before Flop (didn't bet)
Seat 5: XneferX folded before Flop (didn't bet)
Seat 6: hwaspen folded before Flop (didn't bet)



PokerStars Hand #254454387194:  Hold'em No Limit ($0.50/$1.00 USD) - 2025/01/19 20:04:20 WET [2025/01/19 15:04:20 ET]
Table 'Griqua III' 6-max Seat #2 is the button
Seat 1: vadjkeee ($105.77 in chips) 
Seat 2: michasia ($107.88 in chips) 
Seat 3: z00mba ($100 in chips) 
Seat 4: BoyLoc0 ($100 in chips) 
Seat 5: XneferX ($101.50 in chips) 
Seat 6: hwaspen ($99 in chips) 
z00mba: posts small blind $0.50
BoyLoc0: posts big blind $1
*** HOLE CARDS ***
XneferX: folds 
hwaspen: folds 
vadjkeee: folds 
michasia: folds 
z00mba: folds 
Uncalled bet ($0.50) returned to BoyLoc0
BoyLoc0 collected $1 from pot
BoyLoc0: doesn't show hand 
*** SUMMARY ***
Total pot $1 | Rake $0 
Seat 1: vadjkeee folded before Flop (didn't bet)
Seat 2: michasia (button) folded before Flop (didn't bet)
Seat 3: z00mba (small blind) folded before Flop
Seat 4: BoyLoc0 (big blind) collected ($1)
Seat 5: XneferX folded before Flop (didn't bet)
Seat 6: hwaspen folded before Flop (didn't bet)



PokerStars Hand #254454392509:  Hold'em No Limit ($0.50/$1.00 USD) - 2025/01/19 20:04:33 WET [2025/01/19 15:04:33 ET]
Table 'Griqua III' 6-max Seat #3 is the button
Seat 1: vadjkeee ($105.77 in chips) 
Seat 2: michasia ($107.88 in chips) 
Seat 3: z00mba ($100 in chips) 
Seat 4: BoyLoc0 ($100.50 in chips) 
Seat 5: XneferX ($101.50 in chips) 
Seat 6: hwaspen ($99 in chips) 
BoyLoc0: posts small blind $0.50
XneferX: posts big blind $1
*** HOLE CARDS ***
hwaspen: folds 
vadjkeee: folds 
michasia: raises $1.80 to $2.80
z00mba: folds 
BoyLoc0: folds 
XneferX: calls $1.80
*** FLOP *** [Jh 2s Kh]
XneferX: checks 
michasia: checks 
*** TURN *** [Jh 2s Kh] [3h]
XneferX: checks 
michasia: checks 
*** RIVER *** [Jh 2s Kh 3h] [Kd]
XneferX: checks 
michasia: checks 
*** SHOW DOWN ***
XneferX: shows [8s Ac] (a pair of Kings)
michasia: shows [Ad 8d] (a pair of Kings)
XneferX collected $2.90 from pot
michasia collected $2.90 from pot
*** SUMMARY ***
Total pot $6.10 | Rake $0.30 
Board [Jh 2s Kh 3h Kd]
Seat 1: vadjkeee folded before Flop (didn't bet)
Seat 2: michasia showed [Ad 8d] and won ($2.90) with a pair of Kings
Seat 3: z00mba (button) folded before Flop (didn't bet)
Seat 4: BoyLoc0 (small blind) folded before Flop
Seat 5: XneferX (big blind) showed [8s Ac] and won ($2.90) with a pair of Kings
Seat 6: hwaspen folded before Flop (didn't bet)



PokerStars Hand #254454415353:  Hold'em No Limit ($0.50/$1.00 USD) - 2025/01/19 20:05:32 WET [2025/01/19 15:05:32 ET]
Table 'Griqua III' 6-max Seat #4 is the button
Seat 1: vadjkeee ($105.77 in chips) 
Seat 2: michasia ($107.98 in chips) 
Seat 3: z00mba ($100 in chips) 
Seat 4: BoyLoc0 ($100 in chips) 
Seat 5: XneferX ($101.60 in chips) 
Seat 6: hwaspen ($99 in chips) 
XneferX: posts small blind $0.50
hwaspen: posts big blind $1
*** HOLE CARDS ***
vadjkeee: folds 
michasia: folds 
z00mba: folds 
BoyLoc0: raises $1.50 to $2.50
XneferX: raises $9.50 to $12
hwaspen: folds 
BoyLoc0: folds 
Uncalled bet ($9.50) returned to XneferX
XneferX collected $6 from pot
XneferX: doesn't show hand 
*** SUMMARY ***
Total pot $6 | Rake $0 
Seat 1: vadjkeee folded before Flop (didn't bet)
Seat 2: michasia folded before Flop (didn't bet)
Seat 3: z00mba folded before Flop (didn't bet)
Seat 4: BoyLoc0 (button) folded before Flop
Seat 5: XneferX (small blind) collected ($6)
Seat 6: hwaspen (big blind) folded before Flop



PokerStars Hand #254454431066:  Hold'em No Limit ($0.50/$1.00 USD) - 2025/01/19 20:06:12 WET [2025/01/19 15:06:12 ET]
Table 'Griqua III' 6-max Seat #5 is the button
Seat 1: vadjkeee ($105.77 in chips) 
Seat 2: michasia ($107.98 in chips) 
Seat 3: z00mba ($100 in chips) 
Seat 4: BoyLoc0 ($100 in chips) 
Seat 5: XneferX ($105.10 in chips) 
Seat 6: hwaspen ($98 in chips) 
hwaspen: posts small blind $0.50
vadjkeee: posts big blind $1
*** HOLE CARDS ***
michasia: folds 
z00mba: folds 
BoyLoc0: folds 
XneferX: folds 
hwaspen: raises $2 to $3
vadjkeee: calls $2
*** FLOP *** [9c 9d 4c]
hwaspen: checks 
vadjkeee: checks 
*** TURN *** [9c 9d 4c] [Qs]
hwaspen: bets $3
vadjkeee: calls $3
*** RIVER *** [9c 9d 4c Qs] [Qh]
hwaspen: bets $7
vadjkeee: folds 
Uncalled bet ($7) returned to hwaspen
hwaspen collected $11.40 from pot
*** SUMMARY ***
Total pot $12 | Rake $0.60 
Board [9c 9d 4c Qs Qh]
Seat 1: vadjkeee (big blind) folded on the River
Seat 2: michasia folded before Flop (didn't bet)
Seat 3: z00mba folded before Flop (didn't bet)
Seat 4: BoyLoc0 folded before Flop (didn't bet)
Seat 5: XneferX (button) folded before Flop (didn't bet)
Seat 6: hwaspen (small blind) collected ($11.40)



PokerStars Hand #254454460864:  Hold'em No Limit ($0.50/$1.00 USD) - 2025/01/19 20:07:28 WET [2025/01/19 15:07:28 ET]
Table 'Griqua III' 6-max Seat #6 is the button
Seat 1: vadjkeee ($100 in chips) 
Seat 2: michasia ($107.98 in chips) 
Seat 3: z00mba ($100 in chips) 
Seat 4: BoyLoc0 ($100 in chips) 
Seat 5: XneferX ($105.10 in chips) 
Seat 6: hwaspen ($103.40 in chips) 
vadjkeee: posts small blind $0.50
michasia: posts big blind $1
*** HOLE CARDS ***
z00mba: folds 
BoyLoc0: folds 
XneferX: folds 
hwaspen: folds 
vadjkeee: folds 
Uncalled bet ($0.50) returned to michasia
michasia collected $1 from pot
michasia: doesn't show hand 
*** SUMMARY ***
Total pot $1 | Rake $0 
Seat 1: vadjkeee (small blind) folded before Flop
Seat 2: michasia (big blind) collected ($1)
Seat 3: z00mba folded before Flop (didn't bet)
Seat 4: BoyLoc0 folded before Flop (didn't bet)
Seat 5: XneferX folded before Flop (didn't bet)
Seat 6: hwaspen (button) folded before Flop (didn't bet)



PokerStars Hand #254454468694:  Hold'em No Limit ($0.50/$1.00 USD) - 2025/01/19 20:07:48 WET [2025/01/19 15:07:48 ET]
Table 'Griqua III' 6-max Seat #1 is the button
Seat 1: vadjkeee ($100 in chips) 
Seat 2: michasia ($108.48 in chips) 
Seat 3: z00mba ($100 in chips) 
Seat 4: BoyLoc0 ($100 in chips) 
Seat 5: XneferX ($105.10 in chips) 
Seat 6: hwaspen ($103.40 in chips) 
michasia: posts small blind $0.50
z00mba: posts big blind $1
*** HOLE CARDS ***
BoyLoc0: folds 
XneferX: folds 
hwaspen: raises $1 to $2
vadjkeee: folds 
michasia: folds 
z00mba: folds 
Uncalled bet ($1) returned to hwaspen
hwaspen collected $2.50 from pot
*** SUMMARY ***
Total pot $2.50 | Rake $0 
Seat 1: vadjkeee (button) folded before Flop (didn't bet)
Seat 2: michasia (small blind) folded before Flop
Seat 3: z00mba (big blind) folded before Flop
Seat 4: BoyLoc0 folded before Flop (didn't bet)
Seat 5: XneferX folded before Flop (didn't bet)
Seat 6: hwaspen collected ($2.50)



PokerStars Hand #254454475712:  Hold'em No Limit ($0.50/$1.00 USD) - 2025/01/19 20:08:06 WET [2025/01/19 15:08:06 ET]
Table 'Griqua III' 6-max Seat #2 is the button
Seat 1: vadjkeee ($100 in chips) 
Seat 2: michasia ($107.98 in chips) 
Seat 3: z00mba ($100 in chips) 
Seat 4: BoyLoc0 ($100 in chips) 
Seat 5: XneferX ($105.10 in chips) 
Seat 6: hwaspen ($104.90 in chips) 
z00mba: posts small blind $0.50
BoyLoc0: posts big blind $1
*** HOLE CARDS ***
XneferX: folds 
hwaspen: folds 
vadjkeee: folds 
michasia: folds 
z00mba: raises $2 to $3
BoyLoc0: calls $2
*** FLOP *** [4h Jc Ah]
z00mba: checks 
BoyLoc0: checks 
*** TURN *** [4h Jc Ah] [9d]
z00mba: checks 
BoyLoc0: checks 
*** RIVER *** [4h Jc Ah 9d] [4c]
z00mba: checks 
BoyLoc0: bets $6
z00mba: folds 
Uncalled bet ($6) returned to BoyLoc0
BoyLoc0 collected $5.70 from pot
BoyLoc0: doesn't show hand 
*** SUMMARY ***
Total pot $6 | Rake $0.30 
Board [4h Jc Ah 9d 4c]
Seat 1: vadjkeee folded before Flop (didn't bet)
Seat 2: michasia (button) folded before Flop (didn't bet)
Seat 3: z00mba (small blind) folded on the River
Seat 4: BoyLoc0 (big blind) collected ($5.70)
Seat 5: XneferX folded before Flop (didn't bet)
Seat 6: hwaspen folded before Flop (didn't bet)



PokerStars Hand #254454497991:  Hold'em No Limit ($0.50/$1.00 USD) - 2025/01/19 20:09:03 WET [2025/01/19 15:09:03 ET]
Table 'Griqua III' 6-max Seat #3 is the button
Seat 1: vadjkeee ($100 in chips) 
Seat 2: michasia ($107.98 in chips) 
Seat 3: z00mba ($100 in chips) 
Seat 4: BoyLoc0 ($102.70 in chips) 
Seat 5: XneferX ($105.10 in chips) 
Seat 6: hwaspen ($104.90 in chips) 
BoyLoc0: posts small blind $0.50
XneferX: posts big blind $1
*** HOLE CARDS ***
hwaspen: folds 
vadjkeee: folds 
michasia: folds 
z00mba: folds 
BoyLoc0: raises $2 to $3
XneferX: calls $2
*** FLOP *** [Qc 6c 6h]
BoyLoc0: bets $1.88
XneferX: folds 
Uncalled bet ($1.88) returned to BoyLoc0
BoyLoc0 collected $5.70 from pot
BoyLoc0: doesn't show hand 
*** SUMMARY ***
Total pot $6 | Rake $0.30 
Board [Qc 6c 6h]
Seat 1: vadjkeee folded before Flop (didn't bet)
Seat 2: michasia folded before Flop (didn't bet)
Seat 3: z00mba (button) folded before Flop (didn't bet)
Seat 4: BoyLoc0 (small blind) collected ($5.70)
Seat 5: XneferX (big blind) folded on the Flop
Seat 6: hwaspen folded before Flop (didn't bet)



PokerStars Hand #254454512487:  Hold'em No Limit ($0.50/$1.00 USD) - 2025/01/19 20:09:40 WET [2025/01/19 15:09:40 ET]
Table 'Griqua III' 6-max Seat #4 is the button
Seat 1: vadjkeee ($100 in chips) 
Seat 2: michasia ($107.98 in chips) 
Seat 3: z00mba ($100 in chips) 
Seat 4: BoyLoc0 ($105.40 in chips) 
Seat 5: XneferX ($102.10 in chips) 
Seat 6: hwaspen ($104.90 in chips) 
XneferX: posts small blind $0.50
hwaspen: posts big blind $1
*** HOLE CARDS ***
vadjkeee: folds 
michasia: folds 
z00mba: folds 
BoyLoc0: folds 
XneferX: folds 
Uncalled bet ($0.50) returned to hwaspen
hwaspen collected $1 from pot
*** SUMMARY ***
Total pot $1 | Rake $0 
Seat 1: vadjkeee folded before Flop (didn't bet)
Seat 2: michasia folded before Flop (didn't bet)
Seat 3: z00mba folded before Flop (didn't bet)
Seat 4: BoyLoc0 (button) folded before Flop (didn't bet)
Seat 5: XneferX (small blind) folded before Flop
Seat 6: hwaspen (big blind) collected ($1)



PokerStars Hand #254454521969:  Hold'em No Limit ($0.50/$1.00 USD) - 2025/01/19 20:10:04 WET [2025/01/19 15:10:04 ET]
Table 'Griqua III' 6-max Seat #5 is the button
Seat 1: vadjkeee ($100 in chips) 
Seat 2: michasia ($107.98 in chips) 
Seat 3: z00mba ($100 in chips) 
Seat 4: BoyLoc0 ($105.40 in chips) 
Seat 5: XneferX ($101.60 in chips) 
Seat 6: hwaspen ($105.40 in chips) 
hwaspen: posts small blind $0.50
vadjkeee: posts big blind $1
*** HOLE CARDS ***
michasia: folds 
z00mba: folds 
BoyLoc0: raises $1.50 to $2.50
XneferX: folds 
hwaspen: folds 
vadjkeee: calls $1.50
*** FLOP *** [Qc 4c 7h]
vadjkeee: checks 
BoyLoc0: checks 
*** TURN *** [Qc 4c 7h] [Th]
vadjkeee: checks 
BoyLoc0: checks 
*** RIVER *** [Qc 4c 7h Th] [5h]
vadjkeee: bets $3.92
BoyLoc0: calls $3.92
*** SHOW DOWN ***
vadjkeee: shows [5s 4s] (two pair, Fives and Fours)
BoyLoc0: mucks hand 
vadjkeee collected $12.67 from pot
*** SUMMARY ***
Total pot $13.34 | Rake $0.67 
Board [Qc 4c 7h Th 5h]
Seat 1: vadjkeee (big blind) showed [5s 4s] and won ($12.67) with two pair, Fives and Fours
Seat 2: michasia folded before Flop (didn't bet)
Seat 3: z00mba folded before Flop (didn't bet)
Seat 4: BoyLoc0 mucked
Seat 5: XneferX (button) folded before Flop (didn't bet)
Seat 6: hwaspen (small blind) folded before Flop



PokerStars Hand #254454541905:  Hold'em No Limit ($0.50/$1.00 USD) - 2025/01/19 20:10:54 WET [2025/01/19 15:10:54 ET]
Table 'Griqua III' 6-max Seat #6 is the button
Seat 1: vadjkeee ($106.25 in chips) 
Seat 2: michasia ($107.98 in chips) 
Seat 3: z00mba ($100 in chips) 
Seat 4: BoyLoc0 ($100 in chips) 
Seat 5: XneferX ($101.60 in chips) 
Seat 6: hwaspen ($104.90 in chips) 
vadjkeee: posts small blind $0.50
michasia: posts big blind $1
*** HOLE CARDS ***
z00mba: raises $1.50 to $2.50
BoyLoc0: folds 
XneferX: folds 
hwaspen: folds 
vadjkeee: folds 
michasia: folds 
Uncalled bet ($1.50) returned to z00mba
z00mba collected $2.50 from pot
z00mba: doesn't show hand 
*** SUMMARY ***
Total pot $2.50 | Rake $0 
Seat 1: vadjkeee (small blind) folded before Flop
Seat 2: michasia (big blind) folded before Flop
Seat 3: z00mba collected ($2.50)
Seat 4: BoyLoc0 folded before Flop (didn't bet)
Seat 5: XneferX folded before Flop (didn't bet)
Seat 6: hwaspen (button) folded before Flop (didn't bet)



PokerStars Hand #254454548576:  Hold'em No Limit ($0.50/$1.00 USD) - 2025/01/19 20:11:11 WET [2025/01/19 15:11:11 ET]
Table 'Griqua III' 6-max Seat #1 is the button
Seat 1: vadjkeee ($105.75 in chips) 
Seat 2: michasia ($106.98 in chips) 
Seat 3: z00mba ($101.50 in chips) 
Seat 4: BoyLoc0 ($100 in chips) 
Seat 5: XneferX ($101.60 in chips) 
Seat 6: hwaspen ($104.90 in chips) 
michasia: posts small blind $0.50
z00mba: posts big blind $1
*** HOLE CARDS ***
BoyLoc0: folds 
XneferX: folds 
hwaspen: folds 
vadjkeee: folds 
michasia: folds 
Uncalled bet ($0.50) returned to z00mba
z00mba collected $1 from pot
z00mba: doesn't show hand 
*** SUMMARY ***
Total pot $1 | Rake $0 
Seat 1: vadjkeee (button) folded before Flop (didn't bet)
Seat 2: michasia (small blind) folded before Flop
Seat 3: z00mba (big blind) collected ($1)
Seat 4: BoyLoc0 folded before Flop (didn't bet)
Seat 5: XneferX folded before Flop (didn't bet)
Seat 6: hwaspen folded before Flop (didn't bet)



PokerStars Hand #254454555125:  Hold'em No Limit ($0.50/$1.00 USD) - 2025/01/19 20:11:28 WET [2025/01/19 15:11:28 ET]
Table 'Griqua III' 6-max Seat #2 is the button
Seat 1: vadjkeee ($105.75 in chips) 
Seat 2: michasia ($106.48 in chips) 
Seat 3: z00mba ($102 in chips) 
Seat 4: BoyLoc0 ($100 in chips) 
Seat 5: XneferX ($101.60 in chips) 
Seat 6: hwaspen ($104.90 in chips) 
z00mba: posts small blind $0.50
BoyLoc0: posts big blind $1
*** HOLE CARDS ***
XneferX: folds 
hwaspen: folds 
vadjkeee: folds 
michasia: raises $1.80 to $2.80
z00mba: folds 
BoyLoc0: folds 
Uncalled bet ($1.80) returned to michasia
michasia collected $2.50 from pot
michasia: doesn't show hand 
*** SUMMARY ***
Total pot $2.50 | Rake $0 
Seat 1: vadjkeee folded before Flop (didn't bet)
Seat 2: michasia (button) collected ($2.50)
Seat 3: z00mba (small blind) folded before Flop
Seat 4: BoyLoc0 (big blind) folded before Flop
Seat 5: XneferX folded before Flop (didn't bet)
Seat 6: hwaspen folded before Flop (didn't bet)



PokerStars Hand #254454569773:  Hold'em No Limit ($0.50/$1.00 USD) - 2025/01/19 20:12:05 WET [2025/01/19 15:12:05 ET]
Table 'Griqua III' 6-max Seat #3 is the button
Seat 1: vadjkeee ($105.75 in chips) 
Seat 2: michasia ($107.98 in chips) 
Seat 3: z00mba ($101.50 in chips) 
Seat 4: BoyLoc0 ($100 in chips) 
Seat 5: XneferX ($101.60 in chips) 
Seat 6: hwaspen ($104.90 in chips) 
BoyLoc0: posts small blind $0.50
XneferX: posts big blind $1
*** HOLE CARDS ***
hwaspen: raises $1 to $2
vadjkeee: folds 
michasia: folds 
z00mba: folds 
BoyLoc0: raises $8 to $10
XneferX: folds 
hwaspen: folds 
Uncalled bet ($8) returned to BoyLoc0
BoyLoc0 collected $5 from pot
BoyLoc0: doesn't show hand 
*** SUMMARY ***
Total pot $5 | Rake $0 
Seat 1: vadjkeee folded before Flop (didn't bet)
Seat 2: michasia folded before Flop (didn't bet)
Seat 3: z00mba (button) folded before Flop (didn't bet)
Seat 4: BoyLoc0 (small blind) collected ($5)
Seat 5: XneferX (big blind) folded before Flop
Seat 6: hwaspen folded before Flop



PokerStars Hand #254454579918:  Hold'em No Limit ($0.50/$1.00 USD) - 2025/01/19 20:12:31 WET [2025/01/19 15:12:31 ET]
Table 'Griqua III' 6-max Seat #4 is the button
Seat 1: vadjkeee ($105.75 in chips) 
Seat 2: michasia ($107.98 in chips) 
Seat 3: z00mba ($101.50 in chips) 
Seat 4: BoyLoc0 ($103 in chips) 
Seat 5: XneferX ($100.60 in chips) 
Seat 6: hwaspen ($102.90 in chips) 
XneferX: posts small blind $0.50
hwaspen: posts big blind $1
*** HOLE CARDS ***
vadjkeee: folds 
michasia: folds 
z00mba: folds 
BoyLoc0: folds 
XneferX: folds 
Uncalled bet ($0.50) returned to hwaspen
hwaspen collected $1 from pot
*** SUMMARY ***
Total pot $1 | Rake $0 
Seat 1: vadjkeee folded before Flop (didn't bet)
Seat 2: michasia folded before Flop (didn't bet)
Seat 3: z00mba folded before Flop (didn't bet)
Seat 4: BoyLoc0 (button) folded before Flop (didn't bet)
Seat 5: XneferX (small blind) folded before Flop
Seat 6: hwaspen (big blind) collected ($1)



PokerStars Hand #254454587657:  Hold'em No Limit ($0.50/$1.00 USD) - 2025/01/19 20:12:50 WET [2025/01/19 15:12:50 ET]
Table 'Griqua III' 6-max Seat #5 is the button
Seat 1: vadjkeee ($105.75 in chips) 
Seat 2: michasia ($107.98 in chips) 
Seat 3: z00mba ($101.50 in chips) 
Seat 4: BoyLoc0 ($103 in chips) 
Seat 5: XneferX ($100.10 in chips) 
Seat 6: hwaspen ($103.40 in chips) 
hwaspen: posts small blind $0.50
vadjkeee: posts big blind $1
*** HOLE CARDS ***
michasia: folds 
z00mba: raises $1.50 to $2.50
BoyLoc0: folds 
XneferX: folds 
hwaspen: calls $2
vadjkeee: calls $1.50
*** FLOP *** [4s 6d 9c]
hwaspen: checks 
vadjkeee: checks 
z00mba: bets $4
hwaspen: folds 
vadjkeee: folds 
Uncalled bet ($4) returned to z00mba
z00mba collected $7.12 from pot
z00mba: doesn't show hand 
*** SUMMARY ***
Total pot $7.50 | Rake $0.38 
Board [4s 6d 9c]
Seat 1: vadjkeee (big blind) folded on the Flop
Seat 2: michasia folded before Flop (didn't bet)
Seat 3: z00mba collected ($7.12)
Seat 4: BoyLoc0 folded before Flop (didn't bet)
Seat 5: XneferX (button) folded before Flop (didn't bet)
Seat 6: hwaspen (small blind) folded on the Flop



PokerStars Hand #254454607191:  Hold'em No Limit ($0.50/$1.00 USD) - 2025/01/19 20:13:40 WET [2025/01/19 15:13:40 ET]
Table 'Griqua III' 6-max Seat #6 is the button
Seat 1: vadjkeee ($103.25 in chips) 
Seat 2: michasia ($107.98 in chips) 
Seat 3: z00mba ($106.12 in chips) 
Seat 4: BoyLoc0 ($103 in chips) 
Seat 5: XneferX ($100.10 in chips) 
Seat 6: hwaspen ($100.90 in chips) 
vadjkeee: posts small blind $0.50
michasia: posts big blind $1
*** HOLE CARDS ***
z00mba: folds 
BoyLoc0: folds 
XneferX: folds 
hwaspen: calls $1
vadjkeee: folds 
michasia: raises $2.50 to $3.50
hwaspen: calls $2.50
*** FLOP *** [Td 6d Qs]
michasia: bets $4.75
hwaspen: folds 
Uncalled bet ($4.75) returned to michasia
michasia collected $7.12 from pot
michasia: doesn't show hand 
*** SUMMARY ***
Total pot $7.50 | Rake $0.38 
Board [Td 6d Qs]
Seat 1: vadjkeee (small blind) folded before Flop
Seat 2: michasia (big blind) collected ($7.12)
Seat 3: z00mba folded before Flop (didn't bet)
Seat 4: BoyLoc0 folded before Flop (didn't bet)
Seat 5: XneferX folded before Flop (didn't bet)
Seat 6: hwaspen (button) folded on the Flop



PokerStars Hand #254454621238:  Hold'em No Limit ($0.50/$1.00 USD) - 2025/01/19 20:14:16 WET [2025/01/19 15:14:16 ET]
Table 'Griqua III' 6-max Seat #1 is the button
Seat 3: z00mba ($106.12 in chips) is sitting out
Seat 1: vadjkeee ($102.75 in chips) 
Seat 2: michasia ($111.60 in chips) 
Seat 4: BoyLoc0 ($103 in chips) 
Seat 5: XneferX ($100.10 in chips) 
Seat 6: hwaspen ($97.40 in chips) 
michasia: posts small blind $0.50
z00mba: is sitting out 
BoyLoc0: posts big blind $1
*** HOLE CARDS ***
XneferX: folds 
hwaspen: raises $1 to $2
vadjkeee: folds 
michasia: folds 
BoyLoc0: calls $1
*** FLOP *** [6d Qs 4c]
BoyLoc0: checks 
hwaspen: bets $1
BoyLoc0: raises $4.71 to $5.71
hwaspen: calls $4.71
*** TURN *** [6d Qs 4c] [8s]
BoyLoc0: bets $11.34
hwaspen: folds 
Uncalled bet ($11.34) returned to BoyLoc0
BoyLoc0 collected $15.12 from pot
BoyLoc0: doesn't show hand 
*** SUMMARY ***
Total pot $15.92 | Rake $0.80 
Board [6d Qs 4c 8s]
Seat 3: z00mba
Seat 1: vadjkeee (button) folded before Flop (didn't bet)
Seat 2: michasia (small blind) folded before Flop
Seat 4: BoyLoc0 (big blind) collected ($15.12)
Seat 5: XneferX folded before Flop (didn't bet)
Seat 6: hwaspen folded on the Turn



PokerStars Hand #254454637404:  Hold'em No Limit ($0.50/$1.00 USD) - 2025/01/19 20:14:56 WET [2025/01/19 15:14:56 ET]
Table 'Griqua III' 6-max Seat #2 is the button
Seat 3: z00mba ($106.12 in chips) is sitting out
Seat 1: vadjkeee ($102.75 in chips) 
Seat 2: michasia ($111.10 in chips) 
Seat 4: BoyLoc0 ($110.41 in chips) 
Seat 5: XneferX ($100.10 in chips) 
Seat 6: hwaspen ($89.69 in chips) 
BoyLoc0: posts small blind $0.50
XneferX: posts big blind $1
*** HOLE CARDS ***
hwaspen: folds 
hwaspen leaves the table
vadjkeee: raises $1.50 to $2.50
michasia: folds 
BoyLoc0: raises $7.50 to $10
z00mba leaves the table
XneferX: folds 
vadjkeee: calls $7.50
*** FLOP *** [3s 8c 4s]
BoyLoc0: bets $14
vadjkeee: folds 
Uncalled bet ($14) returned to BoyLoc0
BoyLoc0 collected $19.95 from pot
BoyLoc0: doesn't show hand 
*** SUMMARY ***
Total pot $21 | Rake $1.05 
Board [3s 8c 4s]
Seat 3: z00mba
Seat 1: vadjkeee folded on the Flop
Seat 2: michasia (button) folded before Flop (didn't bet)
Seat 4: BoyLoc0 (small blind) collected ($19.95)
Seat 5: XneferX (big blind) folded before Flop
Seat 6: hwaspen folded before Flop (didn't bet)



PokerStars Hand #254454653714:  Hold'em No Limit ($0.50/$1.00 USD) - 2025/01/19 20:15:37 WET [2025/01/19 15:15:37 ET]
Table 'Griqua III' 6-max Seat #4 is the button
Seat 1: vadjkeee ($100 in chips) is sitting out
Seat 2: michasia ($111.10 in chips) 
Seat 4: BoyLoc0 ($120.36 in chips) 
Seat 5: XneferX ($100 in chips) 
XneferX: posts small blind $0.50
vadjkeee: is sitting out 
michasia: posts big blind $1
*** HOLE CARDS ***
BoyLoc0: raises $1.50 to $2.50
XneferX: folds 
michasia: calls $1.50
*** FLOP *** [2s 4s 2c]
michasia: checks 
BoyLoc0: bets $1.72
michasia: folds 
Uncalled bet ($1.72) returned to BoyLoc0
BoyLoc0 collected $5.22 from pot
BoyLoc0: doesn't show hand 
*** SUMMARY ***
Total pot $5.50 | Rake $0.28 
Board [2s 4s 2c]
Seat 1: vadjkeee
Seat 2: michasia (big blind) folded on the Flop
Seat 4: BoyLoc0 (button) collected ($5.22)
Seat 5: XneferX (small blind) folded before Flop



PokerStars Hand #254454670346:  Hold'em No Limit ($0.50/$1.00 USD) - 2025/01/19 20:16:18 WET [2025/01/19 15:16:18 ET]
Table 'Griqua III' 6-max Seat #5 is the button
Seat 1: vadjkeee ($100 in chips) is sitting out
Seat 2: michasia ($108.60 in chips) 
Seat 4: BoyLoc0 ($123.08 in chips) 
Seat 5: XneferX ($100 in chips) 
michasia: posts small blind $0.50
BoyLoc0: posts big blind $1
*** HOLE CARDS ***
XneferX: raises $1.77 to $2.77
michasia: folds 
BoyLoc0: folds 
Uncalled bet ($1.77) returned to XneferX
XneferX collected $2.50 from pot
XneferX: doesn't show hand 
*** SUMMARY ***
Total pot $2.50 | Rake $0 
Seat 1: vadjkeee
Seat 2: michasia (small blind) folded before Flop
Seat 4: BoyLoc0 (big blind) folded before Flop
Seat 5: XneferX (button) collected ($2.50)



PokerStars Hand #254454674042:  Hold'em No Limit ($0.50/$1.00 USD) - 2025/01/19 20:16:27 WET [2025/01/19 15:16:27 ET]
Table 'Griqua III' 6-max Seat #2 is the button
Seat 1: vadjkeee ($100 in chips) is sitting out
Seat 2: michasia ($108.10 in chips) 
Seat 4: BoyLoc0 ($122.08 in chips) 
Seat 5: XneferX ($101.50 in chips) 
BoyLoc0: posts small blind $0.50
XneferX: posts big blind $1
vadjkeee: sits out 
*** HOLE CARDS ***
michasia: raises $1.80 to $2.80
BoyLoc0: folds 
XneferX: raises $10.20 to $13
michasia: folds 
Uncalled bet ($10.20) returned to XneferX
XneferX collected $6.10 from pot
XneferX: doesn't show hand 
*** SUMMARY ***
Total pot $6.10 | Rake $0 
Seat 1: vadjkeee
Seat 2: michasia (button) folded before Flop
Seat 4: BoyLoc0 (small blind) folded before Flop
Seat 5: XneferX (big blind) collected ($6.10)



PokerStars Hand #254454685160:  Hold'em No Limit ($0.50/$1.00 USD) - 2025/01/19 20:16:56 WET [2025/01/19 15:16:56 ET]
Table 'Griqua III' 6-max Seat #4 is the button
Seat 1: vadjkeee ($100 in chips) 
Seat 2: michasia ($105.30 in chips) 
Seat 4: BoyLoc0 ($121.58 in chips) 
Seat 5: XneferX ($104.80 in chips) 
XneferX: posts small blind $0.50
vadjkeee: posts big blind $1
*** HOLE CARDS ***
michasia: folds 
BoyLoc0: folds 
XneferX: folds 
Uncalled bet ($0.50) returned to vadjkeee
vadjkeee collected $1 from pot
vadjkeee: doesn't show hand 
*** SUMMARY ***
Total pot $1 | Rake $0 
Seat 1: vadjkeee (big blind) collected ($1)
Seat 2: michasia folded before Flop (didn't bet)
Seat 4: BoyLoc0 (button) folded before Flop (didn't bet)
Seat 5: XneferX (small blind) folded before Flop



PokerStars Hand #254454689112:  Hold'em No Limit ($0.50/$1.00 USD) - 2025/01/19 20:17:06 WET [2025/01/19 15:17:06 ET]
Table 'Griqua III' 6-max Seat #5 is the button
Seat 1: vadjkeee ($100.50 in chips) 
Seat 2: michasia ($105.30 in chips) 
Seat 4: BoyLoc0 ($121.58 in chips) 
Seat 5: XneferX ($104.30 in chips) 
vadjkeee: posts small blind $0.50
michasia: posts big blind $1
*** HOLE CARDS ***
BoyLoc0: raises $1.50 to $2.50
XneferX: folds 
vadjkeee: raises $8.50 to $11
michasia: folds 
BoyLoc0: folds 
Uncalled bet ($8.50) returned to vadjkeee
vadjkeee collected $6 from pot
vadjkeee: doesn't show hand 
*** SUMMARY ***
Total pot $6 | Rake $0 
Seat 1: vadjkeee (small blind) collected ($6)
Seat 2: michasia (big blind) folded before Flop
Seat 4: BoyLoc0 folded before Flop
Seat 5: XneferX (button) folded before Flop (didn't bet)



PokerStars Hand #254454696144:  Hold'em No Limit ($0.50/$1.00 USD) - 2025/01/19 20:17:23 WET [2025/01/19 15:17:23 ET]
Table 'Griqua III' 6-max Seat #1 is the button
Seat 1: vadjkeee ($104 in chips) 
Seat 2: michasia ($104.30 in chips) 
Seat 4: BoyLoc0 ($119.08 in chips) 
Seat 5: XneferX ($104.30 in chips) 
michasia: posts small blind $0.50
BoyLoc0: posts big blind $1
*** HOLE CARDS ***
XneferX: folds 
vadjkeee: folds 
michasia: folds 
Uncalled bet ($0.50) returned to BoyLoc0
BoyLoc0 collected $1 from pot
BoyLoc0: doesn't show hand 
*** SUMMARY ***
Total pot $1 | Rake $0 
Seat 1: vadjkeee (button) folded before Flop (didn't bet)
Seat 2: michasia (small blind) folded before Flop
Seat 4: BoyLoc0 (big blind) collected ($1)
Seat 5: XneferX folded before Flop (didn't bet)



PokerStars Hand #254454701004:  Hold'em No Limit ($0.50/$1.00 USD) - 2025/01/19 20:17:35 WET [2025/01/19 15:17:35 ET]
Table 'Griqua III' 6-max Seat #2 is the button
Seat 1: vadjkeee ($104 in chips) 
Seat 2: michasia ($103.80 in chips) 
Seat 4: BoyLoc0 ($119.58 in chips) 
Seat 5: XneferX ($104.30 in chips) 
BoyLoc0: posts small blind $0.50
XneferX: posts big blind $1
*** HOLE CARDS ***
vadjkeee: folds 
michasia: folds 
BoyLoc0: raises $2 to $3
XneferX: calls $2
*** FLOP *** [Jh 9d 7d]
BoyLoc0: checks 
XneferX: bets $4.39
BoyLoc0: folds 
Uncalled bet ($4.39) returned to XneferX
XneferX collected $5.70 from pot
XneferX: doesn't show hand 
*** SUMMARY ***
Total pot $6 | Rake $0.30 
Board [Jh 9d 7d]
Seat 1: vadjkeee folded before Flop (didn't bet)
Seat 2: michasia (button) folded before Flop (didn't bet)
Seat 4: BoyLoc0 (small blind) folded on the Flop
Seat 5: XneferX (big blind) collected ($5.70)



PokerStars Hand #254454717681:  Hold'em No Limit ($0.50/$1.00 USD) - 2025/01/19 20:18:17 WET [2025/01/19 15:18:17 ET]
Table 'Griqua III' 6-max Seat #4 is the button
Seat 1: vadjkeee ($104 in chips) 
Seat 2: michasia ($103.80 in chips) 
Seat 4: BoyLoc0 ($116.58 in chips) 
Seat 5: XneferX ($107 in chips) 
XneferX: posts small blind $0.50
vadjkeee: posts big blind $1
*** HOLE CARDS ***
michasia: folds 
BoyLoc0: raises $1.50 to $2.50
XneferX: folds 
vadjkeee: folds 
Uncalled bet ($1.50) returned to BoyLoc0
BoyLoc0 collected $2.50 from pot
BoyLoc0: doesn't show hand 
*** SUMMARY ***
Total pot $2.50 | Rake $0 
Seat 1: vadjkeee (big blind) folded before Flop
Seat 2: michasia folded before Flop (didn't bet)
Seat 4: BoyLoc0 (button) collected ($2.50)
Seat 5: XneferX (small blind) folded before Flop



PokerStars Hand #254454724521:  Hold'em No Limit ($0.50/$1.00 USD) - 2025/01/19 20:18:35 WET [2025/01/19 15:18:35 ET]
Table 'Griqua III' 6-max Seat #5 is the button
Seat 1: vadjkeee ($103 in chips) 
Seat 2: michasia ($103.80 in chips) 
Seat 4: BoyLoc0 ($118.08 in chips) 
Seat 5: XneferX ($106.50 in chips) 
vadjkeee: posts small blind $0.50
michasia: posts big blind $1
*** HOLE CARDS ***
BoyLoc0: raises $1.50 to $2.50
XneferX: folds 
vadjkeee: raises $8.50 to $11
michasia: folds 
BoyLoc0: calls $8.50
*** FLOP *** [6d 7s Ac]
michasia leaves the table
vadjkeee: bets $5.50
BoyLoc0: calls $5.50
*** TURN *** [6d 7s Ac] [2d]
perketti joins the table at seat #2 
perketti is disconnected 
sta$igk joins the table at seat #3 
Mr_Dick666 joins the table at seat #6 
vadjkeee: bets $8.25
BoyLoc0: calls $8.25
*** RIVER *** [6d 7s Ac 2d] [5c]
vadjkeee: bets $12.38
perketti leaves the table
BoyLoc0: folds 
Uncalled bet ($12.38) returned to vadjkeee
vadjkeee collected $49.50 from pot
vadjkeee: doesn't show hand 
*** SUMMARY ***
Total pot $50.50 | Rake $1 
Board [6d 7s Ac 2d 5c]
Seat 1: vadjkeee (small blind) collected ($49.50)
Seat 2: michasia (big blind) folded before Flop
Seat 4: BoyLoc0 folded on the River
Seat 5: XneferX (button) folded before Flop (didn't bet)



PokerStars Hand #254454760010:  Hold'em No Limit ($0.50/$1.00 USD) - 2025/01/19 20:20:04 WET [2025/01/19 15:20:04 ET]
Table 'Griqua III' 6-max Seat #1 is the button
Seat 3: sta$igk ($100 in chips) is sitting out
Seat 6: Mr_Dick666 ($100 in chips) is sitting out
Seat 1: vadjkeee ($127.75 in chips) 
Seat 4: BoyLoc0 ($100 in chips) 
Seat 5: XneferX ($106.50 in chips) 
BoyLoc0: posts small blind $0.50
XneferX: posts big blind $1
Mr_Dick666: sits out 
*** HOLE CARDS ***
vadjkeee: raises $1.50 to $2.50
BoyLoc0: folds 
XneferX: folds 
Uncalled bet ($1.50) returned to vadjkeee
vadjkeee collected $2.50 from pot
vadjkeee: doesn't show hand 
*** SUMMARY ***
Total pot $2.50 | Rake $0 
Seat 3: sta$igk
Seat 6: Mr_Dick666
Seat 1: vadjkeee (button) collected ($2.50)
Seat 4: BoyLoc0 (small blind) folded before Flop
Seat 5: XneferX (big blind) folded before Flop



PokerStars Hand #254454764159:  Hold'em No Limit ($0.50/$1.00 USD) - 2025/01/19 20:20:14 WET [2025/01/19 15:20:14 ET]
Table 'Griqua III' 6-max Seat #4 is the button
Seat 3: sta$igk ($100 in chips) is sitting out
Seat 1: vadjkeee ($129.25 in chips) 
Seat 4: BoyLoc0 ($100 in chips) 
Seat 5: XneferX ($105.50 in chips) 
Seat 6: Mr_Dick666 ($100 in chips) 
XneferX: posts small blind $0.50
Mr_Dick666: posts big blind $1
sta$igk: sits out 
*** HOLE CARDS ***
vadjkeee: folds 
BoyLoc0: raises $1.50 to $2.50
XneferX: raises $9.50 to $12
Mr_Dick666: folds 
BoyLoc0: folds 
Uncalled bet ($9.50) returned to XneferX
XneferX collected $6 from pot
XneferX: doesn't show hand 
*** SUMMARY ***
Total pot $6 | Rake $0 
Seat 3: sta$igk
Seat 1: vadjkeee folded before Flop (didn't bet)
Seat 4: BoyLoc0 (button) folded before Flop
Seat 5: XneferX (small blind) collected ($6)
Seat 6: Mr_Dick666 (big blind) folded before Flop



PokerStars Hand #254454770634:  Hold'em No Limit ($0.50/$1.00 USD) - 2025/01/19 20:20:31 WET [2025/01/19 15:20:31 ET]
Table 'Griqua III' 6-max Seat #5 is the button
Seat 3: sta$igk ($100 in chips) is sitting out
Seat 1: vadjkeee ($129.25 in chips) 
Seat 4: BoyLoc0 ($100 in chips) 
Seat 5: XneferX ($109 in chips) 
Seat 6: Mr_Dick666 ($100 in chips) 
Mr_Dick666: posts small blind $0.50
vadjkeee: posts big blind $1
sta$igk: sits out 
*** HOLE CARDS ***
BoyLoc0: raises $1.50 to $2.50
XneferX: folds 
Mr_Dick666: folds 
vadjkeee: folds 
Uncalled bet ($1.50) returned to BoyLoc0
BoyLoc0 collected $2.50 from pot
BoyLoc0: doesn't show hand 
*** SUMMARY ***
Total pot $2.50 | Rake $0 
Seat 3: sta$igk
Seat 1: vadjkeee (big blind) folded before Flop
Seat 4: BoyLoc0 collected ($2.50)
Seat 5: XneferX (button) folded before Flop (didn't bet)
Seat 6: Mr_Dick666 (small blind) folded before Flop



PokerStars Hand #254454781109:  Hold'em No Limit ($0.50/$1.00 USD) - 2025/01/19 20:20:57 WET [2025/01/19 15:20:57 ET]
Table 'Griqua III' 6-max Seat #6 is the button
Seat 1: vadjkeee ($128.25 in chips) 
Seat 3: sta$igk ($100 in chips) 
Seat 4: BoyLoc0 ($101.50 in chips) 
Seat 5: XneferX ($109 in chips) 
Seat 6: Mr_Dick666 ($100 in chips) 
vadjkeee: posts small blind $0.50
sta$igk: posts big blind $1
*** HOLE CARDS ***
BoyLoc0: folds 
BrilliantDawn84 joins the table at seat #2 
XneferX: raises $1.30 to $2.30
Mr_Dick666: folds 
vadjkeee: folds 
sta$igk: folds 
Uncalled bet ($1.30) returned to XneferX
XneferX collected $2.50 from pot
XneferX: doesn't show hand 
*** SUMMARY ***
Total pot $2.50 | Rake $0 
Seat 1: vadjkeee (small blind) folded before Flop
Seat 3: sta$igk (big blind) folded before Flop
Seat 4: BoyLoc0 folded before Flop (didn't bet)
Seat 5: XneferX collected ($2.50)
Seat 6: Mr_Dick666 (button) folded before Flop (didn't bet)



PokerStars Hand #254454789042:  Hold'em No Limit ($0.50/$1.00 USD) - 2025/01/19 20:21:17 WET [2025/01/19 15:21:17 ET]
Table 'Griqua III' 6-max Seat #1 is the button
Seat 2: BrilliantDawn84 ($100 in chips) is sitting out
Seat 1: vadjkeee ($127.75 in chips) 
Seat 3: sta$igk ($100 in chips) 
Seat 4: BoyLoc0 ($101.50 in chips) 
Seat 5: XneferX ($110.50 in chips) 
Seat 6: Mr_Dick666 ($100 in chips) 
sta$igk: posts small blind $0.50
BoyLoc0: posts big blind $1
*** HOLE CARDS ***
XneferX: folds 
Mr_Dick666: raises $1.50 to $2.50
vadjkeee: folds 
sta$igk: folds 
BoyLoc0: folds 
Uncalled bet ($1.50) returned to Mr_Dick666
Mr_Dick666 collected $2.50 from pot
Mr_Dick666: doesn't show hand 
*** SUMMARY ***
Total pot $2.50 | Rake $0 
Seat 2: BrilliantDawn84
Seat 1: vadjkeee (button) folded before Flop (didn't bet)
Seat 3: sta$igk (small blind) folded before Flop
Seat 4: BoyLoc0 (big blind) folded before Flop
Seat 5: XneferX folded before Flop (didn't bet)
Seat 6: Mr_Dick666 collected ($2.50)



PokerStars Hand #254454795356:  Hold'em No Limit ($0.50/$1.00 USD) - 2025/01/19 20:21:33 WET [2025/01/19 15:21:33 ET]
Table 'Griqua III' 6-max Seat #3 is the button
Seat 2: BrilliantDawn84 ($100 in chips) is sitting out
Seat 1: vadjkeee ($127.75 in chips) 
Seat 3: sta$igk ($100 in chips) 
Seat 4: BoyLoc0 ($100.50 in chips) 
Seat 5: XneferX ($110.50 in chips) 
Seat 6: Mr_Dick666 ($101.50 in chips) 
BoyLoc0: posts small blind $0.50
XneferX: posts big blind $1
BrilliantDawn84: sits out 
*** HOLE CARDS ***
Mr_Dick666: folds 
vadjkeee: folds 
sta$igk: raises $1.50 to $2.50
BoyLoc0: folds 
XneferX: folds 
Uncalled bet ($1.50) returned to sta$igk
sta$igk collected $2.50 from pot
sta$igk: doesn't show hand 
*** SUMMARY ***
Total pot $2.50 | Rake $0 
Seat 2: BrilliantDawn84
Seat 1: vadjkeee folded before Flop (didn't bet)
Seat 3: sta$igk (button) collected ($2.50)
Seat 4: BoyLoc0 (small blind) folded before Flop
Seat 5: XneferX (big blind) folded before Flop
Seat 6: Mr_Dick666 folded before Flop (didn't bet)



PokerStars Hand #254454805014:  Hold'em No Limit ($0.50/$1.00 USD) - 2025/01/19 20:21:58 WET [2025/01/19 15:21:58 ET]
Table 'Griqua III' 6-max Seat #4 is the button
Seat 2: BrilliantDawn84 ($100 in chips) is sitting out
Seat 6: Mr_Dick666 ($101.50 in chips) is sitting out
Seat 1: vadjkeee ($127.75 in chips) 
Seat 3: sta$igk ($101.50 in chips) 
Seat 4: BoyLoc0 ($100 in chips) 
Seat 5: XneferX ($109.50 in chips) 
XneferX: posts small blind $0.50
Mr_Dick666: is sitting out 
vadjkeee: posts big blind $1
BrilliantDawn84: sits out 
*** HOLE CARDS ***
sta$igk: raises $1.50 to $2.50
BoyLoc0: folds 
XneferX: folds 
vadjkeee: folds 
Uncalled bet ($1.50) returned to sta$igk
sta$igk collected $2.50 from pot
sta$igk: doesn't show hand 
*** SUMMARY ***
Total pot $2.50 | Rake $0 
Seat 2: BrilliantDawn84
Seat 6: Mr_Dick666
Seat 1: vadjkeee (big blind) folded before Flop
Seat 3: sta$igk collected ($2.50)
Seat 4: BoyLoc0 (button) folded before Flop (didn't bet)
Seat 5: XneferX (small blind) folded before Flop



PokerStars Hand #254454810834:  Hold'em No Limit ($0.50/$1.00 USD) - 2025/01/19 20:22:12 WET [2025/01/19 15:22:12 ET]
Table 'Griqua III' 6-max Seat #5 is the button
Seat 2: BrilliantDawn84 ($100 in chips) is sitting out
Seat 3: sta$igk ($103 in chips) is sitting out
Seat 6: Mr_Dick666 ($101.50 in chips) is sitting out
Seat 1: vadjkeee ($126.75 in chips) 
Seat 4: BoyLoc0 ($100 in chips) 
Seat 5: XneferX ($109 in chips) 
vadjkeee: posts small blind $0.50
BrilliantDawn84 has timed out
BrilliantDawn84: is sitting out 
sta$igk: is sitting out 
BoyLoc0: posts big blind $1
*** HOLE CARDS ***
sta$igk leaves the table
XneferX: raises $1.77 to $2.77
vadjkeee: folds 
BoyLoc0: folds 
Uncalled bet ($1.77) returned to XneferX
XneferX collected $2.50 from pot
XneferX: doesn't show hand 
BrilliantDawn84 is disconnected 
*** SUMMARY ***
Total pot $2.50 | Rake $0 
Seat 2: BrilliantDawn84
Seat 3: sta$igk
Seat 6: Mr_Dick666
Seat 1: vadjkeee (small blind) folded before Flop
Seat 4: BoyLoc0 (big blind) folded before Flop
Seat 5: XneferX (button) collected ($2.50)



PokerStars Hand #254454822394:  Hold'em No Limit ($0.50/$1.00 USD) - 2025/01/19 20:22:41 WET [2025/01/19 15:22:41 ET]
Table 'Griqua III' 6-max Seat #1 is the button
Seat 2: BrilliantDawn84 ($100 in chips) is sitting out
Seat 6: Mr_Dick666 ($101.50 in chips) is sitting out
Seat 1: vadjkeee ($126.25 in chips) 
Seat 4: BoyLoc0 ($100 in chips) 
Seat 5: XneferX ($110.50 in chips) 
BoyLoc0: posts small blind $0.50
XneferX: posts big blind $1
Mr_Dick666: sits out 
*** HOLE CARDS ***
vadjkeee: folds 
BoyLoc0: raises $2 to $3
XneferX: folds 
Uncalled bet ($2) returned to BoyLoc0
BoyLoc0 collected $2 from pot
BoyLoc0: doesn't show hand 
*** SUMMARY ***
Total pot $2 | Rake $0 
Seat 2: BrilliantDawn84
Seat 6: Mr_Dick666
Seat 1: vadjkeee (button) folded before Flop (didn't bet)
Seat 4: BoyLoc0 (small blind) collected ($2)
Seat 5: XneferX (big blind) folded before Flop



PokerStars Hand #254454833594:  Hold'em No Limit ($0.50/$1.00 USD) - 2025/01/19 20:23:09 WET [2025/01/19 15:23:09 ET]
Table 'Griqua III' 6-max Seat #4 is the button
Seat 2: BrilliantDawn84 ($100 in chips) is sitting out
Seat 1: vadjkeee ($126.25 in chips) 
Seat 4: BoyLoc0 ($101 in chips) 
Seat 5: XneferX ($109.50 in chips) 
Seat 6: Mr_Dick666 ($101.50 in chips) 
XneferX: posts small blind $0.50
Mr_Dick666: posts big blind $1
*** HOLE CARDS ***
vadjkeee: folds 
BoyLoc0: folds 
XneferX: folds 
Uncalled bet ($0.50) returned to Mr_Dick666
Mr_Dick666 collected $1 from pot
Mr_Dick666: doesn't show hand 
*** SUMMARY ***
Total pot $1 | Rake $0 
Seat 2: BrilliantDawn84
Seat 1: vadjkeee folded before Flop (didn't bet)
Seat 4: BoyLoc0 (button) folded before Flop (didn't bet)
Seat 5: XneferX (small blind) folded before Flop
Seat 6: Mr_Dick666 (big blind) collected ($1)



PokerStars Hand #254454839334:  Hold'em No Limit ($0.50/$1.00 USD) - 2025/01/19 20:23:23 WET [2025/01/19 15:23:23 ET]
Table 'Griqua III' 6-max Seat #5 is the button
Seat 2: BrilliantDawn84 ($100 in chips) is sitting out
Seat 1: vadjkeee ($126.25 in chips) 
Seat 4: BoyLoc0 ($101 in chips) 
Seat 5: XneferX ($109 in chips) 
Seat 6: Mr_Dick666 ($102 in chips) 
Mr_Dick666: posts small blind $0.50
vadjkeee: posts big blind $1
*** HOLE CARDS ***
BoyLoc0: raises $1.50 to $2.50
XneferX: folds 
Mr_Dick666: folds 
vadjkeee: folds 
Uncalled bet ($1.50) returned to BoyLoc0
BoyLoc0 collected $2.50 from pot
BoyLoc0: doesn't show hand 
*** SUMMARY ***
Total pot $2.50 | Rake $0 
Seat 2: BrilliantDawn84
Seat 1: vadjkeee (big blind) folded before Flop
Seat 4: BoyLoc0 collected ($2.50)
Seat 5: XneferX (button) folded before Flop (didn't bet)
Seat 6: Mr_Dick666 (small blind) folded before Flop



PokerStars Hand #254454846031:  Hold'em No Limit ($0.50/$1.00 USD) - 2025/01/19 20:23:40 WET [2025/01/19 15:23:40 ET]
Table 'Griqua III' 6-max Seat #6 is the button
Seat 2: BrilliantDawn84 ($100 in chips) is sitting out
Seat 1: vadjkeee ($125.25 in chips) 
Seat 4: BoyLoc0 ($102.50 in chips) 
Seat 5: XneferX ($109 in chips) 
Seat 6: Mr_Dick666 ($101.50 in chips) 
vadjkeee: posts small blind $0.50
BoyLoc0: posts big blind $1
*** HOLE CARDS ***
XneferX: folds 
Mr_Dick666: folds 
vadjkeee: folds 
Uncalled bet ($0.50) returned to BoyLoc0
BoyLoc0 collected $1 from pot
BoyLoc0: doesn't show hand 
*** SUMMARY ***
Total pot $1 | Rake $0 
Seat 2: BrilliantDawn84
Seat 1: vadjkeee (small blind) folded before Flop
Seat 4: BoyLoc0 (big blind) collected ($1)
Seat 5: XneferX folded before Flop (didn't bet)
Seat 6: Mr_Dick666 (button) folded before Flop (didn't bet)



PokerStars Hand #254454850442:  Hold'em No Limit ($0.50/$1.00 USD) - 2025/01/19 20:23:51 WET [2025/01/19 15:23:51 ET]
Table 'Griqua III' 6-max Seat #1 is the button
Seat 2: BrilliantDawn84 ($100 in chips) is sitting out
Seat 1: vadjkeee ($124.75 in chips) 
Seat 4: BoyLoc0 ($103 in chips) 
Seat 5: XneferX ($109 in chips) 
Seat 6: Mr_Dick666 ($101.50 in chips) 
BoyLoc0: posts small blind $0.50
XneferX: posts big blind $1
*** HOLE CARDS ***
Mr_Dick666: folds 
vadjkeee: folds 
BoyLoc0: folds 
Uncalled bet ($0.50) returned to XneferX
XneferX collected $1 from pot
XneferX: doesn't show hand 
*** SUMMARY ***
Total pot $1 | Rake $0 
Seat 2: BrilliantDawn84
Seat 1: vadjkeee (button) folded before Flop (didn't bet)
Seat 4: BoyLoc0 (small blind) folded before Flop
Seat 5: XneferX (big blind) collected ($1)
Seat 6: Mr_Dick666 folded before Flop (didn't bet)



PokerStars Hand #254454859757:  Hold'em No Limit ($0.50/$1.00 USD) - 2025/01/19 20:24:15 WET [2025/01/19 15:24:15 ET]
Table 'Griqua III' 6-max Seat #4 is the button
Seat 2: BrilliantDawn84 ($100 in chips) is sitting out
Seat 6: Mr_Dick666 ($101.50 in chips) is sitting out
Seat 1: vadjkeee ($124.75 in chips) 
Seat 4: BoyLoc0 ($102.50 in chips) 
Seat 5: XneferX ($109.50 in chips) 
XneferX: posts small blind $0.50
Mr_Dick666: is sitting out 
vadjkeee: posts big blind $1
BrilliantDawn84: sits out 
*** HOLE CARDS ***
Mr_Dick666 leaves the table
BoyLoc0: folds 
XneferX: folds 
Uncalled bet ($0.50) returned to vadjkeee
vadjkeee collected $1 from pot
vadjkeee: doesn't show hand 
*** SUMMARY ***
Total pot $1 | Rake $0 
Seat 2: BrilliantDawn84
Seat 6: Mr_Dick666
Seat 1: vadjkeee (big blind) collected ($1)
Seat 4: BoyLoc0 (button) folded before Flop (didn't bet)
Seat 5: XneferX (small blind) folded before Flop



PokerStars Hand #254454864911:  Hold'em No Limit ($0.50/$1.00 USD) - 2025/01/19 20:24:28 WET [2025/01/19 15:24:28 ET]
Table 'Griqua III' 6-max Seat #5 is the button
Seat 1: vadjkeee ($125.25 in chips) 
Seat 2: BrilliantDawn84 ($100 in chips) 
Seat 4: BoyLoc0 ($102.50 in chips) 
Seat 5: XneferX ($109 in chips) 
vadjkeee: posts small blind $0.50
BrilliantDawn84: posts big blind $1
*** HOLE CARDS ***
BoyLoc0: raises $1.50 to $2.50
XneferX: folds 
vadjkeee: raises $8.50 to $11
BrilliantDawn84: folds 
BoyLoc0: calls $8.50
*** FLOP *** [5d 4d 6d]
vadjkeee: checks 
BoyLoc0: bets $7.26
vadjkeee: raises $10.74 to $18
BoyLoc0: calls $10.74
*** TURN *** [5d 4d 6d] [8h]
vadjkeee: checks 
BoyLoc0: checks 
*** RIVER *** [5d 4d 6d 8h] [9c]
vadjkeee: checks 
BoyLoc0: checks 
Oli3579 joins the table at seat #3 
*** SHOW DOWN ***
vadjkeee: shows [Ac As] (a pair of Aces)
BoyLoc0: shows [5c 4c] (two pair, Fives and Fours)
BoyLoc0 collected $58 from pot
*** SUMMARY ***
Total pot $59 | Rake $1 
Board [5d 4d 6d 8h 9c]
Seat 1: vadjkeee (small blind) showed [Ac As] and lost with a pair of Aces
Seat 2: BrilliantDawn84 (big blind) folded before Flop
Seat 4: BoyLoc0 showed [5c 4c] and won ($58) with two pair, Fives and Fours
Seat 5: XneferX (button) folded before Flop (didn't bet)



PokerStars Hand #254454896087:  Hold'em No Limit ($0.50/$1.00 USD) - 2025/01/19 20:25:47 WET [2025/01/19 15:25:47 ET]
Table 'Griqua III' 6-max Seat #1 is the button
Seat 2: BrilliantDawn84 ($99 in chips) is sitting out
Seat 3: Oli3579 ($100 in chips) is sitting out
Seat 1: vadjkeee ($100 in chips) 
Seat 4: BoyLoc0 ($131.50 in chips) 
Seat 5: XneferX ($109 in chips) 
BrilliantDawn84 is disconnected 
BrilliantDawn84 has timed out while disconnected
BrilliantDawn84: is sitting out 
Oli3579 will be allowed to play after the button
BoyLoc0: posts small blind $0.50
XneferX: posts big blind $1
*** HOLE CARDS ***
vadjkeee: folds 
BoyLoc0: folds 
Uncalled bet ($0.50) returned to XneferX
XneferX collected $1 from pot
XneferX: doesn't show hand 
*** SUMMARY ***
Total pot $1 | Rake $0 
Seat 2: BrilliantDawn84
Seat 3: Oli3579
Seat 1: vadjkeee (button) folded before Flop (didn't bet)
Seat 4: BoyLoc0 (small blind) folded before Flop
Seat 5: XneferX (big blind) collected ($1)



PokerStars Hand #254454904855:  Hold'em No Limit ($0.50/$1.00 USD) - 2025/01/19 20:26:09 WET [2025/01/19 15:26:09 ET]
Table 'Griqua III' 6-max Seat #4 is the button
Seat 2: BrilliantDawn84 ($99 in chips) is sitting out
Seat 3: Oli3579 ($100 in chips) is sitting out
Seat 1: vadjkeee ($100 in chips) 
Seat 4: BoyLoc0 ($131 in chips) 
Seat 5: XneferX ($109.50 in chips) 
XneferX: posts small blind $0.50
vadjkeee: posts big blind $1
Oli3579: sits out 
*** HOLE CARDS ***
BoyLoc0: raises $1.50 to $2.50
BrilliantDawn84 leaves the table
XneferX: raises $9.50 to $12
vadjkeee: folds 
BoyLoc0: folds 
Uncalled bet ($9.50) returned to XneferX
BoyLoc0 leaves the table
XneferX collected $6 from pot
XneferX: doesn't show hand 
*** SUMMARY ***
Total pot $6 | Rake $0 
Seat 2: BrilliantDawn84
Seat 3: Oli3579
Seat 1: vadjkeee (big blind) folded before Flop
Seat 4: BoyLoc0 (button) folded before Flop
Seat 5: XneferX (small blind) collected ($6)



PokerStars Hand #254454922842:  Hold'em No Limit ($0.50/$1.00 USD) - 2025/01/19 20:26:55 WET [2025/01/19 15:26:55 ET]
Table 'Griqua III' 6-max Seat #5 is the button
Seat 1: vadjkeee ($100 in chips) 
Seat 3: Oli3579 ($100 in chips) 
Seat 5: XneferX ($113 in chips) 
vadjkeee: posts small blind $0.50
Oli3579: posts big blind $1
*** HOLE CARDS ***
XneferX: raises $1.77 to $2.77
vadjkeee: folds 
Oli3579: calls $1.77
*** FLOP *** [9h 7s Jh]
Oli3579: checks 
XneferX: checks 
*** TURN *** [9h 7s Jh] [4d]
Oli3579: checks 
XneferX: checks 
*** RIVER *** [9h 7s Jh 4d] [2s]
Oli3579: bets $1.89
XneferX: folds 
Uncalled bet ($1.89) returned to Oli3579
Oli3579 collected $5.74 from pot
Oli3579: doesn't show hand 
*** SUMMARY ***
Total pot $6.04 | Rake $0.30 
Board [9h 7s Jh 4d 2s]
Seat 1: vadjkeee (small blind) folded before Flop
Seat 3: Oli3579 (big blind) collected ($5.74)
Seat 5: XneferX (button) folded on the River



PokerStars Hand #254454952467:  Hold'em No Limit ($0.50/$1.00 USD) - 2025/01/19 20:28:10 WET [2025/01/19 15:28:10 ET]
Table 'Griqua III' 6-max Seat #1 is the button
Seat 1: vadjkeee ($100 in chips) 
Seat 3: Oli3579 ($102.97 in chips) 
Seat 5: XneferX ($110.23 in chips) 
Oli3579: posts small blind $0.50
XneferX: posts big blind $1
*** HOLE CARDS ***
vadjkeee: raises $1.50 to $2.50
Oli3579: folds 
XneferX: folds 
Uncalled bet ($1.50) returned to vadjkeee
vadjkeee collected $2.50 from pot
vadjkeee: doesn't show hand 
*** SUMMARY ***
Total pot $2.50 | Rake $0 
Seat 1: vadjkeee (button) collected ($2.50)
Seat 3: Oli3579 (small blind) folded before Flop
Seat 5: XneferX (big blind) folded before Flop



PokerStars Hand #254454956648:  Hold'em No Limit ($0.50/$1.00 USD) - 2025/01/19 20:28:21 WET [2025/01/19 15:28:21 ET]
Table 'Griqua III' 6-max Seat #5 is the button
Seat 1: vadjkeee ($101.50 in chips) is sitting out
Seat 3: Oli3579 ($102.47 in chips) 
Seat 5: XneferX ($109.23 in chips) 
XneferX: posts small blind $0.50
vadjkeee: is sitting out 
Oli3579: posts big blind $1
*** HOLE CARDS ***
vadjkeee leaves the table
XneferX: raises $2 to $3
Oli3579: calls $2
*** FLOP *** [3h Ad 2c]
Oli3579: checks 
XneferX: bets $1.94
Oli3579: calls $1.94
*** TURN *** [3h Ad 2c] [Kh]
Oli3579: checks 
XneferX: checks 
*** RIVER *** [3h Ad 2c Kh] [Ts]
Oli3579: checks 
XneferX: checks 
*** SHOW DOWN ***
Oli3579: shows [3c Jc] (a pair of Threes)
XneferX: shows [9h 9s] (a pair of Nines)
XneferX collected $9.39 from pot
*** SUMMARY ***
Total pot $9.88 | Rake $0.49 
Board [3h Ad 2c Kh Ts]
Seat 1: vadjkeee
Seat 3: Oli3579 (big blind) showed [3c Jc] and lost with a pair of Threes
Seat 5: XneferX (button) (small blind) showed [9h 9s] and won ($9.39) with a pair of Nines



PokerStars Hand #254454977135:  Hold'em No Limit ($0.50/$1.00 USD) - 2025/01/19 20:29:13 WET [2025/01/19 15:29:13 ET]
Table 'Griqua III' 6-max Seat #3 is the button
Seat 3: Oli3579 ($100 in chips) 
Seat 5: XneferX ($113.68 in chips) 
Oli3579: posts small blind $0.50
XneferX: posts big blind $1
*** HOLE CARDS ***
Oli3579: raises $1.50 to $2.50
XneferX: folds 
Uncalled bet ($1.50) returned to Oli3579
Oli3579 collected $2 from pot
Oli3579: doesn't show hand 
*** SUMMARY ***
Total pot $2 | Rake $0 
Seat 3: Oli3579 (button) (small blind) collected ($2)
Seat 5: XneferX (big blind) folded before Flop



