PokerStars Hand #254449842844:  Hold'em No Limit ($0.50/$1.00 USD) - 2025/01/19 16:42:08 WET [2025/01/19 11:42:08 ET]
Table 'Papagena IV' 6-max Seat #3 is the button
Seat 1: CichiChanMarian ($100 in chips) 
Seat 2: brugesboy260684 ($40 in chips) 
Seat 3: blistein ($100 in chips) 
Seat 4: Alinyr ($100 in chips) 
Seat 5: ka100pka527 ($100 in chips) 
Seat 6: tintin641 ($104.75 in chips) 
Alinyr: posts small blind $0.50
ka100pka527: posts big blind $1
*** HOLE CARDS ***
tintin641: folds 
CichiChanMarian: folds 
brugesboy260684: folds 
blistein: folds 
Alinyr: folds 
Uncalled bet ($0.50) returned to ka100pka527
ka100pka527 collected $1 from pot
ka100pka527: doesn't show hand 
*** SUMMARY ***
Total pot $1 | Rake $0 
Seat 1: CichiChanMarian folded before Flop (didn't bet)
Seat 2: brugesboy260684 folded before Flop (didn't bet)
Seat 3: blistein (button) folded before Flop (didn't bet)
Seat 4: Alinyr (small blind) folded before Flop
Seat 5: ka100pka527 (big blind) collected ($1)
Seat 6: tintin641 folded before Flop (didn't bet)



PokerStars Hand #254449847962:  Hold'em No Limit ($0.50/$1.00 USD) - 2025/01/19 16:42:27 WET [2025/01/19 11:42:27 ET]
Table 'Papagena IV' 6-max Seat #4 is the button
Seat 1: CichiChanMarian ($100 in chips) 
Seat 2: brugesboy260684 ($40 in chips) 
Seat 3: blistein ($100 in chips) 
Seat 4: Alinyr ($100 in chips) 
Seat 5: ka100pka527 ($100.50 in chips) 
Seat 6: tintin641 ($104.75 in chips) 
ka100pka527: posts small blind $0.50
tintin641: posts big blind $1
*** HOLE CARDS ***
CichiChanMarian: folds 
brugesboy260684: folds 
blistein: folds 
Alinyr: raises $1.50 to $2.50
ka100pka527: folds 
tintin641: folds 
Uncalled bet ($1.50) returned to Alinyr
Alinyr collected $2.50 from pot
Alinyr: doesn't show hand 
*** SUMMARY ***
Total pot $2.50 | Rake $0 
Seat 1: CichiChanMarian folded before Flop (didn't bet)
Seat 2: brugesboy260684 folded before Flop (didn't bet)
Seat 3: blistein folded before Flop (didn't bet)
Seat 4: Alinyr (button) collected ($2.50)
Seat 5: ka100pka527 (small blind) folded before Flop
Seat 6: tintin641 (big blind) folded before Flop



PokerStars Hand #254449857457:  Hold'em No Limit ($0.50/$1.00 USD) - 2025/01/19 16:42:59 WET [2025/01/19 11:42:59 ET]
Table 'Papagena IV' 6-max Seat #5 is the button
Seat 1: CichiChanMarian ($100 in chips) 
Seat 2: brugesboy260684 ($40 in chips) 
Seat 3: blistein ($100 in chips) 
Seat 4: Alinyr ($101.50 in chips) 
Seat 5: ka100pka527 ($100 in chips) 
Seat 6: tintin641 ($103.75 in chips) 
tintin641: posts small blind $0.50
CichiChanMarian: posts big blind $1
*** HOLE CARDS ***
brugesboy260684 is disconnected 
brugesboy260684 is connected 
brugesboy260684: calls $1
blistein: folds 
Alinyr: raises $3 to $4
ka100pka527: folds 
tintin641: folds 
CichiChanMarian: folds 
brugesboy260684: calls $3
*** FLOP *** [2s 4h Qd]
brugesboy260684: checks 
Alinyr: bets $2.98
brugesboy260684: raises $6.98 to $9.96
Alinyr: folds 
Uncalled bet ($6.98) returned to brugesboy260684
brugesboy260684 collected $14.69 from pot
*** SUMMARY ***
Total pot $15.46 | Rake $0.77 
Board [2s 4h Qd]
Seat 1: CichiChanMarian (big blind) folded before Flop
Seat 2: brugesboy260684 collected ($14.69)
Seat 3: blistein folded before Flop (didn't bet)
Seat 4: Alinyr folded on the Flop
Seat 5: ka100pka527 (button) folded before Flop (didn't bet)
Seat 6: tintin641 (small blind) folded before Flop



PokerStars Hand #254449886997:  Hold'em No Limit ($0.50/$1.00 USD) - 2025/01/19 16:44:38 WET [2025/01/19 11:44:38 ET]
Table 'Papagena IV' 6-max Seat #6 is the button
Seat 1: CichiChanMarian ($100 in chips) 
Seat 2: brugesboy260684 ($47.71 in chips) 
Seat 3: blistein ($100 in chips) 
Seat 4: Alinyr ($100 in chips) 
Seat 5: ka100pka527 ($100 in chips) 
Seat 6: tintin641 ($103.25 in chips) 
CichiChanMarian: posts small blind $0.50
brugesboy260684: posts big blind $1
*** HOLE CARDS ***
blistein: folds 
Alinyr: folds 
ka100pka527: folds 
tintin641: folds 
CichiChanMarian: raises $2 to $3
brugesboy260684: calls $2
*** FLOP *** [3h Kh 6h]
CichiChanMarian: checks 
brugesboy260684: bets $3
CichiChanMarian: calls $3
*** TURN *** [3h Kh 6h] [7h]
CichiChanMarian: checks 
brugesboy260684: checks 
*** RIVER *** [3h Kh 6h 7h] [Qs]
CichiChanMarian: bets $8.55
brugesboy260684: folds 
Uncalled bet ($8.55) returned to CichiChanMarian
CichiChanMarian collected $11.40 from pot
CichiChanMarian: doesn't show hand 
*** SUMMARY ***
Total pot $12 | Rake $0.60 
Board [3h Kh 6h 7h Qs]
Seat 1: CichiChanMarian (small blind) collected ($11.40)
Seat 2: brugesboy260684 (big blind) folded on the River
Seat 3: blistein folded before Flop (didn't bet)
Seat 4: Alinyr folded before Flop (didn't bet)
Seat 5: ka100pka527 folded before Flop (didn't bet)
Seat 6: tintin641 (button) folded before Flop (didn't bet)



PokerStars Hand #254449901295:  Hold'em No Limit ($0.50/$1.00 USD) - 2025/01/19 16:45:26 WET [2025/01/19 11:45:26 ET]
Table 'Papagena IV' 6-max Seat #1 is the button
Seat 1: CichiChanMarian ($105.40 in chips) 
Seat 2: brugesboy260684 ($41.71 in chips) 
Seat 3: blistein ($100 in chips) 
Seat 4: Alinyr ($100 in chips) 
Seat 5: ka100pka527 ($100 in chips) 
Seat 6: tintin641 ($103.25 in chips) 
brugesboy260684: posts small blind $0.50
blistein: posts big blind $1
*** HOLE CARDS ***
Alinyr: folds 
ka100pka527: folds 
tintin641: folds 
CichiChanMarian: folds 
brugesboy260684: calls $0.50
blistein: raises $2.50 to $3.50
brugesboy260684: folds 
Uncalled bet ($2.50) returned to blistein
blistein collected $2 from pot
blistein: doesn't show hand 
*** SUMMARY ***
Total pot $2 | Rake $0 
Seat 1: CichiChanMarian (button) folded before Flop (didn't bet)
Seat 2: brugesboy260684 (small blind) folded before Flop
Seat 3: blistein (big blind) collected ($2)
Seat 4: Alinyr folded before Flop (didn't bet)
Seat 5: ka100pka527 folded before Flop (didn't bet)
Seat 6: tintin641 folded before Flop (didn't bet)



PokerStars Hand #254449910071:  Hold'em No Limit ($0.50/$1.00 USD) - 2025/01/19 16:45:55 WET [2025/01/19 11:45:55 ET]
Table 'Papagena IV' 6-max Seat #2 is the button
Seat 1: CichiChanMarian ($105.40 in chips) 
Seat 2: brugesboy260684 ($40.71 in chips) 
Seat 3: blistein ($101 in chips) 
Seat 4: Alinyr ($100 in chips) 
Seat 5: ka100pka527 ($100 in chips) 
Seat 6: tintin641 ($103.25 in chips) 
blistein: posts small blind $0.50
Alinyr: posts big blind $1
*** HOLE CARDS ***
ka100pka527: folds 
tintin641: raises $1.50 to $2.50
CichiChanMarian: folds 
brugesboy260684: folds 
blistein: folds 
Alinyr: folds 
Uncalled bet ($1.50) returned to tintin641
tintin641 collected $2.50 from pot
tintin641: doesn't show hand 
*** SUMMARY ***
Total pot $2.50 | Rake $0 
Seat 1: CichiChanMarian folded before Flop (didn't bet)
Seat 2: brugesboy260684 (button) folded before Flop (didn't bet)
Seat 3: blistein (small blind) folded before Flop
Seat 4: Alinyr (big blind) folded before Flop
Seat 5: ka100pka527 folded before Flop (didn't bet)
Seat 6: tintin641 collected ($2.50)



PokerStars Hand #254449914309:  Hold'em No Limit ($0.50/$1.00 USD) - 2025/01/19 16:46:09 WET [2025/01/19 11:46:09 ET]
Table 'Papagena IV' 6-max Seat #3 is the button
Seat 1: CichiChanMarian ($105.40 in chips) 
Seat 2: brugesboy260684 ($40.71 in chips) 
Seat 3: blistein ($100.50 in chips) 
Seat 4: Alinyr ($100 in chips) 
Seat 5: ka100pka527 ($100 in chips) 
Seat 6: tintin641 ($104.75 in chips) 
Alinyr: posts small blind $0.50
ka100pka527: posts big blind $1
*** HOLE CARDS ***
tintin641: raises $1.50 to $2.50
CichiChanMarian: folds 
brugesboy260684: folds 
blistein: raises $5 to $7.50
Alinyr: folds 
ka100pka527: folds 
tintin641: raises $12.50 to $20
blistein: folds 
Uncalled bet ($12.50) returned to tintin641
tintin641 collected $16.50 from pot
tintin641: doesn't show hand 
*** SUMMARY ***
Total pot $16.50 | Rake $0 
Seat 1: CichiChanMarian folded before Flop (didn't bet)
Seat 2: brugesboy260684 folded before Flop (didn't bet)
Seat 3: blistein (button) folded before Flop
Seat 4: Alinyr (small blind) folded before Flop
Seat 5: ka100pka527 (big blind) folded before Flop
Seat 6: tintin641 collected ($16.50)



PokerStars Hand #254449927472:  Hold'em No Limit ($0.50/$1.00 USD) - 2025/01/19 16:46:53 WET [2025/01/19 11:46:53 ET]
Table 'Papagena IV' 6-max Seat #4 is the button
Seat 1: CichiChanMarian ($105.40 in chips) 
Seat 2: brugesboy260684 ($40.71 in chips) 
Seat 3: blistein ($100 in chips) 
Seat 4: Alinyr ($100 in chips) 
Seat 5: ka100pka527 ($100 in chips) 
Seat 6: tintin641 ($113.75 in chips) 
ka100pka527: posts small blind $0.50
tintin641: posts big blind $1
*** HOLE CARDS ***
CichiChanMarian: folds 
brugesboy260684: folds 
blistein: folds 
Alinyr: folds 
ka100pka527: folds 
Uncalled bet ($0.50) returned to tintin641
tintin641 collected $1 from pot
tintin641: doesn't show hand 
*** SUMMARY ***
Total pot $1 | Rake $0 
Seat 1: CichiChanMarian folded before Flop (didn't bet)
Seat 2: brugesboy260684 folded before Flop (didn't bet)
Seat 3: blistein folded before Flop (didn't bet)
Seat 4: Alinyr (button) folded before Flop (didn't bet)
Seat 5: ka100pka527 (small blind) folded before Flop
Seat 6: tintin641 (big blind) collected ($1)



PokerStars Hand #254449932646:  Hold'em No Limit ($0.50/$1.00 USD) - 2025/01/19 16:47:11 WET [2025/01/19 11:47:11 ET]
Table 'Papagena IV' 6-max Seat #5 is the button
Seat 1: CichiChanMarian ($105.40 in chips) 
Seat 2: brugesboy260684 ($40.71 in chips) 
Seat 3: blistein ($100 in chips) 
Seat 4: Alinyr ($100 in chips) 
Seat 5: ka100pka527 ($100 in chips) 
Seat 6: tintin641 ($114.25 in chips) 
tintin641: posts small blind $0.50
CichiChanMarian: posts big blind $1
*** HOLE CARDS ***
brugesboy260684: calls $1
blistein: folds 
Alinyr: folds 
ka100pka527: folds 
tintin641: folds 
CichiChanMarian: raises $2 to $3
brugesboy260684: calls $2
*** FLOP *** [Ts Kh Kd]
CichiChanMarian: checks 
brugesboy260684: checks 
*** TURN *** [Ts Kh Kd] [Js]
CichiChanMarian: bets $4.08
brugesboy260684: calls $4.08
*** RIVER *** [Ts Kh Kd Js] [8s]
CichiChanMarian: bets $10.45
brugesboy260684: raises $23.18 to $33.63 and is all-in
CichiChanMarian: calls $23.18
*** SHOW DOWN ***
brugesboy260684: shows [7s As] (a flush, Ace high)
CichiChanMarian: shows [Ks 3s] (a flush, King high)
ka100pka527 leaves the table
brugesboy260684 collected $79.42 from pot
*** SUMMARY ***
Total pot $81.92 | Rake $2.50 
Board [Ts Kh Kd Js 8s]
Seat 1: CichiChanMarian (big blind) showed [Ks 3s] and lost with a flush, King high
Seat 2: brugesboy260684 showed [7s As] and won ($79.42) with a flush, Ace high
Seat 3: blistein folded before Flop (didn't bet)
Seat 4: Alinyr folded before Flop (didn't bet)
Seat 5: ka100pka527 (button) folded before Flop (didn't bet)
Seat 6: tintin641 (small blind) folded before Flop



PokerStars Hand #254449952289:  Hold'em No Limit ($0.50/$1.00 USD) - 2025/01/19 16:48:17 WET [2025/01/19 11:48:17 ET]
Table 'Papagena IV' 6-max Seat #6 is the button
Seat 1: CichiChanMarian ($100 in chips) 
Seat 2: brugesboy260684 ($79.42 in chips) 
Seat 3: blistein ($100 in chips) 
Seat 4: Alinyr ($100 in chips) 
Seat 6: tintin641 ($113.75 in chips) 
CichiChanMarian: posts small blind $0.50
brugesboy260684: posts big blind $1
*** HOLE CARDS ***
blistein: folds 
blistein leaves the table
Alinyr: folds 
tintin641: raises $1.50 to $2.50
CichiChanMarian: folds 
brugesboy260684: calls $1.50
*** FLOP *** [Td 4d 5s]
brugesboy260684: checks 
tintin641: bets $3.92
brugesboy260684: folds 
Uncalled bet ($3.92) returned to tintin641
tintin641 collected $5.22 from pot
tintin641: doesn't show hand 
*** SUMMARY ***
Total pot $5.50 | Rake $0.28 
Board [Td 4d 5s]
Seat 1: CichiChanMarian (small blind) folded before Flop
Seat 2: brugesboy260684 (big blind) folded on the Flop
Seat 3: blistein folded before Flop (didn't bet)
Seat 4: Alinyr folded before Flop (didn't bet)
Seat 6: tintin641 (button) collected ($5.22)



PokerStars Hand #254449963889:  Hold'em No Limit ($0.50/$1.00 USD) - 2025/01/19 16:48:56 WET [2025/01/19 11:48:56 ET]
Table 'Papagena IV' 6-max Seat #1 is the button
Seat 4: Alinyr ($100 in chips) is sitting out
Seat 1: CichiChanMarian ($100 in chips) 
Seat 2: brugesboy260684 ($76.92 in chips) 
Seat 6: tintin641 ($116.47 in chips) 
brugesboy260684: posts small blind $0.50
Alinyr: is sitting out 
tintin641: posts big blind $1
*** HOLE CARDS ***
CichiChanMarian: folds 
brugesboy260684: calls $0.50
tintin641: checks 
*** FLOP *** [Jc 9d 5c]
brugesboy260684: checks 
Alinyr leaves the table
tintin641: checks 
*** TURN *** [Jc 9d 5c] [5d]
brugesboy260684: bets $1
tintin641: folds 
Uncalled bet ($1) returned to brugesboy260684
brugesboy260684 collected $1.90 from pot
*** SUMMARY ***
Total pot $2 | Rake $0.10 
Board [Jc 9d 5c 5d]
Seat 4: Alinyr
Seat 1: CichiChanMarian (button) folded before Flop (didn't bet)
Seat 2: brugesboy260684 (small blind) collected ($1.90)
Seat 6: tintin641 (big blind) folded on the Turn



PokerStars Hand #254449972558:  Hold'em No Limit ($0.50/$1.00 USD) - 2025/01/19 16:49:26 WET [2025/01/19 11:49:26 ET]
Table 'Papagena IV' 6-max Seat #2 is the button
Seat 1: CichiChanMarian ($100 in chips) 
Seat 2: brugesboy260684 ($77.82 in chips) 
Seat 6: tintin641 ($115.47 in chips) 
tintin641: posts small blind $0.50
CichiChanMarian: posts big blind $1
*** HOLE CARDS ***
brugesboy260684: calls $1
tintin641: calls $0.50
CichiChanMarian: checks 
*** FLOP *** [2s Kh 5d]
tintin641: checks 
CichiChanMarian: bets $1
brugesboy260684: folds 
tintin641: folds 
Uncalled bet ($1) returned to CichiChanMarian
CichiChanMarian collected $2.85 from pot
CichiChanMarian: doesn't show hand 
*** SUMMARY ***
Total pot $3 | Rake $0.15 
Board [2s Kh 5d]
Seat 1: CichiChanMarian (big blind) collected ($2.85)
Seat 2: brugesboy260684 (button) folded on the Flop
Seat 6: tintin641 (small blind) folded on the Flop



PokerStars Hand #254449980777:  Hold'em No Limit ($0.50/$1.00 USD) - 2025/01/19 16:49:54 WET [2025/01/19 11:49:54 ET]
Table 'Papagena IV' 6-max Seat #6 is the button
Seat 1: CichiChanMarian ($101.85 in chips) 
Seat 2: brugesboy260684 ($76.82 in chips) 
Seat 6: tintin641 ($114.47 in chips) 
CichiChanMarian: posts small blind $0.50
brugesboy260684: posts big blind $1
*** HOLE CARDS ***
tintin641: raises $1.50 to $2.50
CichiChanMarian: raises $10 to $12.50
brugesboy260684: folds 
tintin641: folds 
Uncalled bet ($10) returned to CichiChanMarian
Joker007r joins the table at seat #3 
CichiChanMarian collected $6 from pot
CichiChanMarian: doesn't show hand 
*** SUMMARY ***
Total pot $6 | Rake $0 
Seat 1: CichiChanMarian (small blind) collected ($6)
Seat 2: brugesboy260684 (big blind) folded before Flop
Seat 6: tintin641 (button) folded before Flop



PokerStars Hand #254449985227:  Hold'em No Limit ($0.50/$1.00 USD) - 2025/01/19 16:50:09 WET [2025/01/19 11:50:09 ET]
Table 'Papagena IV' 6-max Seat #1 is the button
Seat 1: CichiChanMarian ($105.35 in chips) 
Seat 2: brugesboy260684 ($75.82 in chips) 
Seat 3: Joker007r ($100 in chips) 
Seat 6: tintin641 ($111.97 in chips) 
brugesboy260684: posts small blind $0.50
Joker007r: posts big blind $1
*** HOLE CARDS ***
tintin641: folds 
CichiChanMarian: folds 
brugesboy260684: raises $2 to $3
Joker007r: raises $6 to $9
brugesboy260684: calls $6
*** FLOP *** [As 4c 8s]
brugesboy260684: checks 
Joker007r: checks 
*** TURN *** [As 4c 8s] [3c]
brugesboy260684: checks 
Joker007r: bets $8.89
brugesboy260684: folds 
Uncalled bet ($8.89) returned to Joker007r
Joker007r collected $17.10 from pot
Joker007r: doesn't show hand 
*** SUMMARY ***
Total pot $18 | Rake $0.90 
Board [As 4c 8s 3c]
Seat 1: CichiChanMarian (button) folded before Flop (didn't bet)
Seat 2: brugesboy260684 (small blind) folded on the Turn
Seat 3: Joker007r (big blind) collected ($17.10)
Seat 6: tintin641 folded before Flop (didn't bet)



PokerStars Hand #254449999113:  Hold'em No Limit ($0.50/$1.00 USD) - 2025/01/19 16:50:56 WET [2025/01/19 11:50:56 ET]
Table 'Papagena IV' 6-max Seat #2 is the button
Seat 1: CichiChanMarian ($105.35 in chips) 
Seat 2: brugesboy260684 ($66.82 in chips) 
Seat 3: Joker007r ($108.10 in chips) 
Seat 6: tintin641 ($111.97 in chips) 
Joker007r: posts small blind $0.50
tintin641: posts big blind $1
*** HOLE CARDS ***
CichiChanMarian: folds 
brugesboy260684: folds 
Joker007r: folds 
Uncalled bet ($0.50) returned to tintin641
tintin641 collected $1 from pot
tintin641: doesn't show hand 
*** SUMMARY ***
Total pot $1 | Rake $0 
Seat 1: CichiChanMarian folded before Flop (didn't bet)
Seat 2: brugesboy260684 (button) folded before Flop (didn't bet)
Seat 3: Joker007r (small blind) folded before Flop
Seat 6: tintin641 (big blind) collected ($1)



PokerStars Hand #254450003764:  Hold'em No Limit ($0.50/$1.00 USD) - 2025/01/19 16:51:12 WET [2025/01/19 11:51:12 ET]
Table 'Papagena IV' 6-max Seat #3 is the button
Seat 1: CichiChanMarian ($105.35 in chips) 
Seat 2: brugesboy260684 ($66.82 in chips) 
Seat 3: Joker007r ($107.60 in chips) 
Seat 6: tintin641 ($112.47 in chips) 
tintin641: posts small blind $0.50
CichiChanMarian: posts big blind $1
*** HOLE CARDS ***
sta$igk joins the table at seat #4 
brugesboy260684: folds 
Joker007r: raises $1.50 to $2.50
tintin641: folds 
CichiChanMarian: folds 
Uncalled bet ($1.50) returned to Joker007r
Joker007r collected $2.50 from pot
Joker007r: doesn't show hand 
*** SUMMARY ***
Total pot $2.50 | Rake $0 
Seat 1: CichiChanMarian (big blind) folded before Flop
Seat 2: brugesboy260684 folded before Flop (didn't bet)
Seat 3: Joker007r (button) collected ($2.50)
Seat 6: tintin641 (small blind) folded before Flop



PokerStars Hand #254450008536:  Hold'em No Limit ($0.50/$1.00 USD) - 2025/01/19 16:51:28 WET [2025/01/19 11:51:28 ET]
Table 'Papagena IV' 6-max Seat #6 is the button
Seat 4: sta$igk ($100 in chips) is sitting out
Seat 1: CichiChanMarian ($104.35 in chips) 
Seat 2: brugesboy260684 ($66.82 in chips) 
Seat 3: Joker007r ($109.10 in chips) 
Seat 6: tintin641 ($111.97 in chips) 
CichiChanMarian: posts small blind $0.50
brugesboy260684: posts big blind $1
sta$igk: sits out 
*** HOLE CARDS ***
Joker007r: folds 
tintin641: folds 
Zvst joins the table at seat #5 
CichiChanMarian: folds 
Uncalled bet ($0.50) returned to brugesboy260684
brugesboy260684 collected $1 from pot
*** SUMMARY ***
Total pot $1 | Rake $0 
Seat 4: sta$igk
Seat 1: CichiChanMarian (small blind) folded before Flop
Seat 2: brugesboy260684 (big blind) collected ($1)
Seat 3: Joker007r folded before Flop (didn't bet)
Seat 6: tintin641 (button) folded before Flop (didn't bet)



PokerStars Hand #254450016169:  Hold'em No Limit ($0.50/$1.00 USD) - 2025/01/19 16:51:54 WET [2025/01/19 11:51:54 ET]
Table 'Papagena IV' 6-max Seat #1 is the button
Seat 4: sta$igk ($100 in chips) is sitting out
Seat 5: Zvst ($100 in chips) is sitting out
Seat 1: CichiChanMarian ($103.85 in chips) 
Seat 2: brugesboy260684 ($67.32 in chips) 
Seat 3: Joker007r ($109.10 in chips) 
Seat 6: tintin641 ($111.97 in chips) 
brugesboy260684: posts small blind $0.50
Joker007r: posts big blind $1
sta$igk: sits out 
Zvst: sits out 
*** HOLE CARDS ***
tintin641: folds 
CichiChanMarian: raises $1.50 to $2.50
brugesboy260684: folds 
Joker007r: folds 
Uncalled bet ($1.50) returned to CichiChanMarian
CichiChanMarian collected $2.50 from pot
CichiChanMarian: doesn't show hand 
*** SUMMARY ***
Total pot $2.50 | Rake $0 
Seat 4: sta$igk
Seat 5: Zvst
Seat 1: CichiChanMarian (button) collected ($2.50)
Seat 2: brugesboy260684 (small blind) folded before Flop
Seat 3: Joker007r (big blind) folded before Flop
Seat 6: tintin641 folded before Flop (didn't bet)



PokerStars Hand #254450023167:  Hold'em No Limit ($0.50/$1.00 USD) - 2025/01/19 16:52:17 WET [2025/01/19 11:52:17 ET]
Table 'Papagena IV' 6-max Seat #2 is the button
Seat 5: Zvst ($100 in chips) is sitting out
Seat 1: CichiChanMarian ($105.35 in chips) 
Seat 2: brugesboy260684 ($66.82 in chips) 
Seat 3: Joker007r ($108.10 in chips) 
Seat 4: sta$igk ($100 in chips) 
Seat 6: tintin641 ($111.97 in chips) 
Joker007r: posts small blind $0.50
sta$igk: posts big blind $1
Zvst: sits out 
*** HOLE CARDS ***
tintin641: raises $1.50 to $2.50
CichiChanMarian: folds 
brugesboy260684: folds 
Joker007r: folds 
sta$igk: calls $1.50
*** FLOP *** [As 7s 7c]
sta$igk: checks 
tintin641: bets $1.72
sta$igk: calls $1.72
*** TURN *** [As 7s 7c] [2d]
sta$igk: checks 
tintin641: checks 
*** RIVER *** [As 7s 7c 2d] [4h]
sta$igk: bets $2.12
tintin641: calls $2.12
*** SHOW DOWN ***
sta$igk: shows [8s 8d] (two pair, Eights and Sevens)
tintin641: shows [9d 9h] (two pair, Nines and Sevens)
tintin641 collected $12.52 from pot
*** SUMMARY ***
Total pot $13.18 | Rake $0.66 
Board [As 7s 7c 2d 4h]
Seat 5: Zvst
Seat 1: CichiChanMarian folded before Flop (didn't bet)
Seat 2: brugesboy260684 (button) folded before Flop (didn't bet)
Seat 3: Joker007r (small blind) folded before Flop
Seat 4: sta$igk (big blind) showed [8s 8d] and lost with two pair, Eights and Sevens
Seat 6: tintin641 showed [9d 9h] and won ($12.52) with two pair, Nines and Sevens



PokerStars Hand #254450041048:  Hold'em No Limit ($0.50/$1.00 USD) - 2025/01/19 16:53:18 WET [2025/01/19 11:53:18 ET]
Table 'Papagena IV' 6-max Seat #3 is the button
Seat 1: CichiChanMarian ($105.35 in chips) 
Seat 2: brugesboy260684 ($66.82 in chips) 
Seat 3: Joker007r ($107.60 in chips) 
Seat 4: sta$igk ($100 in chips) 
Seat 5: Zvst ($100 in chips) 
Seat 6: tintin641 ($118.15 in chips) 
sta$igk: posts small blind $0.50
Zvst: posts big blind $1
*** HOLE CARDS ***
tintin641: folds 
CichiChanMarian: raises $1.50 to $2.50
brugesboy260684: calls $2.50
Joker007r: folds 
sta$igk: folds 
Zvst: raises $12 to $14.50
CichiChanMarian: folds 
brugesboy260684: folds 
Uncalled bet ($12) returned to Zvst
Zvst collected $8 from pot
Zvst: doesn't show hand 
*** SUMMARY ***
Total pot $8 | Rake $0 
Seat 1: CichiChanMarian folded before Flop
Seat 2: brugesboy260684 folded before Flop
Seat 3: Joker007r (button) folded before Flop (didn't bet)
Seat 4: sta$igk (small blind) folded before Flop
Seat 5: Zvst (big blind) collected ($8)
Seat 6: tintin641 folded before Flop (didn't bet)



PokerStars Hand #254450049572:  Hold'em No Limit ($0.50/$1.00 USD) - 2025/01/19 16:53:46 WET [2025/01/19 11:53:46 ET]
Table 'Papagena IV' 6-max Seat #4 is the button
Seat 1: CichiChanMarian ($102.85 in chips) 
Seat 2: brugesboy260684 ($64.32 in chips) 
Seat 3: Joker007r ($107.60 in chips) 
Seat 4: sta$igk ($100 in chips) 
Seat 5: Zvst ($105.50 in chips) 
Seat 6: tintin641 ($118.15 in chips) 
Zvst: posts small blind $0.50
tintin641: posts big blind $1
*** HOLE CARDS ***
CichiChanMarian: raises $1.50 to $2.50
brugesboy260684: folds 
Joker007r: folds 
sta$igk: raises $5.50 to $8
Zvst: folds 
tintin641: folds 
CichiChanMarian: folds 
Uncalled bet ($5.50) returned to sta$igk
sta$igk collected $6.50 from pot
sta$igk: doesn't show hand 
*** SUMMARY ***
Total pot $6.50 | Rake $0 
Seat 1: CichiChanMarian folded before Flop
Seat 2: brugesboy260684 folded before Flop (didn't bet)
Seat 3: Joker007r folded before Flop (didn't bet)
Seat 4: sta$igk (button) collected ($6.50)
Seat 5: Zvst (small blind) folded before Flop
Seat 6: tintin641 (big blind) folded before Flop



PokerStars Hand #254450055684:  Hold'em No Limit ($0.50/$1.00 USD) - 2025/01/19 16:54:07 WET [2025/01/19 11:54:07 ET]
Table 'Papagena IV' 6-max Seat #5 is the button
Seat 1: CichiChanMarian ($100.35 in chips) 
Seat 2: brugesboy260684 ($64.32 in chips) 
Seat 3: Joker007r ($107.60 in chips) 
Seat 4: sta$igk ($104 in chips) 
Seat 5: Zvst ($105 in chips) 
Seat 6: tintin641 ($117.15 in chips) 
tintin641: posts small blind $0.50
CichiChanMarian: posts big blind $1
*** HOLE CARDS ***
brugesboy260684: folds 
Joker007r: folds 
sta$igk: folds 
Zvst: folds 
tintin641: folds 
Uncalled bet ($0.50) returned to CichiChanMarian
CichiChanMarian collected $1 from pot
CichiChanMarian: doesn't show hand 
*** SUMMARY ***
Total pot $1 | Rake $0 
Seat 1: CichiChanMarian (big blind) collected ($1)
Seat 2: brugesboy260684 folded before Flop (didn't bet)
Seat 3: Joker007r folded before Flop (didn't bet)
Seat 4: sta$igk folded before Flop (didn't bet)
Seat 5: Zvst (button) folded before Flop (didn't bet)
Seat 6: tintin641 (small blind) folded before Flop



PokerStars Hand #254450058671:  Hold'em No Limit ($0.50/$1.00 USD) - 2025/01/19 16:54:17 WET [2025/01/19 11:54:17 ET]
Table 'Papagena IV' 6-max Seat #6 is the button
Seat 1: CichiChanMarian ($100.85 in chips) 
Seat 2: brugesboy260684 ($64.32 in chips) 
Seat 3: Joker007r ($107.60 in chips) 
Seat 4: sta$igk ($104 in chips) 
Seat 5: Zvst ($105 in chips) 
Seat 6: tintin641 ($116.65 in chips) 
CichiChanMarian: posts small blind $0.50
brugesboy260684: posts big blind $1
*** HOLE CARDS ***
Joker007r: folds 
sta$igk: folds 
Zvst: folds 
tintin641: raises $1.50 to $2.50
CichiChanMarian: folds 
brugesboy260684: folds 
Uncalled bet ($1.50) returned to tintin641
tintin641 collected $2.50 from pot
tintin641: doesn't show hand 
*** SUMMARY ***
Total pot $2.50 | Rake $0 
Seat 1: CichiChanMarian (small blind) folded before Flop
Seat 2: brugesboy260684 (big blind) folded before Flop
Seat 3: Joker007r folded before Flop (didn't bet)
Seat 4: sta$igk folded before Flop (didn't bet)
Seat 5: Zvst folded before Flop (didn't bet)
Seat 6: tintin641 (button) collected ($2.50)



PokerStars Hand #254450063831:  Hold'em No Limit ($0.50/$1.00 USD) - 2025/01/19 16:54:35 WET [2025/01/19 11:54:35 ET]
Table 'Papagena IV' 6-max Seat #1 is the button
Seat 1: CichiChanMarian ($100.35 in chips) 
Seat 2: brugesboy260684 ($63.32 in chips) 
Seat 3: Joker007r ($107.60 in chips) 
Seat 4: sta$igk ($104 in chips) 
Seat 5: Zvst ($105 in chips) 
Seat 6: tintin641 ($118.15 in chips) 
brugesboy260684: posts small blind $0.50
Joker007r: posts big blind $1
*** HOLE CARDS ***
sta$igk: folds 
Zvst: folds 
tintin641: folds 
CichiChanMarian is disconnected 
CichiChanMarian is connected 
CichiChanMarian: folds 
brugesboy260684: calls $0.50
Joker007r: raises $4 to $5
brugesboy260684: folds 
Uncalled bet ($4) returned to Joker007r
Joker007r collected $2 from pot
Joker007r: doesn't show hand 
*** SUMMARY ***
Total pot $2 | Rake $0 
Seat 1: CichiChanMarian (button) folded before Flop (didn't bet)
Seat 2: brugesboy260684 (small blind) folded before Flop
Seat 3: Joker007r (big blind) collected ($2)
Seat 4: sta$igk folded before Flop (didn't bet)
Seat 5: Zvst folded before Flop (didn't bet)
Seat 6: tintin641 folded before Flop (didn't bet)



PokerStars Hand #254450075009:  Hold'em No Limit ($0.50/$1.00 USD) - 2025/01/19 16:55:16 WET [2025/01/19 11:55:16 ET]
Table 'Papagena IV' 6-max Seat #2 is the button
Seat 1: CichiChanMarian ($100.35 in chips) 
Seat 2: brugesboy260684 ($62.32 in chips) 
Seat 3: Joker007r ($108.60 in chips) 
Seat 4: sta$igk ($104 in chips) 
Seat 5: Zvst ($105 in chips) 
Seat 6: tintin641 ($118.15 in chips) 
Joker007r: posts small blind $0.50
sta$igk: posts big blind $1
*** HOLE CARDS ***
Zvst: folds 
Zvst leaves the table
tintin641: folds 
CichiChanMarian: raises $1.50 to $2.50
brugesboy260684: folds 
Joker007r: folds 
sta$igk: folds 
Uncalled bet ($1.50) returned to CichiChanMarian
CichiChanMarian collected $2.50 from pot
CichiChanMarian: doesn't show hand 
*** SUMMARY ***
Total pot $2.50 | Rake $0 
Seat 1: CichiChanMarian collected ($2.50)
Seat 2: brugesboy260684 (button) folded before Flop (didn't bet)
Seat 3: Joker007r (small blind) folded before Flop
Seat 4: sta$igk (big blind) folded before Flop
Seat 5: Zvst folded before Flop (didn't bet)
Seat 6: tintin641 folded before Flop (didn't bet)



PokerStars Hand #254450078326:  Hold'em No Limit ($0.50/$1.00 USD) - 2025/01/19 16:55:33 WET [2025/01/19 11:55:33 ET]
Table 'Papagena IV' 6-max Seat #3 is the button
Seat 1: CichiChanMarian ($101.85 in chips) 
Seat 2: brugesboy260684 ($62.32 in chips) 
Seat 3: Joker007r ($108.10 in chips) 
Seat 4: sta$igk ($103 in chips) 
Seat 6: tintin641 ($118.15 in chips) 
sta$igk: posts small blind $0.50
tintin641: posts big blind $1
*** HOLE CARDS ***
CichiChanMarian: folds 
brugesboy260684: folds 
Joker007r: raises $1.50 to $2.50
sta$igk: folds 
Pippa83 joins the table at seat #5 
tintin641: calls $1.50
*** FLOP *** [7c Ts 9d]
tintin641: checks 
Joker007r: bets $1.72
tintin641: folds 
Uncalled bet ($1.72) returned to Joker007r
Joker007r collected $5.22 from pot
Joker007r: doesn't show hand 
*** SUMMARY ***
Total pot $5.50 | Rake $0.28 
Board [7c Ts 9d]
Seat 1: CichiChanMarian folded before Flop (didn't bet)
Seat 2: brugesboy260684 folded before Flop (didn't bet)
Seat 3: Joker007r (button) collected ($5.22)
Seat 4: sta$igk (small blind) folded before Flop
Seat 6: tintin641 (big blind) folded on the Flop



PokerStars Hand #254450084993:  Hold'em No Limit ($0.50/$1.00 USD) - 2025/01/19 16:56:07 WET [2025/01/19 11:56:07 ET]
Table 'Papagena IV' 6-max Seat #4 is the button
Seat 5: Pippa83 ($100 in chips) is sitting out
Seat 1: CichiChanMarian ($101.85 in chips) 
Seat 2: brugesboy260684 ($62.32 in chips) 
Seat 3: Joker007r ($110.82 in chips) 
Seat 4: sta$igk ($102.50 in chips) 
Seat 6: tintin641 ($115.65 in chips) 
tintin641: posts small blind $0.50
CichiChanMarian: posts big blind $1
*** HOLE CARDS ***
brugesboy260684: calls $1
Joker007r: raises $2.50 to $3.50
sta$igk: folds 
tintin641: folds 
CichiChanMarian: folds 
brugesboy260684: calls $2.50
*** FLOP *** [7d Jh 2d]
brugesboy260684: checks 
Joker007r: bets $5.39
brugesboy260684: folds 
Uncalled bet ($5.39) returned to Joker007r
Joker007r collected $8.08 from pot
Joker007r: doesn't show hand 
*** SUMMARY ***
Total pot $8.50 | Rake $0.42 
Board [7d Jh 2d]
Seat 5: Pippa83
Seat 1: CichiChanMarian (big blind) folded before Flop
Seat 2: brugesboy260684 folded on the Flop
Seat 3: Joker007r collected ($8.08)
Seat 4: sta$igk (button) folded before Flop (didn't bet)
Seat 6: tintin641 (small blind) folded before Flop



PokerStars Hand #254450091102:  Hold'em No Limit ($0.50/$1.00 USD) - 2025/01/19 16:56:37 WET [2025/01/19 11:56:37 ET]
Table 'Papagena IV' 6-max Seat #6 is the button
Seat 5: Pippa83 ($100 in chips) is sitting out
Seat 1: CichiChanMarian ($100.85 in chips) 
Seat 2: brugesboy260684 ($58.82 in chips) 
Seat 3: Joker007r ($115.40 in chips) 
Seat 4: sta$igk ($102.50 in chips) 
Seat 6: tintin641 ($115.15 in chips) 
CichiChanMarian: posts small blind $0.50
brugesboy260684: posts big blind $1
Pippa83: sits out 
*** HOLE CARDS ***
Joker007r: raises $2 to $3
sta$igk: folds 
tintin641: folds 
CichiChanMarian: calls $2.50
brugesboy260684: folds 
*** FLOP *** [7d 2c Ad]
CichiChanMarian: checks 
Joker007r: bets $2.19
CichiChanMarian: folds 
Uncalled bet ($2.19) returned to Joker007r
Joker007r collected $6.65 from pot
Joker007r: doesn't show hand 
*** SUMMARY ***
Total pot $7 | Rake $0.35 
Board [7d 2c Ad]
Seat 5: Pippa83
Seat 1: CichiChanMarian (small blind) folded on the Flop
Seat 2: brugesboy260684 (big blind) folded before Flop
Seat 3: Joker007r collected ($6.65)
Seat 4: sta$igk folded before Flop (didn't bet)
Seat 6: tintin641 (button) folded before Flop (didn't bet)



PokerStars Hand #254450098018:  Hold'em No Limit ($0.50/$1.00 USD) - 2025/01/19 16:57:12 WET [2025/01/19 11:57:12 ET]
Table 'Papagena IV' 6-max Seat #1 is the button
Seat 5: Pippa83 ($100 in chips) is sitting out
Seat 1: CichiChanMarian ($100 in chips) 
Seat 2: brugesboy260684 ($57.82 in chips) 
Seat 3: Joker007r ($119.05 in chips) 
Seat 4: sta$igk ($102.50 in chips) 
Seat 6: tintin641 ($115.15 in chips) 
brugesboy260684: posts small blind $0.50
Joker007r: posts big blind $1
Pippa83: sits out 
*** HOLE CARDS ***
sta$igk: folds 
tintin641: raises $1.50 to $2.50
CichiChanMarian: folds 
brugesboy260684: folds 
Joker007r: folds 
Uncalled bet ($1.50) returned to tintin641
tintin641 collected $2.50 from pot
tintin641: doesn't show hand 
*** SUMMARY ***
Total pot $2.50 | Rake $0 
Seat 5: Pippa83
Seat 1: CichiChanMarian (button) folded before Flop (didn't bet)
Seat 2: brugesboy260684 (small blind) folded before Flop
Seat 3: Joker007r (big blind) folded before Flop
Seat 4: sta$igk folded before Flop (didn't bet)
Seat 6: tintin641 collected ($2.50)



PokerStars Hand #254450100588:  Hold'em No Limit ($0.50/$1.00 USD) - 2025/01/19 16:57:25 WET [2025/01/19 11:57:25 ET]
Table 'Papagena IV' 6-max Seat #2 is the button
Seat 5: Pippa83 ($100 in chips) is sitting out
Seat 1: CichiChanMarian ($100 in chips) 
Seat 2: brugesboy260684 ($57.32 in chips) 
Seat 3: Joker007r ($118.05 in chips) 
Seat 4: sta$igk ($102.50 in chips) 
Seat 6: tintin641 ($116.65 in chips) 
Joker007r: posts small blind $0.50
sta$igk: posts big blind $1
Pippa83: sits out 
*** HOLE CARDS ***
tintin641: folds 
CichiChanMarian: folds 
tintin641 leaves the table
brugesboy260684: folds 
Joker007r: folds 
Uncalled bet ($0.50) returned to sta$igk
sta$igk collected $1 from pot
sta$igk: doesn't show hand 
*** SUMMARY ***
Total pot $1 | Rake $0 
Seat 5: Pippa83
Seat 1: CichiChanMarian folded before Flop (didn't bet)
Seat 2: brugesboy260684 (button) folded before Flop (didn't bet)
Seat 3: Joker007r (small blind) folded before Flop
Seat 4: sta$igk (big blind) collected ($1)
Seat 6: tintin641 folded before Flop (didn't bet)



PokerStars Hand #254450103634:  Hold'em No Limit ($0.50/$1.00 USD) - 2025/01/19 16:57:41 WET [2025/01/19 11:57:41 ET]
Table 'Papagena IV' 6-max Seat #3 is the button
Seat 1: CichiChanMarian ($100 in chips) 
Seat 2: brugesboy260684 ($57.32 in chips) 
Seat 3: Joker007r ($117.55 in chips) 
Seat 4: sta$igk ($103 in chips) 
Seat 5: Pippa83 ($100 in chips) 
sta$igk: posts small blind $0.50
Pippa83: posts big blind $1
*** HOLE CARDS ***
CichiChanMarian: raises $1.50 to $2.50
brugesboy260684: folds 
Joker007r: raises $5 to $7.50
sta$igk: folds 
Pippa83: folds 
CichiChanMarian: folds 
Uncalled bet ($5) returned to Joker007r
IREQO joins the table at seat #6 
Joker007r collected $6.50 from pot
Joker007r: doesn't show hand 
*** SUMMARY ***
Total pot $6.50 | Rake $0 
Seat 1: CichiChanMarian folded before Flop
Seat 2: brugesboy260684 folded before Flop (didn't bet)
Seat 3: Joker007r (button) collected ($6.50)
Seat 4: sta$igk (small blind) folded before Flop
Seat 5: Pippa83 (big blind) folded before Flop



PokerStars Hand #254450110693:  Hold'em No Limit ($0.50/$1.00 USD) - 2025/01/19 16:58:16 WET [2025/01/19 11:58:16 ET]
Table 'Papagena IV' 6-max Seat #4 is the button
Seat 1: CichiChanMarian ($100 in chips) 
Seat 2: brugesboy260684 ($57.32 in chips) 
Seat 3: Joker007r ($121.55 in chips) 
Seat 4: sta$igk ($102.50 in chips) 
Seat 5: Pippa83 ($100 in chips) 
Seat 6: IREQO ($100 in chips) 
Pippa83: posts small blind $0.50
IREQO: posts big blind $1
*** HOLE CARDS ***
CichiChanMarian: folds 
brugesboy260684: raises $3 to $4
Joker007r: folds 
sta$igk: folds 
Pippa83: folds 
IREQO: folds 
Uncalled bet ($3) returned to brugesboy260684
brugesboy260684 collected $2.50 from pot
*** SUMMARY ***
Total pot $2.50 | Rake $0 
Seat 1: CichiChanMarian folded before Flop (didn't bet)
Seat 2: brugesboy260684 collected ($2.50)
Seat 3: Joker007r folded before Flop (didn't bet)
Seat 4: sta$igk (button) folded before Flop (didn't bet)
Seat 5: Pippa83 (small blind) folded before Flop
Seat 6: IREQO (big blind) folded before Flop



PokerStars Hand #254450113487:  Hold'em No Limit ($0.50/$1.00 USD) - 2025/01/19 16:58:31 WET [2025/01/19 11:58:31 ET]
Table 'Papagena IV' 6-max Seat #5 is the button
Seat 1: CichiChanMarian ($100 in chips) 
Seat 2: brugesboy260684 ($58.82 in chips) 
Seat 3: Joker007r ($121.55 in chips) 
Seat 4: sta$igk ($102.50 in chips) 
Seat 5: Pippa83 ($100 in chips) 
Seat 6: IREQO ($100 in chips) 
IREQO: posts small blind $0.50
CichiChanMarian: posts big blind $1
*** HOLE CARDS ***
brugesboy260684: folds 
Joker007r: folds 
sta$igk: folds 
Pippa83: raises $1.50 to $2.50
IREQO: raises $9.50 to $12
CichiChanMarian: folds 
Pippa83: calls $9.50
*** FLOP *** [Tc 3c Kd]
IREQO: bets $8
Pippa83: calls $8
*** TURN *** [Tc 3c Kd] [7c]
IREQO: bets $80 and is all-in
Pippa83: calls $80 and is all-in
IREQO has timed out
*** RIVER *** [Tc 3c Kd 7c] [6h]
*** SHOW DOWN ***
IREQO: shows [Qc Kh] (a pair of Kings)
Pippa83: shows [Th Td] (three of a kind, Tens)
Pippa83 collected $198.50 from pot
*** SUMMARY ***
Total pot $201 | Rake $2.50 
Board [Tc 3c Kd 7c 6h]
Seat 1: CichiChanMarian (big blind) folded before Flop
Seat 2: brugesboy260684 folded before Flop (didn't bet)
Seat 3: Joker007r folded before Flop (didn't bet)
Seat 4: sta$igk folded before Flop (didn't bet)
Seat 5: Pippa83 (button) showed [Th Td] and won ($198.50) with three of a kind, Tens
Seat 6: IREQO (small blind) showed [Qc Kh] and lost with a pair of Kings



PokerStars Hand #254450132826:  Hold'em No Limit ($0.50/$1.00 USD) - 2025/01/19 17:00:06 WET [2025/01/19 12:00:06 ET]
Table 'Papagena IV' 6-max Seat #6 is the button
Seat 1: CichiChanMarian ($100 in chips) 
Seat 2: brugesboy260684 ($58.82 in chips) 
Seat 3: Joker007r ($121.55 in chips) 
Seat 4: sta$igk ($102.50 in chips) 
Seat 5: Pippa83 ($198.50 in chips) 
Seat 6: IREQO ($100 in chips) 
CichiChanMarian: posts small blind $0.50
brugesboy260684: posts big blind $1
*** HOLE CARDS ***
Joker007r: folds 
sta$igk: folds 
Pippa83: folds 
IREQO: raises $1.50 to $2.50
CichiChanMarian: folds 
brugesboy260684: folds 
Uncalled bet ($1.50) returned to IREQO
IREQO collected $2.50 from pot
IREQO: doesn't show hand 
*** SUMMARY ***
Total pot $2.50 | Rake $0 
Seat 1: CichiChanMarian (small blind) folded before Flop
Seat 2: brugesboy260684 (big blind) folded before Flop
Seat 3: Joker007r folded before Flop (didn't bet)
Seat 4: sta$igk folded before Flop (didn't bet)
Seat 5: Pippa83 folded before Flop (didn't bet)
Seat 6: IREQO (button) collected ($2.50)



PokerStars Hand #254450136391:  Hold'em No Limit ($0.50/$1.00 USD) - 2025/01/19 17:00:23 WET [2025/01/19 12:00:23 ET]
Table 'Papagena IV' 6-max Seat #1 is the button
Seat 1: CichiChanMarian ($100 in chips) 
Seat 2: brugesboy260684 ($57.82 in chips) 
Seat 3: Joker007r ($121.55 in chips) 
Seat 4: sta$igk ($102.50 in chips) 
Seat 5: Pippa83 ($198.50 in chips) 
Seat 6: IREQO ($101.50 in chips) 
brugesboy260684: posts small blind $0.50
Joker007r: posts big blind $1
*** HOLE CARDS ***
sta$igk: folds 
Pippa83: raises $1.20 to $2.20
IREQO: folds 
CichiChanMarian: raises $4.84 to $7.04
brugesboy260684: folds 
Joker007r: folds 
Pippa83: folds 
Uncalled bet ($4.84) returned to CichiChanMarian
CichiChanMarian collected $5.90 from pot
CichiChanMarian: doesn't show hand 
*** SUMMARY ***
Total pot $5.90 | Rake $0 
Seat 1: CichiChanMarian (button) collected ($5.90)
Seat 2: brugesboy260684 (small blind) folded before Flop
Seat 3: Joker007r (big blind) folded before Flop
Seat 4: sta$igk folded before Flop (didn't bet)
Seat 5: Pippa83 folded before Flop
Seat 6: IREQO folded before Flop (didn't bet)



PokerStars Hand #254450141244:  Hold'em No Limit ($0.50/$1.00 USD) - 2025/01/19 17:00:45 WET [2025/01/19 12:00:45 ET]
Table 'Papagena IV' 6-max Seat #2 is the button
Seat 1: CichiChanMarian ($103.70 in chips) 
Seat 2: brugesboy260684 ($57.32 in chips) 
Seat 3: Joker007r ($120.55 in chips) 
Seat 4: sta$igk ($102.50 in chips) 
Seat 5: Pippa83 ($196.30 in chips) 
Seat 6: IREQO ($101.50 in chips) 
Joker007r: posts small blind $0.50
sta$igk: posts big blind $1
*** HOLE CARDS ***
Pippa83: raises $1.20 to $2.20
IREQO: folds 
CichiChanMarian: folds 
brugesboy260684: raises $2.20 to $4.40
Joker007r: folds 
sta$igk: folds 
Pippa83: calls $2.20
*** FLOP *** [4h 2c 3s]
Pippa83: checks 
brugesboy260684: bets $4
Pippa83: folds 
Uncalled bet ($4) returned to brugesboy260684
brugesboy260684 collected $9.78 from pot
*** SUMMARY ***
Total pot $10.30 | Rake $0.52 
Board [4h 2c 3s]
Seat 1: CichiChanMarian folded before Flop (didn't bet)
Seat 2: brugesboy260684 (button) collected ($9.78)
Seat 3: Joker007r (small blind) folded before Flop
Seat 4: sta$igk (big blind) folded before Flop
Seat 5: Pippa83 folded on the Flop
Seat 6: IREQO folded before Flop (didn't bet)



PokerStars Hand #254450148339:  Hold'em No Limit ($0.50/$1.00 USD) - 2025/01/19 17:01:14 WET [2025/01/19 12:01:14 ET]
Table 'Papagena IV' 6-max Seat #3 is the button
Seat 1: CichiChanMarian ($103.70 in chips) 
Seat 2: brugesboy260684 ($62.70 in chips) 
Seat 3: Joker007r ($120.05 in chips) 
Seat 4: sta$igk ($101.50 in chips) 
Seat 5: Pippa83 ($191.90 in chips) 
Seat 6: IREQO ($101.50 in chips) 
sta$igk: posts small blind $0.50
Pippa83: posts big blind $1
*** HOLE CARDS ***
IREQO: raises $1.50 to $2.50
CichiChanMarian: folds 
brugesboy260684: folds 
Joker007r: folds 
sta$igk: folds 
Pippa83: calls $1.50
*** FLOP *** [Th 5h 6h]
Pippa83: checks 
IREQO: bets $1.72
Pippa83: folds 
Uncalled bet ($1.72) returned to IREQO
IREQO collected $5.22 from pot
IREQO: doesn't show hand 
*** SUMMARY ***
Total pot $5.50 | Rake $0.28 
Board [Th 5h 6h]
Seat 1: CichiChanMarian folded before Flop (didn't bet)
Seat 2: brugesboy260684 folded before Flop (didn't bet)
Seat 3: Joker007r (button) folded before Flop (didn't bet)
Seat 4: sta$igk (small blind) folded before Flop
Seat 5: Pippa83 (big blind) folded on the Flop
Seat 6: IREQO collected ($5.22)



PokerStars Hand #254450159825:  Hold'em No Limit ($0.50/$1.00 USD) - 2025/01/19 17:01:57 WET [2025/01/19 12:01:57 ET]
Table 'Papagena IV' 6-max Seat #4 is the button
Seat 1: CichiChanMarian ($103.70 in chips) 
Seat 2: brugesboy260684 ($62.70 in chips) 
Seat 3: Joker007r ($120.05 in chips) 
Seat 4: sta$igk ($101 in chips) 
Seat 5: Pippa83 ($189.40 in chips) 
Seat 6: IREQO ($104.22 in chips) 
Pippa83: posts small blind $0.50
IREQO: posts big blind $1
*** HOLE CARDS ***
CichiChanMarian: folds 
brugesboy260684: folds 
Joker007r: folds 
sta$igk: folds 
Pippa83: folds 
Uncalled bet ($0.50) returned to IREQO
IREQO collected $1 from pot
IREQO: doesn't show hand 
*** SUMMARY ***
Total pot $1 | Rake $0 
Seat 1: CichiChanMarian folded before Flop (didn't bet)
Seat 2: brugesboy260684 folded before Flop (didn't bet)
Seat 3: Joker007r folded before Flop (didn't bet)
Seat 4: sta$igk (button) folded before Flop (didn't bet)
Seat 5: Pippa83 (small blind) folded before Flop
Seat 6: IREQO (big blind) collected ($1)



PokerStars Hand #254450163543:  Hold'em No Limit ($0.50/$1.00 USD) - 2025/01/19 17:02:09 WET [2025/01/19 12:02:09 ET]
Table 'Papagena IV' 6-max Seat #5 is the button
Seat 1: CichiChanMarian ($103.70 in chips) 
Seat 2: brugesboy260684 ($62.70 in chips) 
Seat 3: Joker007r ($120.05 in chips) 
Seat 4: sta$igk ($101 in chips) 
Seat 5: Pippa83 ($188.90 in chips) 
Seat 6: IREQO ($104.72 in chips) 
IREQO: posts small blind $0.50
CichiChanMarian: posts big blind $1
*** HOLE CARDS ***
brugesboy260684: raises $1 to $2
Joker007r: raises $5 to $7
sta$igk: folds 
Pippa83: folds 
IREQO: folds 
CichiChanMarian: folds 
brugesboy260684: calls $5
*** FLOP *** [8s Jc Kd]
brugesboy260684: checks 
Joker007r: bets $4.86
brugesboy260684: folds 
Uncalled bet ($4.86) returned to Joker007r
Joker007r collected $14.72 from pot
Joker007r: doesn't show hand 
*** SUMMARY ***
Total pot $15.50 | Rake $0.78 
Board [8s Jc Kd]
Seat 1: CichiChanMarian (big blind) folded before Flop
Seat 2: brugesboy260684 folded on the Flop
Seat 3: Joker007r collected ($14.72)
Seat 4: sta$igk folded before Flop (didn't bet)
Seat 5: Pippa83 (button) folded before Flop (didn't bet)
Seat 6: IREQO (small blind) folded before Flop



PokerStars Hand #254450175562:  Hold'em No Limit ($0.50/$1.00 USD) - 2025/01/19 17:02:50 WET [2025/01/19 12:02:50 ET]
Table 'Papagena IV' 6-max Seat #6 is the button
Seat 1: CichiChanMarian ($102.70 in chips) 
Seat 2: brugesboy260684 ($55.70 in chips) 
Seat 3: Joker007r ($127.77 in chips) 
Seat 4: sta$igk ($101 in chips) 
Seat 5: Pippa83 ($188.90 in chips) 
Seat 6: IREQO ($104.22 in chips) 
CichiChanMarian: posts small blind $0.50
brugesboy260684: posts big blind $1
*** HOLE CARDS ***
Joker007r: folds 
sta$igk: folds 
Pippa83: folds 
IREQO: folds 
CichiChanMarian: raises $2 to $3
brugesboy260684: calls $2
*** FLOP *** [2c Jh 9s]
CichiChanMarian: checks 
brugesboy260684: checks 
*** TURN *** [2c Jh 9s] [5s]
CichiChanMarian: checks 
brugesboy260684: checks 
*** RIVER *** [2c Jh 9s 5s] [9c]
CichiChanMarian: checks 
brugesboy260684: bets $5.70
CichiChanMarian: folds 
Uncalled bet ($5.70) returned to brugesboy260684
brugesboy260684 collected $5.70 from pot
*** SUMMARY ***
Total pot $6 | Rake $0.30 
Board [2c Jh 9s 5s 9c]
Seat 1: CichiChanMarian (small blind) folded on the River
Seat 2: brugesboy260684 (big blind) collected ($5.70)
Seat 3: Joker007r folded before Flop (didn't bet)
Seat 4: sta$igk folded before Flop (didn't bet)
Seat 5: Pippa83 folded before Flop (didn't bet)
Seat 6: IREQO (button) folded before Flop (didn't bet)



PokerStars Hand #254450191823:  Hold'em No Limit ($0.50/$1.00 USD) - 2025/01/19 17:03:44 WET [2025/01/19 12:03:44 ET]
Table 'Papagena IV' 6-max Seat #1 is the button
Seat 1: CichiChanMarian ($100 in chips) 
Seat 2: brugesboy260684 ($58.40 in chips) 
Seat 3: Joker007r ($127.77 in chips) 
Seat 4: sta$igk ($101 in chips) 
Seat 5: Pippa83 ($188.90 in chips) 
Seat 6: IREQO ($104.22 in chips) 
brugesboy260684: posts small blind $0.50
Joker007r: posts big blind $1
*** HOLE CARDS ***
sta$igk: folds 
Pippa83: raises $1.20 to $2.20
IREQO: folds 
CichiChanMarian: folds 
brugesboy260684: folds 
Joker007r: folds 
Uncalled bet ($1.20) returned to Pippa83
Pippa83 collected $2.50 from pot
Pippa83: doesn't show hand 
*** SUMMARY ***
Total pot $2.50 | Rake $0 
Seat 1: CichiChanMarian (button) folded before Flop (didn't bet)
Seat 2: brugesboy260684 (small blind) folded before Flop
Seat 3: Joker007r (big blind) folded before Flop
Seat 4: sta$igk folded before Flop (didn't bet)
Seat 5: Pippa83 collected ($2.50)
Seat 6: IREQO folded before Flop (didn't bet)



PokerStars Hand #254450197724:  Hold'em No Limit ($0.50/$1.00 USD) - 2025/01/19 17:04:04 WET [2025/01/19 12:04:04 ET]
Table 'Papagena IV' 6-max Seat #2 is the button
Seat 1: CichiChanMarian ($100 in chips) 
Seat 2: brugesboy260684 ($57.90 in chips) 
Seat 3: Joker007r ($126.77 in chips) 
Seat 4: sta$igk ($101 in chips) 
Seat 5: Pippa83 ($190.40 in chips) 
Seat 6: IREQO ($104.22 in chips) 
Joker007r: posts small blind $0.50
sta$igk: posts big blind $1
*** HOLE CARDS ***
Pippa83: folds 
IREQO: folds 
CichiChanMarian: folds 
brugesboy260684: folds 
Joker007r: raises $2 to $3
sta$igk: calls $2
*** FLOP *** [7h 5h 8d]
Joker007r: checks 
sta$igk: bets $4.28
Joker007r: calls $4.28
*** TURN *** [7h 5h 8d] [5s]
Joker007r: checks 
sta$igk: checks 
*** RIVER *** [7h 5h 8d 5s] [Qd]
Joker007r: bets $21.85
sta$igk: folds 
Uncalled bet ($21.85) returned to Joker007r
Joker007r collected $13.83 from pot
Joker007r: doesn't show hand 
*** SUMMARY ***
Total pot $14.56 | Rake $0.73 
Board [7h 5h 8d 5s Qd]
Seat 1: CichiChanMarian folded before Flop (didn't bet)
Seat 2: brugesboy260684 (button) folded before Flop (didn't bet)
Seat 3: Joker007r (small blind) collected ($13.83)
Seat 4: sta$igk (big blind) folded on the River
Seat 5: Pippa83 folded before Flop (didn't bet)
Seat 6: IREQO folded before Flop (didn't bet)



PokerStars Hand #254450220776:  Hold'em No Limit ($0.50/$1.00 USD) - 2025/01/19 17:05:19 WET [2025/01/19 12:05:19 ET]
Table 'Papagena IV' 6-max Seat #3 is the button
Seat 1: CichiChanMarian ($100 in chips) 
Seat 2: brugesboy260684 ($57.90 in chips) 
Seat 3: Joker007r ($133.32 in chips) 
Seat 4: sta$igk ($100 in chips) 
Seat 5: Pippa83 ($190.40 in chips) 
Seat 6: IREQO ($104.22 in chips) 
sta$igk: posts small blind $0.50
Pippa83: posts big blind $1
*** HOLE CARDS ***
IREQO: folds 
CichiChanMarian: raises $1.50 to $2.50
brugesboy260684: raises $1.50 to $4
Joker007r: folds 
sta$igk: folds 
Pippa83: calls $3
CichiChanMarian: calls $1.50
*** FLOP *** [2s Th 6c]
Pippa83: checks 
CichiChanMarian: checks 
brugesboy260684: checks 
*** TURN *** [2s Th 6c] [3d]
Pippa83: bets $3.92
CichiChanMarian: folds 
brugesboy260684: raises $9.86 to $13.78
Pippa83: folds 
Uncalled bet ($9.86) returned to brugesboy260684
brugesboy260684 collected $19.32 from pot
*** SUMMARY ***
Total pot $20.34 | Rake $1.02 
Board [2s Th 6c 3d]
Seat 1: CichiChanMarian folded on the Turn
Seat 2: brugesboy260684 collected ($19.32)
Seat 3: Joker007r (button) folded before Flop (didn't bet)
Seat 4: sta$igk (small blind) folded before Flop
Seat 5: Pippa83 (big blind) folded on the Turn
Seat 6: IREQO folded before Flop (didn't bet)



PokerStars Hand #254450241776:  Hold'em No Limit ($0.50/$1.00 USD) - 2025/01/19 17:06:27 WET [2025/01/19 12:06:27 ET]
Table 'Papagena IV' 6-max Seat #4 is the button
Seat 1: CichiChanMarian ($100 in chips) 
Seat 2: brugesboy260684 ($69.30 in chips) 
Seat 3: Joker007r ($133.32 in chips) 
Seat 4: sta$igk ($100 in chips) 
Seat 5: Pippa83 ($182.48 in chips) 
Seat 6: IREQO ($104.22 in chips) 
Pippa83: posts small blind $0.50
IREQO: posts big blind $1
*** HOLE CARDS ***
CichiChanMarian: folds 
brugesboy260684: folds 
Joker007r: folds 
sta$igk: folds 
Pippa83: raises $2 to $3
IREQO: folds 
Uncalled bet ($2) returned to Pippa83
Pippa83 collected $2 from pot
Pippa83: doesn't show hand 
*** SUMMARY ***
Total pot $2 | Rake $0 
Seat 1: CichiChanMarian folded before Flop (didn't bet)
Seat 2: brugesboy260684 folded before Flop (didn't bet)
Seat 3: Joker007r folded before Flop (didn't bet)
Seat 4: sta$igk (button) folded before Flop (didn't bet)
Seat 5: Pippa83 (small blind) collected ($2)
Seat 6: IREQO (big blind) folded before Flop



PokerStars Hand #254450247534:  Hold'em No Limit ($0.50/$1.00 USD) - 2025/01/19 17:06:46 WET [2025/01/19 12:06:46 ET]
Table 'Papagena IV' 6-max Seat #5 is the button
Seat 1: CichiChanMarian ($100 in chips) 
Seat 2: brugesboy260684 ($69.30 in chips) 
Seat 3: Joker007r ($133.32 in chips) 
Seat 4: sta$igk ($100 in chips) 
Seat 5: Pippa83 ($183.48 in chips) 
Seat 6: IREQO ($103.22 in chips) 
IREQO: posts small blind $0.50
CichiChanMarian: posts big blind $1
*** HOLE CARDS ***
brugesboy260684: raises $2 to $3
Joker007r: folds 
sta$igk: folds 
Pippa83: folds 
IREQO: folds 
CichiChanMarian: folds 
Uncalled bet ($2) returned to brugesboy260684
brugesboy260684 collected $2.50 from pot
*** SUMMARY ***
Total pot $2.50 | Rake $0 
Seat 1: CichiChanMarian (big blind) folded before Flop
Seat 2: brugesboy260684 collected ($2.50)
Seat 3: Joker007r folded before Flop (didn't bet)
Seat 4: sta$igk folded before Flop (didn't bet)
Seat 5: Pippa83 (button) folded before Flop (didn't bet)
Seat 6: IREQO (small blind) folded before Flop



PokerStars Hand #254450254430:  Hold'em No Limit ($0.50/$1.00 USD) - 2025/01/19 17:07:08 WET [2025/01/19 12:07:08 ET]
Table 'Papagena IV' 6-max Seat #6 is the button
Seat 1: CichiChanMarian ($100 in chips) 
Seat 2: brugesboy260684 ($70.80 in chips) 
Seat 3: Joker007r ($133.32 in chips) 
Seat 4: sta$igk ($100 in chips) 
Seat 5: Pippa83 ($183.48 in chips) 
Seat 6: IREQO ($102.72 in chips) 
CichiChanMarian: posts small blind $0.50
brugesboy260684: posts big blind $1
*** HOLE CARDS ***
Joker007r: folds 
sta$igk: folds 
Pippa83: folds 
IREQO: raises $1.50 to $2.50
CichiChanMarian: folds 
brugesboy260684: folds 
Uncalled bet ($1.50) returned to IREQO
IREQO collected $2.50 from pot
IREQO: doesn't show hand 
*** SUMMARY ***
Total pot $2.50 | Rake $0 
Seat 1: CichiChanMarian (small blind) folded before Flop
Seat 2: brugesboy260684 (big blind) folded before Flop
Seat 3: Joker007r folded before Flop (didn't bet)
Seat 4: sta$igk folded before Flop (didn't bet)
Seat 5: Pippa83 folded before Flop (didn't bet)
Seat 6: IREQO (button) collected ($2.50)



PokerStars Hand #254450260319:  Hold'em No Limit ($0.50/$1.00 USD) - 2025/01/19 17:07:28 WET [2025/01/19 12:07:28 ET]
Table 'Papagena IV' 6-max Seat #1 is the button
Seat 1: CichiChanMarian ($100 in chips) 
Seat 2: brugesboy260684 ($69.80 in chips) 
Seat 3: Joker007r ($133.32 in chips) 
Seat 4: sta$igk ($100 in chips) 
Seat 5: Pippa83 ($183.48 in chips) 
Seat 6: IREQO ($104.22 in chips) 
brugesboy260684: posts small blind $0.50
Joker007r: posts big blind $1
*** HOLE CARDS ***
sta$igk: folds 
Pippa83: raises $1.20 to $2.20
IREQO: folds 
CichiChanMarian: folds 
brugesboy260684: calls $1.70
Joker007r: folds 
*** FLOP *** [Ad 2d 8s]
brugesboy260684: checks 
Pippa83: bets $1.03
brugesboy260684: calls $1.03
*** TURN *** [Ad 2d 8s] [Td]
brugesboy260684: checks 
Pippa83: checks 
*** RIVER *** [Ad 2d 8s Td] [3c]
brugesboy260684: bets $4
Pippa83: raises $6 to $10
brugesboy260684: folds 
Uncalled bet ($6) returned to Pippa83
Pippa83 collected $14.69 from pot
Pippa83: doesn't show hand 
*** SUMMARY ***
Total pot $15.46 | Rake $0.77 
Board [Ad 2d 8s Td 3c]
Seat 1: CichiChanMarian (button) folded before Flop (didn't bet)
Seat 2: brugesboy260684 (small blind) folded on the River
Seat 3: Joker007r (big blind) folded before Flop
Seat 4: sta$igk folded before Flop (didn't bet)
Seat 5: Pippa83 collected ($14.69)
Seat 6: IREQO folded before Flop (didn't bet)



PokerStars Hand #254450277328:  Hold'em No Limit ($0.50/$1.00 USD) - 2025/01/19 17:08:24 WET [2025/01/19 12:08:24 ET]
Table 'Papagena IV' 6-max Seat #2 is the button
Seat 1: CichiChanMarian ($100 in chips) 
Seat 2: brugesboy260684 ($62.57 in chips) 
Seat 3: Joker007r ($132.32 in chips) 
Seat 4: sta$igk ($100 in chips) 
Seat 5: Pippa83 ($190.94 in chips) 
Seat 6: IREQO ($104.22 in chips) 
Joker007r: posts small blind $0.50
sta$igk: posts big blind $1
*** HOLE CARDS ***
Pippa83: folds 
IREQO: folds 
CichiChanMarian: folds 
brugesboy260684: calls $1
Joker007r: folds 
sta$igk: checks 
*** FLOP *** [Jh Qd Ks]
sta$igk: checks 
brugesboy260684: checks 
*** TURN *** [Jh Qd Ks] [2h]
sta$igk: checks 
brugesboy260684: checks 
*** RIVER *** [Jh Qd Ks 2h] [6d]
sta$igk: bets $1
brugesboy260684: folds 
Uncalled bet ($1) returned to sta$igk
sta$igk collected $2.38 from pot
sta$igk: doesn't show hand 
*** SUMMARY ***
Total pot $2.50 | Rake $0.12 
Board [Jh Qd Ks 2h 6d]
Seat 1: CichiChanMarian folded before Flop (didn't bet)
Seat 2: brugesboy260684 (button) folded on the River
Seat 3: Joker007r (small blind) folded before Flop
Seat 4: sta$igk (big blind) collected ($2.38)
Seat 5: Pippa83 folded before Flop (didn't bet)
Seat 6: IREQO folded before Flop (didn't bet)



PokerStars Hand #254450288795:  Hold'em No Limit ($0.50/$1.00 USD) - 2025/01/19 17:09:00 WET [2025/01/19 12:09:00 ET]
Table 'Papagena IV' 6-max Seat #3 is the button
Seat 1: CichiChanMarian ($100 in chips) 
Seat 2: brugesboy260684 ($61.57 in chips) 
Seat 3: Joker007r ($131.82 in chips) 
Seat 4: sta$igk ($101.38 in chips) 
Seat 5: Pippa83 ($190.94 in chips) 
Seat 6: IREQO ($104.22 in chips) 
sta$igk: posts small blind $0.50
Pippa83: posts big blind $1
*** HOLE CARDS ***
IREQO: folds 
CichiChanMarian: folds 
brugesboy260684: calls $1
Joker007r: folds 
sta$igk: folds 
Pippa83: checks 
*** FLOP *** [8d 3d 8h]
Pippa83: checks 
brugesboy260684: checks 
*** TURN *** [8d 3d 8h] [3s]
Pippa83: checks 
brugesboy260684: bets $2
Pippa83: folds 
Uncalled bet ($2) returned to brugesboy260684
brugesboy260684 collected $2.38 from pot
*** SUMMARY ***
Total pot $2.50 | Rake $0.12 
Board [8d 3d 8h 3s]
Seat 1: CichiChanMarian folded before Flop (didn't bet)
Seat 2: brugesboy260684 collected ($2.38)
Seat 3: Joker007r (button) folded before Flop (didn't bet)
Seat 4: sta$igk (small blind) folded before Flop
Seat 5: Pippa83 (big blind) folded on the Turn
Seat 6: IREQO folded before Flop (didn't bet)



PokerStars Hand #254450295350:  Hold'em No Limit ($0.50/$1.00 USD) - 2025/01/19 17:09:22 WET [2025/01/19 12:09:22 ET]
Table 'Papagena IV' 6-max Seat #4 is the button
Seat 1: CichiChanMarian ($100 in chips) 
Seat 2: brugesboy260684 ($62.95 in chips) 
Seat 3: Joker007r ($131.82 in chips) 
Seat 4: sta$igk ($100.88 in chips) 
Seat 5: Pippa83 ($189.94 in chips) 
Seat 6: IREQO ($104.22 in chips) 
Pippa83: posts small blind $0.50
IREQO: posts big blind $1
*** HOLE CARDS ***
CichiChanMarian: raises $1.50 to $2.50
brugesboy260684: folds 
Joker007r: folds 
sta$igk: folds 
Pippa83: folds 
IREQO: folds 
Uncalled bet ($1.50) returned to CichiChanMarian
CichiChanMarian collected $2.50 from pot
CichiChanMarian: doesn't show hand 
*** SUMMARY ***
Total pot $2.50 | Rake $0 
Seat 1: CichiChanMarian collected ($2.50)
Seat 2: brugesboy260684 folded before Flop (didn't bet)
Seat 3: Joker007r folded before Flop (didn't bet)
Seat 4: sta$igk (button) folded before Flop (didn't bet)
Seat 5: Pippa83 (small blind) folded before Flop
Seat 6: IREQO (big blind) folded before Flop



PokerStars Hand #254450298982:  Hold'em No Limit ($0.50/$1.00 USD) - 2025/01/19 17:09:34 WET [2025/01/19 12:09:34 ET]
Table 'Papagena IV' 6-max Seat #5 is the button
Seat 1: CichiChanMarian ($101.50 in chips) 
Seat 2: brugesboy260684 ($62.95 in chips) 
Seat 3: Joker007r ($131.82 in chips) 
Seat 4: sta$igk ($100.88 in chips) 
Seat 5: Pippa83 ($189.44 in chips) 
Seat 6: IREQO ($103.22 in chips) 
IREQO: posts small blind $0.50
CichiChanMarian: posts big blind $1
*** HOLE CARDS ***
brugesboy260684: folds 
Joker007r: folds 
sta$igk: raises $1.50 to $2.50
Pippa83: folds 
IREQO: folds 
CichiChanMarian: folds 
Uncalled bet ($1.50) returned to sta$igk
sta$igk collected $2.50 from pot
sta$igk: doesn't show hand 
*** SUMMARY ***
Total pot $2.50 | Rake $0 
Seat 1: CichiChanMarian (big blind) folded before Flop
Seat 2: brugesboy260684 folded before Flop (didn't bet)
Seat 3: Joker007r folded before Flop (didn't bet)
Seat 4: sta$igk collected ($2.50)
Seat 5: Pippa83 (button) folded before Flop (didn't bet)
Seat 6: IREQO (small blind) folded before Flop



PokerStars Hand #254450305259:  Hold'em No Limit ($0.50/$1.00 USD) - 2025/01/19 17:09:54 WET [2025/01/19 12:09:54 ET]
Table 'Papagena IV' 6-max Seat #6 is the button
Seat 1: CichiChanMarian ($100.50 in chips) 
Seat 2: brugesboy260684 ($62.95 in chips) 
Seat 3: Joker007r ($131.82 in chips) 
Seat 4: sta$igk ($102.38 in chips) 
Seat 5: Pippa83 ($189.44 in chips) 
Seat 6: IREQO ($102.72 in chips) 
CichiChanMarian: posts small blind $0.50
brugesboy260684: posts big blind $1
*** HOLE CARDS ***
Joker007r: folds 
sta$igk: folds 
Pippa83: folds 
IREQO: folds 
CichiChanMarian: raises $2 to $3
brugesboy260684: calls $2
*** FLOP *** [3c Kc Qc]
CichiChanMarian: checks 
brugesboy260684: bets $3
CichiChanMarian: calls $3
*** TURN *** [3c Kc Qc] [3s]
CichiChanMarian: checks 
brugesboy260684: checks 
*** RIVER *** [3c Kc Qc 3s] [Tc]
CichiChanMarian: checks 
brugesboy260684: checks 
*** SHOW DOWN ***
CichiChanMarian: shows [Jc Ac] (a Royal Flush)
brugesboy260684: mucks hand 
CichiChanMarian collected $11.40 from pot
*** SUMMARY ***
Total pot $12 | Rake $0.60 
Board [3c Kc Qc 3s Tc]
Seat 1: CichiChanMarian (small blind) showed [Jc Ac] and won ($11.40) with a Royal Flush
Seat 2: brugesboy260684 (big blind) mucked
Seat 3: Joker007r folded before Flop (didn't bet)
Seat 4: sta$igk folded before Flop (didn't bet)
Seat 5: Pippa83 folded before Flop (didn't bet)
Seat 6: IREQO (button) folded before Flop (didn't bet)



PokerStars Hand #254450316707:  Hold'em No Limit ($0.50/$1.00 USD) - 2025/01/19 17:10:30 WET [2025/01/19 12:10:30 ET]
Table 'Papagena IV' 6-max Seat #1 is the button
Seat 1: CichiChanMarian ($105.90 in chips) 
Seat 2: brugesboy260684 ($56.95 in chips) 
Seat 3: Joker007r ($131.82 in chips) 
Seat 4: sta$igk ($102.38 in chips) 
Seat 5: Pippa83 ($189.44 in chips) 
Seat 6: IREQO ($102.72 in chips) 
brugesboy260684: posts small blind $0.50
Joker007r: posts big blind $1
*** HOLE CARDS ***
sta$igk: raises $1.50 to $2.50
Pippa83: folds 
IREQO: folds 
CichiChanMarian: folds 
brugesboy260684: calls $2
Joker007r: folds 
*** FLOP *** [9h Js 7s]
brugesboy260684: checks 
sta$igk: checks 
*** TURN *** [9h Js 7s] [6c]
brugesboy260684: bets $2
sta$igk: calls $2
*** RIVER *** [9h Js 7s 6c] [Kh]
brugesboy260684: checks 
sta$igk: bets $7.13
brugesboy260684: folds 
Uncalled bet ($7.13) returned to sta$igk
sta$igk collected $9.50 from pot
sta$igk: doesn't show hand 
*** SUMMARY ***
Total pot $10 | Rake $0.50 
Board [9h Js 7s 6c Kh]
Seat 1: CichiChanMarian (button) folded before Flop (didn't bet)
Seat 2: brugesboy260684 (small blind) folded on the River
Seat 3: Joker007r (big blind) folded before Flop
Seat 4: sta$igk collected ($9.50)
Seat 5: Pippa83 folded before Flop (didn't bet)
Seat 6: IREQO folded before Flop (didn't bet)



PokerStars Hand #254450330686:  Hold'em No Limit ($0.50/$1.00 USD) - 2025/01/19 17:11:15 WET [2025/01/19 12:11:15 ET]
Table 'Papagena IV' 6-max Seat #2 is the button
Seat 1: CichiChanMarian ($105.90 in chips) 
Seat 2: brugesboy260684 ($52.45 in chips) 
Seat 3: Joker007r ($130.82 in chips) 
Seat 4: sta$igk ($107.38 in chips) 
Seat 5: Pippa83 ($189.44 in chips) 
Seat 6: IREQO ($102.72 in chips) 
Joker007r: posts small blind $0.50
sta$igk: posts big blind $1
*** HOLE CARDS ***
Pippa83: folds 
IREQO: folds 
CichiChanMarian: folds 
brugesboy260684: calls $1
Joker007r: folds 
sta$igk: checks 
*** FLOP *** [9c 4h Qs]
sta$igk: checks 
brugesboy260684: checks 
*** TURN *** [9c 4h Qs] [7d]
sta$igk: bets $1.19
brugesboy260684: folds 
Uncalled bet ($1.19) returned to sta$igk
sta$igk collected $2.38 from pot
sta$igk: doesn't show hand 
*** SUMMARY ***
Total pot $2.50 | Rake $0.12 
Board [9c 4h Qs 7d]
Seat 1: CichiChanMarian folded before Flop (didn't bet)
Seat 2: brugesboy260684 (button) folded on the Turn
Seat 3: Joker007r (small blind) folded before Flop
Seat 4: sta$igk (big blind) collected ($2.38)
Seat 5: Pippa83 folded before Flop (didn't bet)
Seat 6: IREQO folded before Flop (didn't bet)



PokerStars Hand #254450337186:  Hold'em No Limit ($0.50/$1.00 USD) - 2025/01/19 17:11:35 WET [2025/01/19 12:11:35 ET]
Table 'Papagena IV' 6-max Seat #3 is the button
Seat 1: CichiChanMarian ($105.90 in chips) 
Seat 2: brugesboy260684 ($51.45 in chips) 
Seat 3: Joker007r ($130.32 in chips) 
Seat 4: sta$igk ($108.76 in chips) 
Seat 5: Pippa83 ($189.44 in chips) 
Seat 6: IREQO ($102.72 in chips) 
sta$igk: posts small blind $0.50
Pippa83: posts big blind $1
*** HOLE CARDS ***
IREQO: folds 
CichiChanMarian: raises $1.50 to $2.50
brugesboy260684: calls $2.50
Joker007r: folds 
sta$igk: folds 
Pippa83: calls $1.50
*** FLOP *** [4s Kc 2s]
Pippa83: checks 
CichiChanMarian: bets $2.51
brugesboy260684: calls $2.51
Pippa83: calls $2.51
*** TURN *** [4s Kc 2s] [As]
Pippa83: checks 
CichiChanMarian: bets $7.38
brugesboy260684: folds 
Pippa83: calls $7.38
*** RIVER *** [4s Kc 2s As] [9h]
Pippa83: checks 
CichiChanMarian: bets $38.28
Pippa83: calls $38.28
*** SHOW DOWN ***
CichiChanMarian: shows [6s Qs] (a flush, Ace high)
Pippa83: mucks hand 
CichiChanMarian collected $104.35 from pot
*** SUMMARY ***
Total pot $106.85 | Rake $2.50 
Board [4s Kc 2s As 9h]
Seat 1: CichiChanMarian showed [6s Qs] and won ($104.35) with a flush, Ace high
Seat 2: brugesboy260684 folded on the Turn
Seat 3: Joker007r (button) folded before Flop (didn't bet)
Seat 4: sta$igk (small blind) folded before Flop
Seat 5: Pippa83 (big blind) mucked
Seat 6: IREQO folded before Flop (didn't bet)



PokerStars Hand #254450357868:  Hold'em No Limit ($0.50/$1.00 USD) - 2025/01/19 17:12:40 WET [2025/01/19 12:12:40 ET]
Table 'Papagena IV' 6-max Seat #4 is the button
Seat 1: CichiChanMarian ($159.58 in chips) 
Seat 2: brugesboy260684 ($46.44 in chips) 
Seat 3: Joker007r ($130.32 in chips) 
Seat 4: sta$igk ($108.26 in chips) 
Seat 5: Pippa83 ($138.77 in chips) 
Seat 6: IREQO ($102.72 in chips) 
Pippa83: posts small blind $0.50
IREQO: posts big blind $1
*** HOLE CARDS ***
CichiChanMarian: raises $1.50 to $2.50
brugesboy260684: folds 
Joker007r: folds 
sta$igk: folds 
Pippa83: folds 
IREQO: folds 
Uncalled bet ($1.50) returned to CichiChanMarian
CichiChanMarian collected $2.50 from pot
CichiChanMarian: doesn't show hand 
*** SUMMARY ***
Total pot $2.50 | Rake $0 
Seat 1: CichiChanMarian collected ($2.50)
Seat 2: brugesboy260684 folded before Flop (didn't bet)
Seat 3: Joker007r folded before Flop (didn't bet)
Seat 4: sta$igk (button) folded before Flop (didn't bet)
Seat 5: Pippa83 (small blind) folded before Flop
Seat 6: IREQO (big blind) folded before Flop



PokerStars Hand #254450363071:  Hold'em No Limit ($0.50/$1.00 USD) - 2025/01/19 17:12:56 WET [2025/01/19 12:12:56 ET]
Table 'Papagena IV' 6-max Seat #5 is the button
Seat 1: CichiChanMarian ($161.08 in chips) 
Seat 2: brugesboy260684 ($46.44 in chips) 
Seat 3: Joker007r ($130.32 in chips) 
Seat 4: sta$igk ($108.26 in chips) 
Seat 5: Pippa83 ($138.27 in chips) 
Seat 6: IREQO ($101.72 in chips) 
IREQO: posts small blind $0.50
CichiChanMarian: posts big blind $1
*** HOLE CARDS ***
brugesboy260684: folds 
Joker007r: folds 
sta$igk: raises $1.50 to $2.50
Pippa83: folds 
IREQO: folds 
CichiChanMarian: folds 
Uncalled bet ($1.50) returned to sta$igk
sta$igk collected $2.50 from pot
sta$igk: doesn't show hand 
*** SUMMARY ***
Total pot $2.50 | Rake $0 
Seat 1: CichiChanMarian (big blind) folded before Flop
Seat 2: brugesboy260684 folded before Flop (didn't bet)
Seat 3: Joker007r folded before Flop (didn't bet)
Seat 4: sta$igk collected ($2.50)
Seat 5: Pippa83 (button) folded before Flop (didn't bet)
Seat 6: IREQO (small blind) folded before Flop



PokerStars Hand #254450370362:  Hold'em No Limit ($0.50/$1.00 USD) - 2025/01/19 17:13:19 WET [2025/01/19 12:13:19 ET]
Table 'Papagena IV' 6-max Seat #6 is the button
Seat 1: CichiChanMarian ($160.08 in chips) 
Seat 2: brugesboy260684 ($46.44 in chips) 
Seat 3: Joker007r ($130.32 in chips) 
Seat 4: sta$igk ($109.76 in chips) 
Seat 5: Pippa83 ($138.27 in chips) 
Seat 6: IREQO ($101.22 in chips) 
CichiChanMarian: posts small blind $0.50
brugesboy260684: posts big blind $1
*** HOLE CARDS ***
Joker007r: folds 
sta$igk: raises $1.50 to $2.50
Pippa83: folds 
IREQO: raises $4.87 to $7.37
CichiChanMarian: folds 
brugesboy260684: folds 
sta$igk: calls $4.87
*** FLOP *** [Qc Qd 6d]
sta$igk: checks 
IREQO: bets $5.09
sta$igk: calls $5.09
*** TURN *** [Qc Qd 6d] [7c]
sta$igk: checks 
IREQO: checks 
*** RIVER *** [Qc Qd 6d 7c] [4s]
sta$igk: bets $18.83
IREQO: folds 
Uncalled bet ($18.83) returned to sta$igk
sta$igk collected $25.10 from pot
sta$igk: doesn't show hand 
*** SUMMARY ***
Total pot $26.42 | Rake $1.32 
Board [Qc Qd 6d 7c 4s]
Seat 1: CichiChanMarian (small blind) folded before Flop
Seat 2: brugesboy260684 (big blind) folded before Flop
Seat 3: Joker007r folded before Flop (didn't bet)
Seat 4: sta$igk collected ($25.10)
Seat 5: Pippa83 folded before Flop (didn't bet)
Seat 6: IREQO (button) folded on the River



PokerStars Hand #254450409903:  Hold'em No Limit ($0.50/$1.00 USD) - 2025/01/19 17:15:22 WET [2025/01/19 12:15:22 ET]
Table 'Papagena IV' 6-max Seat #1 is the button
Seat 1: CichiChanMarian ($159.58 in chips) 
Seat 2: brugesboy260684 ($45.44 in chips) 
Seat 3: Joker007r ($130.32 in chips) 
Seat 4: sta$igk ($122.40 in chips) 
Seat 5: Pippa83 ($138.27 in chips) 
Seat 6: IREQO ($100 in chips) 
brugesboy260684: posts small blind $0.50
Joker007r: posts big blind $1
*** HOLE CARDS ***
sta$igk: raises $1.50 to $2.50
Pippa83: folds 
IREQO: folds 
CichiChanMarian: folds 
brugesboy260684: folds 
Joker007r: folds 
Uncalled bet ($1.50) returned to sta$igk
sta$igk collected $2.50 from pot
sta$igk: doesn't show hand 
*** SUMMARY ***
Total pot $2.50 | Rake $0 
Seat 1: CichiChanMarian (button) folded before Flop (didn't bet)
Seat 2: brugesboy260684 (small blind) folded before Flop
Seat 3: Joker007r (big blind) folded before Flop
Seat 4: sta$igk collected ($2.50)
Seat 5: Pippa83 folded before Flop (didn't bet)
Seat 6: IREQO folded before Flop (didn't bet)



PokerStars Hand #254450416870:  Hold'em No Limit ($0.50/$1.00 USD) - 2025/01/19 17:15:43 WET [2025/01/19 12:15:43 ET]
Table 'Papagena IV' 6-max Seat #2 is the button
Seat 1: CichiChanMarian ($159.58 in chips) 
Seat 2: brugesboy260684 ($44.94 in chips) 
Seat 3: Joker007r ($129.32 in chips) 
Seat 4: sta$igk ($123.90 in chips) 
Seat 5: Pippa83 ($138.27 in chips) 
Seat 6: IREQO ($100 in chips) 
Joker007r: posts small blind $0.50
sta$igk: posts big blind $1
*** HOLE CARDS ***
Pippa83: raises $1.20 to $2.20
IREQO: folds 
CichiChanMarian: folds 
brugesboy260684: folds 
Joker007r: folds 
sta$igk: folds 
Uncalled bet ($1.20) returned to Pippa83
Pippa83 collected $2.50 from pot
Pippa83: doesn't show hand 
*** SUMMARY ***
Total pot $2.50 | Rake $0 
Seat 1: CichiChanMarian folded before Flop (didn't bet)
Seat 2: brugesboy260684 (button) folded before Flop (didn't bet)
Seat 3: Joker007r (small blind) folded before Flop
Seat 4: sta$igk (big blind) folded before Flop
Seat 5: Pippa83 collected ($2.50)
Seat 6: IREQO folded before Flop (didn't bet)



PokerStars Hand #254450421203:  Hold'em No Limit ($0.50/$1.00 USD) - 2025/01/19 17:15:56 WET [2025/01/19 12:15:56 ET]
Table 'Papagena IV' 6-max Seat #3 is the button
Seat 1: CichiChanMarian ($159.58 in chips) 
Seat 2: brugesboy260684 ($44.94 in chips) 
Seat 3: Joker007r ($128.82 in chips) 
Seat 4: sta$igk ($122.90 in chips) 
Seat 5: Pippa83 ($139.77 in chips) 
Seat 6: IREQO ($100 in chips) 
sta$igk: posts small blind $0.50
Pippa83: posts big blind $1
*** HOLE CARDS ***
IREQO: folds 
CichiChanMarian: folds 
brugesboy260684: folds 
Joker007r: folds 
sta$igk: raises $2 to $3
Pippa83: folds 
Uncalled bet ($2) returned to sta$igk
sta$igk collected $2 from pot
sta$igk: doesn't show hand 
*** SUMMARY ***
Total pot $2 | Rake $0 
Seat 1: CichiChanMarian folded before Flop (didn't bet)
Seat 2: brugesboy260684 folded before Flop (didn't bet)
Seat 3: Joker007r (button) folded before Flop (didn't bet)
Seat 4: sta$igk (small blind) collected ($2)
Seat 5: Pippa83 (big blind) folded before Flop
Seat 6: IREQO folded before Flop (didn't bet)



PokerStars Hand #254450424816:  Hold'em No Limit ($0.50/$1.00 USD) - 2025/01/19 17:16:07 WET [2025/01/19 12:16:07 ET]
Table 'Papagena IV' 6-max Seat #4 is the button
Seat 1: CichiChanMarian ($159.58 in chips) 
Seat 2: brugesboy260684 ($44.94 in chips) 
Seat 3: Joker007r ($128.82 in chips) 
Seat 4: sta$igk ($123.90 in chips) 
Seat 5: Pippa83 ($138.77 in chips) 
Seat 6: IREQO ($100 in chips) 
Pippa83: posts small blind $0.50
IREQO: posts big blind $1
*** HOLE CARDS ***
CichiChanMarian: raises $1.50 to $2.50
brugesboy260684: calls $2.50
Joker007r: folds 
sta$igk: folds 
Pippa83: folds 
IREQO: folds 
*** FLOP *** [Ts Ac Js]
CichiChanMarian: checks 
brugesboy260684: checks 
*** TURN *** [Ts Ac Js] [9h]
CichiChanMarian: bets $4.08
brugesboy260684: folds 
Uncalled bet ($4.08) returned to CichiChanMarian
CichiChanMarian collected $6.18 from pot
CichiChanMarian: doesn't show hand 
*** SUMMARY ***
Total pot $6.50 | Rake $0.32 
Board [Ts Ac Js 9h]
Seat 1: CichiChanMarian collected ($6.18)
Seat 2: brugesboy260684 folded on the Turn
Seat 3: Joker007r folded before Flop (didn't bet)
Seat 4: sta$igk (button) folded before Flop (didn't bet)
Seat 5: Pippa83 (small blind) folded before Flop
Seat 6: IREQO (big blind) folded before Flop



PokerStars Hand #254450437195:  Hold'em No Limit ($0.50/$1.00 USD) - 2025/01/19 17:16:46 WET [2025/01/19 12:16:46 ET]
Table 'Papagena IV' 6-max Seat #5 is the button
Seat 1: CichiChanMarian ($163.26 in chips) 
Seat 2: brugesboy260684 ($42.44 in chips) 
Seat 3: Joker007r ($128.82 in chips) 
Seat 4: sta$igk ($123.90 in chips) 
Seat 5: Pippa83 ($138.27 in chips) 
Seat 6: IREQO ($100 in chips) 
IREQO: posts small blind $0.50
CichiChanMarian: posts big blind $1
*** HOLE CARDS ***
brugesboy260684: folds 
Joker007r: folds 
brugesboy260684 leaves the table
sta$igk: folds 
Pippa83: raises $1.50 to $2.50
Joker007r leaves the table
IREQO: folds 
CichiChanMarian: folds 
Uncalled bet ($1.50) returned to Pippa83
Pippa83 collected $2.50 from pot
Pippa83: doesn't show hand 
*** SUMMARY ***
Total pot $2.50 | Rake $0 
Seat 1: CichiChanMarian (big blind) folded before Flop
Seat 2: brugesboy260684 folded before Flop (didn't bet)
Seat 3: Joker007r folded before Flop (didn't bet)
Seat 4: sta$igk folded before Flop (didn't bet)
Seat 5: Pippa83 (button) collected ($2.50)
Seat 6: IREQO (small blind) folded before Flop



PokerStars Hand #254450442629:  Hold'em No Limit ($0.50/$1.00 USD) - 2025/01/19 17:17:02 WET [2025/01/19 12:17:02 ET]
Table 'Papagena IV' 6-max Seat #1 is the button
Seat 4: sta$igk ($123.90 in chips) is sitting out
Seat 5: Pippa83 ($139.77 in chips) is sitting out
Seat 1: CichiChanMarian ($162.26 in chips) 
Seat 6: IREQO ($100 in chips) 
CichiChanMarian: posts small blind $0.50
sta$igk: is sitting out 
Pippa83: is sitting out 
IREQO: posts big blind $1
*** HOLE CARDS ***
CichiChanMarian: folds 
Uncalled bet ($0.50) returned to IREQO
sta$igk leaves the table
Pippa83 leaves the table
IREQO collected $1 from pot
IREQO: doesn't show hand 
*** SUMMARY ***
Total pot $1 | Rake $0 
Seat 4: sta$igk
Seat 5: Pippa83
Seat 1: CichiChanMarian (button) (small blind) folded before Flop
Seat 6: IREQO (big blind) collected ($1)



PokerStars Hand #254450532328:  Hold'em No Limit ($0.50/$1.00 USD) - 2025/01/19 17:21:38 WET [2025/01/19 12:21:38 ET]
Table 'Papagena IV' 6-max Seat #2 is the button
Seat 1: Zvst ($105 in chips) 
Seat 2: CichiChanMarian ($161.76 in chips) 
Seat 3: mlekarq1 ($100 in chips) 
Seat 4: babyb4rt ($69.60 in chips) 
Seat 5: blistein ($100 in chips) 
Seat 6: Poker9803 ($100 in chips) 
mlekarq1: posts small blind $0.50
babyb4rt: posts big blind $1
*** HOLE CARDS ***
blistein: raises $1.20 to $2.20
Poker9803: folds 
Zvst: folds 
CichiChanMarian: folds 
mlekarq1: folds 
babyb4rt: calls $1.20
*** FLOP *** [Qc 2d Tc]
babyb4rt: checks 
blistein: bets $1.58
babyb4rt: folds 
Uncalled bet ($1.58) returned to blistein
blistein collected $4.66 from pot
blistein: doesn't show hand 
*** SUMMARY ***
Total pot $4.90 | Rake $0.24 
Board [Qc 2d Tc]
Seat 1: Zvst folded before Flop (didn't bet)
Seat 2: CichiChanMarian (button) folded before Flop (didn't bet)
Seat 3: mlekarq1 (small blind) folded before Flop
Seat 4: babyb4rt (big blind) folded on the Flop
Seat 5: blistein collected ($4.66)
Seat 6: Poker9803 folded before Flop (didn't bet)



PokerStars Hand #254450544967:  Hold'em No Limit ($0.50/$1.00 USD) - 2025/01/19 17:22:17 WET [2025/01/19 12:22:17 ET]
Table 'Papagena IV' 6-max Seat #3 is the button
Seat 1: Zvst ($105 in chips) 
Seat 2: CichiChanMarian ($161.76 in chips) 
Seat 3: mlekarq1 ($99.50 in chips) 
Seat 4: babyb4rt ($67.40 in chips) 
Seat 5: blistein ($102.46 in chips) 
Seat 6: Poker9803 ($100 in chips) 
babyb4rt: posts small blind $0.50
blistein: posts big blind $1
*** HOLE CARDS ***
Poker9803: folds 
Zvst: folds 
CichiChanMarian: raises $1.50 to $2.50
mlekarq1: folds 
babyb4rt: calls $2
blistein: folds 
*** FLOP *** [3h Jc 3s]
babyb4rt: checks 
CichiChanMarian: checks 
*** TURN *** [3h Jc 3s] [Ah]
babyb4rt: bets $1
CichiChanMarian: calls $1
*** RIVER *** [3h Jc 3s Ah] [3c]
babyb4rt: bets $3.80
CichiChanMarian: folds 
Uncalled bet ($3.80) returned to babyb4rt
babyb4rt collected $7.60 from pot
*** SUMMARY ***
Total pot $8 | Rake $0.40 
Board [3h Jc 3s Ah 3c]
Seat 1: Zvst folded before Flop (didn't bet)
Seat 2: CichiChanMarian folded on the River
Seat 3: mlekarq1 (button) folded before Flop (didn't bet)
Seat 4: babyb4rt (small blind) collected ($7.60)
Seat 5: blistein (big blind) folded before Flop
Seat 6: Poker9803 folded before Flop (didn't bet)



PokerStars Hand #254450556965:  Hold'em No Limit ($0.50/$1.00 USD) - 2025/01/19 17:22:53 WET [2025/01/19 12:22:53 ET]
Table 'Papagena IV' 6-max Seat #4 is the button
Seat 1: Zvst ($105 in chips) 
Seat 2: CichiChanMarian ($158.26 in chips) 
Seat 3: mlekarq1 ($99.50 in chips) 
Seat 4: babyb4rt ($71.50 in chips) 
Seat 5: blistein ($101.46 in chips) 
Seat 6: Poker9803 ($100 in chips) 
blistein: posts small blind $0.50
Poker9803: posts big blind $1
*** HOLE CARDS ***
Zvst: folds 
CichiChanMarian: folds 
mlekarq1: folds 
babyb4rt: folds 
blistein: folds 
Uncalled bet ($0.50) returned to Poker9803
Poker9803 collected $1 from pot
Poker9803: doesn't show hand 
*** SUMMARY ***
Total pot $1 | Rake $0 
Seat 1: Zvst folded before Flop (didn't bet)
Seat 2: CichiChanMarian folded before Flop (didn't bet)
Seat 3: mlekarq1 folded before Flop (didn't bet)
Seat 4: babyb4rt (button) folded before Flop (didn't bet)
Seat 5: blistein (small blind) folded before Flop
Seat 6: Poker9803 (big blind) collected ($1)



PokerStars Hand #254450559381:  Hold'em No Limit ($0.50/$1.00 USD) - 2025/01/19 17:23:00 WET [2025/01/19 12:23:00 ET]
Table 'Papagena IV' 6-max Seat #5 is the button
Seat 1: Zvst ($105 in chips) 
Seat 2: CichiChanMarian ($158.26 in chips) 
Seat 3: mlekarq1 ($100 in chips) 
Seat 4: babyb4rt ($71.50 in chips) 
Seat 5: blistein ($100.96 in chips) 
Seat 6: Poker9803 ($100.50 in chips) 
Poker9803: posts small blind $0.50
Zvst: posts big blind $1
*** HOLE CARDS ***
CichiChanMarian: folds 
mlekarq1: folds 
babyb4rt: folds 
blistein: folds 
Poker9803: folds 
Uncalled bet ($0.50) returned to Zvst
Zvst collected $1 from pot
Zvst: doesn't show hand 
*** SUMMARY ***
Total pot $1 | Rake $0 
Seat 1: Zvst (big blind) collected ($1)
Seat 2: CichiChanMarian folded before Flop (didn't bet)
Seat 3: mlekarq1 folded before Flop (didn't bet)
Seat 4: babyb4rt folded before Flop (didn't bet)
Seat 5: blistein (button) folded before Flop (didn't bet)
Seat 6: Poker9803 (small blind) folded before Flop



PokerStars Hand #254450563224:  Hold'em No Limit ($0.50/$1.00 USD) - 2025/01/19 17:23:12 WET [2025/01/19 12:23:12 ET]
Table 'Papagena IV' 6-max Seat #6 is the button
Seat 1: Zvst ($105.50 in chips) 
Seat 2: CichiChanMarian ($158.26 in chips) 
Seat 3: mlekarq1 ($100 in chips) 
Seat 4: babyb4rt ($71.50 in chips) 
Seat 5: blistein ($100.96 in chips) 
Seat 6: Poker9803 ($100 in chips) 
Zvst: posts small blind $0.50
CichiChanMarian: posts big blind $1
*** HOLE CARDS ***
mlekarq1: folds 
babyb4rt: folds 
blistein: folds 
Poker9803: raises $1.50 to $2.50
Zvst: folds 
CichiChanMarian: folds 
Uncalled bet ($1.50) returned to Poker9803
Poker9803 collected $2.50 from pot
Poker9803: doesn't show hand 
*** SUMMARY ***
Total pot $2.50 | Rake $0 
Seat 1: Zvst (small blind) folded before Flop
Seat 2: CichiChanMarian (big blind) folded before Flop
Seat 3: mlekarq1 folded before Flop (didn't bet)
Seat 4: babyb4rt folded before Flop (didn't bet)
Seat 5: blistein folded before Flop (didn't bet)
Seat 6: Poker9803 (button) collected ($2.50)



PokerStars Hand #254450567173:  Hold'em No Limit ($0.50/$1.00 USD) - 2025/01/19 17:23:24 WET [2025/01/19 12:23:24 ET]
Table 'Papagena IV' 6-max Seat #1 is the button
Seat 3: mlekarq1 ($100 in chips) is sitting out
Seat 1: Zvst ($105 in chips) 
Seat 2: CichiChanMarian ($157.26 in chips) 
Seat 4: babyb4rt ($71.50 in chips) 
Seat 5: blistein ($100.96 in chips) 
Seat 6: Poker9803 ($101.50 in chips) 
CichiChanMarian: posts small blind $0.50
mlekarq1 has timed out
mlekarq1: is sitting out 
babyb4rt: posts big blind $1
*** HOLE CARDS ***
blistein: folds 
Poker9803: folds 
Zvst: folds 
Zvst leaves the table
CichiChanMarian: folds 
Uncalled bet ($0.50) returned to babyb4rt
babyb4rt collected $1 from pot
*** SUMMARY ***
Total pot $1 | Rake $0 
Seat 3: mlekarq1
Seat 1: Zvst (button) folded before Flop (didn't bet)
Seat 2: CichiChanMarian (small blind) folded before Flop
Seat 4: babyb4rt (big blind) collected ($1)
Seat 5: blistein folded before Flop (didn't bet)
Seat 6: Poker9803 folded before Flop (didn't bet)



PokerStars Hand #254450575207:  Hold'em No Limit ($0.50/$1.00 USD) - 2025/01/19 17:23:48 WET [2025/01/19 12:23:48 ET]
Table 'Papagena IV' 6-max Seat #2 is the button
Seat 3: mlekarq1 ($100 in chips) is sitting out
Seat 2: CichiChanMarian ($156.76 in chips) 
Seat 4: babyb4rt ($72 in chips) 
Seat 5: blistein ($100.96 in chips) 
Seat 6: Poker9803 ($101.50 in chips) 
babyb4rt: posts small blind $0.50
blistein: posts big blind $1
*** HOLE CARDS ***
Poker9803: folds 
CichiChanMarian: folds 
babyb4rt: folds 
Uncalled bet ($0.50) returned to blistein
AlexPinsk1 joins the table at seat #1 
blistein collected $1 from pot
blistein: doesn't show hand 
*** SUMMARY ***
Total pot $1 | Rake $0 
Seat 3: mlekarq1
Seat 2: CichiChanMarian (button) folded before Flop (didn't bet)
Seat 4: babyb4rt (small blind) folded before Flop
Seat 5: blistein (big blind) collected ($1)
Seat 6: Poker9803 folded before Flop (didn't bet)



PokerStars Hand #254450577986:  Hold'em No Limit ($0.50/$1.00 USD) - 2025/01/19 17:23:57 WET [2025/01/19 12:23:57 ET]
Table 'Papagena IV' 6-max Seat #4 is the button
Seat 1: AlexPinsk1 ($100 in chips) is sitting out
Seat 3: mlekarq1 ($100 in chips) is sitting out
Seat 2: CichiChanMarian ($156.76 in chips) 
Seat 4: babyb4rt ($71.50 in chips) 
Seat 5: blistein ($101.46 in chips) 
Seat 6: Poker9803 ($101.50 in chips) 
blistein: posts small blind $0.50
Poker9803: posts big blind $1
AlexPinsk1: sits out 
*** HOLE CARDS ***
CichiChanMarian: folds 
babyb4rt: raises $1 to $2
blistein: folds 
Poker9803: folds 
Uncalled bet ($1) returned to babyb4rt
babyb4rt collected $2.50 from pot
*** SUMMARY ***
Total pot $2.50 | Rake $0 
Seat 1: AlexPinsk1
Seat 3: mlekarq1
Seat 2: CichiChanMarian folded before Flop (didn't bet)
Seat 4: babyb4rt (button) collected ($2.50)
Seat 5: blistein (small blind) folded before Flop
Seat 6: Poker9803 (big blind) folded before Flop



PokerStars Hand #254450581910:  Hold'em No Limit ($0.50/$1.00 USD) - 2025/01/19 17:24:08 WET [2025/01/19 12:24:08 ET]
Table 'Papagena IV' 6-max Seat #5 is the button
Seat 3: mlekarq1 ($100 in chips) is sitting out
Seat 1: AlexPinsk1 ($100 in chips) 
Seat 2: CichiChanMarian ($156.76 in chips) 
Seat 4: babyb4rt ($73 in chips) 
Seat 5: blistein ($100.96 in chips) 
Seat 6: Poker9803 ($100.50 in chips) 
Poker9803: posts small blind $0.50
AlexPinsk1: posts big blind $1
*** HOLE CARDS ***
CichiChanMarian: folds 
babyb4rt: calls $1
blistein: folds 
Poker9803: folds 
AlexPinsk1: checks 
*** FLOP *** [5h Ah 3h]
AlexPinsk1: checks 
babyb4rt: bets $2.38
AlexPinsk1: calls $2.38
*** TURN *** [5h Ah 3h] [Ac]
AlexPinsk1: checks 
babyb4rt: bets $6.90
AlexPinsk1: folds 
Uncalled bet ($6.90) returned to babyb4rt
babyb4rt collected $6.90 from pot
*** SUMMARY ***
Total pot $7.26 | Rake $0.36 
Board [5h Ah 3h Ac]
Seat 3: mlekarq1
Seat 1: AlexPinsk1 (big blind) folded on the Turn
Seat 2: CichiChanMarian folded before Flop (didn't bet)
Seat 4: babyb4rt collected ($6.90)
Seat 5: blistein (button) folded before Flop (didn't bet)
Seat 6: Poker9803 (small blind) folded before Flop



PokerStars Hand #254450591178:  Hold'em No Limit ($0.50/$1.00 USD) - 2025/01/19 17:24:36 WET [2025/01/19 12:24:36 ET]
Table 'Papagena IV' 6-max Seat #6 is the button
Seat 3: mlekarq1 ($100 in chips) is sitting out
Seat 1: AlexPinsk1 ($100 in chips) 
Seat 2: CichiChanMarian ($156.76 in chips) 
Seat 4: babyb4rt ($76.52 in chips) 
Seat 5: blistein ($100.96 in chips) 
Seat 6: Poker9803 ($100 in chips) 
AlexPinsk1: posts small blind $0.50
CichiChanMarian: posts big blind $1
*** HOLE CARDS ***
babyb4rt: calls $1
blistein: raises $2.50 to $3.50
Poker9803: folds 
AlexPinsk1: folds 
CichiChanMarian: folds 
babyb4rt: calls $2.50
*** FLOP *** [As 4c 4d]
babyb4rt: checks 
blistein: checks 
*** TURN *** [As 4c 4d] [8c]
babyb4rt: checks 
blistein: checks 
*** RIVER *** [As 4c 4d 8c] [Qs]
babyb4rt: bets $8.08
blistein: folds 
Uncalled bet ($8.08) returned to babyb4rt
babyb4rt collected $8.08 from pot
*** SUMMARY ***
Total pot $8.50 | Rake $0.42 
Board [As 4c 4d 8c Qs]
Seat 3: mlekarq1
Seat 1: AlexPinsk1 (small blind) folded before Flop
Seat 2: CichiChanMarian (big blind) folded before Flop
Seat 4: babyb4rt collected ($8.08)
Seat 5: blistein folded on the River
Seat 6: Poker9803 (button) folded before Flop (didn't bet)



PokerStars Hand #254450611251:  Hold'em No Limit ($0.50/$1.00 USD) - 2025/01/19 17:25:37 WET [2025/01/19 12:25:37 ET]
Table 'Papagena IV' 6-max Seat #1 is the button
Seat 3: mlekarq1 ($100 in chips) is sitting out
Seat 1: AlexPinsk1 ($100 in chips) 
Seat 2: CichiChanMarian ($155.76 in chips) 
Seat 4: babyb4rt ($81.10 in chips) 
Seat 5: blistein ($100 in chips) 
Seat 6: Poker9803 ($100 in chips) 
CichiChanMarian: posts small blind $0.50
babyb4rt: posts big blind $1
*** HOLE CARDS ***
blistein: raises $1.20 to $2.20
Poker9803: folds 
AlexPinsk1: folds 
mlekarq1 is disconnected 
CichiChanMarian: raises $8.80 to $11
babyb4rt: folds 
blistein: folds 
Uncalled bet ($8.80) returned to CichiChanMarian
CichiChanMarian collected $5.40 from pot
CichiChanMarian: doesn't show hand 
*** SUMMARY ***
Total pot $5.40 | Rake $0 
Seat 3: mlekarq1
Seat 1: AlexPinsk1 (button) folded before Flop (didn't bet)
Seat 2: CichiChanMarian (small blind) collected ($5.40)
Seat 4: babyb4rt (big blind) folded before Flop
Seat 5: blistein folded before Flop
Seat 6: Poker9803 folded before Flop (didn't bet)



PokerStars Hand #254450621532:  Hold'em No Limit ($0.50/$1.00 USD) - 2025/01/19 17:26:08 WET [2025/01/19 12:26:08 ET]
Table 'Papagena IV' 6-max Seat #2 is the button
Seat 3: mlekarq1 ($100 in chips) is sitting out
Seat 1: AlexPinsk1 ($100 in chips) 
Seat 2: CichiChanMarian ($158.96 in chips) 
Seat 4: babyb4rt ($80.10 in chips) 
Seat 5: blistein ($100 in chips) 
Seat 6: Poker9803 ($100 in chips) 
babyb4rt: posts small blind $0.50
blistein: posts big blind $1
*** HOLE CARDS ***
Poker9803: folds 
AlexPinsk1: folds 
CichiChanMarian: folds 
babyb4rt: calls $0.50
blistein: raises $2.50 to $3.50
babyb4rt: folds 
Uncalled bet ($2.50) returned to blistein
blistein collected $2 from pot
blistein: doesn't show hand 
*** SUMMARY ***
Total pot $2 | Rake $0 
Seat 3: mlekarq1
Seat 1: AlexPinsk1 folded before Flop (didn't bet)
Seat 2: CichiChanMarian (button) folded before Flop (didn't bet)
Seat 4: babyb4rt (small blind) folded before Flop
Seat 5: blistein (big blind) collected ($2)
Seat 6: Poker9803 folded before Flop (didn't bet)



PokerStars Hand #254450635640:  Hold'em No Limit ($0.50/$1.00 USD) - 2025/01/19 17:26:51 WET [2025/01/19 12:26:51 ET]
Table 'Papagena IV' 6-max Seat #4 is the button
Seat 3: mlekarq1 ($100 in chips) is sitting out
Seat 1: AlexPinsk1 ($100 in chips) 
Seat 2: CichiChanMarian ($158.96 in chips) 
Seat 4: babyb4rt ($79.10 in chips) 
Seat 5: blistein ($101 in chips) 
Seat 6: Poker9803 ($100 in chips) 
blistein: posts small blind $0.50
Poker9803: posts big blind $1
mlekarq1: sits out 
*** HOLE CARDS ***
AlexPinsk1: folds 
CichiChanMarian: raises $1.50 to $2.50
babyb4rt: raises $6.50 to $9
blistein: folds 
Poker9803: folds 
CichiChanMarian: raises $16.20 to $25.20
babyb4rt: folds 
Uncalled bet ($16.20) returned to CichiChanMarian
CichiChanMarian collected $19.50 from pot
CichiChanMarian: doesn't show hand 
*** SUMMARY ***
Total pot $19.50 | Rake $0 
Seat 3: mlekarq1
Seat 1: AlexPinsk1 folded before Flop (didn't bet)
Seat 2: CichiChanMarian collected ($19.50)
Seat 4: babyb4rt (button) folded before Flop
Seat 5: blistein (small blind) folded before Flop
Seat 6: Poker9803 (big blind) folded before Flop



PokerStars Hand #254450653761:  Hold'em No Limit ($0.50/$1.00 USD) - 2025/01/19 17:27:46 WET [2025/01/19 12:27:46 ET]
Table 'Papagena IV' 6-max Seat #5 is the button
Seat 3: mlekarq1 ($100 in chips) is sitting out
Seat 1: AlexPinsk1 ($100 in chips) 
Seat 2: CichiChanMarian ($169.46 in chips) 
Seat 4: babyb4rt ($70.10 in chips) 
Seat 5: blistein ($100.50 in chips) 
Seat 6: Poker9803 ($100 in chips) 
Poker9803: posts small blind $0.50
AlexPinsk1: posts big blind $1
mlekarq1: sits out 
*** HOLE CARDS ***
CichiChanMarian: folds 
babyb4rt: raises $2 to $3
blistein: raises $5 to $8
Poker9803: folds 
AlexPinsk1: folds 
babyb4rt: calls $5
*** FLOP *** [Ts 6s As]
babyb4rt: bets $62.10 and is all-in
blistein: calls $62.10
*** TURN *** [Ts 6s As] [4c]
*** RIVER *** [Ts 6s As 4c] [2d]
*** SHOW DOWN ***
babyb4rt: shows [Qs 7h] (high card Ace)
blistein: shows [Ad Kh] (a pair of Aces)
blistein collected $139.20 from pot
*** SUMMARY ***
Total pot $141.70 | Rake $2.50 
Board [Ts 6s As 4c 2d]
Seat 3: mlekarq1
Seat 1: AlexPinsk1 (big blind) folded before Flop
Seat 2: CichiChanMarian folded before Flop (didn't bet)
Seat 4: babyb4rt showed [Qs 7h] and lost with high card Ace
Seat 5: blistein (button) showed [Ad Kh] and won ($139.20) with a pair of Aces
Seat 6: Poker9803 (small blind) folded before Flop



PokerStars Hand #254450681659:  Hold'em No Limit ($0.50/$1.00 USD) - 2025/01/19 17:29:11 WET [2025/01/19 12:29:11 ET]
Table 'Papagena IV' 6-max Seat #6 is the button
Seat 3: mlekarq1 ($100 in chips) is sitting out
Seat 4: babyb4rt ($0 in chips) is sitting out
Seat 1: AlexPinsk1 ($100 in chips) 
Seat 2: CichiChanMarian ($169.46 in chips) 
Seat 5: blistein ($169.60 in chips) 
Seat 6: Poker9803 ($100 in chips) 
AlexPinsk1: posts small blind $0.50
CichiChanMarian: posts big blind $1
mlekarq1: sits out 
*** HOLE CARDS ***
blistein: raises $1.30 to $2.30
Poker9803: folds 
AlexPinsk1: folds 
CichiChanMarian: folds 
Uncalled bet ($1.30) returned to blistein
blistein collected $2.50 from pot
blistein: doesn't show hand 
*** SUMMARY ***
Total pot $2.50 | Rake $0 
Seat 3: mlekarq1
Seat 4: babyb4rt
Seat 1: AlexPinsk1 (small blind) folded before Flop
Seat 2: CichiChanMarian (big blind) folded before Flop
Seat 5: blistein collected ($2.50)
Seat 6: Poker9803 (button) folded before Flop (didn't bet)



PokerStars Hand #254450685679:  Hold'em No Limit ($0.50/$1.00 USD) - 2025/01/19 17:29:23 WET [2025/01/19 12:29:23 ET]
Table 'Papagena IV' 6-max Seat #1 is the button
Seat 4: babyb4rt ($0 in chips) is sitting out
Seat 1: AlexPinsk1 ($100 in chips) 
Seat 2: CichiChanMarian ($168.46 in chips) 
Seat 3: mlekarq1 ($100 in chips) 
Seat 5: blistein ($171.10 in chips) 
Seat 6: Poker9803 ($100 in chips) 
CichiChanMarian: posts small blind $0.50
mlekarq1: posts big blind $1
*** HOLE CARDS ***
blistein: folds 
Poker9803: folds 
AlexPinsk1: raises $1.50 to $2.50
CichiChanMarian: folds 
mlekarq1: calls $1.50
*** FLOP *** [Kc 4s 8c]
mlekarq1: checks 
AlexPinsk1: bets $3.92
mlekarq1: calls $3.92
*** TURN *** [Kc 4s 8c] [6d]
mlekarq1: checks 
AlexPinsk1: bets $19.50
mlekarq1: folds 
Uncalled bet ($19.50) returned to AlexPinsk1
AlexPinsk1 collected $12.67 from pot
AlexPinsk1: doesn't show hand 
*** SUMMARY ***
Total pot $13.34 | Rake $0.67 
Board [Kc 4s 8c 6d]
Seat 4: babyb4rt
Seat 1: AlexPinsk1 (button) collected ($12.67)
Seat 2: CichiChanMarian (small blind) folded before Flop
Seat 3: mlekarq1 (big blind) folded on the Turn
Seat 5: blistein folded before Flop (didn't bet)
Seat 6: Poker9803 folded before Flop (didn't bet)



PokerStars Hand #254450704746:  Hold'em No Limit ($0.50/$1.00 USD) - 2025/01/19 17:30:20 WET [2025/01/19 12:30:20 ET]
Table 'Papagena IV' 6-max Seat #2 is the button
Seat 4: babyb4rt ($0 in chips) is sitting out
Seat 1: AlexPinsk1 ($106.25 in chips) 
Seat 2: CichiChanMarian ($167.96 in chips) 
Seat 3: mlekarq1 ($100 in chips) 
Seat 5: blistein ($171.10 in chips) 
Seat 6: Poker9803 ($100 in chips) 
mlekarq1: posts small blind $0.50
blistein: posts big blind $1
*** HOLE CARDS ***
Poker9803: raises $1.50 to $2.50
AlexPinsk1: folds 
CichiChanMarian: raises $5.50 to $8
mlekarq1: folds 
blistein: folds 
mlekarq1 is disconnected 
Poker9803: calls $5.50
*** FLOP *** [5h Ac 8c]
Poker9803: checks 
CichiChanMarian: bets $5.48
Poker9803: calls $5.48
*** TURN *** [5h Ac 8c] [8d]
Poker9803: checks 
CichiChanMarian: checks 
*** RIVER *** [5h Ac 8c 8d] [As]
Poker9803: bets $8.92
CichiChanMarian: folds 
Uncalled bet ($8.92) returned to Poker9803
Poker9803 collected $27.04 from pot
Poker9803: doesn't show hand 
*** SUMMARY ***
Total pot $28.46 | Rake $1.42 
Board [5h Ac 8c 8d As]
Seat 4: babyb4rt
Seat 1: AlexPinsk1 folded before Flop (didn't bet)
Seat 2: CichiChanMarian (button) folded on the River
Seat 3: mlekarq1 (small blind) folded before Flop
Seat 5: blistein (big blind) folded before Flop
Seat 6: Poker9803 collected ($27.04)



PokerStars Hand #254450727006:  Hold'em No Limit ($0.50/$1.00 USD) - 2025/01/19 17:31:28 WET [2025/01/19 12:31:28 ET]
Table 'Papagena IV' 6-max Seat #3 is the button
Seat 4: babyb4rt ($0 in chips) is sitting out
Seat 1: AlexPinsk1 ($106.25 in chips) 
Seat 2: CichiChanMarian ($154.48 in chips) 
Seat 3: mlekarq1 ($100 in chips) 
Seat 5: blistein ($170.10 in chips) 
Seat 6: Poker9803 ($113.56 in chips) 
blistein: posts small blind $0.50
Poker9803: posts big blind $1
*** HOLE CARDS ***
AlexPinsk1 has timed out
AlexPinsk1: folds 
CichiChanMarian: folds 
mlekarq1: folds 
blistein: raises $2 to $3
Poker9803: folds 
Uncalled bet ($2) returned to blistein
blistein collected $2 from pot
blistein: doesn't show hand 
*** SUMMARY ***
Total pot $2 | Rake $0 
Seat 4: babyb4rt
Seat 1: AlexPinsk1 folded before Flop (didn't bet)
Seat 2: CichiChanMarian folded before Flop (didn't bet)
Seat 3: mlekarq1 (button) folded before Flop (didn't bet)
Seat 5: blistein (small blind) collected ($2)
Seat 6: Poker9803 (big blind) folded before Flop



PokerStars Hand #254450740886:  Hold'em No Limit ($0.50/$1.00 USD) - 2025/01/19 17:32:09 WET [2025/01/19 12:32:09 ET]
Table 'Papagena IV' 6-max Seat #5 is the button
Seat 1: AlexPinsk1 ($106.25 in chips) is sitting out
Seat 4: babyb4rt ($0 in chips) is sitting out
Seat 2: CichiChanMarian ($154.48 in chips) 
Seat 3: mlekarq1 ($100 in chips) 
Seat 5: blistein ($171.10 in chips) 
Seat 6: Poker9803 ($112.56 in chips) 
Poker9803: posts small blind $0.50
CichiChanMarian: posts big blind $1
*** HOLE CARDS ***
mlekarq1: raises $1.20 to $2.20
blistein: folds 
Poker9803: raises $7.92 to $10.12
CichiChanMarian: folds 
mlekarq1: calls $7.92
*** FLOP *** [2d 3c Qs]
Poker9803: checks 
mlekarq1: bets $6.88
Poker9803: calls $6.88
*** TURN *** [2d 3c Qs] [4s]
Poker9803: checks 
mlekarq1: bets $17
Poker9803: calls $17
*** RIVER *** [2d 3c Qs 4s] [7d]
Poker9803: checks 
mlekarq1: bets $66 and is all-in
Poker9803: calls $66
*** SHOW DOWN ***
mlekarq1: shows [Kh Qh] (a pair of Queens)
Poker9803: shows [Qd Qc] (three of a kind, Queens)
Poker9803 collected $200 from pot
*** SUMMARY ***
Total pot $201 | Rake $1 
Board [2d 3c Qs 4s 7d]
Seat 1: AlexPinsk1
Seat 4: babyb4rt
Seat 2: CichiChanMarian (big blind) folded before Flop
Seat 3: mlekarq1 showed [Kh Qh] and lost with a pair of Queens
Seat 5: blistein (button) folded before Flop (didn't bet)
Seat 6: Poker9803 (small blind) showed [Qd Qc] and won ($200) with three of a kind, Queens



PokerStars Hand #254450782124:  Hold'em No Limit ($0.50/$1.00 USD) - 2025/01/19 17:34:11 WET [2025/01/19 12:34:11 ET]
Table 'Papagena IV' 6-max Seat #6 is the button
Seat 1: AlexPinsk1 ($106.25 in chips) is sitting out
Seat 3: mlekarq1 ($0 in chips) is sitting out
Seat 4: babyb4rt ($0 in chips) is sitting out
Seat 2: CichiChanMarian ($153.48 in chips) 
Seat 5: blistein ($171.10 in chips) 
Seat 6: Poker9803 ($212.56 in chips) 
CichiChanMarian: posts small blind $0.50
blistein: posts big blind $1
*** HOLE CARDS ***
Poker9803: raises $1.50 to $2.50
CichiChanMarian: folds 
blistein: calls $1.50
*** FLOP *** [5d Js Ah]
blistein: checks 
Poker9803: checks 
*** TURN *** [5d Js Ah] [Jc]
blistein: checks 
Poker9803: checks 
*** RIVER *** [5d Js Ah Jc] [5s]
CichiChanMarian is disconnected 
blistein: checks 
Poker9803: checks 
*** SHOW DOWN ***
blistein: shows [6d 6c] (two pair, Jacks and Sixes)
Poker9803: shows [9s 9h] (two pair, Jacks and Nines)
Poker9803 collected $5.22 from pot
*** SUMMARY ***
Total pot $5.50 | Rake $0.28 
Board [5d Js Ah Jc 5s]
Seat 1: AlexPinsk1
Seat 3: mlekarq1
Seat 4: babyb4rt
Seat 2: CichiChanMarian (small blind) folded before Flop
Seat 5: blistein (big blind) showed [6d 6c] and lost with two pair, Jacks and Sixes
Seat 6: Poker9803 (button) showed [9s 9h] and won ($5.22) with two pair, Jacks and Nines



PokerStars Hand #254450803922:  Hold'em No Limit ($0.50/$1.00 USD) - 2025/01/19 17:35:15 WET [2025/01/19 12:35:15 ET]
Table 'Papagena IV' 6-max Seat #5 is the button
Seat 1: AlexPinsk1 ($106.25 in chips) is sitting out
Seat 3: mlekarq1 ($100 in chips) is sitting out
Seat 4: babyb4rt ($0 in chips) is sitting out
Seat 6: Poker9803 ($215.28 in chips) is sitting out
Seat 2: CichiChanMarian ($152.98 in chips) 
Seat 5: blistein ($168.60 in chips) 
blistein: posts small blind $0.50
Poker9803: is sitting out 
CichiChanMarian: posts big blind $1
*** HOLE CARDS ***
blistein: raises $1.50 to $2.50
CichiChanMarian: calls $1.50
*** FLOP *** [Kd Tc 4h]
CichiChanMarian: checks 
blistein: checks 
*** TURN *** [Kd Tc 4h] [3d]
CichiChanMarian: checks 
Poker9803 leaves the table
blistein: checks 
*** RIVER *** [Kd Tc 4h 3d] [5h]
CichiChanMarian: checks 
blistein: bets $10
CichiChanMarian: folds 
Uncalled bet ($10) returned to blistein
blistein collected $4.75 from pot
blistein: doesn't show hand 
*** SUMMARY ***
Total pot $5 | Rake $0.25 
Board [Kd Tc 4h 3d 5h]
Seat 1: AlexPinsk1
Seat 3: mlekarq1
Seat 4: babyb4rt
Seat 6: Poker9803
Seat 2: CichiChanMarian (big blind) folded on the River
Seat 5: blistein (button) (small blind) collected ($4.75)



PokerStars Hand #254450822796:  Hold'em No Limit ($0.50/$1.00 USD) - 2025/01/19 17:36:10 WET [2025/01/19 12:36:10 ET]
Table 'Papagena IV' 6-max Seat #5 is the button
Seat 1: AlexPinsk1 ($106.25 in chips) is sitting out
Seat 4: babyb4rt ($0 in chips) is sitting out
Seat 2: CichiChanMarian ($150.48 in chips) 
Seat 3: mlekarq1 ($100 in chips) 
Seat 5: blistein ($170.85 in chips) 
CichiChanMarian: posts small blind $0.50
mlekarq1: posts big blind $1
*** HOLE CARDS ***
blistein: raises $1.50 to $2.50
CichiChanMarian: folds 
mlekarq1: folds 
Uncalled bet ($1.50) returned to blistein
blistein collected $2.50 from pot
blistein: doesn't show hand 
davefromfl joins the table at seat #6 
*** SUMMARY ***
Total pot $2.50 | Rake $0 
Seat 1: AlexPinsk1
Seat 4: babyb4rt
Seat 2: CichiChanMarian (small blind) folded before Flop
Seat 3: mlekarq1 (big blind) folded before Flop
Seat 5: blistein (button) collected ($2.50)



PokerStars Hand #254450825750:  Hold'em No Limit ($0.50/$1.00 USD) - 2025/01/19 17:36:19 WET [2025/01/19 12:36:19 ET]
Table 'Papagena IV' 6-max Seat #2 is the button
Seat 1: AlexPinsk1 ($106.25 in chips) is sitting out
Seat 4: babyb4rt ($0 in chips) is sitting out
Seat 6: davefromfl ($100 in chips) is sitting out
Seat 2: CichiChanMarian ($149.98 in chips) 
Seat 3: mlekarq1 ($100 in chips) 
Seat 5: blistein ($172.35 in chips) 
mlekarq1: posts small blind $0.50
blistein: posts big blind $1
davefromfl: sits out 
*** HOLE CARDS ***
CichiChanMarian: folds 
mlekarq1: raises $2 to $3
blistein: calls $2
*** FLOP *** [8c 9c 2d]
mlekarq1: checks 
blistein: checks 
*** TURN *** [8c 9c 2d] [Jc]
mlekarq1: bets $1.43
blistein: raises $5.29 to $6.72
mlekarq1: raises $9.57 to $16.29
blistein: calls $9.57
*** RIVER *** [8c 9c 2d Jc] [6s]
mlekarq1 has timed out
mlekarq1: checks 
blistein: bets $37.58
mlekarq1 has timed out
mlekarq1: folds 
Uncalled bet ($37.58) returned to blistein
blistein collected $37.58 from pot
blistein: doesn't show hand 
*** SUMMARY ***
Total pot $38.58 | Rake $1 
Board [8c 9c 2d Jc 6s]
Seat 1: AlexPinsk1
Seat 4: babyb4rt
Seat 6: davefromfl
Seat 2: CichiChanMarian (button) folded before Flop (didn't bet)
Seat 3: mlekarq1 (small blind) folded on the River
Seat 5: blistein (big blind) collected ($37.58)



PokerStars Hand #254450876041:  Hold'em No Limit ($0.50/$1.00 USD) - 2025/01/19 17:38:47 WET [2025/01/19 12:38:47 ET]
Table 'Papagena IV' 6-max Seat #5 is the button
Seat 1: AlexPinsk1 ($106.25 in chips) is sitting out
Seat 3: mlekarq1 ($95.51 in chips) is sitting out
Seat 4: babyb4rt ($0 in chips) is sitting out
Seat 6: davefromfl ($100 in chips) is sitting out
Seat 2: CichiChanMarian ($149.98 in chips) 
Seat 5: blistein ($190.64 in chips) 
blistein: posts small blind $0.50
CichiChanMarian: posts big blind $1
*** HOLE CARDS ***
blistein: folds 
Uncalled bet ($0.50) returned to CichiChanMarian
CichiChanMarian collected $1 from pot
babyb4rt leaves the table
CichiChanMarian: doesn't show hand 
*** SUMMARY ***
Total pot $1 | Rake $0 
Seat 1: AlexPinsk1
Seat 3: mlekarq1
Seat 4: babyb4rt
Seat 6: davefromfl
Seat 2: CichiChanMarian (big blind) collected ($1)
Seat 5: blistein (button) (small blind) folded before Flop



PokerStars Hand #254450877762:  Hold'em No Limit ($0.50/$1.00 USD) - 2025/01/19 17:38:52 WET [2025/01/19 12:38:52 ET]
Table 'Papagena IV' 6-max Seat #2 is the button
Seat 1: AlexPinsk1 ($106.25 in chips) is sitting out
Seat 3: mlekarq1 ($95.51 in chips) is sitting out
Seat 2: CichiChanMarian ($150.48 in chips) 
Seat 5: blistein ($190.14 in chips) 
Seat 6: davefromfl ($100 in chips) 
blistein: posts small blind $0.50
davefromfl: posts big blind $1
AlexPinsk1: sits out 
*** HOLE CARDS ***
mlekarq1 leaves the table
CichiChanMarian: folds 
blistein: raises $2 to $3
davefromfl: folds 
Uncalled bet ($2) returned to blistein
blistein collected $2 from pot
blistein: doesn't show hand 
*** SUMMARY ***
Total pot $2 | Rake $0 
Seat 1: AlexPinsk1
Seat 3: mlekarq1
Seat 2: CichiChanMarian (button) folded before Flop (didn't bet)
Seat 5: blistein (small blind) collected ($2)
Seat 6: davefromfl (big blind) folded before Flop



PokerStars Hand #254450881510:  Hold'em No Limit ($0.50/$1.00 USD) - 2025/01/19 17:39:04 WET [2025/01/19 12:39:04 ET]
Table 'Papagena IV' 6-max Seat #5 is the button
Seat 1: AlexPinsk1 ($106.25 in chips) 
Seat 2: CichiChanMarian ($150.48 in chips) 
Seat 5: blistein ($191.14 in chips) 
Seat 6: davefromfl ($99 in chips) 
davefromfl: posts small blind $0.50
AlexPinsk1: posts big blind $1
*** HOLE CARDS ***
imhungarian8 joins the table at seat #3 
CichiChanMarian: raises $1.50 to $2.50
blistein: folds 
Cositorto joins the table at seat #4 
davefromfl: folds 
AlexPinsk1: folds 
Uncalled bet ($1.50) returned to CichiChanMarian
CichiChanMarian collected $2.50 from pot
CichiChanMarian: doesn't show hand 
*** SUMMARY ***
Total pot $2.50 | Rake $0 
Seat 1: AlexPinsk1 (big blind) folded before Flop
Seat 2: CichiChanMarian collected ($2.50)
Seat 5: blistein (button) folded before Flop (didn't bet)
Seat 6: davefromfl (small blind) folded before Flop



PokerStars Hand #254450888443:  Hold'em No Limit ($0.50/$1.00 USD) - 2025/01/19 17:39:24 WET [2025/01/19 12:39:24 ET]
Table 'Papagena IV' 6-max Seat #6 is the button
Seat 3: imhungarian8 ($100 in chips) is sitting out
Seat 4: Cositorto ($100 in chips) is sitting out
Seat 1: AlexPinsk1 ($105.25 in chips) 
Seat 2: CichiChanMarian ($151.98 in chips) 
Seat 5: blistein ($191.14 in chips) 
Seat 6: davefromfl ($98.50 in chips) 
AlexPinsk1: posts small blind $0.50
CichiChanMarian: posts big blind $1
imhungarian8: sits out 
Cositorto: sits out 
*** HOLE CARDS ***
blistein: folds 
davefromfl: folds 
AlexPinsk1: raises $2 to $3
CichiChanMarian: folds 
Uncalled bet ($2) returned to AlexPinsk1
AlexPinsk1 collected $2 from pot
AlexPinsk1: doesn't show hand 
*** SUMMARY ***
Total pot $2 | Rake $0 
Seat 3: imhungarian8
Seat 4: Cositorto
Seat 1: AlexPinsk1 (small blind) collected ($2)
Seat 2: CichiChanMarian (big blind) folded before Flop
Seat 5: blistein folded before Flop (didn't bet)
Seat 6: davefromfl (button) folded before Flop (didn't bet)



PokerStars Hand #254450894958:  Hold'em No Limit ($0.50/$1.00 USD) - 2025/01/19 17:39:43 WET [2025/01/19 12:39:43 ET]
Table 'Papagena IV' 6-max Seat #1 is the button
Seat 4: Cositorto ($100 in chips) is sitting out
Seat 1: AlexPinsk1 ($106.25 in chips) 
Seat 2: CichiChanMarian ($150.98 in chips) 
Seat 3: imhungarian8 ($100 in chips) 
Seat 5: blistein ($191.14 in chips) 
Seat 6: davefromfl ($98.50 in chips) 
CichiChanMarian: posts small blind $0.50
imhungarian8: posts big blind $1
Cositorto: sits out 
*** HOLE CARDS ***
blistein: folds 
davefromfl: calls $1
AlexPinsk1: folds 
CichiChanMarian: folds 
imhungarian8: checks 
*** FLOP *** [Tc 8s 5d]
imhungarian8: checks 
davefromfl: checks 
*** TURN *** [Tc 8s 5d] [Kh]
imhungarian8: checks 
davefromfl: bets $1.19
imhungarian8: folds 
Uncalled bet ($1.19) returned to davefromfl
davefromfl collected $2.38 from pot
*** SUMMARY ***
Total pot $2.50 | Rake $0.12 
Board [Tc 8s 5d Kh]
Seat 4: Cositorto
Seat 1: AlexPinsk1 (button) folded before Flop (didn't bet)
Seat 2: CichiChanMarian (small blind) folded before Flop
Seat 3: imhungarian8 (big blind) folded on the Turn
Seat 5: blistein folded before Flop (didn't bet)
Seat 6: davefromfl collected ($2.38)



PokerStars Hand #254451407127:  Hold'em No Limit ($0.50/$1.00 USD) - 2025/01/19 17:40:19 WET [2025/01/19 12:40:19 ET]
Table 'Papagena IV' 6-max Seat #2 is the button
Seat 3: imhungarian8 ($100 in chips) is sitting out
Seat 4: Cositorto ($100 in chips) is sitting out
Seat 1: AlexPinsk1 ($106.25 in chips) 
Seat 2: CichiChanMarian ($150.48 in chips) 
Seat 5: blistein ($191.14 in chips) 
Seat 6: davefromfl ($99.88 in chips) 
blistein: posts small blind $0.50
davefromfl: posts big blind $1
*** HOLE CARDS ***
AlexPinsk1: folds 
CichiChanMarian: folds 
blistein: raises $2 to $3
davefromfl: folds 
Uncalled bet ($2) returned to blistein
blistein collected $2 from pot
blistein: doesn't show hand 
*** SUMMARY ***
Total pot $2 | Rake $0 
Seat 3: imhungarian8
Seat 4: Cositorto
Seat 1: AlexPinsk1 folded before Flop (didn't bet)
Seat 2: CichiChanMarian (button) folded before Flop (didn't bet)
Seat 5: blistein (small blind) collected ($2)
Seat 6: davefromfl (big blind) folded before Flop



PokerStars Hand #254451411834:  Hold'em No Limit ($0.50/$1.00 USD) - 2025/01/19 17:40:33 WET [2025/01/19 12:40:33 ET]
Table 'Papagena IV' 6-max Seat #5 is the button
Seat 3: imhungarian8 ($100 in chips) is sitting out
Seat 4: Cositorto ($100 in chips) is sitting out
Seat 1: AlexPinsk1 ($106.25 in chips) 
Seat 2: CichiChanMarian ($150.48 in chips) 
Seat 5: blistein ($192.14 in chips) 
Seat 6: davefromfl ($98.88 in chips) 
davefromfl: posts small blind $0.50
AlexPinsk1: posts big blind $1
Cositorto: sits out 
*** HOLE CARDS ***
CichiChanMarian: folds 
blistein: raises $1.50 to $2.50
davefromfl: calls $2
AlexPinsk1: folds 
*** FLOP *** [8c 4c Ad]
davefromfl: checks 
blistein: bets $1.94
davefromfl: folds 
Uncalled bet ($1.94) returned to blistein
blistein collected $5.70 from pot
blistein: doesn't show hand 
*** SUMMARY ***
Total pot $6 | Rake $0.30 
Board [8c 4c Ad]
Seat 3: imhungarian8
Seat 4: Cositorto
Seat 1: AlexPinsk1 (big blind) folded before Flop
Seat 2: CichiChanMarian folded before Flop (didn't bet)
Seat 5: blistein (button) collected ($5.70)
Seat 6: davefromfl (small blind) folded on the Flop



PokerStars Hand #254451421882:  Hold'em No Limit ($0.50/$1.00 USD) - 2025/01/19 17:41:03 WET [2025/01/19 12:41:03 ET]
Table 'Papagena IV' 6-max Seat #6 is the button
Seat 3: imhungarian8 ($100 in chips) is sitting out
Seat 4: Cositorto ($100 in chips) is sitting out
Seat 1: AlexPinsk1 ($105.25 in chips) 
Seat 2: CichiChanMarian ($150.48 in chips) 
Seat 5: blistein ($195.34 in chips) 
Seat 6: davefromfl ($96.38 in chips) 
AlexPinsk1: posts small blind $0.50
CichiChanMarian: posts big blind $1
Cositorto: sits out 
*** HOLE CARDS ***
blistein: folds 
davefromfl: calls $1
AlexPinsk1: calls $0.50
CichiChanMarian: checks 
*** FLOP *** [7d 9d 2c]
AlexPinsk1: checks 
CichiChanMarian: checks 
davefromfl: checks 
*** TURN *** [7d 9d 2c] [6h]
AlexPinsk1: checks 
CichiChanMarian: bets $1.88
davefromfl: folds 
AlexPinsk1: folds 
Uncalled bet ($1.88) returned to CichiChanMarian
CichiChanMarian collected $2.85 from pot
CichiChanMarian: doesn't show hand 
*** SUMMARY ***
Total pot $3 | Rake $0.15 
Board [7d 9d 2c 6h]
Seat 3: imhungarian8
Seat 4: Cositorto
Seat 1: AlexPinsk1 (small blind) folded on the Turn
Seat 2: CichiChanMarian (big blind) collected ($2.85)
Seat 5: blistein folded before Flop (didn't bet)
Seat 6: davefromfl (button) folded on the Turn



PokerStars Hand #254451443328:  Hold'em No Limit ($0.50/$1.00 USD) - 2025/01/19 17:42:06 WET [2025/01/19 12:42:06 ET]
Table 'Papagena IV' 6-max Seat #1 is the button
Seat 3: imhungarian8 ($100 in chips) is sitting out
Seat 1: AlexPinsk1 ($104.25 in chips) 
Seat 2: CichiChanMarian ($152.33 in chips) 
Seat 4: Cositorto ($100 in chips) 
Seat 5: blistein ($195.34 in chips) 
Seat 6: davefromfl ($95.38 in chips) 
CichiChanMarian: posts small blind $0.50
Cositorto: posts big blind $1
*** HOLE CARDS ***
blistein: folds 
davefromfl: calls $1
AlexPinsk1: raises $2.50 to $3.50
CichiChanMarian: folds 
Cositorto: folds 
davefromfl: calls $2.50
*** FLOP *** [As Qd 4c]
davefromfl: checks 
AlexPinsk1: bets $3
davefromfl: folds 
Uncalled bet ($3) returned to AlexPinsk1
AlexPinsk1 collected $8.08 from pot
AlexPinsk1: doesn't show hand 
*** SUMMARY ***
Total pot $8.50 | Rake $0.42 
Board [As Qd 4c]
Seat 3: imhungarian8
Seat 1: AlexPinsk1 (button) collected ($8.08)
Seat 2: CichiChanMarian (small blind) folded before Flop
Seat 4: Cositorto (big blind) folded before Flop
Seat 5: blistein folded before Flop (didn't bet)
Seat 6: davefromfl folded on the Flop



PokerStars Hand #254451452428:  Hold'em No Limit ($0.50/$1.00 USD) - 2025/01/19 17:42:33 WET [2025/01/19 12:42:33 ET]
Table 'Papagena IV' 6-max Seat #2 is the button
Seat 3: imhungarian8 ($100 in chips) is sitting out
Seat 1: AlexPinsk1 ($108.83 in chips) 
Seat 2: CichiChanMarian ($151.83 in chips) 
Seat 4: Cositorto ($100 in chips) 
Seat 5: blistein ($195.34 in chips) 
Seat 6: davefromfl ($91.88 in chips) 
Cositorto: posts small blind $0.50
blistein: posts big blind $1
*** HOLE CARDS ***
davefromfl: folds 
AlexPinsk1: folds 
CichiChanMarian: folds 
Cositorto: folds 
Uncalled bet ($0.50) returned to blistein
blistein collected $1 from pot
blistein: doesn't show hand 
*** SUMMARY ***
Total pot $1 | Rake $0 
Seat 3: imhungarian8
Seat 1: AlexPinsk1 folded before Flop (didn't bet)
Seat 2: CichiChanMarian (button) folded before Flop (didn't bet)
Seat 4: Cositorto (small blind) folded before Flop
Seat 5: blistein (big blind) collected ($1)
Seat 6: davefromfl folded before Flop (didn't bet)



PokerStars Hand #254451456701:  Hold'em No Limit ($0.50/$1.00 USD) - 2025/01/19 17:42:45 WET [2025/01/19 12:42:45 ET]
Table 'Papagena IV' 6-max Seat #4 is the button
Seat 3: imhungarian8 ($100 in chips) is sitting out
Seat 1: AlexPinsk1 ($108.83 in chips) 
Seat 2: CichiChanMarian ($151.83 in chips) 
Seat 4: Cositorto ($100 in chips) 
Seat 5: blistein ($195.84 in chips) 
Seat 6: davefromfl ($91.88 in chips) 
blistein: posts small blind $0.50
davefromfl: posts big blind $1
imhungarian8: sits out 
*** HOLE CARDS ***
AlexPinsk1: folds 
CichiChanMarian: folds 
Cositorto: raises $1.50 to $2.50
blistein: folds 
davefromfl: calls $1.50
*** FLOP *** [5h 6s 4c]
davefromfl: checks 
Cositorto: checks 
*** TURN *** [5h 6s 4c] [Js]
davefromfl: checks 
Cositorto: bets $2.50
davefromfl: folds 
Uncalled bet ($2.50) returned to Cositorto
Cositorto collected $5.22 from pot
Cositorto: doesn't show hand 
*** SUMMARY ***
Total pot $5.50 | Rake $0.28 
Board [5h 6s 4c Js]
Seat 3: imhungarian8
Seat 1: AlexPinsk1 folded before Flop (didn't bet)
Seat 2: CichiChanMarian folded before Flop (didn't bet)
Seat 4: Cositorto (button) collected ($5.22)
Seat 5: blistein (small blind) folded before Flop
Seat 6: davefromfl (big blind) folded on the Turn



PokerStars Hand #254451476995:  Hold'em No Limit ($0.50/$1.00 USD) - 2025/01/19 17:43:45 WET [2025/01/19 12:43:45 ET]
Table 'Papagena IV' 6-max Seat #5 is the button
Seat 3: imhungarian8 ($100 in chips) is sitting out
Seat 1: AlexPinsk1 ($108.83 in chips) 
Seat 2: CichiChanMarian ($151.83 in chips) 
Seat 4: Cositorto ($102.72 in chips) 
Seat 5: blistein ($195.34 in chips) 
Seat 6: davefromfl ($89.38 in chips) 
davefromfl: posts small blind $0.50
AlexPinsk1: posts big blind $1
imhungarian8: sits out 
*** HOLE CARDS ***
CichiChanMarian: folds 
Cositorto: folds 
blistein: raises $1.50 to $2.50
davefromfl: folds 
AlexPinsk1: calls $1.50
*** FLOP *** [4d Ks 6s]
AlexPinsk1: checks 
blistein: bets $2.61
AlexPinsk1: folds 
Uncalled bet ($2.61) returned to blistein
blistein collected $5.22 from pot
blistein: doesn't show hand 
*** SUMMARY ***
Total pot $5.50 | Rake $0.28 
Board [4d Ks 6s]
Seat 3: imhungarian8
Seat 1: AlexPinsk1 (big blind) folded on the Flop
Seat 2: CichiChanMarian folded before Flop (didn't bet)
Seat 4: Cositorto folded before Flop (didn't bet)
Seat 5: blistein (button) collected ($5.22)
Seat 6: davefromfl (small blind) folded before Flop



PokerStars Hand #254451489253:  Hold'em No Limit ($0.50/$1.00 USD) - 2025/01/19 17:44:22 WET [2025/01/19 12:44:22 ET]
Table 'Papagena IV' 6-max Seat #6 is the button
Seat 2: CichiChanMarian ($151.83 in chips) is sitting out
Seat 1: AlexPinsk1 ($106.33 in chips) 
Seat 3: imhungarian8 ($100 in chips) 
Seat 4: Cositorto ($102.72 in chips) 
Seat 5: blistein ($198.06 in chips) 
Seat 6: davefromfl ($88.88 in chips) 
AlexPinsk1: posts small blind $0.50
CichiChanMarian: is sitting out 
imhungarian8: posts big blind $1
*** HOLE CARDS ***
Cositorto: folds 
blistein: raises $1.30 to $2.30
CichiChanMarian leaves the table
davefromfl: folds 
AlexPinsk1: folds 
imhungarian8: folds 
Uncalled bet ($1.30) returned to blistein
blistein collected $2.50 from pot
blistein: doesn't show hand 
*** SUMMARY ***
Total pot $2.50 | Rake $0 
Seat 2: CichiChanMarian
Seat 1: AlexPinsk1 (small blind) folded before Flop
Seat 3: imhungarian8 (big blind) folded before Flop
Seat 4: Cositorto folded before Flop (didn't bet)
Seat 5: blistein collected ($2.50)
Seat 6: davefromfl (button) folded before Flop (didn't bet)



PokerStars Hand #254451494482:  Hold'em No Limit ($0.50/$1.00 USD) - 2025/01/19 17:44:37 WET [2025/01/19 12:44:37 ET]
Table 'Papagena IV' 6-max Seat #1 is the button
Seat 1: AlexPinsk1 ($105.83 in chips) 
Seat 3: imhungarian8 ($100 in chips) 
Seat 4: Cositorto ($102.72 in chips) 
Seat 5: blistein ($199.56 in chips) 
Seat 6: davefromfl ($88.88 in chips) 
imhungarian8: posts small blind $0.50
Cositorto: posts big blind $1
*** HOLE CARDS ***
blistein: raises $1.20 to $2.20
davefromfl: folds 
Burlica2013 joins the table at seat #2 
AlexPinsk1: folds 
imhungarian8: folds 
Cositorto: folds 
Uncalled bet ($1.20) returned to blistein
blistein collected $2.50 from pot
blistein: doesn't show hand 
*** SUMMARY ***
Total pot $2.50 | Rake $0 
Seat 1: AlexPinsk1 (button) folded before Flop (didn't bet)
Seat 3: imhungarian8 (small blind) folded before Flop
Seat 4: Cositorto (big blind) folded before Flop
Seat 5: blistein collected ($2.50)
Seat 6: davefromfl folded before Flop (didn't bet)



PokerStars Hand #254451502443:  Hold'em No Limit ($0.50/$1.00 USD) - 2025/01/19 17:45:00 WET [2025/01/19 12:45:00 ET]
Table 'Papagena IV' 6-max Seat #3 is the button
Seat 2: Burlica2013 ($100 in chips) is sitting out
Seat 5: blistein ($201.06 in chips) is sitting out
Seat 1: AlexPinsk1 ($105.83 in chips) 
Seat 3: imhungarian8 ($100 in chips) 
Seat 4: Cositorto ($101.72 in chips) 
Seat 6: davefromfl ($88.88 in chips) 
Cositorto: posts small blind $0.50
blistein: is sitting out 
davefromfl: posts big blind $1
Burlica2013: sits out 
*** HOLE CARDS ***
AlexPinsk1: folds 
blistein leaves the table
imhungarian8: raises $1.50 to $2.50
Cositorto: folds 
davefromfl: calls $1.50
*** FLOP *** [3c Kh Js]
davefromfl: checks 
imhungarian8: bets $1.57
davefromfl: calls $1.57
*** TURN *** [3c Kh Js] [5d]
davefromfl: checks 
imhungarian8: bets $6.16
davefromfl: folds 
Uncalled bet ($6.16) returned to imhungarian8
imhungarian8 collected $8.21 from pot
imhungarian8: doesn't show hand 
*** SUMMARY ***
Total pot $8.64 | Rake $0.43 
Board [3c Kh Js 5d]
Seat 2: Burlica2013
Seat 5: blistein
Seat 1: AlexPinsk1 folded before Flop (didn't bet)
Seat 3: imhungarian8 (button) collected ($8.21)
Seat 4: Cositorto (small blind) folded before Flop
Seat 6: davefromfl (big blind) folded on the Turn



PokerStars Hand #254451511861:  Hold'em No Limit ($0.50/$1.00 USD) - 2025/01/19 17:45:29 WET [2025/01/19 12:45:29 ET]
Table 'Papagena IV' 6-max Seat #4 is the button
Seat 2: Burlica2013 ($100 in chips) is sitting out
Seat 1: AlexPinsk1 ($105.83 in chips) 
Seat 3: imhungarian8 ($104.14 in chips) 
Seat 4: Cositorto ($101.22 in chips) 
Seat 6: davefromfl ($84.81 in chips) 
davefromfl: posts small blind $0.50
AlexPinsk1: posts big blind $1
Burlica2013: sits out 
*** HOLE CARDS ***
imhungarian8: raises $1.30 to $2.30
Cositorto: folds 
davefromfl: calls $1.80
AlexPinsk1: folds 
*** FLOP *** [Qc 5s As]
davefromfl: checks 
imhungarian8: bets $1.60
davefromfl: folds 
Uncalled bet ($1.60) returned to imhungarian8
imhungarian8 collected $5.32 from pot
imhungarian8: doesn't show hand 
*** SUMMARY ***
Total pot $5.60 | Rake $0.28 
Board [Qc 5s As]
Seat 2: Burlica2013
Seat 1: AlexPinsk1 (big blind) folded before Flop
Seat 3: imhungarian8 collected ($5.32)
Seat 4: Cositorto (button) folded before Flop (didn't bet)
Seat 6: davefromfl (small blind) folded on the Flop



PokerStars Hand #254451517115:  Hold'em No Limit ($0.50/$1.00 USD) - 2025/01/19 17:45:44 WET [2025/01/19 12:45:44 ET]
Table 'Papagena IV' 6-max Seat #6 is the button
Seat 1: AlexPinsk1 ($104.83 in chips) 
Seat 2: Burlica2013 ($100 in chips) 
Seat 3: imhungarian8 ($107.16 in chips) 
Seat 4: Cositorto ($101.22 in chips) 
Seat 6: davefromfl ($82.51 in chips) 
AlexPinsk1: posts small blind $0.50
Burlica2013: posts big blind $1
*** HOLE CARDS ***
imhungarian8: folds 
Cositorto: folds 
davefromfl: folds 
AlexPinsk1: folds 
Uncalled bet ($0.50) returned to Burlica2013
Burlica2013 collected $1 from pot
Burlica2013: doesn't show hand 
*** SUMMARY ***
Total pot $1 | Rake $0 
Seat 1: AlexPinsk1 (small blind) folded before Flop
Seat 2: Burlica2013 (big blind) collected ($1)
Seat 3: imhungarian8 folded before Flop (didn't bet)
Seat 4: Cositorto folded before Flop (didn't bet)
Seat 6: davefromfl (button) folded before Flop (didn't bet)



PokerStars Hand #254451519963:  Hold'em No Limit ($0.50/$1.00 USD) - 2025/01/19 17:45:52 WET [2025/01/19 12:45:52 ET]
Table 'Papagena IV' 6-max Seat #1 is the button
Seat 1: AlexPinsk1 ($104.33 in chips) 
Seat 2: Burlica2013 ($100.50 in chips) 
Seat 3: imhungarian8 ($107.16 in chips) 
Seat 4: Cositorto ($101.22 in chips) 
Seat 6: davefromfl ($82.51 in chips) 
Burlica2013: posts small blind $0.50
imhungarian8: posts big blind $1
*** HOLE CARDS ***
Cositorto: folds 
davefromfl: folds 
AlexPinsk1: folds 
Burlica2013: folds 
Uncalled bet ($0.50) returned to imhungarian8
imhungarian8 collected $1 from pot
imhungarian8: doesn't show hand 
*** SUMMARY ***
Total pot $1 | Rake $0 
Seat 1: AlexPinsk1 (button) folded before Flop (didn't bet)
Seat 2: Burlica2013 (small blind) folded before Flop
Seat 3: imhungarian8 (big blind) collected ($1)
Seat 4: Cositorto folded before Flop (didn't bet)
Seat 6: davefromfl folded before Flop (didn't bet)



PokerStars Hand #254451523676:  Hold'em No Limit ($0.50/$1.00 USD) - 2025/01/19 17:46:03 WET [2025/01/19 12:46:03 ET]
Table 'Papagena IV' 6-max Seat #2 is the button
Seat 1: AlexPinsk1 ($104.33 in chips) 
Seat 2: Burlica2013 ($100 in chips) 
Seat 3: imhungarian8 ($107.66 in chips) 
Seat 4: Cositorto ($101.22 in chips) 
Seat 6: davefromfl ($82.51 in chips) 
imhungarian8: posts small blind $0.50
Cositorto: posts big blind $1
*** HOLE CARDS ***
davefromfl: folds 
AlexPinsk1: folds 
Burlica2013: raises $1.45 to $2.45
imhungarian8: folds 
Cositorto: folds 
Uncalled bet ($1.45) returned to Burlica2013
Burlica2013 collected $2.50 from pot
Pippa83 joins the table at seat #5 
Burlica2013: doesn't show hand 
*** SUMMARY ***
Total pot $2.50 | Rake $0 
Seat 1: AlexPinsk1 folded before Flop (didn't bet)
Seat 2: Burlica2013 (button) collected ($2.50)
Seat 3: imhungarian8 (small blind) folded before Flop
Seat 4: Cositorto (big blind) folded before Flop
Seat 6: davefromfl folded before Flop (didn't bet)



PokerStars Hand #254451529199:  Hold'em No Limit ($0.50/$1.00 USD) - 2025/01/19 17:46:20 WET [2025/01/19 12:46:20 ET]
Table 'Papagena IV' 6-max Seat #3 is the button
Seat 1: AlexPinsk1 ($104.33 in chips) 
Seat 2: Burlica2013 ($101.50 in chips) 
Seat 3: imhungarian8 ($107.16 in chips) 
Seat 4: Cositorto ($100.22 in chips) 
Seat 5: Pippa83 ($139.77 in chips) 
Seat 6: davefromfl ($82.51 in chips) 
Cositorto: posts small blind $0.50
Pippa83: posts big blind $1
*** HOLE CARDS ***
davefromfl: raises $1 to $2
AlexPinsk1: folds 
Burlica2013: folds 
imhungarian8: folds 
Cositorto: folds 
Pippa83: folds 
Uncalled bet ($1) returned to davefromfl
davefromfl collected $2.50 from pot
*** SUMMARY ***
Total pot $2.50 | Rake $0 
Seat 1: AlexPinsk1 folded before Flop (didn't bet)
Seat 2: Burlica2013 folded before Flop (didn't bet)
Seat 3: imhungarian8 (button) folded before Flop (didn't bet)
Seat 4: Cositorto (small blind) folded before Flop
Seat 5: Pippa83 (big blind) folded before Flop
Seat 6: davefromfl collected ($2.50)



PokerStars Hand #254451536283:  Hold'em No Limit ($0.50/$1.00 USD) - 2025/01/19 17:46:40 WET [2025/01/19 12:46:40 ET]
Table 'Papagena IV' 6-max Seat #4 is the button
Seat 1: AlexPinsk1 ($104.33 in chips) 
Seat 2: Burlica2013 ($101.50 in chips) 
Seat 3: imhungarian8 ($107.16 in chips) 
Seat 4: Cositorto ($100 in chips) 
Seat 5: Pippa83 ($138.77 in chips) 
Seat 6: davefromfl ($84.01 in chips) 
Pippa83: posts small blind $0.50
davefromfl: posts big blind $1
*** HOLE CARDS ***
AlexPinsk1: folds 
Burlica2013: raises $1.20 to $2.20
imhungarian8: folds 
Cositorto: folds 
Pippa83: folds 
davefromfl: folds 
Uncalled bet ($1.20) returned to Burlica2013
Burlica2013 collected $2.50 from pot
Burlica2013: doesn't show hand 
*** SUMMARY ***
Total pot $2.50 | Rake $0 
Seat 1: AlexPinsk1 folded before Flop (didn't bet)
Seat 2: Burlica2013 collected ($2.50)
Seat 3: imhungarian8 folded before Flop (didn't bet)
Seat 4: Cositorto (button) folded before Flop (didn't bet)
Seat 5: Pippa83 (small blind) folded before Flop
Seat 6: davefromfl (big blind) folded before Flop



PokerStars Hand #254451540820:  Hold'em No Limit ($0.50/$1.00 USD) - 2025/01/19 17:46:54 WET [2025/01/19 12:46:54 ET]
Table 'Papagena IV' 6-max Seat #5 is the button
Seat 1: AlexPinsk1 ($104.33 in chips) 
Seat 2: Burlica2013 ($103 in chips) 
Seat 3: imhungarian8 ($107.16 in chips) 
Seat 4: Cositorto ($100 in chips) 
Seat 5: Pippa83 ($138.27 in chips) 
Seat 6: davefromfl ($83.01 in chips) 
davefromfl: posts small blind $0.50
AlexPinsk1: posts big blind $1
*** HOLE CARDS ***
Burlica2013: folds 
imhungarian8: folds 
Cositorto: raises $1 to $2
Pippa83: folds 
davefromfl: folds 
AlexPinsk1: folds 
Uncalled bet ($1) returned to Cositorto
Cositorto collected $2.50 from pot
Cositorto: doesn't show hand 
*** SUMMARY ***
Total pot $2.50 | Rake $0 
Seat 1: AlexPinsk1 (big blind) folded before Flop
Seat 2: Burlica2013 folded before Flop (didn't bet)
Seat 3: imhungarian8 folded before Flop (didn't bet)
Seat 4: Cositorto collected ($2.50)
Seat 5: Pippa83 (button) folded before Flop (didn't bet)
Seat 6: davefromfl (small blind) folded before Flop



PokerStars Hand #254451545469:  Hold'em No Limit ($0.50/$1.00 USD) - 2025/01/19 17:47:07 WET [2025/01/19 12:47:07 ET]
Table 'Papagena IV' 6-max Seat #6 is the button
Seat 1: AlexPinsk1 ($103.33 in chips) 
Seat 2: Burlica2013 ($103 in chips) 
Seat 3: imhungarian8 ($107.16 in chips) 
Seat 4: Cositorto ($101.50 in chips) 
Seat 5: Pippa83 ($138.27 in chips) 
Seat 6: davefromfl ($82.51 in chips) 
AlexPinsk1: posts small blind $0.50
Burlica2013: posts big blind $1
*** HOLE CARDS ***
imhungarian8: folds 
Cositorto: folds 
Pippa83: folds 
davefromfl: calls $1
AlexPinsk1: raises $3 to $4
Burlica2013: calls $3
davefromfl: folds 
*** FLOP *** [9s 3h 3c]
AlexPinsk1: checks 
Burlica2013: checks 
*** TURN *** [9s 3h 3c] [2c]
AlexPinsk1: bets $8.50
Burlica2013: folds 
Uncalled bet ($8.50) returned to AlexPinsk1
AlexPinsk1 collected $8.55 from pot
AlexPinsk1: doesn't show hand 
*** SUMMARY ***
Total pot $9 | Rake $0.45 
Board [9s 3h 3c 2c]
Seat 1: AlexPinsk1 (small blind) collected ($8.55)
Seat 2: Burlica2013 (big blind) folded on the Turn
Seat 3: imhungarian8 folded before Flop (didn't bet)
Seat 4: Cositorto folded before Flop (didn't bet)
Seat 5: Pippa83 folded before Flop (didn't bet)
Seat 6: davefromfl (button) folded before Flop



PokerStars Hand #254451568804:  Hold'em No Limit ($0.50/$1.00 USD) - 2025/01/19 17:48:16 WET [2025/01/19 12:48:16 ET]
Table 'Papagena IV' 6-max Seat #1 is the button
Seat 1: AlexPinsk1 ($107.88 in chips) 
Seat 2: Burlica2013 ($100 in chips) 
Seat 3: imhungarian8 ($107.16 in chips) 
Seat 4: Cositorto ($101.50 in chips) 
Seat 5: Pippa83 ($138.27 in chips) 
Seat 6: davefromfl ($81.51 in chips) 
Burlica2013: posts small blind $0.50
imhungarian8: posts big blind $1
*** HOLE CARDS ***
Cositorto: folds 
Pippa83: folds 
davefromfl: calls $1
AlexPinsk1: raises $2.50 to $3.50
Burlica2013: folds 
imhungarian8: folds 
davefromfl: calls $2.50
*** FLOP *** [3d 7s 3h]
davefromfl: checks 
AlexPinsk1: checks 
*** TURN *** [3d 7s 3h] [2d]
davefromfl: bets $2
AlexPinsk1: calls $2
*** RIVER *** [3d 7s 3h 2d] [8h]
davefromfl: bets $5
AlexPinsk1: folds 
Uncalled bet ($5) returned to davefromfl
davefromfl collected $11.88 from pot
*** SUMMARY ***
Total pot $12.50 | Rake $0.62 
Board [3d 7s 3h 2d 8h]
Seat 1: AlexPinsk1 (button) folded on the River
Seat 2: Burlica2013 (small blind) folded before Flop
Seat 3: imhungarian8 (big blind) folded before Flop
Seat 4: Cositorto folded before Flop (didn't bet)
Seat 5: Pippa83 folded before Flop (didn't bet)
Seat 6: davefromfl collected ($11.88)



PokerStars Hand #254451589893:  Hold'em No Limit ($0.50/$1.00 USD) - 2025/01/19 17:49:18 WET [2025/01/19 12:49:18 ET]
Table 'Papagena IV' 6-max Seat #2 is the button
Seat 1: AlexPinsk1 ($102.38 in chips) 
Seat 2: Burlica2013 ($100 in chips) 
Seat 3: imhungarian8 ($106.16 in chips) 
Seat 4: Cositorto ($101.50 in chips) 
Seat 5: Pippa83 ($138.27 in chips) 
Seat 6: davefromfl ($87.89 in chips) 
imhungarian8: posts small blind $0.50
Cositorto: posts big blind $1
*** HOLE CARDS ***
Pippa83: folds 
davefromfl: folds 
AlexPinsk1: folds 
Burlica2013: folds 
imhungarian8: folds 
Uncalled bet ($0.50) returned to Cositorto
Cositorto collected $1 from pot
Cositorto: doesn't show hand 
*** SUMMARY ***
Total pot $1 | Rake $0 
Seat 1: AlexPinsk1 folded before Flop (didn't bet)
Seat 2: Burlica2013 (button) folded before Flop (didn't bet)
Seat 3: imhungarian8 (small blind) folded before Flop
Seat 4: Cositorto (big blind) collected ($1)
Seat 5: Pippa83 folded before Flop (didn't bet)
Seat 6: davefromfl folded before Flop (didn't bet)



PokerStars Hand #254451595690:  Hold'em No Limit ($0.50/$1.00 USD) - 2025/01/19 17:49:35 WET [2025/01/19 12:49:35 ET]
Table 'Papagena IV' 6-max Seat #3 is the button
Seat 1: AlexPinsk1 ($102.38 in chips) 
Seat 2: Burlica2013 ($100 in chips) 
Seat 3: imhungarian8 ($105.66 in chips) 
Seat 4: Cositorto ($102 in chips) 
Seat 5: Pippa83 ($138.27 in chips) 
Seat 6: davefromfl ($87.89 in chips) 
Cositorto: posts small blind $0.50
Pippa83: posts big blind $1
*** HOLE CARDS ***
davefromfl: folds 
AlexPinsk1: folds 
Burlica2013: raises $1.25 to $2.25
imhungarian8: folds 
Cositorto: folds 
Pippa83: folds 
Uncalled bet ($1.25) returned to Burlica2013
Burlica2013 collected $2.50 from pot
Burlica2013: doesn't show hand 
*** SUMMARY ***
Total pot $2.50 | Rake $0 
Seat 1: AlexPinsk1 folded before Flop (didn't bet)
Seat 2: Burlica2013 collected ($2.50)
Seat 3: imhungarian8 (button) folded before Flop (didn't bet)
Seat 4: Cositorto (small blind) folded before Flop
Seat 5: Pippa83 (big blind) folded before Flop
Seat 6: davefromfl folded before Flop (didn't bet)



PokerStars Hand #254451599932:  Hold'em No Limit ($0.50/$1.00 USD) - 2025/01/19 17:49:48 WET [2025/01/19 12:49:48 ET]
Table 'Papagena IV' 6-max Seat #4 is the button
Seat 1: AlexPinsk1 ($102.38 in chips) 
Seat 2: Burlica2013 ($101.50 in chips) 
Seat 3: imhungarian8 ($105.66 in chips) 
Seat 4: Cositorto ($101.50 in chips) 
Seat 5: Pippa83 ($137.27 in chips) 
Seat 6: davefromfl ($87.89 in chips) 
Pippa83: posts small blind $0.50
davefromfl: posts big blind $1
*** HOLE CARDS ***
AlexPinsk1: folds 
Burlica2013: folds 
imhungarian8: folds 
Cositorto: raises $1.50 to $2.50
Pippa83: folds 
davefromfl: folds 
Uncalled bet ($1.50) returned to Cositorto
Cositorto collected $2.50 from pot
Cositorto: doesn't show hand 
*** SUMMARY ***
Total pot $2.50 | Rake $0 
Seat 1: AlexPinsk1 folded before Flop (didn't bet)
Seat 2: Burlica2013 folded before Flop (didn't bet)
Seat 3: imhungarian8 folded before Flop (didn't bet)
Seat 4: Cositorto (button) collected ($2.50)
Seat 5: Pippa83 (small blind) folded before Flop
Seat 6: davefromfl (big blind) folded before Flop



PokerStars Hand #254451605036:  Hold'em No Limit ($0.50/$1.00 USD) - 2025/01/19 17:50:03 WET [2025/01/19 12:50:03 ET]
Table 'Papagena IV' 6-max Seat #5 is the button
Seat 1: AlexPinsk1 ($102.38 in chips) 
Seat 2: Burlica2013 ($101.50 in chips) 
Seat 3: imhungarian8 ($105.66 in chips) 
Seat 4: Cositorto ($103 in chips) 
Seat 5: Pippa83 ($136.77 in chips) 
Seat 6: davefromfl ($86.89 in chips) 
davefromfl: posts small blind $0.50
AlexPinsk1: posts big blind $1
*** HOLE CARDS ***
Burlica2013: folds 
imhungarian8: folds 
Cositorto: folds 
Pippa83: folds 
davefromfl: calls $0.50
AlexPinsk1: checks 
*** FLOP *** [9d Qh As]
davefromfl: checks 
AlexPinsk1: checks 
*** TURN *** [9d Qh As] [Ac]
davefromfl: checks 
AlexPinsk1: bets $1
davefromfl: calls $1
*** RIVER *** [9d Qh As Ac] [8d]
davefromfl: checks 
AlexPinsk1: checks 
*** SHOW DOWN ***
davefromfl: shows [8s Js] (two pair, Aces and Eights)
AlexPinsk1: mucks hand 
davefromfl collected $3.80 from pot
*** SUMMARY ***
Total pot $4 | Rake $0.20 
Board [9d Qh As Ac 8d]
Seat 1: AlexPinsk1 (big blind) mucked
Seat 2: Burlica2013 folded before Flop (didn't bet)
Seat 3: imhungarian8 folded before Flop (didn't bet)
Seat 4: Cositorto folded before Flop (didn't bet)
Seat 5: Pippa83 (button) folded before Flop (didn't bet)
Seat 6: davefromfl (small blind) showed [8s Js] and won ($3.80) with two pair, Aces and Eights



PokerStars Hand #254451618030:  Hold'em No Limit ($0.50/$1.00 USD) - 2025/01/19 17:50:42 WET [2025/01/19 12:50:42 ET]
Table 'Papagena IV' 6-max Seat #6 is the button
Seat 2: Burlica2013 ($101.50 in chips) is sitting out
Seat 1: AlexPinsk1 ($100.38 in chips) 
Seat 3: imhungarian8 ($105.66 in chips) 
Seat 4: Cositorto ($103 in chips) 
Seat 5: Pippa83 ($136.77 in chips) 
Seat 6: davefromfl ($88.69 in chips) 
AlexPinsk1: posts small blind $0.50
Burlica2013: is sitting out 
imhungarian8: posts big blind $1
*** HOLE CARDS ***
Burlica2013 leaves the table
Cositorto: raises $1 to $2
Pippa83: folds 
CosimoMedici420 joins the table at seat #2 
davefromfl: folds 
AlexPinsk1: folds 
imhungarian8: folds 
Uncalled bet ($1) returned to Cositorto
Cositorto collected $2.50 from pot
Cositorto: doesn't show hand 
*** SUMMARY ***
Total pot $2.50 | Rake $0 
Seat 2: Burlica2013
Seat 1: AlexPinsk1 (small blind) folded before Flop
Seat 3: imhungarian8 (big blind) folded before Flop
Seat 4: Cositorto collected ($2.50)
Seat 5: Pippa83 folded before Flop (didn't bet)
Seat 6: davefromfl (button) folded before Flop (didn't bet)



PokerStars Hand #254451627965:  Hold'em No Limit ($0.50/$1.00 USD) - 2025/01/19 17:51:11 WET [2025/01/19 12:51:11 ET]
Table 'Papagena IV' 6-max Seat #1 is the button
Seat 2: CosimoMedici420 ($65.73 in chips) is sitting out
Seat 1: AlexPinsk1 ($100 in chips) 
Seat 3: imhungarian8 ($104.66 in chips) 
Seat 4: Cositorto ($104.50 in chips) 
Seat 5: Pippa83 ($136.77 in chips) 
Seat 6: davefromfl ($88.69 in chips) 
imhungarian8: posts small blind $0.50
Cositorto: posts big blind $1
*** HOLE CARDS ***
Pippa83: folds 
davefromfl: calls $1
AlexPinsk1: folds 
imhungarian8: folds 
Cositorto: checks 
*** FLOP *** [2h Jd Ts]
Cositorto: checks 
davefromfl: checks 
*** TURN *** [2h Jd Ts] [Qs]
Cositorto: checks 
davefromfl: checks 
*** RIVER *** [2h Jd Ts Qs] [3c]
Cositorto: checks 
davefromfl: checks 
*** SHOW DOWN ***
Cositorto: shows [3d 5d] (a pair of Threes)
davefromfl: shows [6s 6d] (a pair of Sixes)
davefromfl collected $2.38 from pot
*** SUMMARY ***
Total pot $2.50 | Rake $0.12 
Board [2h Jd Ts Qs 3c]
Seat 2: CosimoMedici420
Seat 1: AlexPinsk1 (button) folded before Flop (didn't bet)
Seat 3: imhungarian8 (small blind) folded before Flop
Seat 4: Cositorto (big blind) showed [3d 5d] and lost with a pair of Threes
Seat 5: Pippa83 folded before Flop (didn't bet)
Seat 6: davefromfl showed [6s 6d] and won ($2.38) with a pair of Sixes



PokerStars Hand #254451641157:  Hold'em No Limit ($0.50/$1.00 USD) - 2025/01/19 17:51:50 WET [2025/01/19 12:51:50 ET]
Table 'Papagena IV' 6-max Seat #3 is the button
Seat 2: CosimoMedici420 ($65.73 in chips) is sitting out
Seat 1: AlexPinsk1 ($100 in chips) 
Seat 3: imhungarian8 ($104.16 in chips) 
Seat 4: Cositorto ($103.50 in chips) 
Seat 5: Pippa83 ($136.77 in chips) 
Seat 6: davefromfl ($90.07 in chips) 
Cositorto: posts small blind $0.50
Pippa83: posts big blind $1
CosimoMedici420: sits out 
*** HOLE CARDS ***
davefromfl has timed out
davefromfl: folds 
AlexPinsk1: raises $1.50 to $2.50
imhungarian8: raises $5 to $7.50
Cositorto: folds 
Pippa83: folds 
AlexPinsk1: raises $12 to $19.50
imhungarian8: folds 
Uncalled bet ($12) returned to AlexPinsk1
AlexPinsk1 collected $16.50 from pot
AlexPinsk1: doesn't show hand 
*** SUMMARY ***
Total pot $16.50 | Rake $0 
Seat 2: CosimoMedici420
Seat 1: AlexPinsk1 collected ($16.50)
Seat 3: imhungarian8 (button) folded before Flop
Seat 4: Cositorto (small blind) folded before Flop
Seat 5: Pippa83 (big blind) folded before Flop
Seat 6: davefromfl folded before Flop (didn't bet)



PokerStars Hand #254451661450:  Hold'em No Limit ($0.50/$1.00 USD) - 2025/01/19 17:52:51 WET [2025/01/19 12:52:51 ET]
Table 'Papagena IV' 6-max Seat #4 is the button
Seat 2: CosimoMedici420 ($65.73 in chips) is sitting out
Seat 1: AlexPinsk1 ($109 in chips) 
Seat 3: imhungarian8 ($100 in chips) 
Seat 4: Cositorto ($103 in chips) 
Seat 5: Pippa83 ($135.77 in chips) 
Seat 6: davefromfl ($90.07 in chips) 
Pippa83: posts small blind $0.50
davefromfl: posts big blind $1
CosimoMedici420: sits out 
*** HOLE CARDS ***
AlexPinsk1: folds 
imhungarian8: folds 
Cositorto: raises $1.50 to $2.50
Pippa83: folds 
davefromfl: calls $1.50
*** FLOP *** [8s 2d 3s]
davefromfl: checks 
Cositorto: checks 
*** TURN *** [8s 2d 3s] [Qs]
davefromfl: checks 
Cositorto: bets $3
davefromfl: folds 
Uncalled bet ($3) returned to Cositorto
Cositorto collected $5.22 from pot
Cositorto: doesn't show hand 
*** SUMMARY ***
Total pot $5.50 | Rake $0.28 
Board [8s 2d 3s Qs]
Seat 2: CosimoMedici420
Seat 1: AlexPinsk1 folded before Flop (didn't bet)
Seat 3: imhungarian8 folded before Flop (didn't bet)
Seat 4: Cositorto (button) collected ($5.22)
Seat 5: Pippa83 (small blind) folded before Flop
Seat 6: davefromfl (big blind) folded on the Turn



PokerStars Hand #254451674001:  Hold'em No Limit ($0.50/$1.00 USD) - 2025/01/19 17:53:29 WET [2025/01/19 12:53:29 ET]
Table 'Papagena IV' 6-max Seat #5 is the button
Seat 6: davefromfl ($87.57 in chips) is sitting out
Seat 1: AlexPinsk1 ($109 in chips) 
Seat 2: CosimoMedici420 ($65.73 in chips) 
Seat 3: imhungarian8 ($100 in chips) 
Seat 4: Cositorto ($105.72 in chips) 
Seat 5: Pippa83 ($135.27 in chips) 
AlexPinsk1: posts small blind $0.50
CosimoMedici420: posts big blind $1
*** HOLE CARDS ***
imhungarian8: folds 
davefromfl leaves the table
Cositorto: folds 
Pippa83: raises $1.50 to $2.50
AlexPinsk1: folds 
CosimoMedici420: folds 
Uncalled bet ($1.50) returned to Pippa83
Pippa83 collected $2.50 from pot
Pippa83: doesn't show hand 
*** SUMMARY ***
Total pot $2.50 | Rake $0 
Seat 6: davefromfl
Seat 1: AlexPinsk1 (small blind) folded before Flop
Seat 2: CosimoMedici420 (big blind) folded before Flop
Seat 3: imhungarian8 folded before Flop (didn't bet)
Seat 4: Cositorto folded before Flop (didn't bet)
Seat 5: Pippa83 (button) collected ($2.50)



PokerStars Hand #254451678834:  Hold'em No Limit ($0.50/$1.00 USD) - 2025/01/19 17:53:43 WET [2025/01/19 12:53:43 ET]
Table 'Papagena IV' 6-max Seat #1 is the button
Seat 1: AlexPinsk1 ($108.50 in chips) 
Seat 2: CosimoMedici420 ($64.73 in chips) 
Seat 3: imhungarian8 ($100 in chips) 
Seat 4: Cositorto ($105.72 in chips) 
Seat 5: Pippa83 ($136.77 in chips) 
CosimoMedici420: posts small blind $0.50
imhungarian8: posts big blind $1
*** HOLE CARDS ***
Cositorto: folds 
Pippa83: folds 
AlexPinsk1: folds 
CosimoMedici420: raises $2 to $3
imhungarian8: calls $2
*** FLOP *** [Kc Ad 3s]
CosimoMedici420: checks 
imhungarian8: bets $4.28
CosimoMedici420: folds 
Uncalled bet ($4.28) returned to imhungarian8
imhungarian8 collected $5.70 from pot
imhungarian8: doesn't show hand 
*** SUMMARY ***
Total pot $6 | Rake $0.30 
Board [Kc Ad 3s]
Seat 1: AlexPinsk1 (button) folded before Flop (didn't bet)
Seat 2: CosimoMedici420 (small blind) folded on the Flop
Seat 3: imhungarian8 (big blind) collected ($5.70)
Seat 4: Cositorto folded before Flop (didn't bet)
Seat 5: Pippa83 folded before Flop (didn't bet)



PokerStars Hand #254451695531:  Hold'em No Limit ($0.50/$1.00 USD) - 2025/01/19 17:54:33 WET [2025/01/19 12:54:33 ET]
Table 'Papagena IV' 6-max Seat #2 is the button
Seat 1: AlexPinsk1 ($108.50 in chips) 
Seat 2: CosimoMedici420 ($61.73 in chips) 
Seat 3: imhungarian8 ($102.70 in chips) 
Seat 4: Cositorto ($105.72 in chips) 
Seat 5: Pippa83 ($136.77 in chips) 
imhungarian8: posts small blind $0.50
ka100pka527 joins the table at seat #6 
Cositorto: posts big blind $1
*** HOLE CARDS ***
Pippa83: folds 
AlexPinsk1: raises $1.50 to $2.50
CosimoMedici420: folds 
imhungarian8: raises $8.50 to $11
Cositorto: folds 
AlexPinsk1: calls $8.50
*** FLOP *** [Jh 3s Jc]
imhungarian8: bets $10.93
CosimoMedici420 leaves the table
AlexPinsk1: calls $10.93
*** TURN *** [Jh 3s Jc] [2d]
imhungarian8: bets $25.33
AlexPinsk1: folds 
Uncalled bet ($25.33) returned to imhungarian8
imhungarian8 collected $42.62 from pot
imhungarian8: doesn't show hand 
*** SUMMARY ***
Total pot $44.86 | Rake $2.24 
Board [Jh 3s Jc 2d]
Seat 1: AlexPinsk1 folded on the Turn
Seat 2: CosimoMedici420 (button) folded before Flop (didn't bet)
Seat 3: imhungarian8 (small blind) collected ($42.62)
Seat 4: Cositorto (big blind) folded before Flop
Seat 5: Pippa83 folded before Flop (didn't bet)



PokerStars Hand #254451714450:  Hold'em No Limit ($0.50/$1.00 USD) - 2025/01/19 17:55:44 WET [2025/01/19 12:55:44 ET]
Table 'Papagena IV' 6-max Seat #3 is the button
Seat 5: Pippa83 ($136.77 in chips) is sitting out
Seat 1: AlexPinsk1 ($100 in chips) 
Seat 3: imhungarian8 ($123.39 in chips) 
Seat 4: Cositorto ($104.72 in chips) 
Seat 6: ka100pka527 ($100 in chips) 
Cositorto: posts small blind $0.50
ka100pka527: posts big blind $1
*** HOLE CARDS ***
AlexPinsk1: folds 
imhungarian8: raises $1.50 to $2.50
Cositorto: folds 
ka100pka527: folds 
Uncalled bet ($1.50) returned to imhungarian8
imhungarian8 collected $2.50 from pot
imhungarian8: doesn't show hand 
*** SUMMARY ***
Total pot $2.50 | Rake $0 
Seat 5: Pippa83
Seat 1: AlexPinsk1 folded before Flop (didn't bet)
Seat 3: imhungarian8 (button) collected ($2.50)
Seat 4: Cositorto (small blind) folded before Flop
Seat 6: ka100pka527 (big blind) folded before Flop



PokerStars Hand #254451717185:  Hold'em No Limit ($0.50/$1.00 USD) - 2025/01/19 17:55:57 WET [2025/01/19 12:55:57 ET]
Table 'Papagena IV' 6-max Seat #6 is the button
Seat 1: AlexPinsk1 ($100 in chips) is sitting out
Seat 3: imhungarian8 ($124.89 in chips) is sitting out
Seat 5: Pippa83 ($136.77 in chips) is sitting out
Seat 4: Cositorto ($104.22 in chips) 
Seat 6: ka100pka527 ($100 in chips) 
ka100pka527: posts small blind $0.50
AlexPinsk1: is sitting out 
imhungarian8: is sitting out 
Cositorto: posts big blind $1
*** HOLE CARDS ***
ka100pka527: raises $1.50 to $2.50
Cositorto: calls $1.50
*** FLOP *** [7d 2h 7h]
Cositorto: checks 
imhungarian8 leaves the table
ka100pka527: bets $2.57
Cositorto: raises $4.94 to $7.51
ka100pka527: folds 
Uncalled bet ($4.94) returned to Cositorto
Cositorto collected $9.63 from pot
Cositorto: doesn't show hand 
Pippa83 leaves the table
*** SUMMARY ***
Total pot $10.14 | Rake $0.51 
Board [7d 2h 7h]
Seat 1: AlexPinsk1
Seat 3: imhungarian8
Seat 5: Pippa83
Seat 4: Cositorto (big blind) collected ($9.63)
Seat 6: ka100pka527 (button) (small blind) folded on the Flop



PokerStars Hand #254451815078:  Hold'em No Limit ($0.50/$1.00 USD) - 2025/01/19 18:02:35 WET [2025/01/19 13:02:35 ET]
Table 'Papagena IV' 6-max Seat #1 is the button
Seat 1: AlexPinsk1 ($100 in chips) 
Seat 2: JOSERRON ($86 in chips) 
Seat 3: Poker9803 ($215.28 in chips) 
Seat 4: z00mba ($100 in chips) 
Seat 5: sltn ($100 in chips) 
Seat 6: DL1B ($100 in chips) 
JOSERRON: posts small blind $0.50
Poker9803: posts big blind $1
*** HOLE CARDS ***
z00mba: folds 
sltn: folds 
DL1B: raises $1.50 to $2.50
AlexPinsk1: calls $2.50
JOSERRON: folds 
Poker9803: calls $1.50
*** FLOP *** [Tc Ac 9c]
Poker9803: checks 
DL1B: checks 
AlexPinsk1: checks 
*** TURN *** [Tc Ac 9c] [2s]
Poker9803: checks 
DL1B: bets $5.78
AlexPinsk1: folds 
Poker9803: folds 
Uncalled bet ($5.78) returned to DL1B
DL1B collected $7.60 from pot
DL1B: doesn't show hand 
*** SUMMARY ***
Total pot $8 | Rake $0.40 
Board [Tc Ac 9c 2s]
Seat 1: AlexPinsk1 (button) folded on the Turn
Seat 2: JOSERRON (small blind) folded before Flop
Seat 3: Poker9803 (big blind) folded on the Turn
Seat 4: z00mba folded before Flop (didn't bet)
Seat 5: sltn folded before Flop (didn't bet)
Seat 6: DL1B collected ($7.60)



PokerStars Hand #254451832929:  Hold'em No Limit ($0.50/$1.00 USD) - 2025/01/19 18:03:28 WET [2025/01/19 13:03:28 ET]
Table 'Papagena IV' 6-max Seat #2 is the button
Seat 1: AlexPinsk1 ($100 in chips) 
Seat 2: JOSERRON ($85.50 in chips) 
Seat 3: Poker9803 ($212.78 in chips) 
Seat 4: z00mba ($100 in chips) 
Seat 5: sltn ($100 in chips) 
Seat 6: DL1B ($105.10 in chips) 
Poker9803: posts small blind $0.50
z00mba: posts big blind $1
*** HOLE CARDS ***
sltn: folds 
DL1B: folds 
AlexPinsk1: raises $1.50 to $2.50
JOSERRON: folds 
Poker9803: folds 
z00mba: calls $1.50
*** FLOP *** [Ts 3s 7d]
z00mba: checks 
AlexPinsk1: checks 
*** TURN *** [Ts 3s 7d] [5d]
z00mba: checks 
AlexPinsk1: checks 
*** RIVER *** [Ts 3s 7d 5d] [Ah]
z00mba: checks 
AlexPinsk1: bets $1.57
z00mba: folds 
Uncalled bet ($1.57) returned to AlexPinsk1
AlexPinsk1 collected $5.22 from pot
AlexPinsk1: doesn't show hand 
*** SUMMARY ***
Total pot $5.50 | Rake $0.28 
Board [Ts 3s 7d 5d Ah]
Seat 1: AlexPinsk1 collected ($5.22)
Seat 2: JOSERRON (button) folded before Flop (didn't bet)
Seat 3: Poker9803 (small blind) folded before Flop
Seat 4: z00mba (big blind) folded on the River
Seat 5: sltn folded before Flop (didn't bet)
Seat 6: DL1B folded before Flop (didn't bet)



PokerStars Hand #254451859698:  Hold'em No Limit ($0.50/$1.00 USD) - 2025/01/19 18:04:45 WET [2025/01/19 13:04:45 ET]
Table 'Papagena IV' 6-max Seat #3 is the button
Seat 1: AlexPinsk1 ($102.72 in chips) 
Seat 2: JOSERRON ($85.50 in chips) 
Seat 3: Poker9803 ($212.28 in chips) 
Seat 4: z00mba ($100 in chips) 
Seat 5: sltn ($100 in chips) 
Seat 6: DL1B ($105.10 in chips) 
z00mba: posts small blind $0.50
sltn: posts big blind $1
*** HOLE CARDS ***
DL1B: folds 
AlexPinsk1: folds 
JOSERRON: raises $2 to $3
Poker9803: folds 
z00mba: folds 
sltn: folds 
Uncalled bet ($2) returned to JOSERRON
JOSERRON collected $2.50 from pot
JOSERRON: doesn't show hand 
*** SUMMARY ***
Total pot $2.50 | Rake $0 
Seat 1: AlexPinsk1 folded before Flop (didn't bet)
Seat 2: JOSERRON collected ($2.50)
Seat 3: Poker9803 (button) folded before Flop (didn't bet)
Seat 4: z00mba (small blind) folded before Flop
Seat 5: sltn (big blind) folded before Flop
Seat 6: DL1B folded before Flop (didn't bet)



PokerStars Hand #254451868867:  Hold'em No Limit ($0.50/$1.00 USD) - 2025/01/19 18:05:11 WET [2025/01/19 13:05:11 ET]
Table 'Papagena IV' 6-max Seat #4 is the button
Seat 1: AlexPinsk1 ($102.72 in chips) 
Seat 2: JOSERRON ($87 in chips) 
Seat 3: Poker9803 ($212.28 in chips) 
Seat 4: z00mba ($100 in chips) 
Seat 5: sltn ($100 in chips) 
Seat 6: DL1B ($105.10 in chips) 
sltn: posts small blind $0.50
DL1B: posts big blind $1
*** HOLE CARDS ***
AlexPinsk1: folds 
JOSERRON: folds 
Poker9803: raises $1.50 to $2.50
z00mba: folds 
sltn: folds 
DL1B: folds 
Uncalled bet ($1.50) returned to Poker9803
Poker9803 collected $2.50 from pot
Poker9803: doesn't show hand 
*** SUMMARY ***
Total pot $2.50 | Rake $0 
Seat 1: AlexPinsk1 folded before Flop (didn't bet)
Seat 2: JOSERRON folded before Flop (didn't bet)
Seat 3: Poker9803 collected ($2.50)
Seat 4: z00mba (button) folded before Flop (didn't bet)
Seat 5: sltn (small blind) folded before Flop
Seat 6: DL1B (big blind) folded before Flop



PokerStars Hand #254451874022:  Hold'em No Limit ($0.50/$1.00 USD) - 2025/01/19 18:05:26 WET [2025/01/19 13:05:26 ET]
Table 'Papagena IV' 6-max Seat #5 is the button
Seat 1: AlexPinsk1 ($102.72 in chips) 
Seat 2: JOSERRON ($87 in chips) 
Seat 3: Poker9803 ($213.78 in chips) 
Seat 4: z00mba ($100 in chips) 
Seat 5: sltn ($100 in chips) 
Seat 6: DL1B ($104.10 in chips) 
DL1B: posts small blind $0.50
AlexPinsk1: posts big blind $1
*** HOLE CARDS ***
JOSERRON: folds 
Poker9803: folds 
z00mba: folds 
sltn: raises $1.50 to $2.50
DL1B: folds 
AlexPinsk1: folds 
Uncalled bet ($1.50) returned to sltn
sltn collected $2.50 from pot
sltn: doesn't show hand 
*** SUMMARY ***
Total pot $2.50 | Rake $0 
Seat 1: AlexPinsk1 (big blind) folded before Flop
Seat 2: JOSERRON folded before Flop (didn't bet)
Seat 3: Poker9803 folded before Flop (didn't bet)
Seat 4: z00mba folded before Flop (didn't bet)
Seat 5: sltn (button) collected ($2.50)
Seat 6: DL1B (small blind) folded before Flop



PokerStars Hand #254451878476:  Hold'em No Limit ($0.50/$1.00 USD) - 2025/01/19 18:05:39 WET [2025/01/19 13:05:39 ET]
Table 'Papagena IV' 6-max Seat #6 is the button
Seat 1: AlexPinsk1 ($101.72 in chips) 
Seat 2: JOSERRON ($87 in chips) 
Seat 3: Poker9803 ($213.78 in chips) 
Seat 4: z00mba ($100 in chips) 
Seat 5: sltn ($101.50 in chips) 
Seat 6: DL1B ($103.60 in chips) 
AlexPinsk1: posts small blind $0.50
JOSERRON: posts big blind $1
*** HOLE CARDS ***
Poker9803: folds 
z00mba: folds 
sltn: folds 
DL1B: folds 
AlexPinsk1: folds 
Uncalled bet ($0.50) returned to JOSERRON
JOSERRON collected $1 from pot
JOSERRON: doesn't show hand 
*** SUMMARY ***
Total pot $1 | Rake $0 
Seat 1: AlexPinsk1 (small blind) folded before Flop
Seat 2: JOSERRON (big blind) collected ($1)
Seat 3: Poker9803 folded before Flop (didn't bet)
Seat 4: z00mba folded before Flop (didn't bet)
Seat 5: sltn folded before Flop (didn't bet)
Seat 6: DL1B (button) folded before Flop (didn't bet)



PokerStars Hand #254451884643:  Hold'em No Limit ($0.50/$1.00 USD) - 2025/01/19 18:05:56 WET [2025/01/19 13:05:56 ET]
Table 'Papagena IV' 6-max Seat #1 is the button
Seat 1: AlexPinsk1 ($101.22 in chips) 
Seat 2: JOSERRON ($87.50 in chips) 
Seat 3: Poker9803 ($213.78 in chips) 
Seat 4: z00mba ($100 in chips) 
Seat 5: sltn ($101.50 in chips) 
Seat 6: DL1B ($103.60 in chips) 
JOSERRON: posts small blind $0.50
Poker9803: posts big blind $1
*** HOLE CARDS ***
z00mba: folds 
sltn: folds 
DL1B: folds 
AlexPinsk1: folds 
JOSERRON: raises $2 to $3
Poker9803: calls $2
*** FLOP *** [2h Jd 7c]
JOSERRON: bets $2.71
Poker9803: folds 
Uncalled bet ($2.71) returned to JOSERRON
JOSERRON collected $5.70 from pot
JOSERRON: doesn't show hand 
*** SUMMARY ***
Total pot $6 | Rake $0.30 
Board [2h Jd 7c]
Seat 1: AlexPinsk1 (button) folded before Flop (didn't bet)
Seat 2: JOSERRON (small blind) collected ($5.70)
Seat 3: Poker9803 (big blind) folded on the Flop
Seat 4: z00mba folded before Flop (didn't bet)
Seat 5: sltn folded before Flop (didn't bet)
Seat 6: DL1B folded before Flop (didn't bet)



PokerStars Hand #254451897519:  Hold'em No Limit ($0.50/$1.00 USD) - 2025/01/19 18:06:33 WET [2025/01/19 13:06:33 ET]
Table 'Papagena IV' 6-max Seat #2 is the button
Seat 1: AlexPinsk1 ($101.22 in chips) 
Seat 2: JOSERRON ($90.20 in chips) 
Seat 3: Poker9803 ($210.78 in chips) 
Seat 4: z00mba ($100 in chips) 
Seat 5: sltn ($101.50 in chips) 
Seat 6: DL1B ($103.60 in chips) 
Poker9803: posts small blind $0.50
z00mba: posts big blind $1
*** HOLE CARDS ***
sltn: folds 
DL1B: folds 
AlexPinsk1: folds 
JOSERRON: folds 
Poker9803: raises $2.50 to $3.50
z00mba: folds 
Uncalled bet ($2.50) returned to Poker9803
Poker9803 collected $2 from pot
Poker9803: doesn't show hand 
*** SUMMARY ***
Total pot $2 | Rake $0 
Seat 1: AlexPinsk1 folded before Flop (didn't bet)
Seat 2: JOSERRON (button) folded before Flop (didn't bet)
Seat 3: Poker9803 (small blind) collected ($2)
Seat 4: z00mba (big blind) folded before Flop
Seat 5: sltn folded before Flop (didn't bet)
Seat 6: DL1B folded before Flop (didn't bet)



PokerStars Hand #254451904801:  Hold'em No Limit ($0.50/$1.00 USD) - 2025/01/19 18:06:53 WET [2025/01/19 13:06:53 ET]
Table 'Papagena IV' 6-max Seat #3 is the button
Seat 1: AlexPinsk1 ($101.22 in chips) 
Seat 2: JOSERRON ($90.20 in chips) 
Seat 3: Poker9803 ($211.78 in chips) 
Seat 4: z00mba ($100 in chips) 
Seat 5: sltn ($101.50 in chips) 
Seat 6: DL1B ($103.60 in chips) 
z00mba: posts small blind $0.50
sltn: posts big blind $1
*** HOLE CARDS ***
DL1B: folds 
AlexPinsk1: folds 
JOSERRON: folds 
Poker9803: folds 
z00mba: raises $2 to $3
sltn: folds 
Uncalled bet ($2) returned to z00mba
z00mba collected $2 from pot
z00mba: doesn't show hand 
*** SUMMARY ***
Total pot $2 | Rake $0 
Seat 1: AlexPinsk1 folded before Flop (didn't bet)
Seat 2: JOSERRON folded before Flop (didn't bet)
Seat 3: Poker9803 (button) folded before Flop (didn't bet)
Seat 4: z00mba (small blind) collected ($2)
Seat 5: sltn (big blind) folded before Flop
Seat 6: DL1B folded before Flop (didn't bet)



PokerStars Hand #254451909296:  Hold'em No Limit ($0.50/$1.00 USD) - 2025/01/19 18:07:06 WET [2025/01/19 13:07:06 ET]
Table 'Papagena IV' 6-max Seat #4 is the button
Seat 1: AlexPinsk1 ($101.22 in chips) 
Seat 2: JOSERRON ($90.20 in chips) 
Seat 3: Poker9803 ($211.78 in chips) 
Seat 4: z00mba ($101 in chips) 
Seat 5: sltn ($100.50 in chips) 
Seat 6: DL1B ($103.60 in chips) 
sltn: posts small blind $0.50
DL1B: posts big blind $1
*** HOLE CARDS ***
AlexPinsk1: folds 
JOSERRON: folds 
Poker9803: raises $1.50 to $2.50
z00mba: folds 
sltn: folds 
DL1B: folds 
Uncalled bet ($1.50) returned to Poker9803
Poker9803 collected $2.50 from pot
Poker9803: doesn't show hand 
*** SUMMARY ***
Total pot $2.50 | Rake $0 
Seat 1: AlexPinsk1 folded before Flop (didn't bet)
Seat 2: JOSERRON folded before Flop (didn't bet)
Seat 3: Poker9803 collected ($2.50)
Seat 4: z00mba (button) folded before Flop (didn't bet)
Seat 5: sltn (small blind) folded before Flop
Seat 6: DL1B (big blind) folded before Flop



PokerStars Hand #254451914820:  Hold'em No Limit ($0.50/$1.00 USD) - 2025/01/19 18:07:21 WET [2025/01/19 13:07:21 ET]
Table 'Papagena IV' 6-max Seat #5 is the button
Seat 1: AlexPinsk1 ($101.22 in chips) 
Seat 2: JOSERRON ($90.20 in chips) 
Seat 3: Poker9803 ($213.28 in chips) 
Seat 4: z00mba ($101 in chips) 
Seat 5: sltn ($100 in chips) 
Seat 6: DL1B ($102.60 in chips) 
DL1B: posts small blind $0.50
AlexPinsk1: posts big blind $1
*** HOLE CARDS ***
JOSERRON: folds 
Poker9803: folds 
z00mba: folds 
sltn: folds 
DL1B: folds 
Uncalled bet ($0.50) returned to AlexPinsk1
AlexPinsk1 collected $1 from pot
AlexPinsk1: doesn't show hand 
*** SUMMARY ***
Total pot $1 | Rake $0 
Seat 1: AlexPinsk1 (big blind) collected ($1)
Seat 2: JOSERRON folded before Flop (didn't bet)
Seat 3: Poker9803 folded before Flop (didn't bet)
Seat 4: z00mba folded before Flop (didn't bet)
Seat 5: sltn (button) folded before Flop (didn't bet)
Seat 6: DL1B (small blind) folded before Flop



PokerStars Hand #254451919231:  Hold'em No Limit ($0.50/$1.00 USD) - 2025/01/19 18:07:34 WET [2025/01/19 13:07:34 ET]
Table 'Papagena IV' 6-max Seat #6 is the button
Seat 1: AlexPinsk1 ($101.72 in chips) 
Seat 2: JOSERRON ($90.20 in chips) 
Seat 3: Poker9803 ($213.28 in chips) 
Seat 4: z00mba ($101 in chips) 
Seat 5: sltn ($100 in chips) 
Seat 6: DL1B ($102.10 in chips) 
AlexPinsk1: posts small blind $0.50
JOSERRON: posts big blind $1
*** HOLE CARDS ***
Poker9803: folds 
z00mba: folds 
sltn: raises $1.50 to $2.50
DL1B: folds 
AlexPinsk1: folds 
JOSERRON: folds 
Uncalled bet ($1.50) returned to sltn
sltn collected $2.50 from pot
sltn: doesn't show hand 
*** SUMMARY ***
Total pot $2.50 | Rake $0 
Seat 1: AlexPinsk1 (small blind) folded before Flop
Seat 2: JOSERRON (big blind) folded before Flop
Seat 3: Poker9803 folded before Flop (didn't bet)
Seat 4: z00mba folded before Flop (didn't bet)
Seat 5: sltn collected ($2.50)
Seat 6: DL1B (button) folded before Flop (didn't bet)



PokerStars Hand #254451927127:  Hold'em No Limit ($0.50/$1.00 USD) - 2025/01/19 18:07:56 WET [2025/01/19 13:07:56 ET]
Table 'Papagena IV' 6-max Seat #1 is the button
Seat 1: AlexPinsk1 ($101.22 in chips) 
Seat 2: JOSERRON ($89.20 in chips) 
Seat 3: Poker9803 ($213.28 in chips) 
Seat 4: z00mba ($101 in chips) 
Seat 5: sltn ($101.50 in chips) 
Seat 6: DL1B ($102.10 in chips) 
JOSERRON: posts small blind $0.50
Poker9803: posts big blind $1
*** HOLE CARDS ***
z00mba: folds 
sltn: folds 
DL1B: raises $1.50 to $2.50
AlexPinsk1: folds 
JOSERRON: calls $2
z00mba leaves the table
Poker9803: folds 
*** FLOP *** [2c 3h 5s]
JOSERRON: checks 
DL1B: checks 
*** TURN *** [2c 3h 5s] [Qs]
Pippa83 joins the table at seat #4 
JOSERRON: checks 
DL1B: bets $4.33
JOSERRON: raises $7.18 to $11.51
DL1B: folds 
Uncalled bet ($7.18) returned to JOSERRON
JOSERRON collected $13.93 from pot
JOSERRON: doesn't show hand 
*** SUMMARY ***
Total pot $14.66 | Rake $0.73 
Board [2c 3h 5s Qs]
Seat 1: AlexPinsk1 (button) folded before Flop (didn't bet)
Seat 2: JOSERRON (small blind) collected ($13.93)
Seat 3: Poker9803 (big blind) folded before Flop
Seat 4: z00mba folded before Flop (didn't bet)
Seat 5: sltn folded before Flop (didn't bet)
Seat 6: DL1B folded on the Turn



PokerStars Hand #254451951710:  Hold'em No Limit ($0.50/$1.00 USD) - 2025/01/19 18:09:07 WET [2025/01/19 13:09:07 ET]
Table 'Papagena IV' 6-max Seat #2 is the button
Seat 1: AlexPinsk1 ($101.22 in chips) 
Seat 2: JOSERRON ($96.30 in chips) 
Seat 3: Poker9803 ($212.28 in chips) 
Seat 4: Pippa83 ($136.77 in chips) 
Seat 5: sltn ($101.50 in chips) 
Seat 6: DL1B ($100 in chips) 
Poker9803: posts small blind $0.50
Pippa83: posts big blind $1
*** HOLE CARDS ***
sltn: folds 
DL1B: folds 
AlexPinsk1: raises $1.50 to $2.50
JOSERRON: folds 
Poker9803: folds 
Pippa83: folds 
Uncalled bet ($1.50) returned to AlexPinsk1
AlexPinsk1 collected $2.50 from pot
AlexPinsk1: doesn't show hand 
*** SUMMARY ***
Total pot $2.50 | Rake $0 
Seat 1: AlexPinsk1 collected ($2.50)
Seat 2: JOSERRON (button) folded before Flop (didn't bet)
Seat 3: Poker9803 (small blind) folded before Flop
Seat 4: Pippa83 (big blind) folded before Flop
Seat 5: sltn folded before Flop (didn't bet)
Seat 6: DL1B folded before Flop (didn't bet)



PokerStars Hand #254451959419:  Hold'em No Limit ($0.50/$1.00 USD) - 2025/01/19 18:09:28 WET [2025/01/19 13:09:28 ET]
Table 'Papagena IV' 6-max Seat #3 is the button
Seat 1: AlexPinsk1 ($102.72 in chips) 
Seat 2: JOSERRON ($96.30 in chips) 
Seat 3: Poker9803 ($211.78 in chips) 
Seat 4: Pippa83 ($135.77 in chips) 
Seat 5: sltn ($101.50 in chips) 
Seat 6: DL1B ($100 in chips) 
Pippa83: posts small blind $0.50
sltn: posts big blind $1
*** HOLE CARDS ***
DL1B: raises $1 to $2
AlexPinsk1: folds 
JOSERRON: folds 
Poker9803: raises $5 to $7
Pippa83: folds 
sltn: folds 
DL1B: folds 
Uncalled bet ($5) returned to Poker9803
Poker9803 collected $5.50 from pot
Poker9803: doesn't show hand 
*** SUMMARY ***
Total pot $5.50 | Rake $0 
Seat 1: AlexPinsk1 folded before Flop (didn't bet)
Seat 2: JOSERRON folded before Flop (didn't bet)
Seat 3: Poker9803 (button) collected ($5.50)
Seat 4: Pippa83 (small blind) folded before Flop
Seat 5: sltn (big blind) folded before Flop
Seat 6: DL1B folded before Flop



PokerStars Hand #254451970818:  Hold'em No Limit ($0.50/$1.00 USD) - 2025/01/19 18:10:00 WET [2025/01/19 13:10:00 ET]
Table 'Papagena IV' 6-max Seat #4 is the button
Seat 6: DL1B ($100 in chips) is sitting out
Seat 1: AlexPinsk1 ($102.72 in chips) 
Seat 2: JOSERRON ($96.30 in chips) 
Seat 3: Poker9803 ($215.28 in chips) 
Seat 4: Pippa83 ($135.27 in chips) 
Seat 5: sltn ($100.50 in chips) 
sltn: posts small blind $0.50
DL1B: is sitting out 
AlexPinsk1: posts big blind $1
*** HOLE CARDS ***
JOSERRON: folds 
DL1B leaves the table
Poker9803: folds 
Pippa83: raises $1.50 to $2.50
sltn: folds 
AlexPinsk1: folds 
Uncalled bet ($1.50) returned to Pippa83
Pippa83 collected $2.50 from pot
Pippa83: doesn't show hand 
*** SUMMARY ***
Total pot $2.50 | Rake $0 
Seat 6: DL1B
Seat 1: AlexPinsk1 (big blind) folded before Flop
Seat 2: JOSERRON folded before Flop (didn't bet)
Seat 3: Poker9803 folded before Flop (didn't bet)
Seat 4: Pippa83 (button) collected ($2.50)
Seat 5: sltn (small blind) folded before Flop



PokerStars Hand #254451977537:  Hold'em No Limit ($0.50/$1.00 USD) - 2025/01/19 18:10:19 WET [2025/01/19 13:10:19 ET]
Table 'Papagena IV' 6-max Seat #5 is the button
Seat 1: AlexPinsk1 ($101.72 in chips) 
Seat 2: JOSERRON ($96.30 in chips) 
Seat 3: Poker9803 ($215.28 in chips) 
Seat 4: Pippa83 ($136.77 in chips) 
Seat 5: sltn ($100 in chips) 
AlexPinsk1: posts small blind $0.50
JOSERRON: posts big blind $1
*** HOLE CARDS ***
sta$igk joins the table at seat #6 
Poker9803: folds 
Pippa83: folds 
sltn: raises $1.50 to $2.50
AlexPinsk1: folds 
JOSERRON: folds 
Uncalled bet ($1.50) returned to sltn
sltn collected $2.50 from pot
sltn: doesn't show hand 
*** SUMMARY ***
Total pot $2.50 | Rake $0 
Seat 1: AlexPinsk1 (small blind) folded before Flop
Seat 2: JOSERRON (big blind) folded before Flop
Seat 3: Poker9803 folded before Flop (didn't bet)
Seat 4: Pippa83 folded before Flop (didn't bet)
Seat 5: sltn (button) collected ($2.50)



PokerStars Hand #254451982610:  Hold'em No Limit ($0.50/$1.00 USD) - 2025/01/19 18:10:33 WET [2025/01/19 13:10:33 ET]
Table 'Papagena IV' 6-max Seat #1 is the button
Seat 6: sta$igk ($123.90 in chips) is sitting out
Seat 1: AlexPinsk1 ($101.22 in chips) 
Seat 2: JOSERRON ($95.30 in chips) 
Seat 3: Poker9803 ($215.28 in chips) 
Seat 4: Pippa83 ($136.77 in chips) 
Seat 5: sltn ($101.50 in chips) 
JOSERRON: posts small blind $0.50
Poker9803: posts big blind $1
sta$igk: sits out 
*** HOLE CARDS ***
Pippa83: folds 
sltn: folds 
AlexPinsk1: folds 
JOSERRON: folds 
Uncalled bet ($0.50) returned to Poker9803
Poker9803 collected $1 from pot
Poker9803: doesn't show hand 
*** SUMMARY ***
Total pot $1 | Rake $0 
Seat 6: sta$igk
Seat 1: AlexPinsk1 (button) folded before Flop (didn't bet)
Seat 2: JOSERRON (small blind) folded before Flop
Seat 3: Poker9803 (big blind) collected ($1)
Seat 4: Pippa83 folded before Flop (didn't bet)
Seat 5: sltn folded before Flop (didn't bet)



PokerStars Hand #254451988833:  Hold'em No Limit ($0.50/$1.00 USD) - 2025/01/19 18:10:51 WET [2025/01/19 13:10:51 ET]
Table 'Papagena IV' 6-max Seat #2 is the button
Seat 6: sta$igk ($123.90 in chips) is sitting out
Seat 1: AlexPinsk1 ($101.22 in chips) 
Seat 2: JOSERRON ($94.80 in chips) 
Seat 3: Poker9803 ($215.78 in chips) 
Seat 4: Pippa83 ($136.77 in chips) 
Seat 5: sltn ($101.50 in chips) 
Poker9803: posts small blind $0.50
Pippa83: posts big blind $1
sta$igk: sits out 
*** HOLE CARDS ***
sltn: raises $1.50 to $2.50
AlexPinsk1: folds 
JOSERRON: folds 
Poker9803: folds 
Pippa83: folds 
Uncalled bet ($1.50) returned to sltn
sltn collected $2.50 from pot
sltn: doesn't show hand 
*** SUMMARY ***
Total pot $2.50 | Rake $0 
Seat 6: sta$igk
Seat 1: AlexPinsk1 folded before Flop (didn't bet)
Seat 2: JOSERRON (button) folded before Flop (didn't bet)
Seat 3: Poker9803 (small blind) folded before Flop
Seat 4: Pippa83 (big blind) folded before Flop
Seat 5: sltn collected ($2.50)



PokerStars Hand #254451998821:  Hold'em No Limit ($0.50/$1.00 USD) - 2025/01/19 18:11:19 WET [2025/01/19 13:11:19 ET]
Table 'Papagena IV' 6-max Seat #3 is the button
Seat 5: sltn ($103 in chips) is sitting out
Seat 1: AlexPinsk1 ($101.22 in chips) 
Seat 2: JOSERRON ($94.80 in chips) 
Seat 3: Poker9803 ($215.28 in chips) 
Seat 4: Pippa83 ($135.77 in chips) 
Seat 6: sta$igk ($123.90 in chips) 
Pippa83: posts small blind $0.50
sltn: is sitting out 
sta$igk: posts big blind $1
*** HOLE CARDS ***
AlexPinsk1: folds 
JOSERRON: folds 
Poker9803: raises $1.50 to $2.50
Pippa83: folds 
sta$igk: raises $9.50 to $12
Poker9803: folds 
Uncalled bet ($9.50) returned to sta$igk
sta$igk collected $5.50 from pot
sta$igk: doesn't show hand 
*** SUMMARY ***
Total pot $5.50 | Rake $0 
Seat 5: sltn
Seat 1: AlexPinsk1 folded before Flop (didn't bet)
Seat 2: JOSERRON folded before Flop (didn't bet)
Seat 3: Poker9803 (button) folded before Flop
Seat 4: Pippa83 (small blind) folded before Flop
Seat 6: sta$igk (big blind) collected ($5.50)



PokerStars Hand #254452007082:  Hold'em No Limit ($0.50/$1.00 USD) - 2025/01/19 18:11:43 WET [2025/01/19 13:11:43 ET]
Table 'Papagena IV' 6-max Seat #4 is the button
Seat 5: sltn ($103 in chips) is sitting out
Seat 1: AlexPinsk1 ($101.22 in chips) 
Seat 2: JOSERRON ($94.80 in chips) 
Seat 3: Poker9803 ($212.78 in chips) 
Seat 4: Pippa83 ($135.27 in chips) 
Seat 6: sta$igk ($126.90 in chips) 
sta$igk: posts small blind $0.50
AlexPinsk1: posts big blind $1
*** HOLE CARDS ***
JOSERRON: folds 
Poker9803: folds 
Pippa83: folds 
sta$igk: raises $2 to $3
AlexPinsk1: calls $2
*** FLOP *** [Ad Ah 5h]
sta$igk: bets $1.88
AlexPinsk1: folds 
Uncalled bet ($1.88) returned to sta$igk
sta$igk collected $5.70 from pot
sta$igk: doesn't show hand 
*** SUMMARY ***
Total pot $6 | Rake $0.30 
Board [Ad Ah 5h]
Seat 5: sltn
Seat 1: AlexPinsk1 (big blind) folded on the Flop
Seat 2: JOSERRON folded before Flop (didn't bet)
Seat 3: Poker9803 folded before Flop (didn't bet)
Seat 4: Pippa83 (button) folded before Flop (didn't bet)
Seat 6: sta$igk (small blind) collected ($5.70)



PokerStars Hand #254452018693:  Hold'em No Limit ($0.50/$1.00 USD) - 2025/01/19 18:12:15 WET [2025/01/19 13:12:15 ET]
Table 'Papagena IV' 6-max Seat #6 is the button
Seat 5: sltn ($103 in chips) is sitting out
Seat 1: AlexPinsk1 ($100 in chips) 
Seat 2: JOSERRON ($94.80 in chips) 
Seat 3: Poker9803 ($212.78 in chips) 
Seat 4: Pippa83 ($135.27 in chips) 
Seat 6: sta$igk ($129.60 in chips) 
AlexPinsk1: posts small blind $0.50
JOSERRON: posts big blind $1
*** HOLE CARDS ***
Poker9803: folds 
Pippa83: folds 
sta$igk: folds 
AlexPinsk1: raises $2 to $3
JOSERRON: folds 
Uncalled bet ($2) returned to AlexPinsk1
AlexPinsk1 collected $2 from pot
AlexPinsk1: doesn't show hand 
*** SUMMARY ***
Total pot $2 | Rake $0 
Seat 5: sltn
Seat 1: AlexPinsk1 (small blind) collected ($2)
Seat 2: JOSERRON (big blind) folded before Flop
Seat 3: Poker9803 folded before Flop (didn't bet)
Seat 4: Pippa83 folded before Flop (didn't bet)
Seat 6: sta$igk (button) folded before Flop (didn't bet)



PokerStars Hand #254452027225:  Hold'em No Limit ($0.50/$1.00 USD) - 2025/01/19 18:12:40 WET [2025/01/19 13:12:40 ET]
Table 'Papagena IV' 6-max Seat #1 is the button
Seat 3: Poker9803 ($212.78 in chips) is sitting out
Seat 5: sltn ($103 in chips) is sitting out
Seat 1: AlexPinsk1 ($101 in chips) 
Seat 2: JOSERRON ($93.80 in chips) 
Seat 4: Pippa83 ($135.27 in chips) 
Seat 6: sta$igk ($129.60 in chips) 
JOSERRON: posts small blind $0.50
Poker9803: is sitting out 
Pippa83: posts big blind $1
*** HOLE CARDS ***
sta$igk: folds 
Poker9803 leaves the table
sltn leaves the table
AlexPinsk1: folds 
JOSERRON: folds 
Uncalled bet ($0.50) returned to Pippa83
Pippa83 collected $1 from pot
Pippa83: doesn't show hand 
dreimis190 joins the table at seat #3 
*** SUMMARY ***
Total pot $1 | Rake $0 
Seat 3: Poker9803
Seat 5: sltn
Seat 1: AlexPinsk1 (button) folded before Flop (didn't bet)
Seat 2: JOSERRON (small blind) folded before Flop
Seat 4: Pippa83 (big blind) collected ($1)
Seat 6: sta$igk folded before Flop (didn't bet)



PokerStars Hand #254452032710:  Hold'em No Limit ($0.50/$1.00 USD) - 2025/01/19 18:12:55 WET [2025/01/19 13:12:55 ET]
Table 'Papagena IV' 6-max Seat #2 is the button
Seat 3: dreimis190 ($100 in chips) is sitting out
Seat 1: AlexPinsk1 ($101 in chips) 
Seat 2: JOSERRON ($93.30 in chips) 
Seat 4: Pippa83 ($135.77 in chips) 
Seat 6: sta$igk ($129.60 in chips) 
Pippa83: posts small blind $0.50
sta$igk: posts big blind $1
*** HOLE CARDS ***
AlexPinsk1: folds 
JOSERRON: folds 
Pippa83: folds 
Uncalled bet ($0.50) returned to sta$igk
sta$igk collected $1 from pot
sta$igk: doesn't show hand 
*** SUMMARY ***
Total pot $1 | Rake $0 
Seat 3: dreimis190
Seat 1: AlexPinsk1 folded before Flop (didn't bet)
Seat 2: JOSERRON (button) folded before Flop (didn't bet)
Seat 4: Pippa83 (small blind) folded before Flop
Seat 6: sta$igk (big blind) collected ($1)



PokerStars Hand #254452039100:  Hold'em No Limit ($0.50/$1.00 USD) - 2025/01/19 18:13:13 WET [2025/01/19 13:13:13 ET]
Table 'Papagena IV' 6-max Seat #4 is the button
Seat 3: dreimis190 ($100 in chips) is sitting out
Seat 1: AlexPinsk1 ($101 in chips) 
Seat 2: JOSERRON ($93.30 in chips) 
Seat 4: Pippa83 ($135.27 in chips) 
Seat 6: sta$igk ($130.10 in chips) 
sta$igk: posts small blind $0.50
AlexPinsk1: posts big blind $1
dreimis190: sits out 
*** HOLE CARDS ***
michasia joins the table at seat #5 
JOSERRON: folds 
Pippa83: folds 
sta$igk: folds 
Uncalled bet ($0.50) returned to AlexPinsk1
AlexPinsk1 collected $1 from pot
AlexPinsk1: doesn't show hand 
*** SUMMARY ***
Total pot $1 | Rake $0 
Seat 3: dreimis190
Seat 1: AlexPinsk1 (big blind) collected ($1)
Seat 2: JOSERRON folded before Flop (didn't bet)
Seat 4: Pippa83 (button) folded before Flop (didn't bet)
Seat 6: sta$igk (small blind) folded before Flop



PokerStars Hand #254452096152:  Hold'em No Limit ($0.50/$1.00 USD) - 2025/01/19 18:15:53 WET [2025/01/19 13:15:53 ET]
Table 'Papagena IV' 6-max Seat #4 is the button
Seat 1: AlexPinsk1 ($103.70 in chips) 
Seat 2: JOSERRON ($112.80 in chips) 
Seat 3: dreimis190 ($100 in chips) 
Seat 4: Pippa83 ($117.57 in chips) 
Seat 5: michasia ($100 in chips) 
Seat 6: sta$igk ($129.60 in chips) 
michasia: posts small blind $0.50
sta$igk: posts big blind $1
*** HOLE CARDS ***
AlexPinsk1: folds 
JOSERRON: raises $7 to $8
dreimis190: folds 
Pippa83: folds 
michasia: folds 
sta$igk: folds 
Uncalled bet ($7) returned to JOSERRON
JOSERRON collected $2.50 from pot
JOSERRON: doesn't show hand 
*** SUMMARY ***
Total pot $2.50 | Rake $0 
Seat 1: AlexPinsk1 folded before Flop (didn't bet)
Seat 2: JOSERRON collected ($2.50)
Seat 3: dreimis190 folded before Flop (didn't bet)
Seat 4: Pippa83 (button) folded before Flop (didn't bet)
Seat 5: michasia (small blind) folded before Flop
Seat 6: sta$igk (big blind) folded before Flop



PokerStars Hand #254452101195:  Hold'em No Limit ($0.50/$1.00 USD) - 2025/01/19 18:16:07 WET [2025/01/19 13:16:07 ET]
Table 'Papagena IV' 6-max Seat #5 is the button
Seat 1: AlexPinsk1 ($103.70 in chips) 
Seat 2: JOSERRON ($114.30 in chips) 
Seat 3: dreimis190 ($100 in chips) 
Seat 4: Pippa83 ($117.57 in chips) 
Seat 5: michasia ($100 in chips) 
Seat 6: sta$igk ($128.60 in chips) 
sta$igk: posts small blind $0.50
AlexPinsk1: posts big blind $1
*** HOLE CARDS ***
JOSERRON: folds 
dreimis190: folds 
Pippa83: folds 
michasia: folds 
sta$igk: raises $2 to $3
AlexPinsk1: raises $6 to $9
sta$igk: calls $6
*** FLOP *** [4c 5h 7d]
sta$igk: bets $4.28
AlexPinsk1: raises $11.22 to $15.50
sta$igk: calls $11.22
*** TURN *** [4c 5h 7d] [Ts]
sta$igk: checks 
AlexPinsk1: checks 
*** RIVER *** [4c 5h 7d Ts] [Kh]
sta$igk: checks 
AlexPinsk1: checks 
*** SHOW DOWN ***
sta$igk: shows [6d 6s] (a pair of Sixes)
AlexPinsk1: shows [Jh Jd] (a pair of Jacks)
AlexPinsk1 collected $46.55 from pot
*** SUMMARY ***
Total pot $49 | Rake $2.45 
Board [4c 5h 7d Ts Kh]
Seat 1: AlexPinsk1 (big blind) showed [Jh Jd] and won ($46.55) with a pair of Jacks
Seat 2: JOSERRON folded before Flop (didn't bet)
Seat 3: dreimis190 folded before Flop (didn't bet)
Seat 4: Pippa83 folded before Flop (didn't bet)
Seat 5: michasia (button) folded before Flop (didn't bet)
Seat 6: sta$igk (small blind) showed [6d 6s] and lost with a pair of Sixes



PokerStars Hand #254452134696:  Hold'em No Limit ($0.50/$1.00 USD) - 2025/01/19 18:17:40 WET [2025/01/19 13:17:40 ET]
Table 'Papagena IV' 6-max Seat #6 is the button
Seat 1: AlexPinsk1 ($125.75 in chips) 
Seat 2: JOSERRON ($114.30 in chips) 
Seat 3: dreimis190 ($100 in chips) 
Seat 4: Pippa83 ($117.57 in chips) 
Seat 5: michasia ($100 in chips) 
Seat 6: sta$igk ($104.10 in chips) 
AlexPinsk1: posts small blind $0.50
JOSERRON: posts big blind $1
*** HOLE CARDS ***
dreimis190: raises $1 to $2
Pippa83: folds 
michasia: folds 
sta$igk: folds 
AlexPinsk1: folds 
JOSERRON: folds 
Uncalled bet ($1) returned to dreimis190
dreimis190 collected $2.50 from pot
dreimis190: doesn't show hand 
*** SUMMARY ***
Total pot $2.50 | Rake $0 
Seat 1: AlexPinsk1 (small blind) folded before Flop
Seat 2: JOSERRON (big blind) folded before Flop
Seat 3: dreimis190 collected ($2.50)
Seat 4: Pippa83 folded before Flop (didn't bet)
Seat 5: michasia folded before Flop (didn't bet)
Seat 6: sta$igk (button) folded before Flop (didn't bet)



PokerStars Hand #254452141349:  Hold'em No Limit ($0.50/$1.00 USD) - 2025/01/19 18:17:58 WET [2025/01/19 13:17:58 ET]
Table 'Papagena IV' 6-max Seat #1 is the button
Seat 1: AlexPinsk1 ($125.25 in chips) 
Seat 2: JOSERRON ($113.30 in chips) 
Seat 3: dreimis190 ($101.50 in chips) 
Seat 4: Pippa83 ($117.57 in chips) 
Seat 5: michasia ($100 in chips) 
Seat 6: sta$igk ($104.10 in chips) 
JOSERRON: posts small blind $0.50
dreimis190: posts big blind $1
*** HOLE CARDS ***
Pippa83: raises $1.20 to $2.20
michasia: folds 
sta$igk: folds 
AlexPinsk1: folds 
JOSERRON: calls $1.70
dreimis190: calls $1.20
*** FLOP *** [Ah 9h 5s]
JOSERRON: checks 
dreimis190: checks 
Pippa83: checks 
*** TURN *** [Ah 9h 5s] [5h]
JOSERRON: checks 
dreimis190: checks 
Pippa83: checks 
*** RIVER *** [Ah 9h 5s 5h] [2s]
JOSERRON: checks 
sta$igk leaves the table
z00mba joins the table at seat #6 
dreimis190: bets $4.70
Pippa83: folds 
JOSERRON: folds 
Uncalled bet ($4.70) returned to dreimis190
dreimis190 collected $6.27 from pot
dreimis190: doesn't show hand 
*** SUMMARY ***
Total pot $6.60 | Rake $0.33 
Board [Ah 9h 5s 5h 2s]
Seat 1: AlexPinsk1 (button) folded before Flop (didn't bet)
Seat 2: JOSERRON (small blind) folded on the River
Seat 3: dreimis190 (big blind) collected ($6.27)
Seat 4: Pippa83 folded on the River
Seat 5: michasia folded before Flop (didn't bet)
Seat 6: sta$igk folded before Flop (didn't bet)



PokerStars Hand #254452168920:  Hold'em No Limit ($0.50/$1.00 USD) - 2025/01/19 18:19:16 WET [2025/01/19 13:19:16 ET]
Table 'Papagena IV' 6-max Seat #2 is the button
Seat 6: z00mba ($101 in chips) is sitting out
Seat 1: AlexPinsk1 ($125.25 in chips) 
Seat 2: JOSERRON ($111.10 in chips) 
Seat 3: dreimis190 ($105.57 in chips) 
Seat 4: Pippa83 ($115.37 in chips) 
Seat 5: michasia ($100 in chips) 
dreimis190: posts small blind $0.50
Pippa83: posts big blind $1
z00mba: sits out 
*** HOLE CARDS ***
michasia: folds 
AlexPinsk1: folds 
JOSERRON: raises $2.50 to $3.50
dreimis190: calls $3
Pippa83: raises $11.50 to $15
JOSERRON: folds 
dreimis190: folds 
Uncalled bet ($11.50) returned to Pippa83
Pippa83 collected $10.50 from pot
Pippa83: doesn't show hand 
*** SUMMARY ***
Total pot $10.50 | Rake $0 
Seat 6: z00mba
Seat 1: AlexPinsk1 folded before Flop (didn't bet)
Seat 2: JOSERRON (button) folded before Flop
Seat 3: dreimis190 (small blind) folded before Flop
Seat 4: Pippa83 (big blind) collected ($10.50)
Seat 5: michasia folded before Flop (didn't bet)



PokerStars Hand #254452182267:  Hold'em No Limit ($0.50/$1.00 USD) - 2025/01/19 18:19:54 WET [2025/01/19 13:19:54 ET]
Table 'Papagena IV' 6-max Seat #3 is the button
Seat 6: z00mba ($101 in chips) is sitting out
Seat 1: AlexPinsk1 ($125.25 in chips) 
Seat 2: JOSERRON ($107.60 in chips) 
Seat 3: dreimis190 ($102.07 in chips) 
Seat 4: Pippa83 ($122.37 in chips) 
Seat 5: michasia ($100 in chips) 
Pippa83: posts small blind $0.50
michasia: posts big blind $1
z00mba: sits out 
*** HOLE CARDS ***
AlexPinsk1: folds 
JOSERRON: calls $1
dreimis190: folds 
Pippa83: raises $4.50 to $5.50
michasia: folds 
JOSERRON: calls $4.50
*** FLOP *** [Ts 6d 4c]
Pippa83: checks 
JOSERRON: checks 
*** TURN *** [Ts 6d 4c] [4h]
Pippa83: checks 
JOSERRON: checks 
*** RIVER *** [Ts 6d 4c 4h] [As]
Pippa83: bets $1.50
JOSERRON: calls $1.50
*** SHOW DOWN ***
Pippa83: shows [Tc 9c] (two pair, Tens and Fours)
JOSERRON: mucks hand 
Pippa83 collected $14.25 from pot
*** SUMMARY ***
Total pot $15 | Rake $0.75 
Board [Ts 6d 4c 4h As]
Seat 6: z00mba
Seat 1: AlexPinsk1 folded before Flop (didn't bet)
Seat 2: JOSERRON mucked
Seat 3: dreimis190 (button) folded before Flop (didn't bet)
Seat 4: Pippa83 (small blind) showed [Tc 9c] and won ($14.25) with two pair, Tens and Fours
Seat 5: michasia (big blind) folded before Flop



PokerStars Hand #254452198266:  Hold'em No Limit ($0.50/$1.00 USD) - 2025/01/19 18:20:39 WET [2025/01/19 13:20:39 ET]
Table 'Papagena IV' 6-max Seat #4 is the button
Seat 1: AlexPinsk1 ($125.25 in chips) 
Seat 2: JOSERRON ($100.60 in chips) 
Seat 3: dreimis190 ($102.07 in chips) 
Seat 4: Pippa83 ($129.62 in chips) 
Seat 5: michasia ($100 in chips) 
Seat 6: z00mba ($101 in chips) 
michasia: posts small blind $0.50
z00mba: posts big blind $1
*** HOLE CARDS ***
AlexPinsk1: folds 
JOSERRON: calls $1
dreimis190: raises $2.50 to $3.50
Pippa83: folds 
michasia: folds 
z00mba: calls $2.50
JOSERRON: calls $2.50
*** FLOP *** [Jd Js 6s]
z00mba: checks 
JOSERRON: checks 
dreimis190: checks 
*** TURN *** [Jd Js 6s] [6h]
z00mba: checks 
JOSERRON: bets $3.14
dreimis190: folds 
z00mba: folds 
Uncalled bet ($3.14) returned to JOSERRON
JOSERRON collected $10.45 from pot
JOSERRON: doesn't show hand 
*** SUMMARY ***
Total pot $11 | Rake $0.55 
Board [Jd Js 6s 6h]
Seat 1: AlexPinsk1 folded before Flop (didn't bet)
Seat 2: JOSERRON collected ($10.45)
Seat 3: dreimis190 folded on the Turn
Seat 4: Pippa83 (button) folded before Flop (didn't bet)
Seat 5: michasia (small blind) folded before Flop
Seat 6: z00mba (big blind) folded on the Turn



PokerStars Hand #254452221259:  Hold'em No Limit ($0.50/$1.00 USD) - 2025/01/19 18:21:42 WET [2025/01/19 13:21:42 ET]
Table 'Papagena IV' 6-max Seat #5 is the button
Seat 1: AlexPinsk1 ($125.25 in chips) 
Seat 2: JOSERRON ($107.55 in chips) 
Seat 3: dreimis190 ($100 in chips) 
Seat 4: Pippa83 ($129.62 in chips) 
Seat 5: michasia ($100 in chips) 
Seat 6: z00mba ($100 in chips) 
z00mba: posts small blind $0.50
AlexPinsk1: posts big blind $1
*** HOLE CARDS ***
JOSERRON: folds 
dreimis190: folds 
Pippa83: folds 
michasia: folds 
z00mba: raises $2 to $3
AlexPinsk1: folds 
Uncalled bet ($2) returned to z00mba
z00mba collected $2 from pot
z00mba: doesn't show hand 
*** SUMMARY ***
Total pot $2 | Rake $0 
Seat 1: AlexPinsk1 (big blind) folded before Flop
Seat 2: JOSERRON folded before Flop (didn't bet)
Seat 3: dreimis190 folded before Flop (didn't bet)
Seat 4: Pippa83 folded before Flop (didn't bet)
Seat 5: michasia (button) folded before Flop (didn't bet)
Seat 6: z00mba (small blind) collected ($2)



PokerStars Hand #254452230197:  Hold'em No Limit ($0.50/$1.00 USD) - 2025/01/19 18:22:07 WET [2025/01/19 13:22:07 ET]
Table 'Papagena IV' 6-max Seat #6 is the button
Seat 1: AlexPinsk1 ($124.25 in chips) 
Seat 2: JOSERRON ($107.55 in chips) 
Seat 3: dreimis190 ($100 in chips) 
Seat 4: Pippa83 ($129.62 in chips) 
Seat 5: michasia ($100 in chips) 
Seat 6: z00mba ($101 in chips) 
AlexPinsk1: posts small blind $0.50
JOSERRON: posts big blind $1
*** HOLE CARDS ***
dreimis190: folds 
Pippa83: folds 
michasia: folds 
z00mba: folds 
AlexPinsk1: raises $2 to $3
JOSERRON: calls $2
*** FLOP *** [Jc Th 5s]
AlexPinsk1: bets $1.88
JOSERRON: calls $1.88
*** TURN *** [Jc Th 5s] [3s]
AlexPinsk1: checks 
JOSERRON: bets $4.64
AlexPinsk1: calls $4.64
*** RIVER *** [Jc Th 5s 3s] [9c]
AlexPinsk1: checks 
JOSERRON: checks 
*** SHOW DOWN ***
AlexPinsk1: shows [Ah Ks] (high card Ace)
JOSERRON: shows [5h Ac] (a pair of Fives)
JOSERRON collected $18.09 from pot
*** SUMMARY ***
Total pot $19.04 | Rake $0.95 
Board [Jc Th 5s 3s 9c]
Seat 1: AlexPinsk1 (small blind) showed [Ah Ks] and lost with high card Ace
Seat 2: JOSERRON (big blind) showed [5h Ac] and won ($18.09) with a pair of Fives
Seat 3: dreimis190 folded before Flop (didn't bet)
Seat 4: Pippa83 folded before Flop (didn't bet)
Seat 5: michasia folded before Flop (didn't bet)
Seat 6: z00mba (button) folded before Flop (didn't bet)



PokerStars Hand #254452256849:  Hold'em No Limit ($0.50/$1.00 USD) - 2025/01/19 18:23:22 WET [2025/01/19 13:23:22 ET]
Table 'Papagena IV' 6-max Seat #1 is the button
Seat 1: AlexPinsk1 ($114.73 in chips) 
Seat 2: JOSERRON ($116.12 in chips) 
Seat 3: dreimis190 ($100 in chips) 
Seat 4: Pippa83 ($129.62 in chips) 
Seat 5: michasia ($100 in chips) 
Seat 6: z00mba ($101 in chips) 
JOSERRON: posts small blind $0.50
dreimis190: posts big blind $1
*** HOLE CARDS ***
Pippa83: folds 
michasia: raises $1.60 to $2.60
z00mba: folds 
AlexPinsk1: folds 
JOSERRON: folds 
dreimis190: folds 
Uncalled bet ($1.60) returned to michasia
michasia collected $2.50 from pot
michasia: doesn't show hand 
*** SUMMARY ***
Total pot $2.50 | Rake $0 
Seat 1: AlexPinsk1 (button) folded before Flop (didn't bet)
Seat 2: JOSERRON (small blind) folded before Flop
Seat 3: dreimis190 (big blind) folded before Flop
Seat 4: Pippa83 folded before Flop (didn't bet)
Seat 5: michasia collected ($2.50)
Seat 6: z00mba folded before Flop (didn't bet)



PokerStars Hand #254452263458:  Hold'em No Limit ($0.50/$1.00 USD) - 2025/01/19 18:23:41 WET [2025/01/19 13:23:41 ET]
Table 'Papagena IV' 6-max Seat #2 is the button
Seat 1: AlexPinsk1 ($114.73 in chips) 
Seat 2: JOSERRON ($115.62 in chips) 
Seat 3: dreimis190 ($100 in chips) 
Seat 4: Pippa83 ($129.62 in chips) 
Seat 5: michasia ($101.50 in chips) 
Seat 6: z00mba ($101 in chips) 
dreimis190: posts small blind $0.50
Pippa83: posts big blind $1
*** HOLE CARDS ***
michasia: folds 
z00mba: folds 
AlexPinsk1: folds 
JOSERRON: folds 
dreimis190: raises $2 to $3
Pippa83: raises $6 to $9
dreimis190: folds 
Uncalled bet ($6) returned to Pippa83
Pippa83 collected $6 from pot
Pippa83: doesn't show hand 
*** SUMMARY ***
Total pot $6 | Rake $0 
Seat 1: AlexPinsk1 folded before Flop (didn't bet)
Seat 2: JOSERRON (button) folded before Flop (didn't bet)
Seat 3: dreimis190 (small blind) folded before Flop
Seat 4: Pippa83 (big blind) collected ($6)
Seat 5: michasia folded before Flop (didn't bet)
Seat 6: z00mba folded before Flop (didn't bet)



PokerStars Hand #254452274654:  Hold'em No Limit ($0.50/$1.00 USD) - 2025/01/19 18:24:11 WET [2025/01/19 13:24:11 ET]
Table 'Papagena IV' 6-max Seat #3 is the button
Seat 1: AlexPinsk1 ($114.73 in chips) 
Seat 2: JOSERRON ($115.62 in chips) 
Seat 3: dreimis190 ($100 in chips) 
Seat 4: Pippa83 ($132.62 in chips) 
Seat 5: michasia ($101.50 in chips) 
Seat 6: z00mba ($101 in chips) 
Pippa83: posts small blind $0.50
michasia: posts big blind $1
*** HOLE CARDS ***
z00mba: folds 
AlexPinsk1: folds 
JOSERRON: folds 
dreimis190: raises $1.50 to $2.50
Pippa83: raises $9 to $11.50
michasia: folds 
dreimis190: folds 
Uncalled bet ($9) returned to Pippa83
Pippa83 collected $6 from pot
Pippa83: doesn't show hand 
*** SUMMARY ***
Total pot $6 | Rake $0 
Seat 1: AlexPinsk1 folded before Flop (didn't bet)
Seat 2: JOSERRON folded before Flop (didn't bet)
Seat 3: dreimis190 (button) folded before Flop
Seat 4: Pippa83 (small blind) collected ($6)
Seat 5: michasia (big blind) folded before Flop
Seat 6: z00mba folded before Flop (didn't bet)



PokerStars Hand #254452290179:  Hold'em No Limit ($0.50/$1.00 USD) - 2025/01/19 18:24:54 WET [2025/01/19 13:24:54 ET]
Table 'Papagena IV' 6-max Seat #4 is the button
Seat 1: AlexPinsk1 ($114.73 in chips) 
Seat 2: JOSERRON ($115.62 in chips) 
Seat 3: dreimis190 ($100 in chips) 
Seat 4: Pippa83 ($136.12 in chips) 
Seat 5: michasia ($100.50 in chips) 
Seat 6: z00mba ($101 in chips) 
michasia: posts small blind $0.50
z00mba: posts big blind $1
*** HOLE CARDS ***
AlexPinsk1: folds 
JOSERRON: folds 
dreimis190: folds 
Pippa83: raises $1.50 to $2.50
michasia: folds 
z00mba: calls $1.50
*** FLOP *** [Td As Qc]
z00mba: checks 
Pippa83: bets $1.72
z00mba: calls $1.72
*** TURN *** [Td As Qc] [Ts]
z00mba: checks 
Pippa83: checks 
*** RIVER *** [Td As Qc Ts] [Jd]
z00mba: checks 
Pippa83: bets $6.37
z00mba: calls $6.37
*** SHOW DOWN ***
Pippa83: shows [8d 5d] (a pair of Tens)
z00mba: shows [7d Ad] (two pair, Aces and Tens)
z00mba collected $20.60 from pot
*** SUMMARY ***
Total pot $21.68 | Rake $1.08 
Board [Td As Qc Ts Jd]
Seat 1: AlexPinsk1 folded before Flop (didn't bet)
Seat 2: JOSERRON folded before Flop (didn't bet)
Seat 3: dreimis190 folded before Flop (didn't bet)
Seat 4: Pippa83 (button) showed [8d 5d] and lost with a pair of Tens
Seat 5: michasia (small blind) folded before Flop
Seat 6: z00mba (big blind) showed [7d Ad] and won ($20.60) with two pair, Aces and Tens



PokerStars Hand #254452309735:  Hold'em No Limit ($0.50/$1.00 USD) - 2025/01/19 18:25:49 WET [2025/01/19 13:25:49 ET]
Table 'Papagena IV' 6-max Seat #5 is the button
Seat 1: AlexPinsk1 ($114.73 in chips) 
Seat 2: JOSERRON ($115.62 in chips) 
Seat 3: dreimis190 ($100 in chips) 
Seat 4: Pippa83 ($125.53 in chips) 
Seat 5: michasia ($100 in chips) 
Seat 6: z00mba ($111.01 in chips) 
z00mba: posts small blind $0.50
AlexPinsk1: posts big blind $1
*** HOLE CARDS ***
JOSERRON: folds 
dreimis190: raises $1 to $2
Pippa83: folds 
michasia: folds 
z00mba: folds 
AlexPinsk1: folds 
Uncalled bet ($1) returned to dreimis190
dreimis190 collected $2.50 from pot
dreimis190: doesn't show hand 
*** SUMMARY ***
Total pot $2.50 | Rake $0 
Seat 1: AlexPinsk1 (big blind) folded before Flop
Seat 2: JOSERRON folded before Flop (didn't bet)
Seat 3: dreimis190 collected ($2.50)
Seat 4: Pippa83 folded before Flop (didn't bet)
Seat 5: michasia (button) folded before Flop (didn't bet)
Seat 6: z00mba (small blind) folded before Flop



PokerStars Hand #254452317527:  Hold'em No Limit ($0.50/$1.00 USD) - 2025/01/19 18:26:11 WET [2025/01/19 13:26:11 ET]
Table 'Papagena IV' 6-max Seat #6 is the button
Seat 1: AlexPinsk1 ($113.73 in chips) 
Seat 2: JOSERRON ($115.62 in chips) 
Seat 3: dreimis190 ($101.50 in chips) 
Seat 4: Pippa83 ($125.53 in chips) 
Seat 5: michasia ($100 in chips) 
Seat 6: z00mba ($110.51 in chips) 
AlexPinsk1: posts small blind $0.50
JOSERRON: posts big blind $1
*** HOLE CARDS ***
dreimis190: raises $1 to $2
Pippa83: folds 
michasia: folds 
z00mba: folds 
AlexPinsk1: folds 
JOSERRON: raises $4.50 to $6.50
dreimis190: calls $4.50
*** FLOP *** [6d 9c 9s]
JOSERRON: bets $3.85
dreimis190: calls $3.85
*** TURN *** [6d 9c 9s] [3h]
JOSERRON: bets $6.04
dreimis190: calls $6.04
*** RIVER *** [6d 9c 9s 3h] [As]
JOSERRON: bets $23.72
dreimis190: folds 
Uncalled bet ($23.72) returned to JOSERRON
JOSERRON collected $31.62 from pot
JOSERRON: doesn't show hand 
*** SUMMARY ***
Total pot $33.28 | Rake $1.66 
Board [6d 9c 9s 3h As]
Seat 1: AlexPinsk1 (small blind) folded before Flop
Seat 2: JOSERRON (big blind) collected ($31.62)
Seat 3: dreimis190 folded on the River
Seat 4: Pippa83 folded before Flop (didn't bet)
Seat 5: michasia folded before Flop (didn't bet)
Seat 6: z00mba (button) folded before Flop (didn't bet)



PokerStars Hand #254452360771:  Hold'em No Limit ($0.50/$1.00 USD) - 2025/01/19 18:28:12 WET [2025/01/19 13:28:12 ET]
Table 'Papagena IV' 6-max Seat #1 is the button
Seat 1: AlexPinsk1 ($113.23 in chips) 
Seat 2: JOSERRON ($130.85 in chips) 
Seat 3: dreimis190 ($100 in chips) 
Seat 4: Pippa83 ($125.53 in chips) 
Seat 5: michasia ($100 in chips) 
Seat 6: z00mba ($110.51 in chips) 
JOSERRON: posts small blind $0.50
dreimis190: posts big blind $1
*** HOLE CARDS ***
Pippa83: folds 
michasia: raises $1.60 to $2.60
z00mba: folds 
AlexPinsk1: folds 
JOSERRON: folds 
dreimis190: folds 
Uncalled bet ($1.60) returned to michasia
michasia collected $2.50 from pot
michasia: doesn't show hand 
*** SUMMARY ***
Total pot $2.50 | Rake $0 
Seat 1: AlexPinsk1 (button) folded before Flop (didn't bet)
Seat 2: JOSERRON (small blind) folded before Flop
Seat 3: dreimis190 (big blind) folded before Flop
Seat 4: Pippa83 folded before Flop (didn't bet)
Seat 5: michasia collected ($2.50)
Seat 6: z00mba folded before Flop (didn't bet)



PokerStars Hand #254452367693:  Hold'em No Limit ($0.50/$1.00 USD) - 2025/01/19 18:28:31 WET [2025/01/19 13:28:31 ET]
Table 'Papagena IV' 6-max Seat #2 is the button
Seat 1: AlexPinsk1 ($113.23 in chips) 
Seat 2: JOSERRON ($130.35 in chips) 
Seat 3: dreimis190 ($100 in chips) 
Seat 4: Pippa83 ($125.53 in chips) 
Seat 5: michasia ($101.50 in chips) 
Seat 6: z00mba ($110.51 in chips) 
dreimis190: posts small blind $0.50
Pippa83: posts big blind $1
*** HOLE CARDS ***
michasia: raises $1.60 to $2.60
z00mba: folds 
AlexPinsk1: folds 
JOSERRON: folds 
dreimis190: folds 
Pippa83: folds 
Uncalled bet ($1.60) returned to michasia
michasia collected $2.50 from pot
michasia: doesn't show hand 
*** SUMMARY ***
Total pot $2.50 | Rake $0 
Seat 1: AlexPinsk1 folded before Flop (didn't bet)
Seat 2: JOSERRON (button) folded before Flop (didn't bet)
Seat 3: dreimis190 (small blind) folded before Flop
Seat 4: Pippa83 (big blind) folded before Flop
Seat 5: michasia collected ($2.50)
Seat 6: z00mba folded before Flop (didn't bet)



PokerStars Hand #254452375455:  Hold'em No Limit ($0.50/$1.00 USD) - 2025/01/19 18:28:53 WET [2025/01/19 13:28:53 ET]
Table 'Papagena IV' 6-max Seat #3 is the button
Seat 1: AlexPinsk1 ($113.23 in chips) 
Seat 2: JOSERRON ($130.35 in chips) 
Seat 3: dreimis190 ($100 in chips) 
Seat 4: Pippa83 ($124.53 in chips) 
Seat 5: michasia ($103 in chips) 
Seat 6: z00mba ($110.51 in chips) 
Pippa83: posts small blind $0.50
michasia: posts big blind $1
*** HOLE CARDS ***
z00mba: folds 
AlexPinsk1: folds 
JOSERRON: folds 
dreimis190: folds 
Pippa83: folds 
Uncalled bet ($0.50) returned to michasia
michasia collected $1 from pot
michasia: doesn't show hand 
*** SUMMARY ***
Total pot $1 | Rake $0 
Seat 1: AlexPinsk1 folded before Flop (didn't bet)
Seat 2: JOSERRON folded before Flop (didn't bet)
Seat 3: dreimis190 (button) folded before Flop (didn't bet)
Seat 4: Pippa83 (small blind) folded before Flop
Seat 5: michasia (big blind) collected ($1)
Seat 6: z00mba folded before Flop (didn't bet)



PokerStars Hand #254452381794:  Hold'em No Limit ($0.50/$1.00 USD) - 2025/01/19 18:29:11 WET [2025/01/19 13:29:11 ET]
Table 'Papagena IV' 6-max Seat #4 is the button
Seat 1: AlexPinsk1 ($113.23 in chips) 
Seat 2: JOSERRON ($130.35 in chips) 
Seat 3: dreimis190 ($100 in chips) 
Seat 4: Pippa83 ($124.03 in chips) 
Seat 5: michasia ($103.50 in chips) 
Seat 6: z00mba ($110.51 in chips) 
michasia: posts small blind $0.50
z00mba: posts big blind $1
*** HOLE CARDS ***
AlexPinsk1: folds 
JOSERRON: folds 
dreimis190: folds 
Pippa83: raises $1.50 to $2.50
michasia: raises $9.50 to $12
z00mba: folds 
Pippa83: folds 
Uncalled bet ($9.50) returned to michasia
michasia collected $6 from pot
michasia: doesn't show hand 
*** SUMMARY ***
Total pot $6 | Rake $0 
Seat 1: AlexPinsk1 folded before Flop (didn't bet)
Seat 2: JOSERRON folded before Flop (didn't bet)
Seat 3: dreimis190 folded before Flop (didn't bet)
Seat 4: Pippa83 (button) folded before Flop
Seat 5: michasia (small blind) collected ($6)
Seat 6: z00mba (big blind) folded before Flop



PokerStars Hand #254452391942:  Hold'em No Limit ($0.50/$1.00 USD) - 2025/01/19 18:29:39 WET [2025/01/19 13:29:39 ET]
Table 'Papagena IV' 6-max Seat #5 is the button
Seat 1: AlexPinsk1 ($113.23 in chips) 
Seat 2: JOSERRON ($130.35 in chips) 
Seat 3: dreimis190 ($100 in chips) 
Seat 4: Pippa83 ($121.53 in chips) 
Seat 5: michasia ($107 in chips) 
Seat 6: z00mba ($109.51 in chips) 
z00mba: posts small blind $0.50
AlexPinsk1: posts big blind $1
*** HOLE CARDS ***
JOSERRON: folds 
dreimis190: folds 
Pippa83: raises $1 to $2
michasia: folds 
z00mba: folds 
AlexPinsk1: folds 
Uncalled bet ($1) returned to Pippa83
Pippa83 collected $2.50 from pot
Pippa83: doesn't show hand 
*** SUMMARY ***
Total pot $2.50 | Rake $0 
Seat 1: AlexPinsk1 (big blind) folded before Flop
Seat 2: JOSERRON folded before Flop (didn't bet)
Seat 3: dreimis190 folded before Flop (didn't bet)
Seat 4: Pippa83 collected ($2.50)
Seat 5: michasia (button) folded before Flop (didn't bet)
Seat 6: z00mba (small blind) folded before Flop



PokerStars Hand #254452399196:  Hold'em No Limit ($0.50/$1.00 USD) - 2025/01/19 18:29:58 WET [2025/01/19 13:29:58 ET]
Table 'Papagena IV' 6-max Seat #6 is the button
Seat 1: AlexPinsk1 ($112.23 in chips) 
Seat 2: JOSERRON ($130.35 in chips) 
Seat 3: dreimis190 ($100 in chips) 
Seat 4: Pippa83 ($123.03 in chips) 
Seat 5: michasia ($107 in chips) 
Seat 6: z00mba ($109.01 in chips) 
AlexPinsk1: posts small blind $0.50
JOSERRON: posts big blind $1
*** HOLE CARDS ***
dreimis190: folds 
Pippa83: folds 
michasia: folds 
z00mba: raises $1.50 to $2.50
AlexPinsk1: folds 
JOSERRON: folds 
Uncalled bet ($1.50) returned to z00mba
z00mba collected $2.50 from pot
z00mba: doesn't show hand 
*** SUMMARY ***
Total pot $2.50 | Rake $0 
Seat 1: AlexPinsk1 (small blind) folded before Flop
Seat 2: JOSERRON (big blind) folded before Flop
Seat 3: dreimis190 folded before Flop (didn't bet)
Seat 4: Pippa83 folded before Flop (didn't bet)
Seat 5: michasia folded before Flop (didn't bet)
Seat 6: z00mba (button) collected ($2.50)



PokerStars Hand #254452407744:  Hold'em No Limit ($0.50/$1.00 USD) - 2025/01/19 18:30:21 WET [2025/01/19 13:30:21 ET]
Table 'Papagena IV' 6-max Seat #1 is the button
Seat 1: AlexPinsk1 ($111.73 in chips) 
Seat 2: JOSERRON ($129.35 in chips) 
Seat 3: dreimis190 ($100 in chips) 
Seat 4: Pippa83 ($123.03 in chips) 
Seat 5: michasia ($107 in chips) 
Seat 6: z00mba ($110.51 in chips) 
JOSERRON: posts small blind $0.50
dreimis190: posts big blind $1
*** HOLE CARDS ***
Pippa83: folds 
michasia: raises $1.60 to $2.60
z00mba: folds 
AlexPinsk1: folds 
JOSERRON: raises $6.20 to $8.80
dreimis190: folds 
michasia: calls $6.20
*** FLOP *** [Ac Qh 2c]
JOSERRON: bets $4.30
michasia: calls $4.30
*** TURN *** [Ac Qh 2c] [5c]
JOSERRON: checks 
michasia: checks 
*** RIVER *** [Ac Qh 2c 5c] [Js]
JOSERRON: checks 
michasia: checks 
*** SHOW DOWN ***
JOSERRON: shows [Ad Jd] (two pair, Aces and Jacks)
michasia: mucks hand 
JOSERRON collected $25.84 from pot
*** SUMMARY ***
Total pot $27.20 | Rake $1.36 
Board [Ac Qh 2c 5c Js]
Seat 1: AlexPinsk1 (button) folded before Flop (didn't bet)
Seat 2: JOSERRON (small blind) showed [Ad Jd] and won ($25.84) with two pair, Aces and Jacks
Seat 3: dreimis190 (big blind) folded before Flop
Seat 4: Pippa83 folded before Flop (didn't bet)
Seat 5: michasia mucked
Seat 6: z00mba folded before Flop (didn't bet)



PokerStars Hand #254452436171:  Hold'em No Limit ($0.50/$1.00 USD) - 2025/01/19 18:31:39 WET [2025/01/19 13:31:39 ET]
Table 'Papagena IV' 6-max Seat #2 is the button
Seat 1: AlexPinsk1 ($111.73 in chips) 
Seat 2: JOSERRON ($142.09 in chips) 
Seat 3: dreimis190 ($100 in chips) 
Seat 4: Pippa83 ($123.03 in chips) 
Seat 5: michasia ($100 in chips) 
Seat 6: z00mba ($110.51 in chips) 
dreimis190: posts small blind $0.50
Pippa83: posts big blind $1
*** HOLE CARDS ***
michasia: folds 
z00mba: folds 
AlexPinsk1: folds 
JOSERRON: raises $1 to $2
dreimis190: folds 
Pippa83: calls $1
*** FLOP *** [Kh Ad 3d]
Pippa83: checks 
JOSERRON: checks 
*** TURN *** [Kh Ad 3d] [3s]
Pippa83: checks 
JOSERRON: checks 
*** RIVER *** [Kh Ad 3d 3s] [9s]
Pippa83: bets $6.42
JOSERRON: folds [7c 7d]
Uncalled bet ($6.42) returned to Pippa83
Pippa83 collected $4.28 from pot
Pippa83: doesn't show hand 
*** SUMMARY ***
Total pot $4.50 | Rake $0.22 
Board [Kh Ad 3d 3s 9s]
Seat 1: AlexPinsk1 folded before Flop (didn't bet)
Seat 2: JOSERRON (button) folded on the River
Seat 3: dreimis190 (small blind) folded before Flop
Seat 4: Pippa83 (big blind) collected ($4.28)
Seat 5: michasia folded before Flop (didn't bet)
Seat 6: z00mba folded before Flop (didn't bet)



PokerStars Hand #254452460384:  Hold'em No Limit ($0.50/$1.00 USD) - 2025/01/19 18:32:45 WET [2025/01/19 13:32:45 ET]
Table 'Papagena IV' 6-max Seat #3 is the button
Seat 1: AlexPinsk1 ($111.73 in chips) 
Seat 2: JOSERRON ($140.09 in chips) 
Seat 3: dreimis190 ($100 in chips) 
Seat 4: Pippa83 ($125.31 in chips) 
Seat 5: michasia ($100 in chips) 
Seat 6: z00mba ($110.51 in chips) 
Pippa83: posts small blind $0.50
michasia: posts big blind $1
*** HOLE CARDS ***
z00mba: raises $1.50 to $2.50
AlexPinsk1: folds 
JOSERRON: folds 
dreimis190: folds 
Pippa83: folds 
JOSERRON leaves the table
michasia: raises $9.50 to $12
z00mba: folds 
Uncalled bet ($9.50) returned to michasia
michasia collected $5.50 from pot
michasia: doesn't show hand 
*** SUMMARY ***
Total pot $5.50 | Rake $0 
Seat 1: AlexPinsk1 folded before Flop (didn't bet)
Seat 2: JOSERRON folded before Flop (didn't bet)
Seat 3: dreimis190 (button) folded before Flop (didn't bet)
Seat 4: Pippa83 (small blind) folded before Flop
Seat 5: michasia (big blind) collected ($5.50)
Seat 6: z00mba folded before Flop



PokerStars Hand #254452470652:  Hold'em No Limit ($0.50/$1.00 USD) - 2025/01/19 18:33:13 WET [2025/01/19 13:33:13 ET]
Table 'Papagena IV' 6-max Seat #4 is the button
Seat 6: z00mba ($108.01 in chips) is sitting out
Seat 1: AlexPinsk1 ($111.73 in chips) 
Seat 3: dreimis190 ($100 in chips) 
Seat 4: Pippa83 ($124.81 in chips) 
Seat 5: michasia ($103 in chips) 
michasia: posts small blind $0.50
z00mba: is sitting out 
AlexPinsk1: posts big blind $1
*** HOLE CARDS ***
dreimis190: folds 
z00mba leaves the table
Pippa83: folds 
Pippa83 leaves the table
michasia: raises $2 to $3
AlexPinsk1: calls $2
*** FLOP *** [3s 4d 8c]
michasia: checks 
AlexPinsk1: bets $1.88
michasia: calls $1.88
*** TURN *** [3s 4d 8c] [Th]
michasia: checks 
AlexPinsk1: checks 
*** RIVER *** [3s 4d 8c Th] [Ks]
michasia: bets $6.18
AlexPinsk1: folds 
Uncalled bet ($6.18) returned to michasia
michasia collected $9.27 from pot
michasia: doesn't show hand 
*** SUMMARY ***
Total pot $9.76 | Rake $0.49 
Board [3s 4d 8c Th Ks]
Seat 6: z00mba
Seat 1: AlexPinsk1 (big blind) folded on the River
Seat 3: dreimis190 folded before Flop (didn't bet)
Seat 4: Pippa83 (button) folded before Flop (didn't bet)
Seat 5: michasia (small blind) collected ($9.27)



