PokerStars Hand #254443896352:  Hold'em No Limit ($0.50/$1.00 USD) - 2025/01/19 7:04:53 WET [2025/01/19 2:04:53 ET]
Table 'Ulrike III' 6-max Seat #5 is the button
Seat 1: vezis3 ($104.75 in chips) 
Seat 2: Kreayshawn ($100 in chips) 
Seat 3: davemg33 ($153.55 in chips) 
Seat 4: CashfishT ($100 in chips) 
Seat 5: Supermegopro ($100 in chips) 
Seat 6: peak joker33 ($100 in chips) 
peak joker33: posts small blind $0.50
vezis3: posts big blind $1
*** HOLE CARDS ***
Kreayshawn: folds 
davemg33: calls $1
CashfishT: folds 
Supermegopro: folds 
peak joker33: raises $4 to $5
vezis3: folds 
davemg33: calls $4
*** FLOP *** [2d 9c 2h]
peak joker33: bets $3.45
davemg33: folds 
Uncalled bet ($3.45) returned to peak joker33
peak joker33 collected $10.45 from pot
peak joker33: doesn't show hand 
*** SUMMARY ***
Total pot $11 | Rake $0.55 
Board [2d 9c 2h]
Seat 1: vezis3 (big blind) folded before Flop
Seat 2: Kreayshawn folded before Flop (didn't bet)
Seat 3: davemg33 folded on the Flop
Seat 4: CashfishT folded before Flop (didn't bet)
Seat 5: Supermegopro (button) folded before Flop (didn't bet)
Seat 6: peak joker33 (small blind) collected ($10.45)



PokerStars Hand #254443898532:  Hold'em No Limit ($0.50/$1.00 USD) - 2025/01/19 7:05:21 WET [2025/01/19 2:05:21 ET]
Table 'Ulrike III' 6-max Seat #6 is the button
Seat 1: vezis3 ($103.75 in chips) 
Seat 2: Kreayshawn ($100 in chips) 
Seat 3: davemg33 ($148.55 in chips) 
Seat 4: CashfishT ($100 in chips) 
Seat 5: Supermegopro ($100 in chips) 
Seat 6: peak joker33 ($105.45 in chips) 
vezis3: posts small blind $0.50
Kreayshawn: posts big blind $1
*** HOLE CARDS ***
davemg33: calls $1
CashfishT: folds 
Supermegopro: folds 
peak joker33: folds 
vezis3: raises $4 to $5
Kreayshawn: folds 
davemg33: calls $4
*** FLOP *** [6d 2s Ad]
vezis3: bets $8.05
davemg33: raises $8.05 to $16.10
vezis3: calls $8.05
*** TURN *** [6d 2s Ad] [3h]
vezis3: checks 
davemg33: bets $41.04
vezis3: calls $41.04
*** RIVER *** [6d 2s Ad 3h] [8c]
vezis3: checks 
davemg33: bets $86.41 and is all-in
vezis3: calls $41.61 and is all-in
Uncalled bet ($44.80) returned to davemg33
*** SHOW DOWN ***
davemg33: shows [6c 6h] (three of a kind, Sixes)
vezis3: shows [Tc Ac] (a pair of Aces)
davemg33 collected $206 from pot
*** SUMMARY ***
Total pot $208.50 | Rake $2.50 
Board [6d 2s Ad 3h 8c]
Seat 1: vezis3 (small blind) showed [Tc Ac] and lost with a pair of Aces
Seat 2: Kreayshawn (big blind) folded before Flop
Seat 3: davemg33 showed [6c 6h] and won ($206) with three of a kind, Sixes
Seat 4: CashfishT folded before Flop (didn't bet)
Seat 5: Supermegopro folded before Flop (didn't bet)
Seat 6: peak joker33 (button) folded before Flop (didn't bet)



PokerStars Hand #254443902067:  Hold'em No Limit ($0.50/$1.00 USD) - 2025/01/19 7:06:06 WET [2025/01/19 2:06:06 ET]
Table 'Ulrike III' 6-max Seat #1 is the button
Seat 1: vezis3 ($100 in chips) 
Seat 2: Kreayshawn ($100 in chips) 
Seat 3: davemg33 ($250.80 in chips) 
Seat 4: CashfishT ($100 in chips) 
Seat 5: Supermegopro ($100 in chips) 
Seat 6: peak joker33 ($105.45 in chips) 
Kreayshawn: posts small blind $0.50
davemg33: posts big blind $1
*** HOLE CARDS ***
CashfishT: raises $1.20 to $2.20
Supermegopro: folds 
peak joker33: folds 
vezis3: folds 
Kreayshawn: folds 
davemg33: calls $1.20
*** FLOP *** [6s 5s 8d]
davemg33: checks 
CashfishT: bets $1.54
davemg33: calls $1.54
*** TURN *** [6s 5s 8d] [9s]
davemg33: checks 
CashfishT: checks 
*** RIVER *** [6s 5s 8d 9s] [2d]
davemg33: bets $3.79
CashfishT: calls $3.79
*** SHOW DOWN ***
davemg33: shows [As 4h] (high card Ace)
CashfishT: shows [Ac 9c] (a pair of Nines)
CashfishT collected $14.78 from pot
*** SUMMARY ***
Total pot $15.56 | Rake $0.78 
Board [6s 5s 8d 9s 2d]
Seat 1: vezis3 (button) folded before Flop (didn't bet)
Seat 2: Kreayshawn (small blind) folded before Flop
Seat 3: davemg33 (big blind) showed [As 4h] and lost with high card Ace
Seat 4: CashfishT showed [Ac 9c] and won ($14.78) with a pair of Nines
Seat 5: Supermegopro folded before Flop (didn't bet)
Seat 6: peak joker33 folded before Flop (didn't bet)



PokerStars Hand #254443906304:  Hold'em No Limit ($0.50/$1.00 USD) - 2025/01/19 7:07:00 WET [2025/01/19 2:07:00 ET]
Table 'Ulrike III' 6-max Seat #2 is the button
Seat 1: vezis3 ($100 in chips) 
Seat 2: Kreayshawn ($100 in chips) 
Seat 3: davemg33 ($243.27 in chips) 
Seat 4: CashfishT ($107.25 in chips) 
Seat 5: Supermegopro ($100 in chips) 
Seat 6: peak joker33 ($105.45 in chips) 
davemg33: posts small blind $0.50
CashfishT: posts big blind $1
*** HOLE CARDS ***
Supermegopro: raises $1.50 to $2.50
peak joker33: folds 
vezis3: folds 
Kreayshawn: folds 
davemg33: calls $2
CashfishT: folds 
*** FLOP *** [6h Ad 5h]
davemg33: checks 
Supermegopro: bets $1.88
davemg33: calls $1.88
*** TURN *** [6h Ad 5h] [5d]
davemg33: checks 
Supermegopro: checks 
*** RIVER *** [6h Ad 5h 5d] [Th]
davemg33: bets $4.64
Supermegopro: folds 
Uncalled bet ($4.64) returned to davemg33
davemg33 collected $9.27 from pot
davemg33: doesn't show hand 
*** SUMMARY ***
Total pot $9.76 | Rake $0.49 
Board [6h Ad 5h 5d Th]
Seat 1: vezis3 folded before Flop (didn't bet)
Seat 2: Kreayshawn (button) folded before Flop (didn't bet)
Seat 3: davemg33 (small blind) collected ($9.27)
Seat 4: CashfishT (big blind) folded before Flop
Seat 5: Supermegopro folded on the River
Seat 6: peak joker33 folded before Flop (didn't bet)



PokerStars Hand #254443909756:  Hold'em No Limit ($0.50/$1.00 USD) - 2025/01/19 7:07:43 WET [2025/01/19 2:07:43 ET]
Table 'Ulrike III' 6-max Seat #3 is the button
Seat 1: vezis3 ($100 in chips) 
Seat 2: Kreayshawn ($100 in chips) 
Seat 3: davemg33 ($248.16 in chips) 
Seat 4: CashfishT ($106.25 in chips) 
Seat 5: Supermegopro ($100 in chips) 
Seat 6: peak joker33 ($105.45 in chips) 
CashfishT: posts small blind $0.50
Supermegopro: posts big blind $1
*** HOLE CARDS ***
peak joker33: raises $1.50 to $2.50
vezis3: folds 
Kreayshawn: folds 
davemg33: calls $2.50
CashfishT: folds 
Supermegopro: folds 
*** FLOP *** [Ah 2c 2d]
peak joker33: bets $2.04
davemg33: calls $2.04
*** TURN *** [Ah 2c 2d] [Td]
peak joker33: checks 
davemg33: bets $10.05
peak joker33: folds 
Uncalled bet ($10.05) returned to davemg33
davemg33 collected $10.05 from pot
davemg33: doesn't show hand 
*** SUMMARY ***
Total pot $10.58 | Rake $0.53 
Board [Ah 2c 2d Td]
Seat 1: vezis3 folded before Flop (didn't bet)
Seat 2: Kreayshawn folded before Flop (didn't bet)
Seat 3: davemg33 (button) collected ($10.05)
Seat 4: CashfishT (small blind) folded before Flop
Seat 5: Supermegopro (big blind) folded before Flop
Seat 6: peak joker33 folded on the Turn



PokerStars Hand #254443912542:  Hold'em No Limit ($0.50/$1.00 USD) - 2025/01/19 7:08:19 WET [2025/01/19 2:08:19 ET]
Table 'Ulrike III' 6-max Seat #4 is the button
Seat 1: vezis3 ($100 in chips) 
Seat 2: Kreayshawn ($100 in chips) 
Seat 3: davemg33 ($253.67 in chips) 
Seat 4: CashfishT ($105.75 in chips) 
Seat 5: Supermegopro ($100 in chips) 
Seat 6: peak joker33 ($100.91 in chips) 
Supermegopro: posts small blind $0.50
peak joker33: posts big blind $1
*** HOLE CARDS ***
vezis3: folds 
Kreayshawn: folds 
davemg33: calls $1
CashfishT: raises $3 to $4
Supermegopro: folds 
peak joker33: folds 
davemg33: calls $3
*** FLOP *** [Tc Jc Ks]
davemg33: checks 
CashfishT: bets $6.77
davemg33: calls $6.77
*** TURN *** [Tc Jc Ks] [5c]
davemg33: checks 
CashfishT: bets $7.22
davemg33: calls $7.22
*** RIVER *** [Tc Jc Ks 5c] [2d]
davemg33: checks 
CashfishT: bets $11.75
davemg33: folds 
Uncalled bet ($11.75) returned to CashfishT
CashfishT collected $35.61 from pot
CashfishT: doesn't show hand 
*** SUMMARY ***
Total pot $37.48 | Rake $1.87 
Board [Tc Jc Ks 5c 2d]
Seat 1: vezis3 folded before Flop (didn't bet)
Seat 2: Kreayshawn folded before Flop (didn't bet)
Seat 3: davemg33 folded on the River
Seat 4: CashfishT (button) collected ($35.61)
Seat 5: Supermegopro (small blind) folded before Flop
Seat 6: peak joker33 (big blind) folded before Flop



PokerStars Hand #254443916223:  Hold'em No Limit ($0.50/$1.00 USD) - 2025/01/19 7:09:06 WET [2025/01/19 2:09:06 ET]
Table 'Ulrike III' 6-max Seat #5 is the button
Seat 1: vezis3 ($100 in chips) 
Seat 2: Kreayshawn ($100 in chips) 
Seat 3: davemg33 ($235.68 in chips) 
Seat 4: CashfishT ($123.37 in chips) 
Seat 5: Supermegopro ($100 in chips) 
Seat 6: peak joker33 ($100 in chips) 
peak joker33: posts small blind $0.50
vezis3: posts big blind $1
*** HOLE CARDS ***
Kreayshawn: folds 
davemg33: folds 
CashfishT: raises $1.20 to $2.20
Supermegopro: raises $5.30 to $7.50
peak joker33: folds 
vezis3: folds 
CashfishT: folds 
Uncalled bet ($5.30) returned to Supermegopro
Supermegopro collected $5.90 from pot
Supermegopro: doesn't show hand 
*** SUMMARY ***
Total pot $5.90 | Rake $0 
Seat 1: vezis3 (big blind) folded before Flop
Seat 2: Kreayshawn folded before Flop (didn't bet)
Seat 3: davemg33 folded before Flop (didn't bet)
Seat 4: CashfishT folded before Flop
Seat 5: Supermegopro (button) collected ($5.90)
Seat 6: peak joker33 (small blind) folded before Flop



PokerStars Hand #254443917870:  Hold'em No Limit ($0.50/$1.00 USD) - 2025/01/19 7:09:27 WET [2025/01/19 2:09:27 ET]
Table 'Ulrike III' 6-max Seat #6 is the button
Seat 1: vezis3 ($100 in chips) 
Seat 2: Kreayshawn ($100 in chips) 
Seat 3: davemg33 ($235.68 in chips) 
Seat 4: CashfishT ($121.17 in chips) 
Seat 5: Supermegopro ($103.70 in chips) 
Seat 6: peak joker33 ($100 in chips) 
vezis3: posts small blind $0.50
Kreayshawn: posts big blind $1
*** HOLE CARDS ***
davemg33: calls $1
CashfishT: folds 
Supermegopro: folds 
peak joker33: folds 
vezis3: folds 
Kreayshawn: checks 
*** FLOP *** [Kh 4c 9s]
Kreayshawn: checks 
davemg33: checks 
*** TURN *** [Kh 4c 9s] [Ks]
Kreayshawn: checks 
davemg33: bets $1
Kreayshawn: folds 
Uncalled bet ($1) returned to davemg33
davemg33 collected $2.38 from pot
davemg33: doesn't show hand 
*** SUMMARY ***
Total pot $2.50 | Rake $0.12 
Board [Kh 4c 9s Ks]
Seat 1: vezis3 (small blind) folded before Flop
Seat 2: Kreayshawn (big blind) folded on the Turn
Seat 3: davemg33 collected ($2.38)
Seat 4: CashfishT folded before Flop (didn't bet)
Seat 5: Supermegopro folded before Flop (didn't bet)
Seat 6: peak joker33 (button) folded before Flop (didn't bet)



PokerStars Hand #254443920377:  Hold'em No Limit ($0.50/$1.00 USD) - 2025/01/19 7:09:59 WET [2025/01/19 2:09:59 ET]
Table 'Ulrike III' 6-max Seat #1 is the button
Seat 1: vezis3 ($100 in chips) 
Seat 2: Kreayshawn ($100 in chips) 
Seat 3: davemg33 ($237.06 in chips) 
Seat 4: CashfishT ($121.17 in chips) 
Seat 5: Supermegopro ($103.70 in chips) 
Seat 6: peak joker33 ($100 in chips) 
Kreayshawn: posts small blind $0.50
davemg33: posts big blind $1
*** HOLE CARDS ***
CashfishT: folds 
Supermegopro: folds 
peak joker33: raises $1.50 to $2.50
vezis3: folds 
Kreayshawn: folds 
davemg33: calls $1.50
*** FLOP *** [2d 8h Ah]
davemg33: checks 
peak joker33: checks 
*** TURN *** [2d 8h Ah] [3c]
davemg33: checks 
peak joker33: bets $2
davemg33: raises $2 to $4
peak joker33: folds 
Uncalled bet ($2) returned to davemg33
davemg33 collected $9.02 from pot
davemg33: doesn't show hand 
*** SUMMARY ***
Total pot $9.50 | Rake $0.48 
Board [2d 8h Ah 3c]
Seat 1: vezis3 (button) folded before Flop (didn't bet)
Seat 2: Kreayshawn (small blind) folded before Flop
Seat 3: davemg33 (big blind) collected ($9.02)
Seat 4: CashfishT folded before Flop (didn't bet)
Seat 5: Supermegopro folded before Flop (didn't bet)
Seat 6: peak joker33 folded on the Turn



PokerStars Hand #254443924465:  Hold'em No Limit ($0.50/$1.00 USD) - 2025/01/19 7:10:50 WET [2025/01/19 2:10:50 ET]
Table 'Ulrike III' 6-max Seat #2 is the button
Seat 1: vezis3 ($100 in chips) 
Seat 2: Kreayshawn ($100 in chips) 
Seat 3: davemg33 ($241.58 in chips) 
Seat 4: CashfishT ($121.17 in chips) 
Seat 5: Supermegopro ($103.70 in chips) 
Seat 6: peak joker33 ($100 in chips) 
davemg33: posts small blind $0.50
CashfishT: posts big blind $1
*** HOLE CARDS ***
Supermegopro: folds 
peak joker33: raises $1.50 to $2.50
vezis3: folds 
Kreayshawn: folds 
davemg33: calls $2
CashfishT: folds 
*** FLOP *** [Qh 4h Kd]
davemg33: checks 
peak joker33: bets $1.88
davemg33: calls $1.88
*** TURN *** [Qh 4h Kd] [Js]
davemg33: checks 
peak joker33: bets $9.27
davemg33: calls $9.27
*** RIVER *** [Qh 4h Kd Js] [Th]
davemg33: checks 
peak joker33: bets $13.44
davemg33: calls $13.44
*** SHOW DOWN ***
peak joker33: shows [Ah As] (a straight, Ten to Ace)
davemg33: mucks hand 
peak joker33 collected $52.68 from pot
*** SUMMARY ***
Total pot $55.18 | Rake $2.50 
Board [Qh 4h Kd Js Th]
Seat 1: vezis3 folded before Flop (didn't bet)
Seat 2: Kreayshawn (button) folded before Flop (didn't bet)
Seat 3: davemg33 (small blind) mucked
Seat 4: CashfishT (big blind) folded before Flop
Seat 5: Supermegopro folded before Flop (didn't bet)
Seat 6: peak joker33 showed [Ah As] and won ($52.68) with a straight, Ten to Ace



PokerStars Hand #254443928548:  Hold'em No Limit ($0.50/$1.00 USD) - 2025/01/19 7:11:43 WET [2025/01/19 2:11:43 ET]
Table 'Ulrike III' 6-max Seat #3 is the button
Seat 1: vezis3 ($100 in chips) 
Seat 2: Kreayshawn ($100 in chips) 
Seat 3: davemg33 ($214.49 in chips) 
Seat 4: CashfishT ($120.17 in chips) 
Seat 5: Supermegopro ($103.70 in chips) 
Seat 6: peak joker33 ($125.59 in chips) 
CashfishT: posts small blind $0.50
Supermegopro: posts big blind $1
*** HOLE CARDS ***
peak joker33: folds 
vezis3: folds 
Kreayshawn: raises $1.50 to $2.50
davemg33: calls $2.50
CashfishT: folds 
Supermegopro: folds 
*** FLOP *** [Qd Js 5d]
Kreayshawn: checks 
davemg33: checks 
*** TURN *** [Qd Js 5d] [Ts]
Kreayshawn: bets $3.15
davemg33: calls $3.15
*** RIVER *** [Qd Js 5d Ts] [Jc]
Kreayshawn: checks 
davemg33: checks 
*** SHOW DOWN ***
Kreayshawn: shows [Jd Ah] (three of a kind, Jacks)
davemg33: mucks hand 
Kreayshawn collected $12.16 from pot
*** SUMMARY ***
Total pot $12.80 | Rake $0.64 
Board [Qd Js 5d Ts Jc]
Seat 1: vezis3 folded before Flop (didn't bet)
Seat 2: Kreayshawn showed [Jd Ah] and won ($12.16) with three of a kind, Jacks
Seat 3: davemg33 (button) mucked
Seat 4: CashfishT (small blind) folded before Flop
Seat 5: Supermegopro (big blind) folded before Flop
Seat 6: peak joker33 folded before Flop (didn't bet)



PokerStars Hand #254443932705:  Hold'em No Limit ($0.50/$1.00 USD) - 2025/01/19 7:12:34 WET [2025/01/19 2:12:34 ET]
Table 'Ulrike III' 6-max Seat #4 is the button
Seat 1: vezis3 ($100 in chips) 
Seat 2: Kreayshawn ($106.51 in chips) 
Seat 3: davemg33 ($208.84 in chips) 
Seat 4: CashfishT ($119.67 in chips) 
Seat 5: Supermegopro ($102.70 in chips) 
Seat 6: peak joker33 ($125.59 in chips) 
Supermegopro: posts small blind $0.50
peak joker33: posts big blind $1
*** HOLE CARDS ***
vezis3: folds 
Kreayshawn: folds 
davemg33: folds 
CashfishT: raises $1.20 to $2.20
Supermegopro: folds 
peak joker33: calls $1.20
*** FLOP *** [Ad 4s 6s]
peak joker33: checks 
CashfishT: bets $1.54
peak joker33: raises $4.64 to $6.18
CashfishT: folds 
Uncalled bet ($4.64) returned to peak joker33
peak joker33 collected $7.58 from pot
peak joker33: doesn't show hand 
*** SUMMARY ***
Total pot $7.98 | Rake $0.40 
Board [Ad 4s 6s]
Seat 1: vezis3 folded before Flop (didn't bet)
Seat 2: Kreayshawn folded before Flop (didn't bet)
Seat 3: davemg33 folded before Flop (didn't bet)
Seat 4: CashfishT (button) folded on the Flop
Seat 5: Supermegopro (small blind) folded before Flop
Seat 6: peak joker33 (big blind) collected ($7.58)



PokerStars Hand #254443936323:  Hold'em No Limit ($0.50/$1.00 USD) - 2025/01/19 7:13:20 WET [2025/01/19 2:13:20 ET]
Table 'Ulrike III' 6-max Seat #5 is the button
Seat 1: vezis3 ($100 in chips) 
Seat 2: Kreayshawn ($106.51 in chips) 
Seat 3: davemg33 ($208.84 in chips) 
Seat 4: CashfishT ($115.93 in chips) 
Seat 5: Supermegopro ($102.20 in chips) 
Seat 6: peak joker33 ($129.43 in chips) 
peak joker33: posts small blind $0.50
vezis3: posts big blind $1
*** HOLE CARDS ***
Kreayshawn: folds 
davemg33: folds 
CashfishT: folds 
Supermegopro: folds 
peak joker33: folds 
Uncalled bet ($0.50) returned to vezis3
vezis3 collected $1 from pot
vezis3: doesn't show hand 
*** SUMMARY ***
Total pot $1 | Rake $0 
Seat 1: vezis3 (big blind) collected ($1)
Seat 2: Kreayshawn folded before Flop (didn't bet)
Seat 3: davemg33 folded before Flop (didn't bet)
Seat 4: CashfishT folded before Flop (didn't bet)
Seat 5: Supermegopro (button) folded before Flop (didn't bet)
Seat 6: peak joker33 (small blind) folded before Flop



PokerStars Hand #254443937740:  Hold'em No Limit ($0.50/$1.00 USD) - 2025/01/19 7:13:37 WET [2025/01/19 2:13:37 ET]
Table 'Ulrike III' 6-max Seat #6 is the button
Seat 1: vezis3 ($100.50 in chips) 
Seat 2: Kreayshawn ($106.51 in chips) 
Seat 3: davemg33 ($208.84 in chips) 
Seat 4: CashfishT ($115.93 in chips) 
Seat 5: Supermegopro ($102.20 in chips) 
Seat 6: peak joker33 ($128.93 in chips) 
vezis3: posts small blind $0.50
Kreayshawn: posts big blind $1
*** HOLE CARDS ***
davemg33: calls $1
CashfishT: raises $3 to $4
Supermegopro: folds 
peak joker33: folds 
vezis3: folds 
Kreayshawn: folds 
davemg33: calls $3
*** FLOP *** [6d Ks Jd]
davemg33: checks 
CashfishT: bets $6.77
davemg33: calls $6.77
*** TURN *** [6d Ks Jd] [Tc]
davemg33: checks 
CashfishT: bets $15
davemg33: calls $15
*** RIVER *** [6d Ks Jd Tc] [7s]
davemg33: bets $25.27
CashfishT: calls $25.27
*** SHOW DOWN ***
davemg33: shows [8d 4d] (high card King)
CashfishT: shows [Kh Qd] (a pair of Kings)
CashfishT collected $101.08 from pot
*** SUMMARY ***
Total pot $103.58 | Rake $2.50 
Board [6d Ks Jd Tc 7s]
Seat 1: vezis3 (small blind) folded before Flop
Seat 2: Kreayshawn (big blind) folded before Flop
Seat 3: davemg33 showed [8d 4d] and lost with high card King
Seat 4: CashfishT showed [Kh Qd] and won ($101.08) with a pair of Kings
Seat 5: Supermegopro folded before Flop (didn't bet)
Seat 6: peak joker33 (button) folded before Flop (didn't bet)



PokerStars Hand #254443941790:  Hold'em No Limit ($0.50/$1.00 USD) - 2025/01/19 7:14:26 WET [2025/01/19 2:14:26 ET]
Table 'Ulrike III' 6-max Seat #1 is the button
Seat 1: vezis3 ($100 in chips) 
Seat 2: Kreayshawn ($105.51 in chips) 
Seat 3: davemg33 ($157.80 in chips) 
Seat 4: CashfishT ($165.97 in chips) 
Seat 5: Supermegopro ($102.20 in chips) 
Seat 6: peak joker33 ($128.93 in chips) 
Kreayshawn: posts small blind $0.50
davemg33: posts big blind $1
*** HOLE CARDS ***
CashfishT: folds 
Supermegopro: folds 
peak joker33: folds 
vezis3: folds 
Kreayshawn: folds 
Uncalled bet ($0.50) returned to davemg33
davemg33 collected $1 from pot
davemg33: doesn't show hand 
*** SUMMARY ***
Total pot $1 | Rake $0 
Seat 1: vezis3 (button) folded before Flop (didn't bet)
Seat 2: Kreayshawn (small blind) folded before Flop
Seat 3: davemg33 (big blind) collected ($1)
Seat 4: CashfishT folded before Flop (didn't bet)
Seat 5: Supermegopro folded before Flop (didn't bet)
Seat 6: peak joker33 folded before Flop (didn't bet)



PokerStars Hand #254443943073:  Hold'em No Limit ($0.50/$1.00 USD) - 2025/01/19 7:14:42 WET [2025/01/19 2:14:42 ET]
Table 'Ulrike III' 6-max Seat #2 is the button
Seat 1: vezis3 ($100 in chips) 
Seat 2: Kreayshawn ($105.01 in chips) 
Seat 3: davemg33 ($158.30 in chips) 
Seat 4: CashfishT ($165.97 in chips) 
Seat 5: Supermegopro ($102.20 in chips) 
Seat 6: peak joker33 ($128.93 in chips) 
davemg33: posts small blind $0.50
CashfishT: posts big blind $1
*** HOLE CARDS ***
Supermegopro: folds 
peak joker33: folds 
vezis3: folds 
Kreayshawn: raises $1.50 to $2.50
davemg33: calls $2
CashfishT: folds 
*** FLOP *** [Ts Ac 3s]
davemg33: checks 
Kreayshawn: checks 
*** TURN *** [Ts Ac 3s] [7d]
davemg33: checks 
Kreayshawn: bets $2.91
davemg33: raises $2.91 to $5.82
Kreayshawn: calls $2.91
*** RIVER *** [Ts Ac 3s 7d] [Qh]
davemg33: checks 
Kreayshawn: bets $29.91
davemg33: calls $29.91
*** SHOW DOWN ***
Kreayshawn: shows [Qd Tc] (two pair, Queens and Tens)
davemg33: mucks hand 
Kreayshawn collected $74.96 from pot
*** SUMMARY ***
Total pot $77.46 | Rake $2.50 
Board [Ts Ac 3s 7d Qh]
Seat 1: vezis3 folded before Flop (didn't bet)
Seat 2: Kreayshawn (button) showed [Qd Tc] and won ($74.96) with two pair, Queens and Tens
Seat 3: davemg33 (small blind) mucked
Seat 4: CashfishT (big blind) folded before Flop
Seat 5: Supermegopro folded before Flop (didn't bet)
Seat 6: peak joker33 folded before Flop (didn't bet)



PokerStars Hand #254443948345:  Hold'em No Limit ($0.50/$1.00 USD) - 2025/01/19 7:15:47 WET [2025/01/19 2:15:47 ET]
Table 'Ulrike III' 6-max Seat #3 is the button
Seat 1: vezis3 ($100 in chips) 
Seat 2: Kreayshawn ($141.74 in chips) 
Seat 3: davemg33 ($120.07 in chips) 
Seat 4: CashfishT ($164.97 in chips) 
Seat 5: Supermegopro ($102.20 in chips) 
Seat 6: peak joker33 ($128.93 in chips) 
CashfishT: posts small blind $0.50
Supermegopro: posts big blind $1
*** HOLE CARDS ***
peak joker33: folds 
vezis3: raises $1.40 to $2.40
Kreayshawn: calls $2.40
davemg33: calls $2.40
CashfishT: folds 
Supermegopro: calls $1.40
*** FLOP *** [Ks 8d Td]
Supermegopro: checks 
vezis3: checks 
Kreayshawn: checks 
davemg33: checks 
*** TURN *** [Ks 8d Td] [Kc]
Supermegopro: checks 
vezis3: bets $3.17
Kreayshawn: folds 
davemg33: folds 
Supermegopro: folds 
Uncalled bet ($3.17) returned to vezis3
vezis3 collected $9.60 from pot
vezis3: doesn't show hand 
*** SUMMARY ***
Total pot $10.10 | Rake $0.50 
Board [Ks 8d Td Kc]
Seat 1: vezis3 collected ($9.60)
Seat 2: Kreayshawn folded on the Turn
Seat 3: davemg33 (button) folded on the Turn
Seat 4: CashfishT (small blind) folded before Flop
Seat 5: Supermegopro (big blind) folded on the Turn
Seat 6: peak joker33 folded before Flop (didn't bet)



PokerStars Hand #254443952094:  Hold'em No Limit ($0.50/$1.00 USD) - 2025/01/19 7:16:33 WET [2025/01/19 2:16:33 ET]
Table 'Ulrike III' 6-max Seat #4 is the button
Seat 1: vezis3 ($107.20 in chips) 
Seat 2: Kreayshawn ($139.34 in chips) 
Seat 3: davemg33 ($117.67 in chips) 
Seat 4: CashfishT ($164.47 in chips) 
Seat 5: Supermegopro ($100 in chips) 
Seat 6: peak joker33 ($128.93 in chips) 
Supermegopro: posts small blind $0.50
peak joker33: posts big blind $1
*** HOLE CARDS ***
vezis3: raises $1 to $2
Kreayshawn: folds 
davemg33: calls $2
CashfishT: folds 
Supermegopro: folds 
peak joker33: calls $1
*** FLOP *** [7h 5c Kd]
peak joker33: checks 
vezis3: checks 
davemg33: checks 
*** TURN *** [7h 5c Kd] [3d]
peak joker33: checks 
vezis3: checks 
davemg33: checks 
*** RIVER *** [7h 5c Kd 3d] [4c]
peak joker33: checks 
vezis3: bets $2.04
davemg33: calls $2.04
peak joker33: folds 
*** SHOW DOWN ***
vezis3: shows [Kc 9d] (a pair of Kings)
davemg33: mucks hand 
vezis3 collected $10.05 from pot
*** SUMMARY ***
Total pot $10.58 | Rake $0.53 
Board [7h 5c Kd 3d 4c]
Seat 1: vezis3 showed [Kc 9d] and won ($10.05) with a pair of Kings
Seat 2: Kreayshawn folded before Flop (didn't bet)
Seat 3: davemg33 mucked
Seat 4: CashfishT (button) folded before Flop (didn't bet)
Seat 5: Supermegopro (small blind) folded before Flop
Seat 6: peak joker33 (big blind) folded on the River



PokerStars Hand #254443956046:  Hold'em No Limit ($0.50/$1.00 USD) - 2025/01/19 7:17:23 WET [2025/01/19 2:17:23 ET]
Table 'Ulrike III' 6-max Seat #5 is the button
Seat 1: vezis3 ($113.21 in chips) 
Seat 2: Kreayshawn ($139.34 in chips) 
Seat 3: davemg33 ($113.63 in chips) 
Seat 4: CashfishT ($164.47 in chips) 
Seat 5: Supermegopro ($100 in chips) 
Seat 6: peak joker33 ($126.93 in chips) 
peak joker33: posts small blind $0.50
vezis3: posts big blind $1
*** HOLE CARDS ***
Kreayshawn: folds 
davemg33: folds 
CashfishT: raises $1.20 to $2.20
Supermegopro: folds 
peak joker33: folds 
vezis3: folds 
Uncalled bet ($1.20) returned to CashfishT
CashfishT collected $2.50 from pot
CashfishT: doesn't show hand 
*** SUMMARY ***
Total pot $2.50 | Rake $0 
Seat 1: vezis3 (big blind) folded before Flop
Seat 2: Kreayshawn folded before Flop (didn't bet)
Seat 3: davemg33 folded before Flop (didn't bet)
Seat 4: CashfishT collected ($2.50)
Seat 5: Supermegopro (button) folded before Flop (didn't bet)
Seat 6: peak joker33 (small blind) folded before Flop



PokerStars Hand #254443957262:  Hold'em No Limit ($0.50/$1.00 USD) - 2025/01/19 7:17:37 WET [2025/01/19 2:17:37 ET]
Table 'Ulrike III' 6-max Seat #6 is the button
Seat 1: vezis3 ($112.21 in chips) 
Seat 2: Kreayshawn ($139.34 in chips) 
Seat 3: davemg33 ($113.63 in chips) 
Seat 4: CashfishT ($165.97 in chips) 
Seat 5: Supermegopro ($100 in chips) 
Seat 6: peak joker33 ($126.43 in chips) 
vezis3: posts small blind $0.50
Kreayshawn: posts big blind $1
*** HOLE CARDS ***
davemg33: folds 
CashfishT: raises $1.20 to $2.20
Supermegopro: folds 
peak joker33: folds 
vezis3: folds 
Kreayshawn: calls $1.20
*** FLOP *** [3h 5s 7s]
Kreayshawn: bets $1.54
CashfishT: raises $3.87 to $5.41
Kreayshawn: folds 
Uncalled bet ($3.87) returned to CashfishT
CashfishT collected $7.58 from pot
CashfishT: doesn't show hand 
*** SUMMARY ***
Total pot $7.98 | Rake $0.40 
Board [3h 5s 7s]
Seat 1: vezis3 (small blind) folded before Flop
Seat 2: Kreayshawn (big blind) folded on the Flop
Seat 3: davemg33 folded before Flop (didn't bet)
Seat 4: CashfishT collected ($7.58)
Seat 5: Supermegopro folded before Flop (didn't bet)
Seat 6: peak joker33 (button) folded before Flop (didn't bet)



PokerStars Hand #254443959765:  Hold'em No Limit ($0.50/$1.00 USD) - 2025/01/19 7:18:08 WET [2025/01/19 2:18:08 ET]
Table 'Ulrike III' 6-max Seat #1 is the button
Seat 1: vezis3 ($111.71 in chips) 
Seat 2: Kreayshawn ($135.60 in chips) 
Seat 3: davemg33 ($113.63 in chips) 
Seat 4: CashfishT ($169.81 in chips) 
Seat 5: Supermegopro ($100 in chips) 
Seat 6: peak joker33 ($126.43 in chips) 
Kreayshawn: posts small blind $0.50
davemg33: posts big blind $1
*** HOLE CARDS ***
CashfishT: folds 
Supermegopro: folds 
peak joker33: folds 
vezis3: raises $2 to $3
Kreayshawn: folds 
davemg33: calls $2
*** FLOP *** [2h As Qs]
davemg33: checks 
vezis3: bets $2.60
davemg33: calls $2.60
*** TURN *** [2h As Qs] [Kh]
davemg33: checks 
vezis3: bets $12.23
davemg33: calls $12.23
*** RIVER *** [2h As Qs Kh] [4s]
davemg33: bets $17.18
vezis3: folds 
Uncalled bet ($17.18) returned to davemg33
davemg33 collected $34.35 from pot
davemg33: doesn't show hand 
*** SUMMARY ***
Total pot $36.16 | Rake $1.81 
Board [2h As Qs Kh 4s]
Seat 1: vezis3 (button) folded on the River
Seat 2: Kreayshawn (small blind) folded before Flop
Seat 3: davemg33 (big blind) collected ($34.35)
Seat 4: CashfishT folded before Flop (didn't bet)
Seat 5: Supermegopro folded before Flop (didn't bet)
Seat 6: peak joker33 folded before Flop (didn't bet)



PokerStars Hand #254443963032:  Hold'em No Limit ($0.50/$1.00 USD) - 2025/01/19 7:18:50 WET [2025/01/19 2:18:50 ET]
Table 'Ulrike III' 6-max Seat #2 is the button
Seat 1: vezis3 ($100 in chips) 
Seat 2: Kreayshawn ($135.10 in chips) 
Seat 3: davemg33 ($130.15 in chips) 
Seat 4: CashfishT ($169.81 in chips) 
Seat 5: Supermegopro ($100 in chips) 
Seat 6: peak joker33 ($126.43 in chips) 
davemg33: posts small blind $0.50
CashfishT: posts big blind $1
*** HOLE CARDS ***
Supermegopro: folds 
peak joker33: folds 
vezis3: folds 
Kreayshawn: raises $1.50 to $2.50
davemg33: calls $2
CashfishT: calls $1.50
*** FLOP *** [8d 5d 5c]
davemg33: checks 
CashfishT: checks 
Kreayshawn: checks 
*** TURN *** [8d 5d 5c] [6d]
davemg33: checks 
CashfishT: bets $6
Kreayshawn: folds 
davemg33: calls $6
*** RIVER *** [8d 5d 5c 6d] [Jc]
davemg33: bets $9.26
CashfishT: calls $9.26
*** SHOW DOWN ***
davemg33: shows [3d Js] (two pair, Jacks and Fives)
CashfishT: shows [3h 5h] (three of a kind, Fives)
CashfishT collected $36.12 from pot
*** SUMMARY ***
Total pot $38.02 | Rake $1.90 
Board [8d 5d 5c 6d Jc]
Seat 1: vezis3 folded before Flop (didn't bet)
Seat 2: Kreayshawn (button) folded on the Turn
Seat 3: davemg33 (small blind) showed [3d Js] and lost with two pair, Jacks and Fives
Seat 4: CashfishT (big blind) showed [3h 5h] and won ($36.12) with three of a kind, Fives
Seat 5: Supermegopro folded before Flop (didn't bet)
Seat 6: peak joker33 folded before Flop (didn't bet)



PokerStars Hand #254443967428:  Hold'em No Limit ($0.50/$1.00 USD) - 2025/01/19 7:19:45 WET [2025/01/19 2:19:45 ET]
Table 'Ulrike III' 6-max Seat #3 is the button
Seat 1: vezis3 ($100 in chips) 
Seat 2: Kreayshawn ($132.60 in chips) 
Seat 3: davemg33 ($112.39 in chips) 
Seat 4: CashfishT ($188.17 in chips) 
Seat 5: Supermegopro ($100 in chips) 
Seat 6: peak joker33 ($126.43 in chips) 
CashfishT: posts small blind $0.50
Supermegopro: posts big blind $1
*** HOLE CARDS ***
peak joker33: raises $1.50 to $2.50
vezis3: folds 
Kreayshawn: folds 
davemg33: calls $2.50
CashfishT: folds 
Supermegopro: raises $11.50 to $14
peak joker33: folds 
davemg33: calls $11.50
*** FLOP *** [8h 3s 5c]
Supermegopro: bets $9.72
davemg33: calls $9.72
*** TURN *** [8h 3s 5c] [Ts]
Supermegopro: bets $19.18
davemg33: folds 
Uncalled bet ($19.18) returned to Supermegopro
Supermegopro collected $47.94 from pot
Supermegopro: doesn't show hand 
*** SUMMARY ***
Total pot $50.44 | Rake $2.50 
Board [8h 3s 5c Ts]
Seat 1: vezis3 folded before Flop (didn't bet)
Seat 2: Kreayshawn folded before Flop (didn't bet)
Seat 3: davemg33 (button) folded on the Turn
Seat 4: CashfishT (small blind) folded before Flop
Seat 5: Supermegopro (big blind) collected ($47.94)
Seat 6: peak joker33 folded before Flop



PokerStars Hand #254443971658:  Hold'em No Limit ($0.50/$1.00 USD) - 2025/01/19 7:20:38 WET [2025/01/19 2:20:38 ET]
Table 'Ulrike III' 6-max Seat #4 is the button
Seat 1: vezis3 ($100 in chips) 
Seat 2: Kreayshawn ($132.60 in chips) 
Seat 3: davemg33 ($88.67 in chips) 
Seat 4: CashfishT ($187.67 in chips) 
Seat 5: Supermegopro ($124.22 in chips) 
Seat 6: peak joker33 ($123.93 in chips) 
Supermegopro: posts small blind $0.50
peak joker33: posts big blind $1
*** HOLE CARDS ***
vezis3: folds 
Kreayshawn: folds 
davemg33: folds 
CashfishT: folds 
Supermegopro: raises $2 to $3
peak joker33: folds 
Uncalled bet ($2) returned to Supermegopro
Supermegopro collected $2 from pot
Supermegopro: doesn't show hand 
*** SUMMARY ***
Total pot $2 | Rake $0 
Seat 1: vezis3 folded before Flop (didn't bet)
Seat 2: Kreayshawn folded before Flop (didn't bet)
Seat 3: davemg33 folded before Flop (didn't bet)
Seat 4: CashfishT (button) folded before Flop (didn't bet)
Seat 5: Supermegopro (small blind) collected ($2)
Seat 6: peak joker33 (big blind) folded before Flop



PokerStars Hand #254443973484:  Hold'em No Limit ($0.50/$1.00 USD) - 2025/01/19 7:21:01 WET [2025/01/19 2:21:01 ET]
Table 'Ulrike III' 6-max Seat #5 is the button
Seat 1: vezis3 ($100 in chips) 
Seat 2: Kreayshawn ($132.60 in chips) 
Seat 3: davemg33 ($88.67 in chips) 
Seat 4: CashfishT ($187.67 in chips) 
Seat 5: Supermegopro ($125.22 in chips) 
Seat 6: peak joker33 ($122.93 in chips) 
peak joker33: posts small blind $0.50
vezis3: posts big blind $1
*** HOLE CARDS ***
Kreayshawn: folds 
davemg33: calls $1
CashfishT: folds 
Supermegopro: raises $4 to $5
peak joker33: raises $11 to $16
vezis3: folds 
davemg33: folds 
Supermegopro: folds 
Uncalled bet ($11) returned to peak joker33
peak joker33 collected $12 from pot
peak joker33: doesn't show hand 
*** SUMMARY ***
Total pot $12 | Rake $0 
Seat 1: vezis3 (big blind) folded before Flop
Seat 2: Kreayshawn folded before Flop (didn't bet)
Seat 3: davemg33 folded before Flop
Seat 4: CashfishT folded before Flop (didn't bet)
Seat 5: Supermegopro (button) folded before Flop
Seat 6: peak joker33 (small blind) collected ($12)



PokerStars Hand #254443975943:  Hold'em No Limit ($0.50/$1.00 USD) - 2025/01/19 7:21:33 WET [2025/01/19 2:21:33 ET]
Table 'Ulrike III' 6-max Seat #6 is the button
Seat 1: vezis3 ($100 in chips) 
Seat 2: Kreayshawn ($132.60 in chips) 
Seat 3: davemg33 ($87.67 in chips) 
Seat 4: CashfishT ($187.67 in chips) 
Seat 5: Supermegopro ($120.22 in chips) 
Seat 6: peak joker33 ($129.93 in chips) 
vezis3: posts small blind $0.50
Kreayshawn: posts big blind $1
*** HOLE CARDS ***
davemg33: calls $1
CashfishT: folds 
Supermegopro: folds 
peak joker33: folds 
vezis3: raises $4 to $5
Kreayshawn: folds 
davemg33: calls $4
*** FLOP *** [8c 9s 4s]
vezis3: bets $3.45
davemg33: calls $3.45
*** TURN *** [8c 9s 4s] [3d]
vezis3: checks 
davemg33: checks 
*** RIVER *** [8c 9s 4s 3d] [4c]
vezis3: checks 
davemg33: checks 
*** SHOW DOWN ***
vezis3: shows [3s Ah] (two pair, Fours and Threes)
davemg33: mucks hand 
vezis3 collected $17 from pot
*** SUMMARY ***
Total pot $17.90 | Rake $0.90 
Board [8c 9s 4s 3d 4c]
Seat 1: vezis3 (small blind) showed [3s Ah] and won ($17) with two pair, Fours and Threes
Seat 2: Kreayshawn (big blind) folded before Flop
Seat 3: davemg33 mucked
Seat 4: CashfishT folded before Flop (didn't bet)
Seat 5: Supermegopro folded before Flop (didn't bet)
Seat 6: peak joker33 (button) folded before Flop (didn't bet)



PokerStars Hand #254443978832:  Hold'em No Limit ($0.50/$1.00 USD) - 2025/01/19 7:22:09 WET [2025/01/19 2:22:09 ET]
Table 'Ulrike III' 6-max Seat #1 is the button
Seat 1: vezis3 ($108.55 in chips) 
Seat 2: Kreayshawn ($131.60 in chips) 
Seat 3: davemg33 ($79.22 in chips) 
Seat 4: CashfishT ($187.67 in chips) 
Seat 5: Supermegopro ($120.22 in chips) 
Seat 6: peak joker33 ($129.93 in chips) 
Kreayshawn: posts small blind $0.50
davemg33: posts big blind $1
*** HOLE CARDS ***
CashfishT: raises $1.20 to $2.20
Supermegopro: folds 
peak joker33: folds 
vezis3: calls $2.20
Kreayshawn: folds 
davemg33: calls $1.20
*** FLOP *** [2s Tc 7c]
davemg33: checks 
CashfishT: checks 
vezis3: checks 
*** TURN *** [2s Tc 7c] [Kh]
davemg33: checks 
CashfishT: bets $5.06
vezis3: folds 
davemg33: folds 
Uncalled bet ($5.06) returned to CashfishT
CashfishT collected $6.74 from pot
CashfishT: doesn't show hand 
*** SUMMARY ***
Total pot $7.10 | Rake $0.36 
Board [2s Tc 7c Kh]
Seat 1: vezis3 (button) folded on the Turn
Seat 2: Kreayshawn (small blind) folded before Flop
Seat 3: davemg33 (big blind) folded on the Turn
Seat 4: CashfishT collected ($6.74)
Seat 5: Supermegopro folded before Flop (didn't bet)
Seat 6: peak joker33 folded before Flop (didn't bet)



PokerStars Hand #254443981947:  Hold'em No Limit ($0.50/$1.00 USD) - 2025/01/19 7:22:48 WET [2025/01/19 2:22:48 ET]
Table 'Ulrike III' 6-max Seat #2 is the button
Seat 1: vezis3 ($106.35 in chips) 
Seat 2: Kreayshawn ($131.10 in chips) 
Seat 3: davemg33 ($77.02 in chips) 
Seat 4: CashfishT ($192.21 in chips) 
Seat 5: Supermegopro ($120.22 in chips) 
Seat 6: peak joker33 ($129.93 in chips) 
davemg33: posts small blind $0.50
CashfishT: posts big blind $1
*** HOLE CARDS ***
Supermegopro: folds 
peak joker33: folds 
vezis3: raises $1.40 to $2.40
Kreayshawn: raises $5.60 to $8
davemg33: calls $7.50
CashfishT: folds 
vezis3: calls $5.60
*** FLOP *** [8h 4c 7d]
davemg33: checks 
vezis3: checks 
Kreayshawn: checks 
*** TURN *** [8h 4c 7d] [3s]
davemg33: checks 
vezis3: checks 
Kreayshawn: checks 
*** RIVER *** [8h 4c 7d 3s] [Ts]
davemg33: bets $23.75
vezis3: folds 
Kreayshawn: folds 
Uncalled bet ($23.75) returned to davemg33
davemg33 collected $23.75 from pot
davemg33: doesn't show hand 
*** SUMMARY ***
Total pot $25 | Rake $1.25 
Board [8h 4c 7d 3s Ts]
Seat 1: vezis3 folded on the River
Seat 2: Kreayshawn (button) folded on the River
Seat 3: davemg33 (small blind) collected ($23.75)
Seat 4: CashfishT (big blind) folded before Flop
Seat 5: Supermegopro folded before Flop (didn't bet)
Seat 6: peak joker33 folded before Flop (didn't bet)



PokerStars Hand #254443987012:  Hold'em No Limit ($0.50/$1.00 USD) - 2025/01/19 7:23:51 WET [2025/01/19 2:23:51 ET]
Table 'Ulrike III' 6-max Seat #3 is the button
Seat 1: vezis3 ($100 in chips) 
Seat 2: Kreayshawn ($123.10 in chips) 
Seat 3: davemg33 ($92.77 in chips) 
Seat 4: CashfishT ($191.21 in chips) 
Seat 5: Supermegopro ($120.22 in chips) 
Seat 6: peak joker33 ($129.93 in chips) 
CashfishT: posts small blind $0.50
Supermegopro: posts big blind $1
*** HOLE CARDS ***
peak joker33: folds 
vezis3: raises $2 to $3
Kreayshawn: folds 
davemg33: folds 
CashfishT: folds 
Supermegopro: folds 
Uncalled bet ($2) returned to vezis3
vezis3 collected $2.50 from pot
vezis3: doesn't show hand 
*** SUMMARY ***
Total pot $2.50 | Rake $0 
Seat 1: vezis3 collected ($2.50)
Seat 2: Kreayshawn folded before Flop (didn't bet)
Seat 3: davemg33 (button) folded before Flop (didn't bet)
Seat 4: CashfishT (small blind) folded before Flop
Seat 5: Supermegopro (big blind) folded before Flop
Seat 6: peak joker33 folded before Flop (didn't bet)



PokerStars Hand #254443988936:  Hold'em No Limit ($0.50/$1.00 USD) - 2025/01/19 7:24:15 WET [2025/01/19 2:24:15 ET]
Table 'Ulrike III' 6-max Seat #4 is the button
Seat 1: vezis3 ($101.50 in chips) 
Seat 2: Kreayshawn ($123.10 in chips) 
Seat 3: davemg33 ($92.77 in chips) 
Seat 4: CashfishT ($190.71 in chips) 
Seat 5: Supermegopro ($119.22 in chips) 
Seat 6: peak joker33 ($129.93 in chips) 
Supermegopro: posts small blind $0.50
peak joker33: posts big blind $1
*** HOLE CARDS ***
vezis3: raises $2 to $3
Kreayshawn: folds 
davemg33: calls $3
CashfishT: folds 
Supermegopro: folds 
peak joker33: calls $2
*** FLOP *** [6s As Qs]
peak joker33: checks 
vezis3: bets $2.98
davemg33: folds 
peak joker33: folds 
Uncalled bet ($2.98) returned to vezis3
vezis3 collected $9.02 from pot
vezis3: doesn't show hand 
*** SUMMARY ***
Total pot $9.50 | Rake $0.48 
Board [6s As Qs]
Seat 1: vezis3 collected ($9.02)
Seat 2: Kreayshawn folded before Flop (didn't bet)
Seat 3: davemg33 folded on the Flop
Seat 4: CashfishT (button) folded before Flop (didn't bet)
Seat 5: Supermegopro (small blind) folded before Flop
Seat 6: peak joker33 (big blind) folded on the Flop



PokerStars Hand #254443842019:  Hold'em No Limit ($0.50/$1.00 USD) - 2025/01/19 6:52:46 WET [2025/01/19 1:52:46 ET]
Table 'Ulrike III' 6-max Seat #4 is the button
Seat 3: davemg33 ($100 in chips) 
Seat 4: steelNike ($40 in chips) 
Seat 6: reeqar ($100 in chips) 
reeqar: posts small blind $0.50
davemg33: posts big blind $1
*** HOLE CARDS ***
steelNike: folds 
Supermegopro joins the table at seat #5 
reeqar: raises $2 to $3
davemg33: calls $2
*** FLOP *** [5c 3c Js]
reeqar: bets $8.55
vezis3 joins the table at seat #1 
davemg33: calls $8.55
*** TURN *** [5c 3c Js] [7s]
reeqar: bets $33.15
davemg33: folds 
Uncalled bet ($33.15) returned to reeqar
reeqar collected $22.10 from pot
reeqar: doesn't show hand 
*** SUMMARY ***
Total pot $23.10 | Rake $1 
Board [5c 3c Js 7s]
Seat 3: davemg33 (big blind) folded on the Turn
Seat 4: steelNike (button) folded before Flop (didn't bet)
Seat 6: reeqar (small blind) collected ($22.10)



PokerStars Hand #254443846554:  Hold'em No Limit ($0.50/$1.00 USD) - 2025/01/19 6:53:44 WET [2025/01/19 1:53:44 ET]
Table 'Ulrike III' 6-max Seat #6 is the button
Seat 1: vezis3 ($100 in chips) is sitting out
Seat 5: Supermegopro ($104.10 in chips) is sitting out
Seat 3: davemg33 ($88.45 in chips) 
Seat 4: steelNike ($100 in chips) 
Seat 6: reeqar ($110.55 in chips) 
davemg33: posts small blind $0.50
steelNike: posts big blind $1
Supermegopro: sits out 
*** HOLE CARDS ***
reeqar: raises $1.50 to $2.50
davemg33: calls $2
steelNike: folds 
*** FLOP *** [4s 8c Js]
davemg33: checks 
reeqar: bets $4.28
davemg33: calls $4.28
*** TURN *** [4s 8c Js] [4d]
davemg33: checks 
reeqar: bets $10.37
davemg33: calls $10.37
*** RIVER *** [4s 8c Js 4d] [9d]
Kreayshawn joins the table at seat #2 
davemg33: checks 
reeqar: bets $22.64
davemg33: calls $22.64
*** SHOW DOWN ***
reeqar: shows [Qs Jh] (two pair, Jacks and Fours)
davemg33: mucks hand 
reeqar collected $79.58 from pot
*** SUMMARY ***
Total pot $80.58 | Rake $1 
Board [4s 8c Js 4d 9d]
Seat 1: vezis3
Seat 5: Supermegopro
Seat 3: davemg33 (small blind) mucked
Seat 4: steelNike (big blind) folded before Flop
Seat 6: reeqar (button) showed [Qs Jh] and won ($79.58) with two pair, Jacks and Fours



PokerStars Hand #254443852284:  Hold'em No Limit ($0.50/$1.00 USD) - 2025/01/19 6:54:57 WET [2025/01/19 1:54:57 ET]
Table 'Ulrike III' 6-max Seat #3 is the button
Seat 1: vezis3 ($100 in chips) is sitting out
Seat 2: Kreayshawn ($100 in chips) is sitting out
Seat 3: davemg33 ($48.66 in chips) 
Seat 4: steelNike ($99 in chips) 
Seat 5: Supermegopro ($104.10 in chips) 
Seat 6: reeqar ($150.34 in chips) 
steelNike: posts small blind $0.50
Supermegopro: posts big blind $1
vezis3: sits out 
Kreayshawn: sits out 
*** HOLE CARDS ***
reeqar: raises $1.50 to $2.50
davemg33: calls $2.50
steelNike: folds 
Supermegopro: folds 
*** FLOP *** [Td Qs 9c]
reeqar: bets $9.27
davemg33: raises $9.27 to $18.54
reeqar: raises $129.30 to $147.84 and is all-in
davemg33: calls $27.62 and is all-in
Uncalled bet ($101.68) returned to reeqar
*** TURN *** [Td Qs 9c] [Js]
*** RIVER *** [Td Qs 9c Js] [Kh]
*** SHOW DOWN ***
reeqar: shows [Ah Ad] (a straight, Ten to Ace)
davemg33: shows [Qh Qc] (a straight, Nine to King)
reeqar collected $97.82 from pot
*** SUMMARY ***
Total pot $98.82 | Rake $1 
Board [Td Qs 9c Js Kh]
Seat 1: vezis3
Seat 2: Kreayshawn
Seat 3: davemg33 (button) showed [Qh Qc] and lost with a straight, Nine to King
Seat 4: steelNike (small blind) folded before Flop
Seat 5: Supermegopro (big blind) folded before Flop
Seat 6: reeqar showed [Ah Ad] and won ($97.82) with a straight, Ten to Ace



PokerStars Hand #254443481546:  Hold'em No Limit ($0.50/$1.00 USD) - 2025/01/19 5:40:41 WET [2025/01/19 0:40:41 ET]
Table 'Ulrike III' 6-max Seat #6 is the button
Seat 4: JoeBlack_MS ($105.25 in chips) 
Seat 6: machinedada23 ($94.50 in chips) 
machinedada23: posts small blind $0.50
JoeBlack_MS: posts big blind $1
*** HOLE CARDS ***
machinedada23: raises $2 to $3
JoeBlack_MS: calls $2
*** FLOP *** [Jd Kd As]
JoeBlack_MS: checks 
machinedada23: bets $3
JoeBlack_MS: folds 
Uncalled bet ($3) returned to machinedada23
machinedada23 collected $5.70 from pot
machinedada23: doesn't show hand 
*** SUMMARY ***
Total pot $6 | Rake $0.30 
Board [Jd Kd As]
Seat 4: JoeBlack_MS (big blind) folded on the Flop
Seat 6: machinedada23 (button) (small blind) collected ($5.70)



PokerStars Hand #254443483763:  Hold'em No Limit ($0.50/$1.00 USD) - 2025/01/19 5:41:06 WET [2025/01/19 0:41:06 ET]
Table 'Ulrike III' 6-max Seat #4 is the button
Seat 4: JoeBlack_MS ($102.25 in chips) 
Seat 6: machinedada23 ($97.20 in chips) 
JoeBlack_MS: posts small blind $0.50
machinedada23: posts big blind $1
*** HOLE CARDS ***
JoeBlack_MS: folds 
Uncalled bet ($0.50) returned to machinedada23
machinedada23 collected $1 from pot
*** SUMMARY ***
Total pot $1 | Rake $0 
Seat 4: JoeBlack_MS (button) (small blind) folded before Flop
Seat 6: machinedada23 (big blind) collected ($1)



PokerStars Hand #254443484415:  Hold'em No Limit ($0.50/$1.00 USD) - 2025/01/19 5:41:13 WET [2025/01/19 0:41:13 ET]
Table 'Ulrike III' 6-max Seat #6 is the button
Seat 4: JoeBlack_MS ($101.75 in chips) 
Seat 6: machinedada23 ($97.70 in chips) 
machinedada23: posts small blind $0.50
JoeBlack_MS: posts big blind $1
*** HOLE CARDS ***
machinedada23: raises $2 to $3
JoeBlack_MS: folds 
Uncalled bet ($2) returned to machinedada23
machinedada23 collected $2 from pot
machinedada23: doesn't show hand 
*** SUMMARY ***
Total pot $2 | Rake $0 
Seat 4: JoeBlack_MS (big blind) folded before Flop
Seat 6: machinedada23 (button) (small blind) collected ($2)



PokerStars Hand #254443485301:  Hold'em No Limit ($0.50/$1.00 USD) - 2025/01/19 5:41:23 WET [2025/01/19 0:41:23 ET]
Table 'Ulrike III' 6-max Seat #4 is the button
Seat 4: JoeBlack_MS ($100.75 in chips) 
Seat 6: machinedada23 ($98.70 in chips) 
JoeBlack_MS: posts small blind $0.50
machinedada23: posts big blind $1
*** HOLE CARDS ***
JoeBlack_MS: folds 
Uncalled bet ($0.50) returned to machinedada23
machinedada23 collected $1 from pot
machinedada23: doesn't show hand 
*** SUMMARY ***
Total pot $1 | Rake $0 
Seat 4: JoeBlack_MS (button) (small blind) folded before Flop
Seat 6: machinedada23 (big blind) collected ($1)



PokerStars Hand #254443486112:  Hold'em No Limit ($0.50/$1.00 USD) - 2025/01/19 5:41:32 WET [2025/01/19 0:41:32 ET]
Table 'Ulrike III' 6-max Seat #6 is the button
Seat 4: JoeBlack_MS ($100.25 in chips) 
Seat 6: machinedada23 ($99.20 in chips) 
machinedada23: posts small blind $0.50
JoeBlack_MS: posts big blind $1
*** HOLE CARDS ***
machinedada23: raises $1 to $2
JoeBlack_MS: folds 
Uncalled bet ($1) returned to machinedada23
machinedada23 collected $2 from pot
machinedada23: doesn't show hand 
*** SUMMARY ***
Total pot $2 | Rake $0 
Seat 4: JoeBlack_MS (big blind) folded before Flop
Seat 6: machinedada23 (button) (small blind) collected ($2)



PokerStars Hand #254443486901:  Hold'em No Limit ($0.50/$1.00 USD) - 2025/01/19 5:41:41 WET [2025/01/19 0:41:41 ET]
Table 'Ulrike III' 6-max Seat #4 is the button
Seat 4: JoeBlack_MS ($100 in chips) 
Seat 6: machinedada23 ($100.20 in chips) 
JoeBlack_MS: posts small blind $0.50
machinedada23: posts big blind $1
*** HOLE CARDS ***
JoeBlack_MS: raises $2 to $3
machinedada23: calls $2
*** FLOP *** [5h 6d 6s]
machinedada23: checks 
JoeBlack_MS: bets $2.85
machinedada23: calls $2.85
*** TURN *** [5h 6d 6s] [7h]
machinedada23: checks 
JoeBlack_MS: checks 
*** RIVER *** [5h 6d 6s 7h] [2d]
machinedada23: checks 
JoeBlack_MS: checks 
*** SHOW DOWN ***
machinedada23: shows [4c 2c] (two pair, Sixes and Deuces)
JoeBlack_MS: mucks hand 
machinedada23 collected $11.12 from pot
*** SUMMARY ***
Total pot $11.70 | Rake $0.58 
Board [5h 6d 6s 7h 2d]
Seat 4: JoeBlack_MS (button) (small blind) mucked
Seat 6: machinedada23 (big blind) showed [4c 2c] and won ($11.12) with two pair, Sixes and Deuces



PokerStars Hand #254443490835:  Hold'em No Limit ($0.50/$1.00 USD) - 2025/01/19 5:42:24 WET [2025/01/19 0:42:24 ET]
Table 'Ulrike III' 6-max Seat #6 is the button
Seat 4: JoeBlack_MS ($100 in chips) 
Seat 6: machinedada23 ($105.47 in chips) 
machinedada23: posts small blind $0.50
JoeBlack_MS: posts big blind $1
*** HOLE CARDS ***
machinedada23: folds 
Uncalled bet ($0.50) returned to JoeBlack_MS
JoeBlack_MS collected $1 from pot
JoeBlack_MS: doesn't show hand 
*** SUMMARY ***
Total pot $1 | Rake $0 
Seat 4: JoeBlack_MS (big blind) collected ($1)
Seat 6: machinedada23 (button) (small blind) folded before Flop



PokerStars Hand #254443492002:  Hold'em No Limit ($0.50/$1.00 USD) - 2025/01/19 5:42:37 WET [2025/01/19 0:42:37 ET]
Table 'Ulrike III' 6-max Seat #4 is the button
Seat 4: JoeBlack_MS ($100.50 in chips) 
Seat 6: machinedada23 ($104.97 in chips) 
JoeBlack_MS: posts small blind $0.50
machinedada23: posts big blind $1
*** HOLE CARDS ***
JoeBlack_MS: raises $2 to $3
machinedada23: calls $2
*** FLOP *** [3d Jh Js]
machinedada23: checks 
JoeBlack_MS: bets $1.71
machinedada23: calls $1.71
*** TURN *** [3d Jh Js] [7h]
machinedada23: checks 
JoeBlack_MS: bets $6.71
machinedada23: folds 
Uncalled bet ($6.71) returned to JoeBlack_MS
JoeBlack_MS collected $8.95 from pot
JoeBlack_MS: doesn't show hand 
*** SUMMARY ***
Total pot $9.42 | Rake $0.47 
Board [3d Jh Js 7h]
Seat 4: JoeBlack_MS (button) (small blind) collected ($8.95)
Seat 6: machinedada23 (big blind) folded on the Turn



PokerStars Hand #254443494304:  Hold'em No Limit ($0.50/$1.00 USD) - 2025/01/19 5:43:02 WET [2025/01/19 0:43:02 ET]
Table 'Ulrike III' 6-max Seat #6 is the button
Seat 4: JoeBlack_MS ($104.74 in chips) 
Seat 6: machinedada23 ($100.26 in chips) 
machinedada23: posts small blind $0.50
JoeBlack_MS: posts big blind $1
*** HOLE CARDS ***
machinedada23: folds 
Uncalled bet ($0.50) returned to JoeBlack_MS
machinedada23 leaves the table
JoeBlack_MS collected $1 from pot
JoeBlack_MS: doesn't show hand 
*** SUMMARY ***
Total pot $1 | Rake $0 
Seat 4: JoeBlack_MS (big blind) collected ($1)
Seat 6: machinedada23 (button) (small blind) folded before Flop



PokerStars Hand #254443501969:  Hold'em No Limit ($0.50/$1.00 USD) - 2025/01/19 5:44:27 WET [2025/01/19 0:44:27 ET]
Table 'Ulrike III' 6-max Seat #1 is the button
Seat 1: Eredar5 ($100 in chips) 
Seat 5: machinedada23 ($100 in chips) 
Seat 6: Supermegopro ($100 in chips) 
machinedada23: posts small blind $0.50
Supermegopro: posts big blind $1
*** HOLE CARDS ***
Eredar5: folds 
machinedada23: raises $2 to $3
Supermegopro: calls $2
*** FLOP *** [8d 8s 6h]
machinedada23: bets $2.85
Supermegopro: raises $5.70 to $8.55
machinedada23: calls $5.70
*** TURN *** [8d 8s 6h] [4h]
machinedada23: checks 
Supermegopro: bets $5.52
machinedada23: raises $5.52 to $11.04
Supermegopro: calls $5.52
*** RIVER *** [8d 8s 6h 4h] [Jc]
machinedada23: checks 
Supermegopro: checks 
*** SHOW DOWN ***
machinedada23: shows [9s Jd] (two pair, Jacks and Eights)
Supermegopro: mucks hand 
machinedada23 collected $44.18 from pot
*** SUMMARY ***
Total pot $45.18 | Rake $1 
Board [8d 8s 6h 4h Jc]
Seat 1: Eredar5 (button) folded before Flop (didn't bet)
Seat 5: machinedada23 (small blind) showed [9s Jd] and won ($44.18) with two pair, Jacks and Eights
Seat 6: Supermegopro (big blind) mucked



PokerStars Hand #254443505872:  Hold'em No Limit ($0.50/$1.00 USD) - 2025/01/19 5:45:10 WET [2025/01/19 0:45:10 ET]
Table 'Ulrike III' 6-max Seat #6 is the button
Seat 1: Eredar5 ($100 in chips) is sitting out
Seat 5: machinedada23 ($121.59 in chips) 
Seat 6: Supermegopro ($100 in chips) 
Supermegopro: posts small blind $0.50
Eredar5: is sitting out 
machinedada23: posts big blind $1
*** HOLE CARDS ***
Eredar5 leaves the table
Supermegopro: raises $2 to $3
machinedada23: calls $2
*** FLOP *** [5s 6c 4h]
machinedada23: checks 
Supermegopro: checks 
*** TURN *** [5s 6c 4h] [Qd]
machinedada23: checks 
Supermegopro: checks 
*** RIVER *** [5s 6c 4h Qd] [3h]
machinedada23: bets $1
Supermegopro: raises $15.40 to $16.40
machinedada23: folds 
Uncalled bet ($15.40) returned to Supermegopro
Supermegopro collected $7.60 from pot
Supermegopro: doesn't show hand 
*** SUMMARY ***
Total pot $8 | Rake $0.40 
Board [5s 6c 4h Qd 3h]
Seat 1: Eredar5
Seat 5: machinedada23 (big blind) folded on the River
Seat 6: Supermegopro (button) (small blind) collected ($7.60)



PokerStars Hand #254443508531:  Hold'em No Limit ($0.50/$1.00 USD) - 2025/01/19 5:45:38 WET [2025/01/19 0:45:38 ET]
Table 'Ulrike III' 6-max Seat #5 is the button
Seat 5: machinedada23 ($117.59 in chips) 
Seat 6: Supermegopro ($103.60 in chips) 
machinedada23: posts small blind $0.50
Supermegopro: posts big blind $1
*** HOLE CARDS ***
machinedada23: folds 
Uncalled bet ($0.50) returned to Supermegopro
machinedada23 leaves the table
Supermegopro collected $1 from pot
Supermegopro: doesn't show hand 
*** SUMMARY ***
Total pot $1 | Rake $0 
Seat 5: machinedada23 (button) (small blind) folded before Flop
Seat 6: Supermegopro (big blind) collected ($1)



PokerStars Hand #254443856306:  Hold'em No Limit ($0.50/$1.00 USD) - 2025/01/19 6:55:53 WET [2025/01/19 1:55:53 ET]
Table 'Ulrike III' 6-max Seat #4 is the button
Seat 1: vezis3 ($100 in chips) is sitting out
Seat 2: Kreayshawn ($100 in chips) is sitting out
Seat 3: davemg33 ($0 in chips) is sitting out
Seat 4: steelNike ($98.50 in chips) 
Seat 5: Supermegopro ($103.10 in chips) 
Seat 6: reeqar ($199.50 in chips) 
Supermegopro: posts small blind $0.50
reeqar: posts big blind $1
vezis3: sits out 
Kreayshawn: sits out 
*** HOLE CARDS ***
steelNike: folds 
Supermegopro: folds 
Uncalled bet ($0.50) returned to reeqar
reeqar collected $1 from pot
reeqar: doesn't show hand 
*** SUMMARY ***
Total pot $1 | Rake $0 
Seat 1: vezis3
Seat 2: Kreayshawn
Seat 3: davemg33
Seat 4: steelNike (button) folded before Flop (didn't bet)
Seat 5: Supermegopro (small blind) folded before Flop
Seat 6: reeqar (big blind) collected ($1)



PokerStars Hand #254443857321:  Hold'em No Limit ($0.50/$1.00 USD) - 2025/01/19 6:56:07 WET [2025/01/19 1:56:07 ET]
Table 'Ulrike III' 6-max Seat #5 is the button
Seat 2: Kreayshawn ($100 in chips) is sitting out
Seat 3: davemg33 ($0 in chips) is sitting out
Seat 1: vezis3 ($100 in chips) 
Seat 4: steelNike ($98.50 in chips) 
Seat 5: Supermegopro ($102.60 in chips) 
Seat 6: reeqar ($200 in chips) 
reeqar: posts small blind $0.50
vezis3: posts big blind $1
Kreayshawn: sits out 
*** HOLE CARDS ***
davemg33 leaves the table
steelNike: raises $1.30 to $2.30
CashfishT joins the table at seat #3 
Supermegopro: folds 
CashfishT leaves the table
reeqar: folds 
vezis3: folds 
Uncalled bet ($1.30) returned to steelNike
steelNike collected $2.50 from pot
*** SUMMARY ***
Total pot $2.50 | Rake $0 
Seat 2: Kreayshawn
Seat 3: davemg33
Seat 1: vezis3 (big blind) folded before Flop
Seat 4: steelNike collected ($2.50)
Seat 5: Supermegopro (button) folded before Flop (didn't bet)
Seat 6: reeqar (small blind) folded before Flop



PokerStars Hand #254443858222:  Hold'em No Limit ($0.50/$1.00 USD) - 2025/01/19 6:56:20 WET [2025/01/19 1:56:20 ET]
Table 'Ulrike III' 6-max Seat #6 is the button
Seat 1: vezis3 ($100 in chips) 
Seat 2: Kreayshawn ($100 in chips) 
Seat 4: steelNike ($100 in chips) 
Seat 5: Supermegopro ($102.60 in chips) 
Seat 6: reeqar ($199.50 in chips) 
vezis3: posts small blind $0.50
Kreayshawn: posts big blind $1
*** HOLE CARDS ***
steelNike: raises $1 to $2
Supermegopro: folds 
reeqar: folds 
vezis3: folds 
Kreayshawn: raises $9 to $11
steelNike: folds 
Uncalled bet ($9) returned to Kreayshawn
Kreayshawn collected $4.50 from pot
*** SUMMARY ***
Total pot $4.50 | Rake $0 
Seat 1: vezis3 (small blind) folded before Flop
Seat 2: Kreayshawn (big blind) collected ($4.50)
Seat 4: steelNike folded before Flop
Seat 5: Supermegopro folded before Flop (didn't bet)
Seat 6: reeqar (button) folded before Flop (didn't bet)



PokerStars Hand #254443861036:  Hold'em No Limit ($0.50/$1.00 USD) - 2025/01/19 6:57:01 WET [2025/01/19 1:57:01 ET]
Table 'Ulrike III' 6-max Seat #1 is the button
Seat 4: steelNike ($98 in chips) is sitting out
Seat 1: vezis3 ($100 in chips) 
Seat 2: Kreayshawn ($102.50 in chips) 
Seat 5: Supermegopro ($102.60 in chips) 
Seat 6: reeqar ($199.50 in chips) 
Kreayshawn: posts small blind $0.50
steelNike: is sitting out 
Supermegopro: posts big blind $1
*** HOLE CARDS ***
reeqar: folds 
vezis3: folds 
reeqar leaves the table
Kreayshawn: folds 
Uncalled bet ($0.50) returned to Supermegopro
steelNike leaves the table
Supermegopro collected $1 from pot
Supermegopro: doesn't show hand 
*** SUMMARY ***
Total pot $1 | Rake $0 
Seat 4: steelNike
Seat 1: vezis3 (button) folded before Flop (didn't bet)
Seat 2: Kreayshawn (small blind) folded before Flop
Seat 5: Supermegopro (big blind) collected ($1)
Seat 6: reeqar folded before Flop (didn't bet)



PokerStars Hand #254443862887:  Hold'em No Limit ($0.50/$1.00 USD) - 2025/01/19 6:57:28 WET [2025/01/19 1:57:28 ET]
Table 'Ulrike III' 6-max Seat #3 is the button
Seat 2: Kreayshawn ($102 in chips) is sitting out
Seat 1: vezis3 ($100 in chips) 
Seat 3: davemg33 ($80 in chips) 
Seat 5: Supermegopro ($103.10 in chips) 
Supermegopro: posts small blind $0.50
vezis3: posts big blind $1
*** HOLE CARDS ***
davemg33: calls $1
Supermegopro: folds 
CashfishT joins the table at seat #4 
vezis3: checks 
*** FLOP *** [Qc Qs 9c]
vezis3: checks 
davemg33: bets $1
vezis3: calls $1
*** TURN *** [Qc Qs 9c] [5d]
vezis3: checks 
davemg33: bets $1
vezis3: calls $1
*** RIVER *** [Qc Qs 9c 5d] [As]
vezis3: checks 
davemg33: bets $1
peak joker33 joins the table at seat #6 
vezis3: calls $1
*** SHOW DOWN ***
davemg33: shows [9d Ts] (two pair, Queens and Nines)
vezis3: shows [Jc 9s] (two pair, Queens and Nines)
vezis3 collected $4.04 from pot
davemg33 collected $4.04 from pot
*** SUMMARY ***
Total pot $8.50 | Rake $0.42 
Board [Qc Qs 9c 5d As]
Seat 2: Kreayshawn
Seat 1: vezis3 (big blind) showed [Jc 9s] and won ($4.04) with two pair, Queens and Nines
Seat 3: davemg33 (button) showed [9d Ts] and won ($4.04) with two pair, Queens and Nines
Seat 5: Supermegopro (small blind) folded before Flop



PokerStars Hand #254443865569:  Hold'em No Limit ($0.50/$1.00 USD) - 2025/01/19 6:58:06 WET [2025/01/19 1:58:06 ET]
Table 'Ulrike III' 6-max Seat #5 is the button
Seat 2: Kreayshawn ($102 in chips) is sitting out
Seat 4: CashfishT ($100 in chips) is sitting out
Seat 6: peak joker33 ($100 in chips) is sitting out
Seat 1: vezis3 ($100.04 in chips) 
Seat 3: davemg33 ($80.04 in chips) 
Seat 5: Supermegopro ($102.60 in chips) 
vezis3: posts small blind $0.50
davemg33: posts big blind $1
CashfishT: sits out 
*** HOLE CARDS ***
Supermegopro: folds 
vezis3: folds 
Uncalled bet ($0.50) returned to davemg33
davemg33 collected $1 from pot
davemg33: doesn't show hand 
*** SUMMARY ***
Total pot $1 | Rake $0 
Seat 2: Kreayshawn
Seat 4: CashfishT
Seat 6: peak joker33
Seat 1: vezis3 (small blind) folded before Flop
Seat 3: davemg33 (big blind) collected ($1)
Seat 5: Supermegopro (button) folded before Flop (didn't bet)



PokerStars Hand #254443866023:  Hold'em No Limit ($0.50/$1.00 USD) - 2025/01/19 6:58:13 WET [2025/01/19 1:58:13 ET]
Table 'Ulrike III' 6-max Seat #1 is the button
Seat 2: Kreayshawn ($102 in chips) is sitting out
Seat 6: peak joker33 ($100 in chips) is sitting out
Seat 1: vezis3 ($100 in chips) 
Seat 3: davemg33 ($80.54 in chips) 
Seat 4: CashfishT ($100 in chips) 
Seat 5: Supermegopro ($102.60 in chips) 
davemg33: posts small blind $0.50
CashfishT: posts big blind $1
peak joker33: sits out 
*** HOLE CARDS ***
Supermegopro: folds 
vezis3: folds 
davemg33: calls $0.50
CashfishT: checks 
*** FLOP *** [Ad 8d Qh]
davemg33: checks 
CashfishT: checks 
*** TURN *** [Ad 8d Qh] [5d]
davemg33: checks 
CashfishT: checks 
*** RIVER *** [Ad 8d Qh 5d] [Kd]
davemg33: checks 
CashfishT: checks 
*** SHOW DOWN ***
davemg33: shows [Jh 2h] (high card Ace)
CashfishT: mucks hand 
davemg33 collected $1.90 from pot
*** SUMMARY ***
Total pot $2 | Rake $0.10 
Board [Ad 8d Qh 5d Kd]
Seat 2: Kreayshawn
Seat 6: peak joker33
Seat 1: vezis3 (button) folded before Flop (didn't bet)
Seat 3: davemg33 (small blind) showed [Jh 2h] and won ($1.90) with high card Ace
Seat 4: CashfishT (big blind) mucked
Seat 5: Supermegopro folded before Flop (didn't bet)



PokerStars Hand #254443869135:  Hold'em No Limit ($0.50/$1.00 USD) - 2025/01/19 6:58:56 WET [2025/01/19 1:58:56 ET]
Table 'Ulrike III' 6-max Seat #3 is the button
Seat 2: Kreayshawn ($102 in chips) is sitting out
Seat 6: peak joker33 ($100 in chips) is sitting out
Seat 1: vezis3 ($100 in chips) 
Seat 3: davemg33 ($81.44 in chips) 
Seat 4: CashfishT ($100 in chips) 
Seat 5: Supermegopro ($102.60 in chips) 
CashfishT: posts small blind $0.50
Supermegopro: posts big blind $1
peak joker33: sits out 
Kreayshawn: sits out 
*** HOLE CARDS ***
vezis3: raises $1.40 to $2.40
davemg33: calls $2.40
CashfishT: folds 
Supermegopro: folds 
*** FLOP *** [3d 8h 5c]
vezis3: bets $4.60
davemg33: calls $4.60
*** TURN *** [3d 8h 5c] [Ah]
vezis3: checks 
davemg33: bets $14.72
vezis3: folds 
Uncalled bet ($14.72) returned to davemg33
davemg33 collected $14.72 from pot
davemg33: doesn't show hand 
*** SUMMARY ***
Total pot $15.50 | Rake $0.78 
Board [3d 8h 5c Ah]
Seat 2: Kreayshawn
Seat 6: peak joker33
Seat 1: vezis3 folded on the Turn
Seat 3: davemg33 (button) collected ($14.72)
Seat 4: CashfishT (small blind) folded before Flop
Seat 5: Supermegopro (big blind) folded before Flop



PokerStars Hand #254443872187:  Hold'em No Limit ($0.50/$1.00 USD) - 2025/01/19 6:59:40 WET [2025/01/19 1:59:40 ET]
Table 'Ulrike III' 6-max Seat #4 is the button
Seat 2: Kreayshawn ($102 in chips) is sitting out
Seat 1: vezis3 ($100 in chips) 
Seat 3: davemg33 ($89.16 in chips) 
Seat 4: CashfishT ($100 in chips) 
Seat 5: Supermegopro ($101.60 in chips) 
Seat 6: peak joker33 ($100 in chips) 
Supermegopro: posts small blind $0.50
peak joker33: posts big blind $1
Kreayshawn: sits out 
*** HOLE CARDS ***
vezis3: folds 
davemg33: calls $1
CashfishT: folds 
Supermegopro: raises $4 to $5
peak joker33: folds 
davemg33: calls $4
*** FLOP *** [6d 2h 7h]
Supermegopro: bets $2.61
davemg33: calls $2.61
*** TURN *** [6d 2h 7h] [9h]
Supermegopro: bets $2
davemg33: calls $2
*** RIVER *** [6d 2h 7h 9h] [Th]
Supermegopro: checks 
davemg33: bets $9.61
Supermegopro: folds 
Uncalled bet ($9.61) returned to davemg33
davemg33 collected $19.21 from pot
davemg33: doesn't show hand 
*** SUMMARY ***
Total pot $20.22 | Rake $1.01 
Board [6d 2h 7h 9h Th]
Seat 2: Kreayshawn
Seat 1: vezis3 folded before Flop (didn't bet)
Seat 3: davemg33 collected ($19.21)
Seat 4: CashfishT (button) folded before Flop (didn't bet)
Seat 5: Supermegopro (small blind) folded on the River
Seat 6: peak joker33 (big blind) folded before Flop



PokerStars Hand #254443875678:  Hold'em No Limit ($0.50/$1.00 USD) - 2025/01/19 7:00:28 WET [2025/01/19 2:00:28 ET]
Table 'Ulrike III' 6-max Seat #5 is the button
Seat 2: Kreayshawn ($102 in chips) is sitting out
Seat 1: vezis3 ($100 in chips) 
Seat 3: davemg33 ($98.76 in chips) 
Seat 4: CashfishT ($100 in chips) 
Seat 5: Supermegopro ($100 in chips) 
Seat 6: peak joker33 ($100 in chips) 
peak joker33: posts small blind $0.50
vezis3: posts big blind $1
Kreayshawn: sits out 
*** HOLE CARDS ***
davemg33: folds 
CashfishT: folds 
Supermegopro: raises $1.50 to $2.50
peak joker33: folds 
vezis3: folds 
Uncalled bet ($1.50) returned to Supermegopro
Supermegopro collected $2.50 from pot
Supermegopro: doesn't show hand 
*** SUMMARY ***
Total pot $2.50 | Rake $0 
Seat 2: Kreayshawn
Seat 1: vezis3 (big blind) folded before Flop
Seat 3: davemg33 folded before Flop (didn't bet)
Seat 4: CashfishT folded before Flop (didn't bet)
Seat 5: Supermegopro (button) collected ($2.50)
Seat 6: peak joker33 (small blind) folded before Flop



PokerStars Hand #254443876946:  Hold'em No Limit ($0.50/$1.00 USD) - 2025/01/19 7:00:45 WET [2025/01/19 2:00:45 ET]
Table 'Ulrike III' 6-max Seat #6 is the button
Seat 1: vezis3 ($100 in chips) 
Seat 2: Kreayshawn ($102 in chips) 
Seat 3: davemg33 ($98.76 in chips) 
Seat 4: CashfishT ($100 in chips) 
Seat 5: Supermegopro ($101.50 in chips) 
Seat 6: peak joker33 ($100 in chips) 
vezis3: posts small blind $0.50
Kreayshawn: posts big blind $1
*** HOLE CARDS ***
davemg33: folds 
CashfishT: folds 
Supermegopro: raises $1.50 to $2.50
peak joker33: folds 
vezis3: folds 
Kreayshawn: folds 
Uncalled bet ($1.50) returned to Supermegopro
Supermegopro collected $2.50 from pot
Supermegopro: doesn't show hand 
*** SUMMARY ***
Total pot $2.50 | Rake $0 
Seat 1: vezis3 (small blind) folded before Flop
Seat 2: Kreayshawn (big blind) folded before Flop
Seat 3: davemg33 folded before Flop (didn't bet)
Seat 4: CashfishT folded before Flop (didn't bet)
Seat 5: Supermegopro collected ($2.50)
Seat 6: peak joker33 (button) folded before Flop (didn't bet)



PokerStars Hand #254443879352:  Hold'em No Limit ($0.50/$1.00 USD) - 2025/01/19 7:01:15 WET [2025/01/19 2:01:15 ET]
Table 'Ulrike III' 6-max Seat #1 is the button
Seat 1: vezis3 ($100 in chips) 
Seat 2: Kreayshawn ($101 in chips) 
Seat 3: davemg33 ($98.76 in chips) 
Seat 4: CashfishT ($100 in chips) 
Seat 5: Supermegopro ($103 in chips) 
Seat 6: peak joker33 ($100 in chips) 
Kreayshawn: posts small blind $0.50
davemg33: posts big blind $1
*** HOLE CARDS ***
CashfishT: folds 
Supermegopro: folds 
peak joker33: folds 
vezis3: raises $1.40 to $2.40
Kreayshawn: calls $1.90
davemg33: calls $1.40
*** FLOP *** [7c 6d Kc]
Kreayshawn: checks 
davemg33: checks 
vezis3: checks 
*** TURN *** [7c 6d Kc] [Ac]
Kreayshawn: checks 
davemg33: checks 
vezis3: bets $5.27
Kreayshawn: folds 
davemg33: calls $5.27
*** RIVER *** [7c 6d Kc Ac] [5c]
davemg33: bets $8.43
vezis3: raises $25.96 to $34.39
davemg33: raises $25.96 to $60.35
vezis3: folds 
Uncalled bet ($25.96) returned to davemg33
davemg33 collected $84.02 from pot
davemg33: doesn't show hand 
*** SUMMARY ***
Total pot $86.52 | Rake $2.50 
Board [7c 6d Kc Ac 5c]
Seat 1: vezis3 (button) folded on the River
Seat 2: Kreayshawn (small blind) folded on the Turn
Seat 3: davemg33 (big blind) collected ($84.02)
Seat 4: CashfishT folded before Flop (didn't bet)
Seat 5: Supermegopro folded before Flop (didn't bet)
Seat 6: peak joker33 folded before Flop (didn't bet)



PokerStars Hand #254443886524:  Hold'em No Limit ($0.50/$1.00 USD) - 2025/01/19 7:02:47 WET [2025/01/19 2:02:47 ET]
Table 'Ulrike III' 6-max Seat #2 is the button
Seat 1: vezis3 ($100 in chips) 
Seat 2: Kreayshawn ($100 in chips) 
Seat 3: davemg33 ($140.72 in chips) 
Seat 4: CashfishT ($100 in chips) 
Seat 5: Supermegopro ($103 in chips) 
Seat 6: peak joker33 ($100 in chips) 
davemg33: posts small blind $0.50
CashfishT: posts big blind $1
*** HOLE CARDS ***
Supermegopro: folds 
peak joker33: folds 
vezis3: raises $1.40 to $2.40
Kreayshawn: folds 
davemg33: calls $1.90
CashfishT: folds 
*** FLOP *** [6c Ac 2h]
davemg33: checks 
vezis3: bets $1.82
davemg33: calls $1.82
*** TURN *** [6c Ac 2h] [Js]
davemg33: checks 
vezis3: bets $9.87
davemg33: folds 
Uncalled bet ($9.87) returned to vezis3
vezis3 collected $8.97 from pot
vezis3: doesn't show hand 
*** SUMMARY ***
Total pot $9.44 | Rake $0.47 
Board [6c Ac 2h Js]
Seat 1: vezis3 collected ($8.97)
Seat 2: Kreayshawn (button) folded before Flop (didn't bet)
Seat 3: davemg33 (small blind) folded on the Turn
Seat 4: CashfishT (big blind) folded before Flop
Seat 5: Supermegopro folded before Flop (didn't bet)
Seat 6: peak joker33 folded before Flop (didn't bet)



PokerStars Hand #254443889125:  Hold'em No Limit ($0.50/$1.00 USD) - 2025/01/19 7:03:20 WET [2025/01/19 2:03:20 ET]
Table 'Ulrike III' 6-max Seat #3 is the button
Seat 1: vezis3 ($104.75 in chips) 
Seat 2: Kreayshawn ($100 in chips) 
Seat 3: davemg33 ($136.50 in chips) 
Seat 4: CashfishT ($100 in chips) 
Seat 5: Supermegopro ($103 in chips) 
Seat 6: peak joker33 ($100 in chips) 
CashfishT: posts small blind $0.50
Supermegopro: posts big blind $1
*** HOLE CARDS ***
peak joker33: folds 
vezis3: folds 
Kreayshawn: folds 
davemg33: calls $1
CashfishT: raises $4 to $5
Supermegopro: calls $4
davemg33: calls $4
*** FLOP *** [3d 5s 3c]
CashfishT: checks 
Supermegopro: checks 
davemg33: bets $7.13
CashfishT: calls $7.13
Supermegopro: folds 
*** TURN *** [3d 5s 3c] [4h]
CashfishT: checks 
davemg33: checks 
*** RIVER *** [3d 5s 3c 4h] [Kh]
CashfishT: checks 
davemg33: checks 
*** SHOW DOWN ***
CashfishT: shows [Ac Qs] (a pair of Threes)
davemg33: shows [Ks 6d] (two pair, Kings and Threes)
davemg33 collected $27.80 from pot
*** SUMMARY ***
Total pot $29.26 | Rake $1.46 
Board [3d 5s 3c 4h Kh]
Seat 1: vezis3 folded before Flop (didn't bet)
Seat 2: Kreayshawn folded before Flop (didn't bet)
Seat 3: davemg33 (button) showed [Ks 6d] and won ($27.80) with two pair, Kings and Threes
Seat 4: CashfishT (small blind) showed [Ac Qs] and lost with a pair of Threes
Seat 5: Supermegopro (big blind) folded on the Flop
Seat 6: peak joker33 folded before Flop (didn't bet)



PokerStars Hand #254443893859:  Hold'em No Limit ($0.50/$1.00 USD) - 2025/01/19 7:04:21 WET [2025/01/19 2:04:21 ET]
Table 'Ulrike III' 6-max Seat #4 is the button
Seat 1: vezis3 ($104.75 in chips) 
Seat 2: Kreayshawn ($100 in chips) 
Seat 3: davemg33 ($152.17 in chips) 
Seat 4: CashfishT ($100 in chips) 
Seat 5: Supermegopro ($100 in chips) 
Seat 6: peak joker33 ($100 in chips) 
Supermegopro: posts small blind $0.50
peak joker33: posts big blind $1
*** HOLE CARDS ***
vezis3: folds 
Kreayshawn: folds 
davemg33: calls $1
CashfishT: folds 
Supermegopro: folds 
peak joker33: checks 
*** FLOP *** [2s Jd Ks]
peak joker33: checks 
davemg33: checks 
*** TURN *** [2s Jd Ks] [Ah]
peak joker33: checks 
davemg33: bets $1
peak joker33: folds 
Uncalled bet ($1) returned to davemg33
davemg33 collected $2.38 from pot
davemg33: doesn't show hand 
*** SUMMARY ***
Total pot $2.50 | Rake $0.12 
Board [2s Jd Ks Ah]
Seat 1: vezis3 folded before Flop (didn't bet)
Seat 2: Kreayshawn folded before Flop (didn't bet)
Seat 3: davemg33 collected ($2.38)
Seat 4: CashfishT (button) folded before Flop (didn't bet)
Seat 5: Supermegopro (small blind) folded before Flop
Seat 6: peak joker33 (big blind) folded on the Turn



PokerStars Hand #254443992254:  Hold'em No Limit ($0.50/$1.00 USD) - 2025/01/19 7:24:55 WET [2025/01/19 2:24:55 ET]
Table 'Ulrike III' 6-max Seat #5 is the button
Seat 1: vezis3 ($107.52 in chips) 
Seat 2: Kreayshawn ($123.10 in chips) 
Seat 3: davemg33 ($89.77 in chips) 
Seat 4: CashfishT ($190.71 in chips) 
Seat 5: Supermegopro ($118.72 in chips) 
Seat 6: peak joker33 ($126.93 in chips) 
peak joker33: posts small blind $0.50
vezis3: posts big blind $1
*** HOLE CARDS ***
Kreayshawn: folds 
davemg33: calls $1
CashfishT: folds 
Supermegopro: folds 
peak joker33: folds 
vezis3: checks 
*** FLOP *** [Jd Kc Ac]
vezis3: checks 
davemg33: checks 
*** TURN *** [Jd Kc Ac] [Jc]
vezis3: checks 
davemg33: bets $1.19
vezis3: folds 
Uncalled bet ($1.19) returned to davemg33
davemg33 collected $2.38 from pot
davemg33: doesn't show hand 
*** SUMMARY ***
Total pot $2.50 | Rake $0.12 
Board [Jd Kc Ac Jc]
Seat 1: vezis3 (big blind) folded on the Turn
Seat 2: Kreayshawn folded before Flop (didn't bet)
Seat 3: davemg33 collected ($2.38)
Seat 4: CashfishT folded before Flop (didn't bet)
Seat 5: Supermegopro (button) folded before Flop (didn't bet)
Seat 6: peak joker33 (small blind) folded before Flop



PokerStars Hand #254443997876:  Hold'em No Limit ($0.50/$1.00 USD) - 2025/01/19 7:26:05 WET [2025/01/19 2:26:05 ET]
Table 'Ulrike III' 6-max Seat #6 is the button
Seat 1: vezis3 ($106.52 in chips) 
Seat 2: Kreayshawn ($123.10 in chips) 
Seat 3: davemg33 ($91.15 in chips) 
Seat 4: CashfishT ($190.71 in chips) 
Seat 5: Supermegopro ($118.72 in chips) 
Seat 6: peak joker33 ($126.43 in chips) 
vezis3: posts small blind $0.50
Kreayshawn: posts big blind $1
*** HOLE CARDS ***
davemg33: folds 
CashfishT: raises $1.20 to $2.20
Supermegopro: folds 
peak joker33: folds 
vezis3: folds 
Kreayshawn: folds 
Uncalled bet ($1.20) returned to CashfishT
CashfishT collected $2.50 from pot
CashfishT: doesn't show hand 
*** SUMMARY ***
Total pot $2.50 | Rake $0 
Seat 1: vezis3 (small blind) folded before Flop
Seat 2: Kreayshawn (big blind) folded before Flop
Seat 3: davemg33 folded before Flop (didn't bet)
Seat 4: CashfishT collected ($2.50)
Seat 5: Supermegopro folded before Flop (didn't bet)
Seat 6: peak joker33 (button) folded before Flop (didn't bet)



PokerStars Hand #254443999090:  Hold'em No Limit ($0.50/$1.00 USD) - 2025/01/19 7:26:20 WET [2025/01/19 2:26:20 ET]
Table 'Ulrike III' 6-max Seat #1 is the button
Seat 1: vezis3 ($106.02 in chips) 
Seat 2: Kreayshawn ($122.10 in chips) 
Seat 3: davemg33 ($91.15 in chips) 
Seat 4: CashfishT ($192.21 in chips) 
Seat 5: Supermegopro ($118.72 in chips) 
Seat 6: peak joker33 ($126.43 in chips) 
Kreayshawn: posts small blind $0.50
davemg33: posts big blind $1
*** HOLE CARDS ***
CashfishT: folds 
Supermegopro: raises $2 to $3
peak joker33: folds 
vezis3: calls $3
Kreayshawn: folds 
davemg33: calls $2
*** FLOP *** [3h Ad Jh]
davemg33: checks 
Supermegopro: checks 
vezis3: checks 
*** TURN *** [3h Ad Jh] [7c]
davemg33: checks 
Supermegopro: checks 
vezis3: bets $4
davemg33: calls $4
Supermegopro: folds 
*** RIVER *** [3h Ad Jh 7c] [5c]
davemg33: bets $8.31
vezis3: calls $8.31
*** SHOW DOWN ***
davemg33: shows [Js 4h] (a pair of Jacks)
vezis3: shows [Ah 6h] (a pair of Aces)
vezis3 collected $32.41 from pot
*** SUMMARY ***
Total pot $34.12 | Rake $1.71 
Board [3h Ad Jh 7c 5c]
Seat 1: vezis3 (button) showed [Ah 6h] and won ($32.41) with a pair of Aces
Seat 2: Kreayshawn (small blind) folded before Flop
Seat 3: davemg33 (big blind) showed [Js 4h] and lost with a pair of Jacks
Seat 4: CashfishT folded before Flop (didn't bet)
Seat 5: Supermegopro folded on the Turn
Seat 6: peak joker33 folded before Flop (didn't bet)



PokerStars Hand #254444002836:  Hold'em No Limit ($0.50/$1.00 USD) - 2025/01/19 7:27:07 WET [2025/01/19 2:27:07 ET]
Table 'Ulrike III' 6-max Seat #2 is the button
Seat 6: peak joker33 ($126.43 in chips) is sitting out
Seat 1: vezis3 ($123.12 in chips) 
Seat 2: Kreayshawn ($121.60 in chips) 
Seat 3: davemg33 ($75.84 in chips) 
Seat 4: CashfishT ($192.21 in chips) 
Seat 5: Supermegopro ($115.72 in chips) 
davemg33: posts small blind $0.50
CashfishT: posts big blind $1
*** HOLE CARDS ***
Supermegopro: folds 
vezis3: folds 
Kreayshawn: raises $1.50 to $2.50
davemg33: calls $2
CashfishT: folds 
*** FLOP *** [3d As Td]
davemg33: checks 
Kreayshawn: checks 
*** TURN *** [3d As Td] [Qd]
davemg33: checks 
Kreayshawn: bets $4.39
davemg33: folds 
Uncalled bet ($4.39) returned to Kreayshawn
Kreayshawn collected $5.70 from pot
*** SUMMARY ***
Total pot $6 | Rake $0.30 
Board [3d As Td Qd]
Seat 6: peak joker33
Seat 1: vezis3 folded before Flop (didn't bet)
Seat 2: Kreayshawn (button) collected ($5.70)
Seat 3: davemg33 (small blind) folded on the Turn
Seat 4: CashfishT (big blind) folded before Flop
Seat 5: Supermegopro folded before Flop (didn't bet)



PokerStars Hand #254444004647:  Hold'em No Limit ($0.50/$1.00 USD) - 2025/01/19 7:27:30 WET [2025/01/19 2:27:30 ET]
Table 'Ulrike III' 6-max Seat #3 is the button
Seat 6: peak joker33 ($126.43 in chips) is sitting out
Seat 1: vezis3 ($123.12 in chips) 
Seat 2: Kreayshawn ($124.80 in chips) 
Seat 3: davemg33 ($73.34 in chips) 
Seat 4: CashfishT ($191.21 in chips) 
Seat 5: Supermegopro ($115.72 in chips) 
CashfishT: posts small blind $0.50
Supermegopro: posts big blind $1
*** HOLE CARDS ***
vezis3: folds 
Kreayshawn: raises $1.50 to $2.50
davemg33: folds 
CashfishT: folds 
Supermegopro: folds 
Uncalled bet ($1.50) returned to Kreayshawn
Kreayshawn collected $2.50 from pot
*** SUMMARY ***
Total pot $2.50 | Rake $0 
Seat 6: peak joker33
Seat 1: vezis3 folded before Flop (didn't bet)
Seat 2: Kreayshawn collected ($2.50)
Seat 3: davemg33 (button) folded before Flop (didn't bet)
Seat 4: CashfishT (small blind) folded before Flop
Seat 5: Supermegopro (big blind) folded before Flop



PokerStars Hand #254444005972:  Hold'em No Limit ($0.50/$1.00 USD) - 2025/01/19 7:27:46 WET [2025/01/19 2:27:46 ET]
Table 'Ulrike III' 6-max Seat #4 is the button
Seat 6: peak joker33 ($126.43 in chips) is sitting out
Seat 1: vezis3 ($123.12 in chips) 
Seat 2: Kreayshawn ($126.30 in chips) 
Seat 3: davemg33 ($73.39 in chips) 
Seat 4: CashfishT ($190.71 in chips) 
Seat 5: Supermegopro ($114.72 in chips) 
Supermegopro: posts small blind $0.50
vezis3: posts big blind $1
*** HOLE CARDS ***
Kreayshawn: folds 
davemg33: calls $1
CashfishT: raises $3 to $4
Supermegopro: folds 
vezis3: folds 
davemg33: calls $3
*** FLOP *** [5s 6d 6h]
davemg33: checks 
CashfishT: bets $2.98
davemg33: calls $2.98
*** TURN *** [5s 6d 6h] [Kc]
davemg33: checks 
CashfishT: bets $10
davemg33: calls $10
*** RIVER *** [5s 6d 6h Kc] [5d]
davemg33: checks 
CashfishT: checks 
*** SHOW DOWN ***
davemg33: shows [9d 9s] (two pair, Nines and Sixes)
CashfishT: shows [Ks 8s] (two pair, Kings and Sixes)
CashfishT collected $33.69 from pot
*** SUMMARY ***
Total pot $35.46 | Rake $1.77 
Board [5s 6d 6h Kc 5d]
Seat 6: peak joker33
Seat 1: vezis3 (big blind) folded before Flop
Seat 2: Kreayshawn folded before Flop (didn't bet)
Seat 3: davemg33 showed [9d 9s] and lost with two pair, Nines and Sixes
Seat 4: CashfishT (button) showed [Ks 8s] and won ($33.69) with two pair, Kings and Sixes
Seat 5: Supermegopro (small blind) folded before Flop



PokerStars Hand #254444009364:  Hold'em No Limit ($0.50/$1.00 USD) - 2025/01/19 7:28:29 WET [2025/01/19 2:28:29 ET]
Table 'Ulrike III' 6-max Seat #5 is the button
Seat 6: peak joker33 ($126.43 in chips) is sitting out
Seat 1: vezis3 ($122.12 in chips) 
Seat 2: Kreayshawn ($126.30 in chips) 
Seat 3: davemg33 ($56.41 in chips) 
Seat 4: CashfishT ($207.42 in chips) 
Seat 5: Supermegopro ($114.22 in chips) 
vezis3: posts small blind $0.50
Kreayshawn: posts big blind $1
*** HOLE CARDS ***
davemg33: calls $1
CashfishT: folds 
Supermegopro: folds 
vezis3: raises $4 to $5
Kreayshawn: folds 
davemg33: calls $4
*** FLOP *** [Qh 6h 6c]
vezis3: bets $3.45
davemg33: calls $3.45
*** TURN *** [Qh 6h 6c] [8d]
vezis3: bets $13.09
davemg33: calls $13.09
*** RIVER *** [Qh 6h 6c 8d] [9h]
vezis3: bets $46.07
davemg33: calls $34.87 and is all-in
Uncalled bet ($11.20) returned to vezis3
*** SHOW DOWN ***
vezis3: shows [Ad Qs] (two pair, Queens and Sixes)
davemg33: shows [Jc Jh] (two pair, Jacks and Sixes)
vezis3 collected $111.32 from pot
*** SUMMARY ***
Total pot $113.82 | Rake $2.50 
Board [Qh 6h 6c 8d 9h]
Seat 6: peak joker33
Seat 1: vezis3 (small blind) showed [Ad Qs] and won ($111.32) with two pair, Queens and Sixes
Seat 2: Kreayshawn (big blind) folded before Flop
Seat 3: davemg33 showed [Jc Jh] and lost with two pair, Jacks and Sixes
Seat 4: CashfishT folded before Flop (didn't bet)
Seat 5: Supermegopro (button) folded before Flop (didn't bet)



PokerStars Hand #254444012493:  Hold'em No Limit ($0.50/$1.00 USD) - 2025/01/19 7:29:08 WET [2025/01/19 2:29:08 ET]
Table 'Ulrike III' 6-max Seat #1 is the button
Seat 3: davemg33 ($0 in chips) is sitting out
Seat 6: peak joker33 ($126.43 in chips) is sitting out
Seat 1: vezis3 ($177.03 in chips) 
Seat 2: Kreayshawn ($125.30 in chips) 
Seat 4: CashfishT ($207.42 in chips) 
Seat 5: Supermegopro ($114.22 in chips) 
Kreayshawn: posts small blind $0.50
CashfishT: posts big blind $1
*** HOLE CARDS ***
Supermegopro: raises $1.50 to $2.50
vezis3: folds 
davemg33 leaves the table
Kreayshawn: folds 
CashfishT: folds 
Uncalled bet ($1.50) returned to Supermegopro
Supermegopro collected $2.50 from pot
Supermegopro: doesn't show hand 
*** SUMMARY ***
Total pot $2.50 | Rake $0 
Seat 3: davemg33
Seat 6: peak joker33
Seat 1: vezis3 (button) folded before Flop (didn't bet)
Seat 2: Kreayshawn (small blind) folded before Flop
Seat 4: CashfishT (big blind) folded before Flop
Seat 5: Supermegopro collected ($2.50)



PokerStars Hand #254444014037:  Hold'em No Limit ($0.50/$1.00 USD) - 2025/01/19 7:29:26 WET [2025/01/19 2:29:26 ET]
Table 'Ulrike III' 6-max Seat #2 is the button
Seat 6: peak joker33 ($126.43 in chips) is sitting out
Seat 1: vezis3 ($177.03 in chips) 
Seat 2: Kreayshawn ($124.80 in chips) 
Seat 4: CashfishT ($206.42 in chips) 
Seat 5: Supermegopro ($115.72 in chips) 
CashfishT: posts small blind $0.50
Supermegopro: posts big blind $1
*** HOLE CARDS ***
vezis3: folds 
Kreayshawn: raises $1.50 to $2.50
CashfishT: folds 
Supermegopro: folds 
Uncalled bet ($1.50) returned to Kreayshawn
peak joker33 leaves the table
Kreayshawn collected $2.50 from pot
*** SUMMARY ***
Total pot $2.50 | Rake $0 
Seat 6: peak joker33
Seat 1: vezis3 folded before Flop (didn't bet)
Seat 2: Kreayshawn (button) collected ($2.50)
Seat 4: CashfishT (small blind) folded before Flop
Seat 5: Supermegopro (big blind) folded before Flop



PokerStars Hand #254444015928:  Hold'em No Limit ($0.50/$1.00 USD) - 2025/01/19 7:29:50 WET [2025/01/19 2:29:50 ET]
Table 'Ulrike III' 6-max Seat #5 is the button
Seat 1: vezis3 ($177.03 in chips) is sitting out
Seat 2: Kreayshawn ($126.30 in chips) is sitting out
Seat 4: CashfishT ($205.92 in chips) 
Seat 5: Supermegopro ($114.72 in chips) 
Supermegopro: posts small blind $0.50
vezis3: is sitting out 
Kreayshawn: is sitting out 
CashfishT: posts big blind $1
*** HOLE CARDS ***
Supermegopro: raises $1.50 to $2.50
Kreayshawn leaves the table
vezis3 leaves the table
CashfishT: calls $1.50
*** FLOP *** [2h 3s 6s]
CashfishT: checks 
Supermegopro: bets $3.17
CashfishT: folds 
Uncalled bet ($3.17) returned to Supermegopro
Supermegopro collected $4.75 from pot
Supermegopro: doesn't show hand 
*** SUMMARY ***
Total pot $5 | Rake $0.25 
Board [2h 3s 6s]
Seat 1: vezis3
Seat 2: Kreayshawn
Seat 4: CashfishT (big blind) folded on the Flop
Seat 5: Supermegopro (button) (small blind) collected ($4.75)



PokerStars Hand #254444017796:  Hold'em No Limit ($0.50/$1.00 USD) - 2025/01/19 7:30:13 WET [2025/01/19 2:30:13 ET]
Table 'Ulrike III' 6-max Seat #4 is the button
Seat 4: CashfishT ($203.42 in chips) 
Seat 5: Supermegopro ($116.97 in chips) 
CashfishT: posts small blind $0.50
Supermegopro: posts big blind $1
*** HOLE CARDS ***
CashfishT: folds 
Uncalled bet ($0.50) returned to Supermegopro
Supermegopro collected $1 from pot
Supermegopro: doesn't show hand 
*** SUMMARY ***
Total pot $1 | Rake $0 
Seat 4: CashfishT (button) (small blind) folded before Flop
Seat 5: Supermegopro (big blind) collected ($1)



