PokerStars Hand #254453491112:  Hold'em No Limit ($0.50/$1.00 USD) - 2025/01/19 19:22:04 WET [2025/01/19 14:22:04 ET]
Table 'Latona IV' 6-max Seat #1 is the button
Seat 1: Manifestorr ($100 in chips) 
Seat 3: Pippa83 ($100 in chips) 
Seat 4: ka100pka527 ($80 in chips) 
Pippa83: posts small blind $0.50
ka100pka527: posts big blind $1
*** HOLE CARDS ***
Manifestorr: folds 
Pippa83: raises $2 to $3
ka100pka527: folds 
Uncalled bet ($2) returned to Pippa83
Pippa83 collected $2 from pot
Pippa83: doesn't show hand 
*** SUMMARY ***
Total pot $2 | Rake $0 
Seat 1: Manifestorr (button) folded before Flop (didn't bet)
Seat 3: Pippa83 (small blind) collected ($2)
Seat 4: ka100pka527 (big blind) folded before Flop



PokerStars Hand #254453495082:  Hold'em No Limit ($0.50/$1.00 USD) - 2025/01/19 19:22:15 WET [2025/01/19 14:22:15 ET]
Table 'Latona IV' 6-max Seat #3 is the button
Seat 1: Manifestorr ($100 in chips) 
Seat 3: Pippa83 ($101 in chips) 
Seat 4: ka100pka527 ($100 in chips) 
ka100pka527: posts small blind $0.50
Manifestorr: posts big blind $1
*** HOLE CARDS ***
Pippa83: folds 
ka100pka527: folds 
Uncalled bet ($0.50) returned to Manifestorr
Manifestorr collected $1 from pot
Saraq1q joins the table at seat #2 
Saraq1q is disconnected 
*** SUMMARY ***
Total pot $1 | Rake $0 
Seat 1: Manifestorr (big blind) collected ($1)
Seat 3: Pippa83 (button) folded before Flop (didn't bet)
Seat 4: ka100pka527 (small blind) folded before Flop



PokerStars Hand #254453497473:  Hold'em No Limit ($0.50/$1.00 USD) - 2025/01/19 19:22:21 WET [2025/01/19 14:22:21 ET]
Table 'Latona IV' 6-max Seat #4 is the button
Seat 1: Manifestorr ($100.50 in chips) 
Seat 2: Saraq1q ($62.67 in chips) 
Seat 3: Pippa83 ($101 in chips) 
Seat 4: ka100pka527 ($100 in chips) 
worker0k joins the table at seat #5 
Manifestorr: posts small blind $0.50
Saraq1q: posts big blind $1
*** HOLE CARDS ***
DL1B joins the table at seat #6 
Pippa83: folds 
ka100pka527: folds 
Manifestorr: folds 
Uncalled bet ($0.50) returned to Saraq1q
Saraq1q collected $1 from pot
*** SUMMARY ***
Total pot $1 | Rake $0 
Seat 1: Manifestorr (small blind) folded before Flop
Seat 2: Saraq1q (big blind) collected ($1)
Seat 3: Pippa83 folded before Flop (didn't bet)
Seat 4: ka100pka527 (button) folded before Flop (didn't bet)



PokerStars Hand #254453501469:  Hold'em No Limit ($0.50/$1.00 USD) - 2025/01/19 19:22:32 WET [2025/01/19 14:22:32 ET]
Table 'Latona IV' 6-max Seat #1 is the button
Seat 5: worker0k ($100 in chips) is sitting out
Seat 6: DL1B ($100 in chips) is sitting out
Seat 1: Manifestorr ($100 in chips) 
Seat 2: Saraq1q ($63.17 in chips) 
Seat 3: Pippa83 ($101 in chips) 
Seat 4: ka100pka527 ($100 in chips) 
Saraq1q: posts small blind $0.50
Pippa83: posts big blind $1
worker0k: sits out 
DL1B: sits out 
*** HOLE CARDS ***
ka100pka527: folds 
Manifestorr: folds 
Saraq1q: calls $0.50
Pippa83: checks 
*** FLOP *** [9h 2s 4d]
Saraq1q: bets $1
Pippa83: calls $1
*** TURN *** [9h 2s 4d] [3c]
Saraq1q: bets $1
Pippa83: calls $1
*** RIVER *** [9h 2s 4d 3c] [3h]
Saraq1q: bets $1
Pippa83: raises $11.55 to $12.55
Saraq1q: folds 
Uncalled bet ($11.55) returned to Pippa83
Pippa83 collected $7.60 from pot
Pippa83: doesn't show hand 
*** SUMMARY ***
Total pot $8 | Rake $0.40 
Board [9h 2s 4d 3c 3h]
Seat 5: worker0k
Seat 6: DL1B
Seat 1: Manifestorr (button) folded before Flop (didn't bet)
Seat 2: Saraq1q (small blind) folded on the River
Seat 3: Pippa83 (big blind) collected ($7.60)
Seat 4: ka100pka527 folded before Flop (didn't bet)



PokerStars Hand #254453517926:  Hold'em No Limit ($0.50/$1.00 USD) - 2025/01/19 19:23:17 WET [2025/01/19 14:23:17 ET]
Table 'Latona IV' 6-max Seat #2 is the button
Seat 5: worker0k ($100 in chips) is sitting out
Seat 6: DL1B ($100 in chips) is sitting out
Seat 1: Manifestorr ($100 in chips) 
Seat 2: Saraq1q ($59.17 in chips) 
Seat 3: Pippa83 ($104.60 in chips) 
Seat 4: ka100pka527 ($100 in chips) 
Pippa83: posts small blind $0.50
ka100pka527: posts big blind $1
worker0k: sits out 
DL1B: sits out 
*** HOLE CARDS ***
Manifestorr: raises $1.20 to $2.20
Saraq1q: folds 
Pippa83: raises $9.30 to $11.50
ka100pka527: folds 
Manifestorr: folds 
Uncalled bet ($9.30) returned to Pippa83
Pippa83 collected $5.40 from pot
Pippa83: doesn't show hand 
*** SUMMARY ***
Total pot $5.40 | Rake $0 
Seat 5: worker0k
Seat 6: DL1B
Seat 1: Manifestorr folded before Flop
Seat 2: Saraq1q (button) folded before Flop (didn't bet)
Seat 3: Pippa83 (small blind) collected ($5.40)
Seat 4: ka100pka527 (big blind) folded before Flop



PokerStars Hand #254453526915:  Hold'em No Limit ($0.50/$1.00 USD) - 2025/01/19 19:23:41 WET [2025/01/19 14:23:41 ET]
Table 'Latona IV' 6-max Seat #3 is the button
Seat 6: DL1B ($100 in chips) is sitting out
Seat 1: Manifestorr ($100 in chips) 
Seat 2: Saraq1q ($59.17 in chips) 
Seat 3: Pippa83 ($107.80 in chips) 
Seat 4: ka100pka527 ($100 in chips) 
Seat 5: worker0k ($100 in chips) 
ka100pka527: posts small blind $0.50
worker0k: posts big blind $1
DL1B: sits out 
*** HOLE CARDS ***
Manifestorr: folds 
Saraq1q: calls $1
Pippa83: folds 
ka100pka527: folds 
worker0k: checks 
*** FLOP *** [6s Js Qh]
worker0k: checks 
Saraq1q: bets $1
worker0k: calls $1
*** TURN *** [6s Js Qh] [6d]
worker0k: checks 
Saraq1q: checks 
*** RIVER *** [6s Js Qh 6d] [Qd]
worker0k: bets $1.50
Saraq1q: folds 
Uncalled bet ($1.50) returned to worker0k
worker0k collected $4.28 from pot
worker0k: shows [4s]
*** SUMMARY ***
Total pot $4.50 | Rake $0.22 
Board [6s Js Qh 6d Qd]
Seat 6: DL1B
Seat 1: Manifestorr folded before Flop (didn't bet)
Seat 2: Saraq1q folded on the River
Seat 3: Pippa83 (button) folded before Flop (didn't bet)
Seat 4: ka100pka527 (small blind) folded before Flop
Seat 5: worker0k (big blind) collected ($4.28)



PokerStars Hand #254453536975:  Hold'em No Limit ($0.50/$1.00 USD) - 2025/01/19 19:24:08 WET [2025/01/19 14:24:08 ET]
Table 'Latona IV' 6-max Seat #4 is the button
Seat 1: Manifestorr ($100 in chips) 
Seat 2: Saraq1q ($57.17 in chips) 
Seat 3: Pippa83 ($107.80 in chips) 
Seat 4: ka100pka527 ($100 in chips) 
Seat 5: worker0k ($102.28 in chips) 
Seat 6: DL1B ($100 in chips) 
worker0k: posts small blind $0.50
DL1B: posts big blind $1
*** HOLE CARDS ***
Manifestorr: folds 
Saraq1q: raises $2.50 to $3.50
Pippa83: folds 
ka100pka527: raises $7 to $10.50
worker0k: folds 
DL1B: folds 
Saraq1q: calls $7
*** FLOP *** [Ac 6h 2d]
Saraq1q: checks 
ka100pka527: bets $7.06
Saraq1q: folds 
Uncalled bet ($7.06) returned to ka100pka527
ka100pka527 collected $21.38 from pot
ka100pka527: doesn't show hand 
*** SUMMARY ***
Total pot $22.50 | Rake $1.12 
Board [Ac 6h 2d]
Seat 1: Manifestorr folded before Flop (didn't bet)
Seat 2: Saraq1q folded on the Flop
Seat 3: Pippa83 folded before Flop (didn't bet)
Seat 4: ka100pka527 (button) collected ($21.38)
Seat 5: worker0k (small blind) folded before Flop
Seat 6: DL1B (big blind) folded before Flop



PokerStars Hand #254453550090:  Hold'em No Limit ($0.50/$1.00 USD) - 2025/01/19 19:24:43 WET [2025/01/19 14:24:43 ET]
Table 'Latona IV' 6-max Seat #5 is the button
Seat 1: Manifestorr ($100 in chips) 
Seat 2: Saraq1q ($46.67 in chips) 
Seat 3: Pippa83 ($107.80 in chips) 
Seat 4: ka100pka527 ($110.88 in chips) 
Seat 5: worker0k ($101.78 in chips) 
Seat 6: DL1B ($100 in chips) 
DL1B: posts small blind $0.50
Manifestorr: posts big blind $1
*** HOLE CARDS ***
Saraq1q: folds 
Pippa83: raises $1.20 to $2.20
ka100pka527: raises $5.40 to $7.60
worker0k: folds 
DL1B: folds 
Manifestorr: folds 
Pippa83: raises $12.90 to $20.50
ka100pka527: folds 
Uncalled bet ($12.90) returned to Pippa83
Pippa83 collected $16.70 from pot
Pippa83: doesn't show hand 
*** SUMMARY ***
Total pot $16.70 | Rake $0 
Seat 1: Manifestorr (big blind) folded before Flop
Seat 2: Saraq1q folded before Flop (didn't bet)
Seat 3: Pippa83 collected ($16.70)
Seat 4: ka100pka527 folded before Flop
Seat 5: worker0k (button) folded before Flop (didn't bet)
Seat 6: DL1B (small blind) folded before Flop



PokerStars Hand #254453569949:  Hold'em No Limit ($0.50/$1.00 USD) - 2025/01/19 19:25:37 WET [2025/01/19 14:25:37 ET]
Table 'Latona IV' 6-max Seat #6 is the button
Seat 1: Manifestorr ($100 in chips) 
Seat 2: Saraq1q ($46.67 in chips) 
Seat 3: Pippa83 ($116.90 in chips) 
Seat 4: ka100pka527 ($103.28 in chips) 
Seat 5: worker0k ($101.78 in chips) 
Seat 6: DL1B ($100 in chips) 
Manifestorr: posts small blind $0.50
Saraq1q: posts big blind $1
*** HOLE CARDS ***
Pippa83: raises $1.20 to $2.20
ka100pka527: folds 
worker0k: folds 
DL1B: folds 
Manifestorr: calls $1.70
Saraq1q: calls $1.20
*** FLOP *** [9d 5s 7d]
Manifestorr: checks 
Saraq1q: checks 
Pippa83: bets $3.50
Manifestorr: folds 
Saraq1q: calls $3.50
*** TURN *** [9d 5s 7d] [Th]
Saraq1q: checks 
Pippa83: bets $9.69
Saraq1q: calls $9.69
*** RIVER *** [9d 5s 7d Th] [3h]
Saraq1q: checks 
Pippa83: bets $47
Saraq1q: calls $31.28 and is all-in
Uncalled bet ($15.72) returned to Pippa83
*** SHOW DOWN ***
Pippa83: shows [Kc Ks] (a pair of Kings)
Saraq1q: shows [5c Jd] (a pair of Fives)
Pippa83 collected $93.04 from pot
*** SUMMARY ***
Total pot $95.54 | Rake $2.50 
Board [9d 5s 7d Th 3h]
Seat 1: Manifestorr (small blind) folded on the Flop
Seat 2: Saraq1q (big blind) showed [5c Jd] and lost with a pair of Fives
Seat 3: Pippa83 showed [Kc Ks] and won ($93.04) with a pair of Kings
Seat 4: ka100pka527 folded before Flop (didn't bet)
Seat 5: worker0k folded before Flop (didn't bet)
Seat 6: DL1B (button) folded before Flop (didn't bet)



PokerStars Hand #254453589181:  Hold'em No Limit ($0.50/$1.00 USD) - 2025/01/19 19:26:29 WET [2025/01/19 14:26:29 ET]
Table 'Latona IV' 6-max Seat #1 is the button
Seat 2: Saraq1q ($0 in chips) is sitting out
Seat 1: Manifestorr ($100 in chips) 
Seat 3: Pippa83 ($163.27 in chips) 
Seat 4: ka100pka527 ($103.28 in chips) 
Seat 5: worker0k ($101.78 in chips) 
Seat 6: DL1B ($100 in chips) 
Pippa83: posts small blind $0.50
ka100pka527: posts big blind $1
*** HOLE CARDS ***
worker0k: folds 
DL1B: folds 
Saraq1q leaves the table
Manifestorr: raises $1.20 to $2.20
Pippa83: folds 
ka100pka527: folds 
Uncalled bet ($1.20) returned to Manifestorr
Manifestorr collected $2.50 from pot
worker0k leaves the table
*** SUMMARY ***
Total pot $2.50 | Rake $0 
Seat 2: Saraq1q
Seat 1: Manifestorr (button) collected ($2.50)
Seat 3: Pippa83 (small blind) folded before Flop
Seat 4: ka100pka527 (big blind) folded before Flop
Seat 5: worker0k folded before Flop (didn't bet)
Seat 6: DL1B folded before Flop (didn't bet)



PokerStars Hand #254453595430:  Hold'em No Limit ($0.50/$1.00 USD) - 2025/01/19 19:26:45 WET [2025/01/19 14:26:45 ET]
Table 'Latona IV' 6-max Seat #3 is the button
Seat 1: Manifestorr ($101.50 in chips) 
Seat 3: Pippa83 ($162.77 in chips) 
Seat 4: ka100pka527 ($102.28 in chips) 
Seat 6: DL1B ($100 in chips) 
ka100pka527: posts small blind $0.50
DL1B: posts big blind $1
*** HOLE CARDS ***
Manifestorr: raises $1.20 to $2.20
Pippa83: folds 
ka100pka527: raises $8.80 to $11
DL1B: folds 
Manifestorr: folds 
Uncalled bet ($8.80) returned to ka100pka527
ka100pka527 collected $5.40 from pot
ka100pka527: doesn't show hand 
*** SUMMARY ***
Total pot $5.40 | Rake $0 
Seat 1: Manifestorr folded before Flop
Seat 3: Pippa83 (button) folded before Flop (didn't bet)
Seat 4: ka100pka527 (small blind) collected ($5.40)
Seat 6: DL1B (big blind) folded before Flop



PokerStars Hand #254453601425:  Hold'em No Limit ($0.50/$1.00 USD) - 2025/01/19 19:27:02 WET [2025/01/19 14:27:02 ET]
Table 'Latona IV' 6-max Seat #4 is the button
Seat 1: Manifestorr ($100 in chips) is sitting out
Seat 3: Pippa83 ($162.77 in chips) 
Seat 4: ka100pka527 ($105.48 in chips) 
Seat 6: DL1B ($100 in chips) 
DL1B: posts small blind $0.50
Manifestorr: is sitting out 
Pippa83: posts big blind $1
*** HOLE CARDS ***
ka100pka527: folds 
Manifestorr leaves the table
DL1B: raises $2 to $3
Pippa83: folds 
Uncalled bet ($2) returned to DL1B
ka100pka527 leaves the table
DL1B collected $2 from pot
DL1B: doesn't show hand 
*** SUMMARY ***
Total pot $2 | Rake $0 
Seat 1: Manifestorr
Seat 3: Pippa83 (big blind) folded before Flop
Seat 4: ka100pka527 (button) folded before Flop (didn't bet)
Seat 6: DL1B (small blind) collected ($2)



PokerStars Hand #254453613888:  Hold'em No Limit ($0.50/$1.00 USD) - 2025/01/19 19:27:35 WET [2025/01/19 14:27:35 ET]
Table 'Latona IV' 6-max Seat #5 is the button
Seat 1: UnRRRReal ($100 in chips) 
Seat 3: Pippa83 ($161.77 in chips) 
Seat 5: Oli3579 ($100 in chips) 
Seat 6: michasia ($100 in chips) 
michasia: posts small blind $0.50
UnRRRReal: posts big blind $1
*** HOLE CARDS ***
Pippa83: folds 
Oli3579: folds 
michasia: raises $2 to $3
UnRRRReal: calls $2
*** FLOP *** [Ts 3d Jc]
michasia: bets $1.88
UnRRRReal: calls $1.88
*** TURN *** [Ts 3d Jc] [Ad]
michasia: bets $6.18
UnRRRReal: calls $6.18
*** RIVER *** [Ts 3d Jc Ad] [8h]
michasia: bets $14.08
UnRRRReal: calls $14.08
*** SHOW DOWN ***
michasia: shows [Jh Jd] (three of a kind, Jacks)
UnRRRReal: mucks hand 
michasia collected $49.28 from pot
*** SUMMARY ***
Total pot $50.28 | Rake $1 
Board [Ts 3d Jc Ad 8h]
Seat 1: UnRRRReal (big blind) mucked
Seat 3: Pippa83 folded before Flop (didn't bet)
Seat 5: Oli3579 (button) folded before Flop (didn't bet)
Seat 6: michasia (small blind) showed [Jh Jd] and won ($49.28) with three of a kind, Jacks



PokerStars Hand #254453630501:  Hold'em No Limit ($0.50/$1.00 USD) - 2025/01/19 19:28:19 WET [2025/01/19 14:28:19 ET]
Table 'Latona IV' 6-max Seat #6 is the button
Seat 3: Pippa83 ($161.77 in chips) is sitting out
Seat 1: UnRRRReal ($100 in chips) 
Seat 5: Oli3579 ($100 in chips) 
Seat 6: michasia ($124.14 in chips) 
UnRRRReal: posts small blind $0.50
Pippa83: is sitting out 
Oli3579: posts big blind $1
*** HOLE CARDS ***
michasia: raises $1.80 to $2.80
Pippa83 leaves the table
UnRRRReal: raises $9.20 to $12
Oli3579: folds 
michasia: folds 
Uncalled bet ($9.20) returned to UnRRRReal
UnRRRReal collected $6.60 from pot
UnRRRReal: doesn't show hand 
*** SUMMARY ***
Total pot $6.60 | Rake $0 
Seat 3: Pippa83
Seat 1: UnRRRReal (small blind) collected ($6.60)
Seat 5: Oli3579 (big blind) folded before Flop
Seat 6: michasia (button) folded before Flop



PokerStars Hand #254453635417:  Hold'em No Limit ($0.50/$1.00 USD) - 2025/01/19 19:28:32 WET [2025/01/19 14:28:32 ET]
Table 'Latona IV' 6-max Seat #1 is the button
Seat 1: UnRRRReal ($103.80 in chips) 
Seat 5: Oli3579 ($100 in chips) 
Seat 6: michasia ($121.34 in chips) 
Oli3579: posts small blind $0.50
michasia: posts big blind $1
*** HOLE CARDS ***
UnRRRReal: folds 
Oli3579: folds 
Uncalled bet ($0.50) returned to michasia
michasia collected $1 from pot
michasia: doesn't show hand 
*** SUMMARY ***
Total pot $1 | Rake $0 
Seat 1: UnRRRReal (button) folded before Flop (didn't bet)
Seat 5: Oli3579 (small blind) folded before Flop
Seat 6: michasia (big blind) collected ($1)



PokerStars Hand #254453639245:  Hold'em No Limit ($0.50/$1.00 USD) - 2025/01/19 19:28:42 WET [2025/01/19 14:28:42 ET]
Table 'Latona IV' 6-max Seat #5 is the button
Seat 1: UnRRRReal ($103.80 in chips) 
Seat 5: Oli3579 ($100 in chips) 
Seat 6: michasia ($121.84 in chips) 
michasia: posts small blind $0.50
UnRRRReal: posts big blind $1
*** HOLE CARDS ***
Oli3579: folds 
elcutez joins the table at seat #2 
elcutez is disconnected 
michasia: folds 
Uncalled bet ($0.50) returned to UnRRRReal
UnRRRReal collected $1 from pot
worker0k joins the table at seat #4 
UnRRRReal: doesn't show hand 
z00mba joins the table at seat #3 
*** SUMMARY ***
Total pot $1 | Rake $0 
Seat 1: UnRRRReal (big blind) collected ($1)
Seat 5: Oli3579 (button) folded before Flop (didn't bet)
Seat 6: michasia (small blind) folded before Flop



PokerStars Hand #254453641806:  Hold'em No Limit ($0.50/$1.00 USD) - 2025/01/19 19:28:49 WET [2025/01/19 14:28:49 ET]
Table 'Latona IV' 6-max Seat #6 is the button
Seat 3: z00mba ($100 in chips) is sitting out
Seat 4: worker0k ($101.78 in chips) is sitting out
Seat 1: UnRRRReal ($104.30 in chips) 
Seat 2: elcutez ($100 in chips) 
Seat 5: Oli3579 ($100 in chips) 
Seat 6: michasia ($121.34 in chips) 
UnRRRReal: posts small blind $0.50
elcutez: posts big blind $1
worker0k: sits out 
*** HOLE CARDS ***
Oli3579: folds 
michasia: folds 
UnRRRReal: raises $2 to $3
elcutez: folds 
Uncalled bet ($2) returned to UnRRRReal
UnRRRReal collected $2 from pot
UnRRRReal: doesn't show hand 
*** SUMMARY ***
Total pot $2 | Rake $0 
Seat 3: z00mba
Seat 4: worker0k
Seat 1: UnRRRReal (small blind) collected ($2)
Seat 2: elcutez (big blind) folded before Flop
Seat 5: Oli3579 folded before Flop (didn't bet)
Seat 6: michasia (button) folded before Flop (didn't bet)



PokerStars Hand #254453645270:  Hold'em No Limit ($0.50/$1.00 USD) - 2025/01/19 19:28:59 WET [2025/01/19 14:28:59 ET]
Table 'Latona IV' 6-max Seat #1 is the button
Seat 4: worker0k ($101.78 in chips) is sitting out
Seat 1: UnRRRReal ($105.30 in chips) 
Seat 2: elcutez ($99 in chips) 
Seat 3: z00mba ($100 in chips) 
Seat 5: Oli3579 ($100 in chips) 
Seat 6: michasia ($121.34 in chips) 
elcutez: posts small blind $0.50
z00mba: posts big blind $1
worker0k: sits out 
*** HOLE CARDS ***
Oli3579: folds 
michasia: raises $1.80 to $2.80
UnRRRReal: folds 
elcutez: folds 
z00mba: calls $1.80
*** FLOP *** [8h Jd As]
z00mba: checks 
michasia: bets $3.87
z00mba: calls $3.87
*** TURN *** [8h Jd As] [Qc]
z00mba: checks 
michasia: checks 
*** RIVER *** [8h Jd As Qc] [9s]
z00mba: checks 
michasia: bets $8.77
z00mba: calls $8.77
*** SHOW DOWN ***
michasia: shows [Kd 8d] (a pair of Eights)
z00mba: shows [9d Qd] (two pair, Queens and Nines)
z00mba collected $29.81 from pot
*** SUMMARY ***
Total pot $31.38 | Rake $1.57 
Board [8h Jd As Qc 9s]
Seat 4: worker0k
Seat 1: UnRRRReal (button) folded before Flop (didn't bet)
Seat 2: elcutez (small blind) folded before Flop
Seat 3: z00mba (big blind) showed [9d Qd] and won ($29.81) with two pair, Queens and Nines
Seat 5: Oli3579 folded before Flop (didn't bet)
Seat 6: michasia showed [Kd 8d] and lost with a pair of Eights



PokerStars Hand #254453658626:  Hold'em No Limit ($0.50/$1.00 USD) - 2025/01/19 19:29:34 WET [2025/01/19 14:29:34 ET]
Table 'Latona IV' 6-max Seat #2 is the button
Seat 1: UnRRRReal ($105.30 in chips) 
Seat 2: elcutez ($98.50 in chips) 
Seat 3: z00mba ($114.37 in chips) 
Seat 4: worker0k ($101.78 in chips) 
Seat 5: Oli3579 ($100 in chips) 
Seat 6: michasia ($105.90 in chips) 
z00mba: posts small blind $0.50
worker0k: posts big blind $1
*** HOLE CARDS ***
Oli3579: folds 
michasia: folds 
UnRRRReal: folds 
elcutez: raises $2 to $3
z00mba: folds 
worker0k: folds 
Uncalled bet ($2) returned to elcutez
elcutez collected $2.50 from pot
*** SUMMARY ***
Total pot $2.50 | Rake $0 
Seat 1: UnRRRReal folded before Flop (didn't bet)
Seat 2: elcutez (button) collected ($2.50)
Seat 3: z00mba (small blind) folded before Flop
Seat 4: worker0k (big blind) folded before Flop
Seat 5: Oli3579 folded before Flop (didn't bet)
Seat 6: michasia folded before Flop (didn't bet)



PokerStars Hand #254453664707:  Hold'em No Limit ($0.50/$1.00 USD) - 2025/01/19 19:29:50 WET [2025/01/19 14:29:50 ET]
Table 'Latona IV' 6-max Seat #3 is the button
Seat 1: UnRRRReal ($105.30 in chips) 
Seat 2: elcutez ($100 in chips) 
Seat 3: z00mba ($113.87 in chips) 
Seat 4: worker0k ($100.78 in chips) 
Seat 5: Oli3579 ($100 in chips) 
Seat 6: michasia ($105.90 in chips) 
worker0k: posts small blind $0.50
Oli3579: posts big blind $1
*** HOLE CARDS ***
michasia: folds 
UnRRRReal: folds 
elcutez: folds 
z00mba: folds 
worker0k: folds 
Uncalled bet ($0.50) returned to Oli3579
Oli3579 collected $1 from pot
Oli3579: doesn't show hand 
*** SUMMARY ***
Total pot $1 | Rake $0 
Seat 1: UnRRRReal folded before Flop (didn't bet)
Seat 2: elcutez folded before Flop (didn't bet)
Seat 3: z00mba (button) folded before Flop (didn't bet)
Seat 4: worker0k (small blind) folded before Flop
Seat 5: Oli3579 (big blind) collected ($1)
Seat 6: michasia folded before Flop (didn't bet)



PokerStars Hand #254453669494:  Hold'em No Limit ($0.50/$1.00 USD) - 2025/01/19 19:30:02 WET [2025/01/19 14:30:02 ET]
Table 'Latona IV' 6-max Seat #4 is the button
Seat 6: michasia ($105.90 in chips) is sitting out
Seat 1: UnRRRReal ($105.30 in chips) 
Seat 2: elcutez ($100 in chips) 
Seat 3: z00mba ($113.87 in chips) 
Seat 4: worker0k ($100.28 in chips) 
Seat 5: Oli3579 ($100.50 in chips) 
Oli3579: posts small blind $0.50
michasia: is sitting out 
UnRRRReal: posts big blind $1
*** HOLE CARDS ***
elcutez: folds 
z00mba: folds 
worker0k: raises $1.30 to $2.30
Oli3579: folds 
michasia leaves the table
UnRRRReal: calls $1.30
*** FLOP *** [7s Ad 9h]
UnRRRReal: checks 
worker0k: bets $1.60
UnRRRReal: folds 
Uncalled bet ($1.60) returned to worker0k
worker0k collected $4.84 from pot
*** SUMMARY ***
Total pot $5.10 | Rake $0.26 
Board [7s Ad 9h]
Seat 6: michasia
Seat 1: UnRRRReal (big blind) folded on the Flop
Seat 2: elcutez folded before Flop (didn't bet)
Seat 3: z00mba folded before Flop (didn't bet)
Seat 4: worker0k (button) collected ($4.84)
Seat 5: Oli3579 (small blind) folded before Flop



PokerStars Hand #254453677536:  Hold'em No Limit ($0.50/$1.00 USD) - 2025/01/19 19:30:24 WET [2025/01/19 14:30:24 ET]
Table 'Latona IV' 6-max Seat #5 is the button
Seat 1: UnRRRReal ($103 in chips) 
Seat 2: elcutez ($100 in chips) 
Seat 3: z00mba ($113.87 in chips) 
Seat 4: worker0k ($102.82 in chips) 
Seat 5: Oli3579 ($100 in chips) 
UnRRRReal: posts small blind $0.50
elcutez: posts big blind $1
*** HOLE CARDS ***
ThiagoKigami joins the table at seat #6 
z00mba: folds 
worker0k: folds 
Oli3579: folds 
UnRRRReal: folds 
Uncalled bet ($0.50) returned to elcutez
elcutez collected $1 from pot
*** SUMMARY ***
Total pot $1 | Rake $0 
Seat 1: UnRRRReal (small blind) folded before Flop
Seat 2: elcutez (big blind) collected ($1)
Seat 3: z00mba folded before Flop (didn't bet)
Seat 4: worker0k folded before Flop (didn't bet)
Seat 5: Oli3579 (button) folded before Flop (didn't bet)



PokerStars Hand #254453680923:  Hold'em No Limit ($0.50/$1.00 USD) - 2025/01/19 19:30:32 WET [2025/01/19 14:30:32 ET]
Table 'Latona IV' 6-max Seat #1 is the button
Seat 3: z00mba ($113.87 in chips) is sitting out
Seat 4: worker0k ($102.82 in chips) is sitting out
Seat 6: ThiagoKigami ($100 in chips) is sitting out
Seat 1: UnRRRReal ($102.50 in chips) 
Seat 2: elcutez ($100.50 in chips) 
Seat 5: Oli3579 ($100 in chips) 
elcutez: posts small blind $0.50
z00mba: is sitting out 
worker0k: is sitting out 
Oli3579: posts big blind $1
ThiagoKigami: sits out 
*** HOLE CARDS ***
worker0k leaves the table
z00mba leaves the table
UnRRRReal: folds 
ThiagoKigami leaves the table
elcutez: folds 
Uncalled bet ($0.50) returned to Oli3579
Oli3579 collected $1 from pot
Oli3579: doesn't show hand 
*** SUMMARY ***
Total pot $1 | Rake $0 
Seat 3: z00mba
Seat 4: worker0k
Seat 6: ThiagoKigami
Seat 1: UnRRRReal (button) folded before Flop (didn't bet)
Seat 2: elcutez (small blind) folded before Flop
Seat 5: Oli3579 (big blind) collected ($1)



PokerStars Hand #254453687444:  Hold'em No Limit ($0.50/$1.00 USD) - 2025/01/19 19:30:49 WET [2025/01/19 14:30:49 ET]
Table 'Latona IV' 6-max Seat #2 is the button
Seat 1: UnRRRReal ($102.50 in chips) 
Seat 2: elcutez ($100 in chips) 
Seat 5: Oli3579 ($100.50 in chips) 
Oli3579: posts small blind $0.50
UnRRRReal: posts big blind $1
*** HOLE CARDS ***
elcutez: raises $2 to $3
michasia joins the table at seat #4 
Oli3579: raises $9 to $12
UnRRRReal: folds 
elcutez: calls $9
*** FLOP *** [7s 8s Ac]
Oli3579: bets $7.92
elcutez: calls $7.92
*** TURN *** [7s 8s Ac] [Jc]
Oli3579: checks 
elcutez: bets $19.92
Oli3579: raises $60.66 to $80.58 and is all-in
elcutez: calls $60.16 and is all-in
Uncalled bet ($0.50) returned to Oli3579
*** RIVER *** [7s 8s Ac Jc] [Jh]
*** SHOW DOWN ***
Oli3579: shows [Ad Kc] (two pair, Aces and Jacks)
elcutez: shows [8d 8c] (a full house, Eights full of Jacks)
elcutez collected $200 from pot
*** SUMMARY ***
Total pot $201 | Rake $1 
Board [7s 8s Ac Jc Jh]
Seat 1: UnRRRReal (big blind) folded before Flop
Seat 2: elcutez (button) showed [8d 8c] and won ($200) with a full house, Eights full of Jacks
Seat 5: Oli3579 (small blind) showed [Ad Kc] and lost with two pair, Aces and Jacks



PokerStars Hand #254453713342:  Hold'em No Limit ($0.50/$1.00 USD) - 2025/01/19 19:31:58 WET [2025/01/19 14:31:58 ET]
Table 'Latona IV' 6-max Seat #5 is the button
Seat 4: michasia ($105.90 in chips) is sitting out
Seat 1: UnRRRReal ($101.50 in chips) 
Seat 2: elcutez ($200 in chips) 
Seat 5: Oli3579 ($100 in chips) 
UnRRRReal: posts small blind $0.50
elcutez: posts big blind $1
michasia: sits out 
*** HOLE CARDS ***
Oli3579: folds 
UnRRRReal: raises $2 to $3
elcutez: folds 
Uncalled bet ($2) returned to UnRRRReal
UnRRRReal collected $2 from pot
UnRRRReal: doesn't show hand 
*** SUMMARY ***
Total pot $2 | Rake $0 
Seat 4: michasia
Seat 1: UnRRRReal (small blind) collected ($2)
Seat 2: elcutez (big blind) folded before Flop
Seat 5: Oli3579 (button) folded before Flop (didn't bet)



PokerStars Hand #254453717079:  Hold'em No Limit ($0.50/$1.00 USD) - 2025/01/19 19:32:07 WET [2025/01/19 14:32:07 ET]
Table 'Latona IV' 6-max Seat #1 is the button
Seat 1: UnRRRReal ($102.50 in chips) 
Seat 2: elcutez ($199 in chips) 
Seat 4: michasia ($105.90 in chips) 
Seat 5: Oli3579 ($100 in chips) 
elcutez: posts small blind $0.50
michasia: posts big blind $1
*** HOLE CARDS ***
Oli3579: folds 
UnRRRReal: raises $1.50 to $2.50
elcutez: folds 
michasia: raises $9.50 to $12
BrilliantDawn84 joins the table at seat #3 
UnRRRReal: folds 
Uncalled bet ($9.50) returned to michasia
michasia collected $5.50 from pot
michasia: doesn't show hand 
*** SUMMARY ***
Total pot $5.50 | Rake $0 
Seat 1: UnRRRReal (button) folded before Flop
Seat 2: elcutez (small blind) folded before Flop
Seat 4: michasia (big blind) collected ($5.50)
Seat 5: Oli3579 folded before Flop (didn't bet)



PokerStars Hand #254453723543:  Hold'em No Limit ($0.50/$1.00 USD) - 2025/01/19 19:32:24 WET [2025/01/19 14:32:24 ET]
Table 'Latona IV' 6-max Seat #2 is the button
Seat 3: BrilliantDawn84 ($100 in chips) is sitting out
Seat 1: UnRRRReal ($100 in chips) 
Seat 2: elcutez ($198.50 in chips) 
Seat 4: michasia ($108.90 in chips) 
Seat 5: Oli3579 ($100 in chips) 
michasia: posts small blind $0.50
Oli3579: posts big blind $1
*** HOLE CARDS ***
UnRRRReal: folds 
elcutez: raises $2 to $3
michasia: raises $8.50 to $11.50
Oli3579: folds 
elcutez: folds 
Uncalled bet ($8.50) returned to michasia
michasia collected $7 from pot
michasia: doesn't show hand 
*** SUMMARY ***
Total pot $7 | Rake $0 
Seat 3: BrilliantDawn84
Seat 1: UnRRRReal folded before Flop (didn't bet)
Seat 2: elcutez (button) folded before Flop
Seat 4: michasia (small blind) collected ($7)
Seat 5: Oli3579 (big blind) folded before Flop



PokerStars Hand #254453736063:  Hold'em No Limit ($0.50/$1.00 USD) - 2025/01/19 19:32:57 WET [2025/01/19 14:32:57 ET]
Table 'Latona IV' 6-max Seat #4 is the button
Seat 3: BrilliantDawn84 ($100 in chips) is sitting out
Seat 1: UnRRRReal ($100 in chips) 
Seat 2: elcutez ($195.50 in chips) 
Seat 4: michasia ($112.90 in chips) 
Seat 5: Oli3579 ($100 in chips) 
Oli3579: posts small blind $0.50
UnRRRReal: posts big blind $1
BrilliantDawn84: sits out 
*** HOLE CARDS ***
elcutez: raises $2 to $3
michasia: folds 
Oli3579: folds 
UnRRRReal: calls $2
*** FLOP *** [8d 4s Td]
UnRRRReal: checks 
Gaita_toien joins the table at seat #6 
elcutez: checks 
*** TURN *** [8d 4s Td] [Ad]
UnRRRReal: checks 
elcutez: checks 
*** RIVER *** [8d 4s Td Ad] [5c]
UnRRRReal: checks 
elcutez: checks 
*** SHOW DOWN ***
UnRRRReal: shows [8c Kc] (a pair of Eights)
elcutez: mucks hand 
UnRRRReal collected $6.18 from pot
*** SUMMARY ***
Total pot $6.50 | Rake $0.32 
Board [8d 4s Td Ad 5c]
Seat 3: BrilliantDawn84
Seat 1: UnRRRReal (big blind) showed [8c Kc] and won ($6.18) with a pair of Eights
Seat 2: elcutez mucked
Seat 4: michasia (button) folded before Flop (didn't bet)
Seat 5: Oli3579 (small blind) folded before Flop



PokerStars Hand #254453744645:  Hold'em No Limit ($0.50/$1.00 USD) - 2025/01/19 19:33:20 WET [2025/01/19 14:33:20 ET]
Table 'Latona IV' 6-max Seat #5 is the button
Seat 3: BrilliantDawn84 ($100 in chips) is sitting out
Seat 6: Gaita_toien ($100 in chips) is sitting out
Seat 1: UnRRRReal ($103.18 in chips) 
Seat 2: elcutez ($192.50 in chips) 
Seat 4: michasia ($112.90 in chips) 
Seat 5: Oli3579 ($100 in chips) 
UnRRRReal: posts small blind $0.50
elcutez: posts big blind $1
BrilliantDawn84: sits out 
*** HOLE CARDS ***
michasia: folds 
Oli3579: raises $1.25 to $2.25
UnRRRReal: folds 
elcutez: folds 
Uncalled bet ($1.25) returned to Oli3579
Oli3579 collected $2.50 from pot
Oli3579: doesn't show hand 
*** SUMMARY ***
Total pot $2.50 | Rake $0 
Seat 3: BrilliantDawn84
Seat 6: Gaita_toien
Seat 1: UnRRRReal (small blind) folded before Flop
Seat 2: elcutez (big blind) folded before Flop
Seat 4: michasia folded before Flop (didn't bet)
Seat 5: Oli3579 (button) collected ($2.50)



PokerStars Hand #254453748901:  Hold'em No Limit ($0.50/$1.00 USD) - 2025/01/19 19:33:31 WET [2025/01/19 14:33:31 ET]
Table 'Latona IV' 6-max Seat #1 is the button
Seat 6: Gaita_toien ($100 in chips) is sitting out
Seat 1: UnRRRReal ($102.68 in chips) 
Seat 2: elcutez ($191.50 in chips) 
Seat 3: BrilliantDawn84 ($100 in chips) 
Seat 4: michasia ($112.90 in chips) 
Seat 5: Oli3579 ($101.50 in chips) 
elcutez: posts small blind $0.50
BrilliantDawn84: posts big blind $1
Gaita_toien: sits out 
*** HOLE CARDS ***
michasia: raises $1.60 to $2.60
Oli3579: folds 
UnRRRReal: folds 
elcutez: folds 
BrilliantDawn84: calls $1.60
*** FLOP *** [8d 3s Qd]
BrilliantDawn84: checks 
michasia: bets $1.79
BrilliantDawn84: folds 
Uncalled bet ($1.79) returned to michasia
michasia collected $5.42 from pot
michasia: doesn't show hand 
*** SUMMARY ***
Total pot $5.70 | Rake $0.28 
Board [8d 3s Qd]
Seat 6: Gaita_toien
Seat 1: UnRRRReal (button) folded before Flop (didn't bet)
Seat 2: elcutez (small blind) folded before Flop
Seat 3: BrilliantDawn84 (big blind) folded on the Flop
Seat 4: michasia collected ($5.42)
Seat 5: Oli3579 folded before Flop (didn't bet)



PokerStars Hand #254453765852:  Hold'em No Limit ($0.50/$1.00 USD) - 2025/01/19 19:34:15 WET [2025/01/19 14:34:15 ET]
Table 'Latona IV' 6-max Seat #2 is the button
Seat 4: michasia ($115.72 in chips) is sitting out
Seat 6: Gaita_toien ($100 in chips) is sitting out
Seat 1: UnRRRReal ($102.68 in chips) 
Seat 2: elcutez ($191 in chips) 
Seat 3: BrilliantDawn84 ($97.40 in chips) 
Seat 5: Oli3579 ($101.50 in chips) 
BrilliantDawn84: posts small blind $0.50
michasia: is sitting out 
Oli3579: posts big blind $1
Gaita_toien: sits out 
*** HOLE CARDS ***
michasia leaves the table
UnRRRReal: raises $1.50 to $2.50
elcutez: folds 
2g00d4youu joins the table at seat #4 
BrilliantDawn84: folds 
Oli3579: calls $1.50
*** FLOP *** [8c 8h Kh]
Oli3579: checks 
UnRRRReal: bets $1.72
Oli3579: calls $1.72
*** TURN *** [8c 8h Kh] [Ad]
Oli3579: checks 
UnRRRReal: bets $6.37
Oli3579: calls $6.37
*** RIVER *** [8c 8h Kh Ad] [9c]
Oli3579: checks 
UnRRRReal: checks 
*** SHOW DOWN ***
Oli3579: shows [Jh Ks] (two pair, Kings and Eights)
UnRRRReal: shows [2h Ah] (two pair, Aces and Eights)
UnRRRReal collected $20.68 from pot
*** SUMMARY ***
Total pot $21.68 | Rake $1 
Board [8c 8h Kh Ad 9c]
Seat 4: michasia
Seat 6: Gaita_toien
Seat 1: UnRRRReal showed [2h Ah] and won ($20.68) with two pair, Aces and Eights
Seat 2: elcutez (button) folded before Flop (didn't bet)
Seat 3: BrilliantDawn84 (small blind) folded before Flop
Seat 5: Oli3579 (big blind) showed [Jh Ks] and lost with two pair, Kings and Eights



PokerStars Hand #254453792134:  Hold'em No Limit ($0.50/$1.00 USD) - 2025/01/19 19:35:23 WET [2025/01/19 14:35:23 ET]
Table 'Latona IV' 6-max Seat #3 is the button
Seat 4: 2g00d4youu ($100 in chips) is sitting out
Seat 2: elcutez ($191 in chips) 
Seat 3: BrilliantDawn84 ($96.90 in chips) 
Seat 5: Oli3579 ($100 in chips) 
Seat 6: Gaita_toien ($100 in chips) 
Oli3579: posts small blind $0.50
Gaita_toien: posts big blind $1
*** HOLE CARDS ***
z00mba joins the table at seat #1 
elcutez: folds 
BrilliantDawn84: raises $1.50 to $2.50
Oli3579: folds 
Gaita_toien: folds 
Uncalled bet ($1.50) returned to BrilliantDawn84
BrilliantDawn84 collected $2.50 from pot
BrilliantDawn84: doesn't show hand 
*** SUMMARY ***
Total pot $2.50 | Rake $0 
Seat 4: 2g00d4youu
Seat 2: elcutez folded before Flop (didn't bet)
Seat 3: BrilliantDawn84 (button) collected ($2.50)
Seat 5: Oli3579 (small blind) folded before Flop
Seat 6: Gaita_toien (big blind) folded before Flop



PokerStars Hand #254453813065:  Hold'em No Limit ($0.50/$1.00 USD) - 2025/01/19 19:36:18 WET [2025/01/19 14:36:18 ET]
Table 'Latona IV' 6-max Seat #5 is the button
Seat 1: z00mba ($113.87 in chips) is sitting out
Seat 4: 2g00d4youu ($100 in chips) is sitting out
Seat 2: elcutez ($191 in chips) 
Seat 3: BrilliantDawn84 ($98.40 in chips) 
Seat 5: Oli3579 ($100 in chips) 
Seat 6: Gaita_toien ($100 in chips) 
Gaita_toien: posts small blind $0.50
elcutez: posts big blind $1
2g00d4youu: sits out 
*** HOLE CARDS ***
BrilliantDawn84: folds 
Oli3579: folds 
Gaita_toien: folds 
Uncalled bet ($0.50) returned to elcutez
elcutez collected $1 from pot
*** SUMMARY ***
Total pot $1 | Rake $0 
Seat 1: z00mba
Seat 4: 2g00d4youu
Seat 2: elcutez (big blind) collected ($1)
Seat 3: BrilliantDawn84 folded before Flop (didn't bet)
Seat 5: Oli3579 (button) folded before Flop (didn't bet)
Seat 6: Gaita_toien (small blind) folded before Flop



PokerStars Hand #254453818502:  Hold'em No Limit ($0.50/$1.00 USD) - 2025/01/19 19:36:32 WET [2025/01/19 14:36:32 ET]
Table 'Latona IV' 6-max Seat #6 is the button
Seat 1: z00mba ($113.87 in chips) is sitting out
Seat 4: 2g00d4youu ($100 in chips) is sitting out
Seat 2: elcutez ($191.50 in chips) 
Seat 3: BrilliantDawn84 ($98.40 in chips) 
Seat 5: Oli3579 ($100 in chips) 
Seat 6: Gaita_toien ($100 in chips) 
elcutez: posts small blind $0.50
BrilliantDawn84: posts big blind $1
2g00d4youu: sits out 
*** HOLE CARDS ***
Oli3579: raises $1.25 to $2.25
Gaita_toien: folds 
elcutez: folds 
BrilliantDawn84: calls $1.25
*** FLOP *** [Qc Kc As]
BrilliantDawn84: checks 
Oli3579: bets $3.56
BrilliantDawn84: calls $3.56
*** TURN *** [Qc Kc As] [5d]
BrilliantDawn84: checks 
Oli3579: checks 
*** RIVER *** [Qc Kc As 5d] [8c]
BrilliantDawn84: bets $13
Oli3579: folds 
Uncalled bet ($13) returned to BrilliantDawn84
BrilliantDawn84 collected $11.51 from pot
BrilliantDawn84: doesn't show hand 
*** SUMMARY ***
Total pot $12.12 | Rake $0.61 
Board [Qc Kc As 5d 8c]
Seat 1: z00mba
Seat 4: 2g00d4youu
Seat 2: elcutez (small blind) folded before Flop
Seat 3: BrilliantDawn84 (big blind) collected ($11.51)
Seat 5: Oli3579 folded on the River
Seat 6: Gaita_toien (button) folded before Flop (didn't bet)



PokerStars Hand #254453845939:  Hold'em No Limit ($0.50/$1.00 USD) - 2025/01/19 19:37:44 WET [2025/01/19 14:37:44 ET]
Table 'Latona IV' 6-max Seat #2 is the button
Seat 1: z00mba ($113.87 in chips) is sitting out
Seat 2: elcutez ($191 in chips) 
Seat 3: BrilliantDawn84 ($104.10 in chips) 
Seat 4: 2g00d4youu ($100 in chips) 
Seat 5: Oli3579 ($100 in chips) 
Seat 6: Gaita_toien ($100 in chips) 
BrilliantDawn84: posts small blind $0.50
2g00d4youu: posts big blind $1
z00mba: sits out 
*** HOLE CARDS ***
Oli3579: folds 
Gaita_toien: folds 
elcutez: folds 
BrilliantDawn84: folds 
Uncalled bet ($0.50) returned to 2g00d4youu
2g00d4youu collected $1 from pot
2g00d4youu: doesn't show hand 
*** SUMMARY ***
Total pot $1 | Rake $0 
Seat 1: z00mba
Seat 2: elcutez (button) folded before Flop (didn't bet)
Seat 3: BrilliantDawn84 (small blind) folded before Flop
Seat 4: 2g00d4youu (big blind) collected ($1)
Seat 5: Oli3579 folded before Flop (didn't bet)
Seat 6: Gaita_toien folded before Flop (didn't bet)



PokerStars Hand #254453851076:  Hold'em No Limit ($0.50/$1.00 USD) - 2025/01/19 19:37:57 WET [2025/01/19 14:37:57 ET]
Table 'Latona IV' 6-max Seat #3 is the button
Seat 1: z00mba ($113.87 in chips) is sitting out
Seat 2: elcutez ($191 in chips) 
Seat 3: BrilliantDawn84 ($103.60 in chips) 
Seat 4: 2g00d4youu ($100.50 in chips) 
Seat 5: Oli3579 ($100 in chips) 
Seat 6: Gaita_toien ($100 in chips) 
2g00d4youu: posts small blind $0.50
Oli3579: posts big blind $1
z00mba: sits out 
*** HOLE CARDS ***
Gaita_toien: folds 
elcutez: folds 
BrilliantDawn84: raises $1.50 to $2.50
elcutez leaves the table
2g00d4youu: folds 
z00mba leaves the table
Oli3579: calls $1.50
*** FLOP *** [9d 3d 4d]
Oli3579: checks 
BrilliantDawn84: bets $2.75
Oli3579: folds 
Uncalled bet ($2.75) returned to BrilliantDawn84
BrilliantDawn84 collected $5.22 from pot
BrilliantDawn84: doesn't show hand 
*** SUMMARY ***
Total pot $5.50 | Rake $0.28 
Board [9d 3d 4d]
Seat 1: z00mba
Seat 2: elcutez folded before Flop (didn't bet)
Seat 3: BrilliantDawn84 (button) collected ($5.22)
Seat 4: 2g00d4youu (small blind) folded before Flop
Seat 5: Oli3579 (big blind) folded on the Flop
Seat 6: Gaita_toien folded before Flop (didn't bet)



PokerStars Hand #254453863268:  Hold'em No Limit ($0.50/$1.00 USD) - 2025/01/19 19:38:29 WET [2025/01/19 14:38:29 ET]
Table 'Latona IV' 6-max Seat #4 is the button
Seat 3: BrilliantDawn84 ($106.32 in chips) 
Seat 4: 2g00d4youu ($100 in chips) 
Seat 5: Oli3579 ($100 in chips) 
Seat 6: Gaita_toien ($100 in chips) 
Oli3579: posts small blind $0.50
Gaita_toien: posts big blind $1
*** HOLE CARDS ***
BrilliantDawn84: folds 
2g00d4youu: raises $1.50 to $2.50
Oli3579: raises $8.50 to $11
Gaita_toien: folds 
2g00d4youu: folds 
Uncalled bet ($8.50) returned to Oli3579
Oli3579 collected $6 from pot
Oli3579: doesn't show hand 
*** SUMMARY ***
Total pot $6 | Rake $0 
Seat 3: BrilliantDawn84 folded before Flop (didn't bet)
Seat 4: 2g00d4youu (button) folded before Flop
Seat 5: Oli3579 (small blind) collected ($6)
Seat 6: Gaita_toien (big blind) folded before Flop



PokerStars Hand #254453872287:  Hold'em No Limit ($0.50/$1.00 USD) - 2025/01/19 19:38:53 WET [2025/01/19 14:38:53 ET]
Table 'Latona IV' 6-max Seat #5 is the button
Seat 3: BrilliantDawn84 ($106.32 in chips) 
Seat 4: 2g00d4youu ($100 in chips) 
Seat 5: Oli3579 ($103.50 in chips) 
Seat 6: Gaita_toien ($100 in chips) 
Gaita_toien: posts small blind $0.50
BrilliantDawn84: posts big blind $1
*** HOLE CARDS ***
2g00d4youu: folds 
Oli3579: folds 
Gaita_toien: raises $2 to $3
BrilliantDawn84: calls $2
*** FLOP *** [Td Kc 4s]
Gaita_toien: bets $1.65
BrilliantDawn84: raises $101.67 to $103.32 and is all-in
Gaita_toien: calls $95.35 and is all-in
Uncalled bet ($6.32) returned to BrilliantDawn84
*** TURN *** [Td Kc 4s] [Js]
*** RIVER *** [Td Kc 4s Js] [Qc]
*** SHOW DOWN ***
Gaita_toien: shows [Ac Kd] (a straight, Ten to Ace)
BrilliantDawn84: shows [Jh Qs] (two pair, Queens and Jacks)
Gaita_toien collected $199 from pot
*** SUMMARY ***
Total pot $200 | Rake $1 
Board [Td Kc 4s Js Qc]
Seat 3: BrilliantDawn84 (big blind) showed [Jh Qs] and lost with two pair, Queens and Jacks
Seat 4: 2g00d4youu folded before Flop (didn't bet)
Seat 5: Oli3579 (button) folded before Flop (didn't bet)
Seat 6: Gaita_toien (small blind) showed [Ac Kd] and won ($199) with a straight, Ten to Ace



PokerStars Hand #254453887703:  Hold'em No Limit ($0.50/$1.00 USD) - 2025/01/19 19:39:33 WET [2025/01/19 14:39:33 ET]
Table 'Latona IV' 6-max Seat #6 is the button
Seat 3: BrilliantDawn84 ($6.32 in chips) 
Seat 4: 2g00d4youu ($100 in chips) 
Seat 5: Oli3579 ($103.50 in chips) 
Seat 6: Gaita_toien ($199 in chips) 
BrilliantDawn84: posts small blind $0.50
2g00d4youu: posts big blind $1
*** HOLE CARDS ***
Oli3579: raises $1.25 to $2.25
Gaita_toien: folds 
BrilliantDawn84: folds 
2g00d4youu: raises $8.75 to $11
Oli3579: folds 
Uncalled bet ($8.75) returned to 2g00d4youu
2g00d4youu collected $5 from pot
2g00d4youu: doesn't show hand 
*** SUMMARY ***
Total pot $5 | Rake $0 
Seat 3: BrilliantDawn84 (small blind) folded before Flop
Seat 4: 2g00d4youu (big blind) collected ($5)
Seat 5: Oli3579 folded before Flop
Seat 6: Gaita_toien (button) folded before Flop (didn't bet)



PokerStars Hand #254453898150:  Hold'em No Limit ($0.50/$1.00 USD) - 2025/01/19 19:40:01 WET [2025/01/19 14:40:01 ET]
Table 'Latona IV' 6-max Seat #3 is the button
Seat 3: BrilliantDawn84 ($5.82 in chips) 
Seat 4: 2g00d4youu ($102.75 in chips) 
Seat 5: Oli3579 ($101.25 in chips) 
Seat 6: Gaita_toien ($199 in chips) 
2g00d4youu: posts small blind $0.50
Oli3579: posts big blind $1
*** HOLE CARDS ***
Gaita_toien: folds 
BrilliantDawn84: folds 
2g00d4youu: folds 
Uncalled bet ($0.50) returned to Oli3579
Oli3579 collected $1 from pot
Oli3579: doesn't show hand 
*** SUMMARY ***
Total pot $1 | Rake $0 
Seat 3: BrilliantDawn84 (button) folded before Flop (didn't bet)
Seat 4: 2g00d4youu (small blind) folded before Flop
Seat 5: Oli3579 (big blind) collected ($1)
Seat 6: Gaita_toien folded before Flop (didn't bet)



PokerStars Hand #254453903339:  Hold'em No Limit ($0.50/$1.00 USD) - 2025/01/19 19:40:15 WET [2025/01/19 14:40:15 ET]
Table 'Latona IV' 6-max Seat #4 is the button
Seat 6: Gaita_toien ($199 in chips) is sitting out
Seat 3: BrilliantDawn84 ($5.82 in chips) 
Seat 4: 2g00d4youu ($102.25 in chips) 
Seat 5: Oli3579 ($101.75 in chips) 
Oli3579: posts small blind $0.50
Gaita_toien: is sitting out 
BrilliantDawn84: posts big blind $1
*** HOLE CARDS ***
2g00d4youu: folds 
Oli3579: folds 
Uncalled bet ($0.50) returned to BrilliantDawn84
BrilliantDawn84 collected $1 from pot
BrilliantDawn84: doesn't show hand 
Gaita_toien leaves the table
*** SUMMARY ***
Total pot $1 | Rake $0 
Seat 6: Gaita_toien
Seat 3: BrilliantDawn84 (big blind) collected ($1)
Seat 4: 2g00d4youu (button) folded before Flop (didn't bet)
Seat 5: Oli3579 (small blind) folded before Flop



PokerStars Hand #254453906342:  Hold'em No Limit ($0.50/$1.00 USD) - 2025/01/19 19:40:23 WET [2025/01/19 14:40:23 ET]
Table 'Latona IV' 6-max Seat #5 is the button
Seat 3: BrilliantDawn84 ($6.32 in chips) 
Seat 4: 2g00d4youu ($102.25 in chips) 
Seat 5: Oli3579 ($101.25 in chips) 
BrilliantDawn84: posts small blind $0.50
2g00d4youu: posts big blind $1
*** HOLE CARDS ***
Oli3579: raises $1.25 to $2.25
BrilliantDawn84: folds 
2g00d4youu: folds 
Uncalled bet ($1.25) returned to Oli3579
Oli3579 collected $2.50 from pot
Oli3579: doesn't show hand 
*** SUMMARY ***
Total pot $2.50 | Rake $0 
Seat 3: BrilliantDawn84 (small blind) folded before Flop
Seat 4: 2g00d4youu (big blind) folded before Flop
Seat 5: Oli3579 (button) collected ($2.50)



PokerStars Hand #254453911776:  Hold'em No Limit ($0.50/$1.00 USD) - 2025/01/19 19:40:37 WET [2025/01/19 14:40:37 ET]
Table 'Latona IV' 6-max Seat #3 is the button
Seat 3: BrilliantDawn84 ($5.82 in chips) 
Seat 4: 2g00d4youu ($101.25 in chips) 
Seat 5: Oli3579 ($102.75 in chips) 
2g00d4youu: posts small blind $0.50
Oli3579: posts big blind $1
*** HOLE CARDS ***
BrilliantDawn84: raises $1.50 to $2.50
2g00d4youu: folds 
Oli3579: raises $5.25 to $7.75
BrilliantDawn84: calls $3.32 and is all-in
Uncalled bet ($1.93) returned to Oli3579
*** FLOP *** [Qh 7h 5c]
*** TURN *** [Qh 7h 5c] [Ts]
*** RIVER *** [Qh 7h 5c Ts] [Tc]
*** SHOW DOWN ***
Oli3579: shows [Ks Td] (three of a kind, Tens)
BrilliantDawn84: shows [Ac 5s] (two pair, Tens and Fives)
Oli3579 collected $11.53 from pot
*** SUMMARY ***
Total pot $12.14 | Rake $0.61 
Board [Qh 7h 5c Ts Tc]
Seat 3: BrilliantDawn84 (button) showed [Ac 5s] and lost with two pair, Tens and Fives
Seat 4: 2g00d4youu (small blind) folded before Flop
Seat 5: Oli3579 (big blind) showed [Ks Td] and won ($11.53) with three of a kind, Tens



PokerStars Hand #254453921016:  Hold'em No Limit ($0.50/$1.00 USD) - 2025/01/19 19:41:01 WET [2025/01/19 14:41:01 ET]
Table 'Latona IV' 6-max Seat #5 is the button
Seat 3: BrilliantDawn84 ($0 in chips) is sitting out
Seat 4: 2g00d4youu ($100.75 in chips) 
Seat 5: Oli3579 ($108.46 in chips) 
Oli3579: posts small blind $0.50
2g00d4youu: posts big blind $1
*** HOLE CARDS ***
BrilliantDawn84 leaves the table
Oli3579: raises $1.50 to $2.50
2g00d4youu: calls $1.50
*** FLOP *** [9c 9s 7c]
2g00d4youu: checks 
Oli3579: bets $1.57
2g00d4youu: folds 
Uncalled bet ($1.57) returned to Oli3579
Oli3579 collected $4.75 from pot
Oli3579: doesn't show hand 
*** SUMMARY ***
Total pot $5 | Rake $0.25 
Board [9c 9s 7c]
Seat 3: BrilliantDawn84
Seat 4: 2g00d4youu (big blind) folded on the Flop
Seat 5: Oli3579 (button) (small blind) collected ($4.75)



PokerStars Hand #254453941512:  Hold'em No Limit ($0.50/$1.00 USD) - 2025/01/19 19:41:55 WET [2025/01/19 14:41:55 ET]
Table 'Latona IV' 6-max Seat #4 is the button
Seat 4: 2g00d4youu ($100 in chips) 
Seat 5: Oli3579 ($110.71 in chips) 
2g00d4youu: posts small blind $0.50
Oli3579: posts big blind $1
*** HOLE CARDS ***
2g00d4youu: raises $1.50 to $2.50
Oli3579: calls $1.50
*** FLOP *** [2s 6c 4c]
Oli3579: checks 
2g00d4youu: checks 
*** TURN *** [2s 6c 4c] [Ks]
Oli3579: checks 
2g00d4youu: bets $3.56
Oli3579: folds 
Uncalled bet ($3.56) returned to 2g00d4youu
2g00d4youu collected $4.75 from pot
2g00d4youu: doesn't show hand 
*** SUMMARY ***
Total pot $5 | Rake $0.25 
Board [2s 6c 4c Ks]
Seat 4: 2g00d4youu (button) (small blind) collected ($4.75)
Seat 5: Oli3579 (big blind) folded on the Turn



PokerStars Hand #254454216418:  Hold'em No Limit ($0.50/$1.00 USD) - 2025/01/19 19:54:04 WET [2025/01/19 14:54:04 ET]
Table 'Latona IV' 6-max Seat #5 is the button
Seat 1: sesiomp12 ($40 in chips) 
Seat 2: nastja336 ($100 in chips) 
Seat 3: MAO_DZEDYN_S ($100 in chips) 
Seat 4: Nicedaymybro ($100 in chips) 
Seat 5: aoish30 ($100 in chips) 
Seat 6: Manifestorr ($100 in chips) 
Manifestorr: posts small blind $0.50
sesiomp12: posts big blind $1
*** HOLE CARDS ***
nastja336: folds 
MAO_DZEDYN_S: raises $1.25 to $2.25
Nicedaymybro: folds 
aoish30: calls $2.25
Manifestorr: folds 
sesiomp12: calls $1.25
*** FLOP *** [3c 5c 5h]
sesiomp12: checks 
MAO_DZEDYN_S: checks 
aoish30: bets $5.17
sesiomp12: folds 
MAO_DZEDYN_S: folds 
Uncalled bet ($5.17) returned to aoish30
aoish30 collected $6.89 from pot
aoish30: doesn't show hand 
*** SUMMARY ***
Total pot $7.25 | Rake $0.36 
Board [3c 5c 5h]
Seat 1: sesiomp12 (big blind) folded on the Flop
Seat 2: nastja336 folded before Flop (didn't bet)
Seat 3: MAO_DZEDYN_S folded on the Flop
Seat 4: Nicedaymybro folded before Flop (didn't bet)
Seat 5: aoish30 (button) collected ($6.89)
Seat 6: Manifestorr (small blind) folded before Flop



PokerStars Hand #254454242969:  Hold'em No Limit ($0.50/$1.00 USD) - 2025/01/19 19:55:23 WET [2025/01/19 14:55:23 ET]
Table 'Latona IV' 6-max Seat #6 is the button
Seat 1: sesiomp12 ($37.75 in chips) 
Seat 2: nastja336 ($100 in chips) 
Seat 3: MAO_DZEDYN_S ($100 in chips) 
Seat 4: Nicedaymybro ($100 in chips) 
Seat 5: aoish30 ($104.64 in chips) 
Seat 6: Manifestorr ($100 in chips) 
sesiomp12: posts small blind $0.50
nastja336: posts big blind $1
*** HOLE CARDS ***
MAO_DZEDYN_S: folds 
Nicedaymybro: raises $1.50 to $2.50
aoish30: folds 
Manifestorr: folds 
sesiomp12: folds 
nastja336: calls $1.50
*** FLOP *** [Kc Js 7h]
nastja336: checks 
Nicedaymybro: bets $1.72
nastja336: folds 
Uncalled bet ($1.72) returned to Nicedaymybro
Nicedaymybro collected $5.22 from pot
Nicedaymybro: doesn't show hand 
*** SUMMARY ***
Total pot $5.50 | Rake $0.28 
Board [Kc Js 7h]
Seat 1: sesiomp12 (small blind) folded before Flop
Seat 2: nastja336 (big blind) folded on the Flop
Seat 3: MAO_DZEDYN_S folded before Flop (didn't bet)
Seat 4: Nicedaymybro collected ($5.22)
Seat 5: aoish30 folded before Flop (didn't bet)
Seat 6: Manifestorr (button) folded before Flop (didn't bet)



PokerStars Hand #254454250941:  Hold'em No Limit ($0.50/$1.00 USD) - 2025/01/19 19:55:59 WET [2025/01/19 14:55:59 ET]
Table 'Latona IV' 6-max Seat #1 is the button
Seat 1: sesiomp12 ($37.25 in chips) 
Seat 2: nastja336 ($100 in chips) 
Seat 3: MAO_DZEDYN_S ($100 in chips) 
Seat 4: Nicedaymybro ($102.72 in chips) 
Seat 5: aoish30 ($104.64 in chips) 
Seat 6: Manifestorr ($100 in chips) 
nastja336: posts small blind $0.50
MAO_DZEDYN_S: posts big blind $1
*** HOLE CARDS ***
Nicedaymybro: raises $1.50 to $2.50
aoish30: folds 
Manifestorr: folds 
sesiomp12: folds 
nastja336: folds 
MAO_DZEDYN_S: folds 
Uncalled bet ($1.50) returned to Nicedaymybro
Nicedaymybro collected $2.50 from pot
Nicedaymybro: doesn't show hand 
*** SUMMARY ***
Total pot $2.50 | Rake $0 
Seat 1: sesiomp12 (button) folded before Flop (didn't bet)
Seat 2: nastja336 (small blind) folded before Flop
Seat 3: MAO_DZEDYN_S (big blind) folded before Flop
Seat 4: Nicedaymybro collected ($2.50)
Seat 5: aoish30 folded before Flop (didn't bet)
Seat 6: Manifestorr folded before Flop (didn't bet)



PokerStars Hand #254454255387:  Hold'em No Limit ($0.50/$1.00 USD) - 2025/01/19 19:56:19 WET [2025/01/19 14:56:19 ET]
Table 'Latona IV' 6-max Seat #2 is the button
Seat 1: sesiomp12 ($37.25 in chips) 
Seat 2: nastja336 ($100 in chips) 
Seat 3: MAO_DZEDYN_S ($100 in chips) 
Seat 4: Nicedaymybro ($104.22 in chips) 
Seat 5: aoish30 ($104.64 in chips) 
Seat 6: Manifestorr ($100 in chips) 
MAO_DZEDYN_S: posts small blind $0.50
Nicedaymybro: posts big blind $1
*** HOLE CARDS ***
aoish30: folds 
Manifestorr: folds 
sesiomp12: raises $1 to $2
nastja336: folds 
MAO_DZEDYN_S: folds 
Nicedaymybro: calls $1
*** FLOP *** [As 9h Tc]
Nicedaymybro: checks 
sesiomp12: checks 
*** TURN *** [As 9h Tc] [6d]
Nicedaymybro: bets $3.21
sesiomp12: calls $3.21
*** RIVER *** [As 9h Tc 6d] [Jd]
Nicedaymybro: bets $7.80
sesiomp12: folds 
Uncalled bet ($7.80) returned to Nicedaymybro
Nicedaymybro collected $10.37 from pot
Nicedaymybro: doesn't show hand 
*** SUMMARY ***
Total pot $10.92 | Rake $0.55 
Board [As 9h Tc 6d Jd]
Seat 1: sesiomp12 folded on the River
Seat 2: nastja336 (button) folded before Flop (didn't bet)
Seat 3: MAO_DZEDYN_S (small blind) folded before Flop
Seat 4: Nicedaymybro (big blind) collected ($10.37)
Seat 5: aoish30 folded before Flop (didn't bet)
Seat 6: Manifestorr folded before Flop (didn't bet)



PokerStars Hand #254454264607:  Hold'em No Limit ($0.50/$1.00 USD) - 2025/01/19 19:57:01 WET [2025/01/19 14:57:01 ET]
Table 'Latona IV' 6-max Seat #3 is the button
Seat 1: sesiomp12 ($32.04 in chips) 
Seat 2: nastja336 ($100 in chips) 
Seat 3: MAO_DZEDYN_S ($100 in chips) 
Seat 4: Nicedaymybro ($109.38 in chips) 
Seat 5: aoish30 ($104.64 in chips) 
Seat 6: Manifestorr ($100 in chips) 
Nicedaymybro: posts small blind $0.50
aoish30: posts big blind $1
*** HOLE CARDS ***
Manifestorr: folds 
sesiomp12: raises $2 to $3
nastja336: folds 
MAO_DZEDYN_S: folds 
Nicedaymybro: raises $9 to $12
aoish30: folds 
sesiomp12: calls $9
*** FLOP *** [7d Qs 7h]
Nicedaymybro: checks 
sesiomp12: bets $20.04 and is all-in
Nicedaymybro: calls $20.04
*** TURN *** [7d Qs 7h] [9s]
*** RIVER *** [7d Qs 7h 9s] [5h]
*** SHOW DOWN ***
Nicedaymybro: shows [9c 9d] (a full house, Nines full of Sevens)
sesiomp12: shows [Jd Js] (two pair, Jacks and Sevens)
Nicedaymybro collected $62.58 from pot
*** SUMMARY ***
Total pot $65.08 | Rake $2.50 
Board [7d Qs 7h 9s 5h]
Seat 1: sesiomp12 showed [Jd Js] and lost with two pair, Jacks and Sevens
Seat 2: nastja336 folded before Flop (didn't bet)
Seat 3: MAO_DZEDYN_S (button) folded before Flop (didn't bet)
Seat 4: Nicedaymybro (small blind) showed [9c 9d] and won ($62.58) with a full house, Nines full of Sevens
Seat 5: aoish30 (big blind) folded before Flop
Seat 6: Manifestorr folded before Flop (didn't bet)



PokerStars Hand #254454275422:  Hold'em No Limit ($0.50/$1.00 USD) - 2025/01/19 19:57:49 WET [2025/01/19 14:57:49 ET]
Table 'Latona IV' 6-max Seat #4 is the button
Seat 1: sesiomp12 ($0 in chips) is sitting out
Seat 2: nastja336 ($100 in chips) is sitting out
Seat 6: Manifestorr ($100 in chips) is sitting out
Seat 3: MAO_DZEDYN_S ($100 in chips) 
Seat 4: Nicedaymybro ($139.92 in chips) 
Seat 5: aoish30 ($103.64 in chips) 
aoish30: posts small blind $0.50
Manifestorr: is sitting out 
nastja336: is sitting out 
MAO_DZEDYN_S: posts big blind $1
*** HOLE CARDS ***
Nicedaymybro: folds 
nastja336 leaves the table
Manifestorr leaves the table
aoish30: raises $2 to $3
MAO_DZEDYN_S: folds 
Uncalled bet ($2) returned to aoish30
aoish30 collected $2 from pot
aoish30: doesn't show hand 
kevpolley joins the table at seat #6 
kevpolley is disconnected 
*** SUMMARY ***
Total pot $2 | Rake $0 
Seat 1: sesiomp12
Seat 2: nastja336
Seat 6: Manifestorr
Seat 3: MAO_DZEDYN_S (big blind) folded before Flop
Seat 4: Nicedaymybro (button) folded before Flop (didn't bet)
Seat 5: aoish30 (small blind) collected ($2)



PokerStars Hand #254454278451:  Hold'em No Limit ($0.50/$1.00 USD) - 2025/01/19 19:58:03 WET [2025/01/19 14:58:03 ET]
Table 'Latona IV' 6-max Seat #5 is the button
Seat 1: sesiomp12 ($40 in chips) is sitting out
Seat 6: kevpolley ($59.83 in chips) is sitting out
Seat 3: MAO_DZEDYN_S ($100 in chips) 
Seat 4: Nicedaymybro ($139.92 in chips) 
Seat 5: aoish30 ($104.64 in chips) 
MAO_DZEDYN_S: posts small blind $0.50
BoyLoc0 joins the table at seat #2 
Nicedaymybro: posts big blind $1
*** HOLE CARDS ***
aoish30: raises $1.50 to $2.50
MAO_DZEDYN_S: folds 
Nicedaymybro: folds 
Uncalled bet ($1.50) returned to aoish30
aoish30 collected $2.50 from pot
aoish30: doesn't show hand 
*** SUMMARY ***
Total pot $2.50 | Rake $0 
Seat 1: sesiomp12
Seat 6: kevpolley
Seat 3: MAO_DZEDYN_S (small blind) folded before Flop
Seat 4: Nicedaymybro (big blind) folded before Flop
Seat 5: aoish30 (button) collected ($2.50)



PokerStars Hand #254454319173:  Hold'em No Limit ($0.50/$1.00 USD) - 2025/01/19 20:00:58 WET [2025/01/19 15:00:58 ET]
Table 'Latona IV' 6-max Seat #2 is the button
Seat 1: sesiomp12 ($81.58 in chips) 
Seat 2: BoyLoc0 ($101 in chips) 
Seat 3: MAO_DZEDYN_S ($101.50 in chips) 
Seat 4: Nicedaymybro ($100 in chips) 
Seat 5: aoish30 ($104.64 in chips) 
Seat 6: kevpolley ($55.83 in chips) 
MAO_DZEDYN_S: posts small blind $0.50
Nicedaymybro: posts big blind $1
*** HOLE CARDS ***
aoish30: folds 
kevpolley: folds 
sesiomp12: calls $1
BoyLoc0: folds 
MAO_DZEDYN_S: folds 
Nicedaymybro: checks 
*** FLOP *** [8d Tc 2s]
Nicedaymybro: checks 
sesiomp12: bets $1.19
Nicedaymybro: folds 
Uncalled bet ($1.19) returned to sesiomp12
sesiomp12 collected $2.38 from pot
sesiomp12: doesn't show hand 
*** SUMMARY ***
Total pot $2.50 | Rake $0.12 
Board [8d Tc 2s]
Seat 1: sesiomp12 collected ($2.38)
Seat 2: BoyLoc0 (button) folded before Flop (didn't bet)
Seat 3: MAO_DZEDYN_S (small blind) folded before Flop
Seat 4: Nicedaymybro (big blind) folded on the Flop
Seat 5: aoish30 folded before Flop (didn't bet)
Seat 6: kevpolley folded before Flop (didn't bet)



PokerStars Hand #254454329042:  Hold'em No Limit ($0.50/$1.00 USD) - 2025/01/19 20:01:33 WET [2025/01/19 15:01:33 ET]
Table 'Latona IV' 6-max Seat #3 is the button
Seat 1: sesiomp12 ($82.96 in chips) 
Seat 2: BoyLoc0 ($101 in chips) 
Seat 3: MAO_DZEDYN_S ($101 in chips) 
Seat 4: Nicedaymybro ($100 in chips) 
Seat 5: aoish30 ($104.64 in chips) 
Seat 6: kevpolley ($55.83 in chips) 
Nicedaymybro: posts small blind $0.50
aoish30: posts big blind $1
*** HOLE CARDS ***
kevpolley: raises $2 to $3
sesiomp12: calls $3
BoyLoc0: folds 
MAO_DZEDYN_S: folds 
Nicedaymybro: folds 
aoish30: calls $2
*** FLOP *** [Ah 6s Qs]
aoish30: checks 
kevpolley: checks 
sesiomp12: checks 
*** TURN *** [Ah 6s Qs] [2c]
aoish30: checks 
kevpolley: checks 
sesiomp12: bets $4.51
aoish30: folds 
kevpolley: folds 
Uncalled bet ($4.51) returned to sesiomp12
sesiomp12 collected $9.02 from pot
sesiomp12: doesn't show hand 
*** SUMMARY ***
Total pot $9.50 | Rake $0.48 
Board [Ah 6s Qs 2c]
Seat 1: sesiomp12 collected ($9.02)
Seat 2: BoyLoc0 folded before Flop (didn't bet)
Seat 3: MAO_DZEDYN_S (button) folded before Flop (didn't bet)
Seat 4: Nicedaymybro (small blind) folded before Flop
Seat 5: aoish30 (big blind) folded on the Turn
Seat 6: kevpolley folded on the Turn



PokerStars Hand #254454346653:  Hold'em No Limit ($0.50/$1.00 USD) - 2025/01/19 20:02:27 WET [2025/01/19 15:02:27 ET]
Table 'Latona IV' 6-max Seat #4 is the button
Seat 1: sesiomp12 ($88.98 in chips) 
Seat 2: BoyLoc0 ($101 in chips) 
Seat 3: MAO_DZEDYN_S ($101 in chips) 
Seat 4: Nicedaymybro ($100 in chips) 
Seat 5: aoish30 ($101.64 in chips) 
Seat 6: kevpolley ($52.83 in chips) 
aoish30: posts small blind $0.50
kevpolley: posts big blind $1
*** HOLE CARDS ***
sesiomp12: folds 
BoyLoc0: raises $1.50 to $2.50
MAO_DZEDYN_S: folds 
Nicedaymybro: folds 
aoish30: folds 
kevpolley: folds 
Uncalled bet ($1.50) returned to BoyLoc0
BoyLoc0 collected $2.50 from pot
BoyLoc0: doesn't show hand 
*** SUMMARY ***
Total pot $2.50 | Rake $0 
Seat 1: sesiomp12 folded before Flop (didn't bet)
Seat 2: BoyLoc0 collected ($2.50)
Seat 3: MAO_DZEDYN_S folded before Flop (didn't bet)
Seat 4: Nicedaymybro (button) folded before Flop (didn't bet)
Seat 5: aoish30 (small blind) folded before Flop
Seat 6: kevpolley (big blind) folded before Flop



PokerStars Hand #254454352305:  Hold'em No Limit ($0.50/$1.00 USD) - 2025/01/19 20:02:43 WET [2025/01/19 15:02:43 ET]
Table 'Latona IV' 6-max Seat #5 is the button
Seat 1: sesiomp12 ($88.98 in chips) 
Seat 2: BoyLoc0 ($102.50 in chips) 
Seat 3: MAO_DZEDYN_S ($101 in chips) 
Seat 4: Nicedaymybro ($100 in chips) 
Seat 5: aoish30 ($101.14 in chips) 
Seat 6: kevpolley ($51.83 in chips) 
kevpolley: posts small blind $0.50
sesiomp12: posts big blind $1
*** HOLE CARDS ***
BoyLoc0: folds 
MAO_DZEDYN_S: raises $1.25 to $2.25
Nicedaymybro: folds 
aoish30: folds 
kevpolley: folds 
sesiomp12: calls $1.25
*** FLOP *** [4c Qc 3d]
sesiomp12: bets $2.38
MAO_DZEDYN_S: calls $2.38
*** TURN *** [4c Qc 3d] [5c]
sesiomp12: checks 
MAO_DZEDYN_S: checks 
*** RIVER *** [4c Qc 3d 5c] [As]
sesiomp12: checks 
MAO_DZEDYN_S: bets $4.77
sesiomp12: folds 
Uncalled bet ($4.77) returned to MAO_DZEDYN_S
MAO_DZEDYN_S collected $9.27 from pot
MAO_DZEDYN_S: doesn't show hand 
*** SUMMARY ***
Total pot $9.76 | Rake $0.49 
Board [4c Qc 3d 5c As]
Seat 1: sesiomp12 (big blind) folded on the River
Seat 2: BoyLoc0 folded before Flop (didn't bet)
Seat 3: MAO_DZEDYN_S collected ($9.27)
Seat 4: Nicedaymybro folded before Flop (didn't bet)
Seat 5: aoish30 (button) folded before Flop (didn't bet)
Seat 6: kevpolley (small blind) folded before Flop



PokerStars Hand #254454379961:  Hold'em No Limit ($0.50/$1.00 USD) - 2025/01/19 20:04:00 WET [2025/01/19 15:04:00 ET]
Table 'Latona IV' 6-max Seat #6 is the button
Seat 1: sesiomp12 ($84.35 in chips) 
Seat 2: BoyLoc0 ($102.50 in chips) 
Seat 3: MAO_DZEDYN_S ($105.64 in chips) 
Seat 4: Nicedaymybro ($100 in chips) 
Seat 5: aoish30 ($101.14 in chips) 
Seat 6: kevpolley ($51.33 in chips) 
sesiomp12: posts small blind $0.50
BoyLoc0: posts big blind $1
*** HOLE CARDS ***
MAO_DZEDYN_S: folds 
Nicedaymybro: folds 
aoish30: folds 
kevpolley: folds 
sesiomp12: calls $0.50
BoyLoc0: raises $3 to $4
sesiomp12: folds 
Uncalled bet ($3) returned to BoyLoc0
BoyLoc0 collected $2 from pot
BoyLoc0: doesn't show hand 
*** SUMMARY ***
Total pot $2 | Rake $0 
Seat 1: sesiomp12 (small blind) folded before Flop
Seat 2: BoyLoc0 (big blind) collected ($2)
Seat 3: MAO_DZEDYN_S folded before Flop (didn't bet)
Seat 4: Nicedaymybro folded before Flop (didn't bet)
Seat 5: aoish30 folded before Flop (didn't bet)
Seat 6: kevpolley (button) folded before Flop (didn't bet)



PokerStars Hand #254454388266:  Hold'em No Limit ($0.50/$1.00 USD) - 2025/01/19 20:04:23 WET [2025/01/19 15:04:23 ET]
Table 'Latona IV' 6-max Seat #1 is the button
Seat 1: sesiomp12 ($83.35 in chips) 
Seat 2: BoyLoc0 ($103.50 in chips) 
Seat 3: MAO_DZEDYN_S ($105.64 in chips) 
Seat 4: Nicedaymybro ($100 in chips) 
Seat 5: aoish30 ($101.14 in chips) 
Seat 6: kevpolley ($51.33 in chips) 
BoyLoc0: posts small blind $0.50
MAO_DZEDYN_S: posts big blind $1
*** HOLE CARDS ***
Nicedaymybro: folds 
aoish30: folds 
kevpolley: folds 
sesiomp12: folds 
BoyLoc0: raises $2 to $3
MAO_DZEDYN_S: folds 
Uncalled bet ($2) returned to BoyLoc0
BoyLoc0 collected $2 from pot
BoyLoc0: doesn't show hand 
*** SUMMARY ***
Total pot $2 | Rake $0 
Seat 1: sesiomp12 (button) folded before Flop (didn't bet)
Seat 2: BoyLoc0 (small blind) collected ($2)
Seat 3: MAO_DZEDYN_S (big blind) folded before Flop
Seat 4: Nicedaymybro folded before Flop (didn't bet)
Seat 5: aoish30 folded before Flop (didn't bet)
Seat 6: kevpolley folded before Flop (didn't bet)



PokerStars Hand #254454394831:  Hold'em No Limit ($0.50/$1.00 USD) - 2025/01/19 20:04:40 WET [2025/01/19 15:04:40 ET]
Table 'Latona IV' 6-max Seat #2 is the button
Seat 1: sesiomp12 ($83.35 in chips) 
Seat 2: BoyLoc0 ($104.50 in chips) 
Seat 3: MAO_DZEDYN_S ($104.64 in chips) 
Seat 4: Nicedaymybro ($100 in chips) 
Seat 5: aoish30 ($101.14 in chips) 
Seat 6: kevpolley ($51.33 in chips) 
MAO_DZEDYN_S: posts small blind $0.50
Nicedaymybro: posts big blind $1
*** HOLE CARDS ***
aoish30: folds 
kevpolley: folds 
sesiomp12: folds 
BoyLoc0: raises $1.50 to $2.50
MAO_DZEDYN_S: folds 
Nicedaymybro: calls $1.50
*** FLOP *** [8d Qd 3s]
Nicedaymybro: checks 
BoyLoc0: checks 
*** TURN *** [8d Qd 3s] [6c]
Nicedaymybro: checks 
BoyLoc0: checks 
*** RIVER *** [8d Qd 3s 6c] [Ks]
Nicedaymybro: checks 
BoyLoc0: bets $3.92
Nicedaymybro: folds 
Uncalled bet ($3.92) returned to BoyLoc0
BoyLoc0 collected $5.22 from pot
BoyLoc0: doesn't show hand 
*** SUMMARY ***
Total pot $5.50 | Rake $0.28 
Board [8d Qd 3s 6c Ks]
Seat 1: sesiomp12 folded before Flop (didn't bet)
Seat 2: BoyLoc0 (button) collected ($5.22)
Seat 3: MAO_DZEDYN_S (small blind) folded before Flop
Seat 4: Nicedaymybro (big blind) folded on the River
Seat 5: aoish30 folded before Flop (didn't bet)
Seat 6: kevpolley folded before Flop (didn't bet)



PokerStars Hand #254454416071:  Hold'em No Limit ($0.50/$1.00 USD) - 2025/01/19 20:05:34 WET [2025/01/19 15:05:34 ET]
Table 'Latona IV' 6-max Seat #3 is the button
Seat 1: sesiomp12 ($83.35 in chips) 
Seat 2: BoyLoc0 ($107.22 in chips) 
Seat 3: MAO_DZEDYN_S ($104.14 in chips) 
Seat 4: Nicedaymybro ($100 in chips) 
Seat 5: aoish30 ($101.14 in chips) 
Seat 6: kevpolley ($51.33 in chips) 
Nicedaymybro: posts small blind $0.50
aoish30: posts big blind $1
*** HOLE CARDS ***
kevpolley: folds 
sesiomp12: folds 
BoyLoc0: folds 
MAO_DZEDYN_S: raises $1.50 to $2.50
Nicedaymybro: folds 
aoish30: folds 
Uncalled bet ($1.50) returned to MAO_DZEDYN_S
MAO_DZEDYN_S collected $2.50 from pot
MAO_DZEDYN_S: doesn't show hand 
*** SUMMARY ***
Total pot $2.50 | Rake $0 
Seat 1: sesiomp12 folded before Flop (didn't bet)
Seat 2: BoyLoc0 folded before Flop (didn't bet)
Seat 3: MAO_DZEDYN_S (button) collected ($2.50)
Seat 4: Nicedaymybro (small blind) folded before Flop
Seat 5: aoish30 (big blind) folded before Flop
Seat 6: kevpolley folded before Flop (didn't bet)



PokerStars Hand #254454421927:  Hold'em No Limit ($0.50/$1.00 USD) - 2025/01/19 20:05:49 WET [2025/01/19 15:05:49 ET]
Table 'Latona IV' 6-max Seat #4 is the button
Seat 1: sesiomp12 ($83.35 in chips) 
Seat 2: BoyLoc0 ($107.22 in chips) 
Seat 3: MAO_DZEDYN_S ($105.64 in chips) 
Seat 4: Nicedaymybro ($100 in chips) 
Seat 5: aoish30 ($100.14 in chips) 
Seat 6: kevpolley ($51.33 in chips) 
aoish30: posts small blind $0.50
kevpolley: posts big blind $1
*** HOLE CARDS ***
sesiomp12: folds 
BoyLoc0: folds 
MAO_DZEDYN_S: folds 
Nicedaymybro: folds 
aoish30: folds 
Uncalled bet ($0.50) returned to kevpolley
kevpolley collected $1 from pot
*** SUMMARY ***
Total pot $1 | Rake $0 
Seat 1: sesiomp12 folded before Flop (didn't bet)
Seat 2: BoyLoc0 folded before Flop (didn't bet)
Seat 3: MAO_DZEDYN_S folded before Flop (didn't bet)
Seat 4: Nicedaymybro (button) folded before Flop (didn't bet)
Seat 5: aoish30 (small blind) folded before Flop
Seat 6: kevpolley (big blind) collected ($1)



PokerStars Hand #254454426388:  Hold'em No Limit ($0.50/$1.00 USD) - 2025/01/19 20:06:00 WET [2025/01/19 15:06:00 ET]
Table 'Latona IV' 6-max Seat #5 is the button
Seat 1: sesiomp12 ($83.35 in chips) 
Seat 2: BoyLoc0 ($107.22 in chips) 
Seat 3: MAO_DZEDYN_S ($105.64 in chips) 
Seat 4: Nicedaymybro ($100 in chips) 
Seat 5: aoish30 ($100 in chips) 
Seat 6: kevpolley ($51.83 in chips) 
kevpolley: posts small blind $0.50
sesiomp12: posts big blind $1
*** HOLE CARDS ***
BoyLoc0: folds 
MAO_DZEDYN_S: folds 
Nicedaymybro: folds 
aoish30: folds 
kevpolley: folds 
Uncalled bet ($0.50) returned to sesiomp12
sesiomp12 collected $1 from pot
sesiomp12: doesn't show hand 
*** SUMMARY ***
Total pot $1 | Rake $0 
Seat 1: sesiomp12 (big blind) collected ($1)
Seat 2: BoyLoc0 folded before Flop (didn't bet)
Seat 3: MAO_DZEDYN_S folded before Flop (didn't bet)
Seat 4: Nicedaymybro folded before Flop (didn't bet)
Seat 5: aoish30 (button) folded before Flop (didn't bet)
Seat 6: kevpolley (small blind) folded before Flop



PokerStars Hand #254454430789:  Hold'em No Limit ($0.50/$1.00 USD) - 2025/01/19 20:06:12 WET [2025/01/19 15:06:12 ET]
Table 'Latona IV' 6-max Seat #6 is the button
Seat 1: sesiomp12 ($83.85 in chips) 
Seat 2: BoyLoc0 ($107.22 in chips) 
Seat 3: MAO_DZEDYN_S ($105.64 in chips) 
Seat 4: Nicedaymybro ($100 in chips) 
Seat 5: aoish30 ($100 in chips) 
Seat 6: kevpolley ($51.33 in chips) 
sesiomp12: posts small blind $0.50
BoyLoc0: posts big blind $1
*** HOLE CARDS ***
MAO_DZEDYN_S: raises $1.25 to $2.25
Nicedaymybro: folds 
aoish30: folds 
kevpolley: folds 
sesiomp12: calls $1.75
BoyLoc0: folds 
*** FLOP *** [Kh Jd 5c]
sesiomp12: checks 
MAO_DZEDYN_S: bets $1.25
sesiomp12: calls $1.25
*** TURN *** [Kh Jd 5c] [Jh]
sesiomp12: checks 
MAO_DZEDYN_S: checks 
*** RIVER *** [Kh Jd 5c Jh] [4h]
sesiomp12: bets $3
MAO_DZEDYN_S: calls $3
*** SHOW DOWN ***
sesiomp12: shows [Jc Th] (three of a kind, Jacks)
MAO_DZEDYN_S: mucks hand 
sesiomp12 collected $13.30 from pot
*** SUMMARY ***
Total pot $14 | Rake $0.70 
Board [Kh Jd 5c Jh 4h]
Seat 1: sesiomp12 (small blind) showed [Jc Th] and won ($13.30) with three of a kind, Jacks
Seat 2: BoyLoc0 (big blind) folded before Flop
Seat 3: MAO_DZEDYN_S mucked
Seat 4: Nicedaymybro folded before Flop (didn't bet)
Seat 5: aoish30 folded before Flop (didn't bet)
Seat 6: kevpolley (button) folded before Flop (didn't bet)



PokerStars Hand #254454453479:  Hold'em No Limit ($0.50/$1.00 USD) - 2025/01/19 20:07:09 WET [2025/01/19 15:07:09 ET]
Table 'Latona IV' 6-max Seat #1 is the button
Seat 1: sesiomp12 ($90.65 in chips) 
Seat 2: BoyLoc0 ($106.22 in chips) 
Seat 3: MAO_DZEDYN_S ($100 in chips) 
Seat 4: Nicedaymybro ($100 in chips) 
Seat 5: aoish30 ($100 in chips) 
Seat 6: kevpolley ($51.33 in chips) 
BoyLoc0: posts small blind $0.50
MAO_DZEDYN_S: posts big blind $1
*** HOLE CARDS ***
Nicedaymybro: folds 
aoish30: folds 
kevpolley: folds 
sesiomp12: folds 
BoyLoc0: folds 
Uncalled bet ($0.50) returned to MAO_DZEDYN_S
MAO_DZEDYN_S collected $1 from pot
MAO_DZEDYN_S: doesn't show hand 
*** SUMMARY ***
Total pot $1 | Rake $0 
Seat 1: sesiomp12 (button) folded before Flop (didn't bet)
Seat 2: BoyLoc0 (small blind) folded before Flop
Seat 3: MAO_DZEDYN_S (big blind) collected ($1)
Seat 4: Nicedaymybro folded before Flop (didn't bet)
Seat 5: aoish30 folded before Flop (didn't bet)
Seat 6: kevpolley folded before Flop (didn't bet)



PokerStars Hand #254454459512:  Hold'em No Limit ($0.50/$1.00 USD) - 2025/01/19 20:07:25 WET [2025/01/19 15:07:25 ET]
Table 'Latona IV' 6-max Seat #2 is the button
Seat 1: sesiomp12 ($90.65 in chips) 
Seat 2: BoyLoc0 ($105.72 in chips) 
Seat 3: MAO_DZEDYN_S ($100.50 in chips) 
Seat 4: Nicedaymybro ($100 in chips) 
Seat 5: aoish30 ($100 in chips) 
Seat 6: kevpolley ($51.33 in chips) 
MAO_DZEDYN_S: posts small blind $0.50
Nicedaymybro: posts big blind $1
*** HOLE CARDS ***
aoish30: folds 
kevpolley: raises $2 to $3
sesiomp12: calls $3
BoyLoc0: calls $3
MAO_DZEDYN_S: folds 
Nicedaymybro: folds 
*** FLOP *** [6s 4h 5h]
kevpolley: bets $4.99
sesiomp12: calls $4.99
BoyLoc0: raises $12.48 to $17.47
kevpolley: calls $12.48
sesiomp12: calls $12.48
*** TURN *** [6s 4h 5h] [2s]
kevpolley: checks 
sesiomp12: checks 
BoyLoc0: bets $85.25 and is all-in
kevpolley: folds 
sesiomp12: calls $70.18 and is all-in
Uncalled bet ($15.07) returned to BoyLoc0
*** RIVER *** [6s 4h 5h 2s] [3c]
*** SHOW DOWN ***
sesiomp12: shows [3d Ah] (a straight, Deuce to Six)
BoyLoc0: shows [4c 4s] (a straight, Deuce to Six)
sesiomp12 collected $100.39 from pot
BoyLoc0 collected $100.38 from pot
*** SUMMARY ***
Total pot $203.27 | Rake $2.50 
Board [6s 4h 5h 2s 3c]
Seat 1: sesiomp12 showed [3d Ah] and won ($100.39) with a straight, Deuce to Six
Seat 2: BoyLoc0 (button) showed [4c 4s] and won ($100.38) with a straight, Deuce to Six
Seat 3: MAO_DZEDYN_S (small blind) folded before Flop
Seat 4: Nicedaymybro (big blind) folded before Flop
Seat 5: aoish30 folded before Flop (didn't bet)
Seat 6: kevpolley folded on the Turn



PokerStars Hand #254454487308:  Hold'em No Limit ($0.50/$1.00 USD) - 2025/01/19 20:08:36 WET [2025/01/19 15:08:36 ET]
Table 'Latona IV' 6-max Seat #3 is the button
Seat 1: sesiomp12 ($100.39 in chips) 
Seat 2: BoyLoc0 ($115.45 in chips) 
Seat 3: MAO_DZEDYN_S ($100 in chips) 
Seat 4: Nicedaymybro ($100 in chips) 
Seat 5: aoish30 ($100 in chips) 
Seat 6: kevpolley ($30.86 in chips) 
Nicedaymybro: posts small blind $0.50
aoish30: posts big blind $1
*** HOLE CARDS ***
kevpolley: folds 
sesiomp12: folds 
BoyLoc0: folds 
MAO_DZEDYN_S: folds 
Nicedaymybro: raises $2 to $3
aoish30: folds 
Uncalled bet ($2) returned to Nicedaymybro
Nicedaymybro collected $2 from pot
Nicedaymybro: doesn't show hand 
*** SUMMARY ***
Total pot $2 | Rake $0 
Seat 1: sesiomp12 folded before Flop (didn't bet)
Seat 2: BoyLoc0 folded before Flop (didn't bet)
Seat 3: MAO_DZEDYN_S (button) folded before Flop (didn't bet)
Seat 4: Nicedaymybro (small blind) collected ($2)
Seat 5: aoish30 (big blind) folded before Flop
Seat 6: kevpolley folded before Flop (didn't bet)



PokerStars Hand #254454493072:  Hold'em No Limit ($0.50/$1.00 USD) - 2025/01/19 20:08:50 WET [2025/01/19 15:08:50 ET]
Table 'Latona IV' 6-max Seat #4 is the button
Seat 1: sesiomp12 ($100.39 in chips) 
Seat 2: BoyLoc0 ($115.45 in chips) 
Seat 3: MAO_DZEDYN_S ($100 in chips) 
Seat 4: Nicedaymybro ($101 in chips) 
Seat 5: aoish30 ($100 in chips) 
Seat 6: kevpolley ($30.86 in chips) 
aoish30: posts small blind $0.50
kevpolley: posts big blind $1
*** HOLE CARDS ***
sesiomp12: folds 
BoyLoc0: folds 
MAO_DZEDYN_S: folds 
Nicedaymybro: raises $1.50 to $2.50
aoish30: folds 
kevpolley: raises $5.50 to $8
Nicedaymybro: folds 
Uncalled bet ($5.50) returned to kevpolley
kevpolley collected $5.50 from pot
*** SUMMARY ***
Total pot $5.50 | Rake $0 
Seat 1: sesiomp12 folded before Flop (didn't bet)
Seat 2: BoyLoc0 folded before Flop (didn't bet)
Seat 3: MAO_DZEDYN_S folded before Flop (didn't bet)
Seat 4: Nicedaymybro (button) folded before Flop
Seat 5: aoish30 (small blind) folded before Flop
Seat 6: kevpolley (big blind) collected ($5.50)



PokerStars Hand #254454501313:  Hold'em No Limit ($0.50/$1.00 USD) - 2025/01/19 20:09:11 WET [2025/01/19 15:09:11 ET]
Table 'Latona IV' 6-max Seat #5 is the button
Seat 1: sesiomp12 ($100.39 in chips) 
Seat 2: BoyLoc0 ($115.45 in chips) 
Seat 3: MAO_DZEDYN_S ($100 in chips) 
Seat 4: Nicedaymybro ($100 in chips) 
Seat 5: aoish30 ($100 in chips) 
Seat 6: kevpolley ($33.86 in chips) 
kevpolley: posts small blind $0.50
sesiomp12: posts big blind $1
*** HOLE CARDS ***
BoyLoc0: raises $1.50 to $2.50
MAO_DZEDYN_S: folds 
Nicedaymybro: folds 
aoish30: folds 
kevpolley: folds 
sesiomp12: calls $1.50
*** FLOP *** [8d Js 3h]
sesiomp12: checks 
BoyLoc0: bets $1.72
sesiomp12: calls $1.72
*** TURN *** [8d Js 3h] [Ac]
sesiomp12: checks 
BoyLoc0: checks 
*** RIVER *** [8d Js 3h Ac] [2s]
sesiomp12: bets $4.25
BoyLoc0: folds 
Uncalled bet ($4.25) returned to sesiomp12
sesiomp12 collected $8.49 from pot
sesiomp12: doesn't show hand 
*** SUMMARY ***
Total pot $8.94 | Rake $0.45 
Board [8d Js 3h Ac 2s]
Seat 1: sesiomp12 (big blind) collected ($8.49)
Seat 2: BoyLoc0 folded on the River
Seat 3: MAO_DZEDYN_S folded before Flop (didn't bet)
Seat 4: Nicedaymybro folded before Flop (didn't bet)
Seat 5: aoish30 (button) folded before Flop (didn't bet)
Seat 6: kevpolley (small blind) folded before Flop



PokerStars Hand #254454516752:  Hold'em No Limit ($0.50/$1.00 USD) - 2025/01/19 20:09:50 WET [2025/01/19 15:09:50 ET]
Table 'Latona IV' 6-max Seat #6 is the button
Seat 1: sesiomp12 ($104.66 in chips) 
Seat 2: BoyLoc0 ($111.23 in chips) 
Seat 3: MAO_DZEDYN_S ($100 in chips) 
Seat 4: Nicedaymybro ($100 in chips) 
Seat 5: aoish30 ($100 in chips) 
Seat 6: kevpolley ($33.36 in chips) 
sesiomp12: posts small blind $0.50
BoyLoc0: posts big blind $1
*** HOLE CARDS ***
MAO_DZEDYN_S: folds 
Nicedaymybro: folds 
aoish30: folds 
kevpolley: folds 
sesiomp12: folds 
Uncalled bet ($0.50) returned to BoyLoc0
BoyLoc0 collected $1 from pot
BoyLoc0: doesn't show hand 
*** SUMMARY ***
Total pot $1 | Rake $0 
Seat 1: sesiomp12 (small blind) folded before Flop
Seat 2: BoyLoc0 (big blind) collected ($1)
Seat 3: MAO_DZEDYN_S folded before Flop (didn't bet)
Seat 4: Nicedaymybro folded before Flop (didn't bet)
Seat 5: aoish30 folded before Flop (didn't bet)
Seat 6: kevpolley (button) folded before Flop (didn't bet)



PokerStars Hand #254454519888:  Hold'em No Limit ($0.50/$1.00 USD) - 2025/01/19 20:09:58 WET [2025/01/19 15:09:58 ET]
Table 'Latona IV' 6-max Seat #1 is the button
Seat 1: sesiomp12 ($104.16 in chips) 
Seat 2: BoyLoc0 ($111.73 in chips) 
Seat 3: MAO_DZEDYN_S ($100 in chips) 
Seat 4: Nicedaymybro ($100 in chips) 
Seat 5: aoish30 ($100 in chips) 
Seat 6: kevpolley ($33.36 in chips) 
BoyLoc0: posts small blind $0.50
MAO_DZEDYN_S: posts big blind $1
*** HOLE CARDS ***
Nicedaymybro: folds 
aoish30: folds 
kevpolley: folds 
sesiomp12 has timed out
sesiomp12: folds 
BoyLoc0: raises $2 to $3
MAO_DZEDYN_S: folds 
Uncalled bet ($2) returned to BoyLoc0
BoyLoc0 collected $2 from pot
BoyLoc0: doesn't show hand 
*** SUMMARY ***
Total pot $2 | Rake $0 
Seat 1: sesiomp12 (button) folded before Flop (didn't bet)
Seat 2: BoyLoc0 (small blind) collected ($2)
Seat 3: MAO_DZEDYN_S (big blind) folded before Flop
Seat 4: Nicedaymybro folded before Flop (didn't bet)
Seat 5: aoish30 folded before Flop (didn't bet)
Seat 6: kevpolley folded before Flop (didn't bet)



PokerStars Hand #254454528812:  Hold'em No Limit ($0.50/$1.00 USD) - 2025/01/19 20:10:21 WET [2025/01/19 15:10:21 ET]
Table 'Latona IV' 6-max Seat #2 is the button
Seat 1: sesiomp12 ($104.16 in chips) 
Seat 2: BoyLoc0 ($112.73 in chips) 
Seat 3: MAO_DZEDYN_S ($100 in chips) 
Seat 4: Nicedaymybro ($100 in chips) 
Seat 5: aoish30 ($100 in chips) 
Seat 6: kevpolley ($33.36 in chips) 
MAO_DZEDYN_S: posts small blind $0.50
Nicedaymybro: posts big blind $1
*** HOLE CARDS ***
aoish30: folds 
kevpolley: folds 
sesiomp12: folds 
BoyLoc0: raises $1.50 to $2.50
MAO_DZEDYN_S: folds 
Nicedaymybro: calls $1.50
*** FLOP *** [8c Kc Jc]
Nicedaymybro: checks 
BoyLoc0: checks 
*** TURN *** [8c Kc Jc] [6d]
Nicedaymybro: bets $3.92
BoyLoc0: folds 
Uncalled bet ($3.92) returned to Nicedaymybro
Nicedaymybro collected $5.22 from pot
Nicedaymybro: doesn't show hand 
*** SUMMARY ***
Total pot $5.50 | Rake $0.28 
Board [8c Kc Jc 6d]
Seat 1: sesiomp12 folded before Flop (didn't bet)
Seat 2: BoyLoc0 (button) folded on the Turn
Seat 3: MAO_DZEDYN_S (small blind) folded before Flop
Seat 4: Nicedaymybro (big blind) collected ($5.22)
Seat 5: aoish30 folded before Flop (didn't bet)
Seat 6: kevpolley folded before Flop (didn't bet)



PokerStars Hand #254454544620:  Hold'em No Limit ($0.50/$1.00 USD) - 2025/01/19 20:11:01 WET [2025/01/19 15:11:01 ET]
Table 'Latona IV' 6-max Seat #3 is the button
Seat 1: sesiomp12 ($104.16 in chips) is sitting out
Seat 2: BoyLoc0 ($110.23 in chips) 
Seat 3: MAO_DZEDYN_S ($100 in chips) 
Seat 4: Nicedaymybro ($102.72 in chips) 
Seat 5: aoish30 ($100 in chips) 
Seat 6: kevpolley ($33.36 in chips) 
Nicedaymybro: posts small blind $0.50
aoish30: posts big blind $1
*** HOLE CARDS ***
kevpolley: folds 
BoyLoc0: folds 
MAO_DZEDYN_S: raises $1.50 to $2.50
Nicedaymybro: folds 
aoish30: folds 
Uncalled bet ($1.50) returned to MAO_DZEDYN_S
MAO_DZEDYN_S collected $2.50 from pot
MAO_DZEDYN_S: doesn't show hand 
*** SUMMARY ***
Total pot $2.50 | Rake $0 
Seat 1: sesiomp12
Seat 2: BoyLoc0 folded before Flop (didn't bet)
Seat 3: MAO_DZEDYN_S (button) collected ($2.50)
Seat 4: Nicedaymybro (small blind) folded before Flop
Seat 5: aoish30 (big blind) folded before Flop
Seat 6: kevpolley folded before Flop (didn't bet)



PokerStars Hand #254454550232:  Hold'em No Limit ($0.50/$1.00 USD) - 2025/01/19 20:11:16 WET [2025/01/19 15:11:16 ET]
Table 'Latona IV' 6-max Seat #4 is the button
Seat 1: sesiomp12 ($104.16 in chips) is sitting out
Seat 2: BoyLoc0 ($110.23 in chips) 
Seat 3: MAO_DZEDYN_S ($101.50 in chips) 
Seat 4: Nicedaymybro ($102.22 in chips) 
Seat 5: aoish30 ($100 in chips) 
Seat 6: kevpolley ($33.36 in chips) 
aoish30: posts small blind $0.50
kevpolley: posts big blind $1
*** HOLE CARDS ***
BoyLoc0: raises $1.50 to $2.50
MAO_DZEDYN_S: folds 
Nicedaymybro: folds 
aoish30: folds 
kevpolley: folds 
Uncalled bet ($1.50) returned to BoyLoc0
BoyLoc0 collected $2.50 from pot
BoyLoc0: doesn't show hand 
*** SUMMARY ***
Total pot $2.50 | Rake $0 
Seat 1: sesiomp12
Seat 2: BoyLoc0 collected ($2.50)
Seat 3: MAO_DZEDYN_S folded before Flop (didn't bet)
Seat 4: Nicedaymybro (button) folded before Flop (didn't bet)
Seat 5: aoish30 (small blind) folded before Flop
Seat 6: kevpolley (big blind) folded before Flop



PokerStars Hand #254454557716:  Hold'em No Limit ($0.50/$1.00 USD) - 2025/01/19 20:11:34 WET [2025/01/19 15:11:34 ET]
Table 'Latona IV' 6-max Seat #5 is the button
Seat 1: sesiomp12 ($104.16 in chips) is sitting out
Seat 2: BoyLoc0 ($111.73 in chips) 
Seat 3: MAO_DZEDYN_S ($101.50 in chips) 
Seat 4: Nicedaymybro ($102.22 in chips) 
Seat 5: aoish30 ($100 in chips) 
Seat 6: kevpolley ($32.36 in chips) 
kevpolley: posts small blind $0.50
BoyLoc0: posts big blind $1
*** HOLE CARDS ***
MAO_DZEDYN_S: folds 
Nicedaymybro: raises $1.50 to $2.50
aoish30: folds 
kevpolley: folds 
BoyLoc0: folds 
Uncalled bet ($1.50) returned to Nicedaymybro
Nicedaymybro collected $2.50 from pot
Nicedaymybro: doesn't show hand 
*** SUMMARY ***
Total pot $2.50 | Rake $0 
Seat 1: sesiomp12
Seat 2: BoyLoc0 (big blind) folded before Flop
Seat 3: MAO_DZEDYN_S folded before Flop (didn't bet)
Seat 4: Nicedaymybro collected ($2.50)
Seat 5: aoish30 (button) folded before Flop (didn't bet)
Seat 6: kevpolley (small blind) folded before Flop



PokerStars Hand #254454565175:  Hold'em No Limit ($0.50/$1.00 USD) - 2025/01/19 20:11:53 WET [2025/01/19 15:11:53 ET]
Table 'Latona IV' 6-max Seat #6 is the button
Seat 1: sesiomp12 ($104.16 in chips) is sitting out
Seat 2: BoyLoc0 ($110.73 in chips) 
Seat 3: MAO_DZEDYN_S ($101.50 in chips) 
Seat 4: Nicedaymybro ($103.72 in chips) 
Seat 5: aoish30 ($100 in chips) 
Seat 6: kevpolley ($31.86 in chips) 
BoyLoc0: posts small blind $0.50
MAO_DZEDYN_S: posts big blind $1
*** HOLE CARDS ***
Nicedaymybro: folds 
aoish30: folds 
kevpolley: folds 
BoyLoc0: raises $2 to $3
MAO_DZEDYN_S: calls $2
*** FLOP *** [Ks 7s Kc]
BoyLoc0: checks 
MAO_DZEDYN_S: checks 
*** TURN *** [Ks 7s Kc] [3c]
BoyLoc0: bets $4.28
MAO_DZEDYN_S: folds 
Uncalled bet ($4.28) returned to BoyLoc0
BoyLoc0 collected $5.70 from pot
BoyLoc0: doesn't show hand 
*** SUMMARY ***
Total pot $6 | Rake $0.30 
Board [Ks 7s Kc 3c]
Seat 1: sesiomp12
Seat 2: BoyLoc0 (small blind) collected ($5.70)
Seat 3: MAO_DZEDYN_S (big blind) folded on the Turn
Seat 4: Nicedaymybro folded before Flop (didn't bet)
Seat 5: aoish30 folded before Flop (didn't bet)
Seat 6: kevpolley (button) folded before Flop (didn't bet)



PokerStars Hand #254454582678:  Hold'em No Limit ($0.50/$1.00 USD) - 2025/01/19 20:12:38 WET [2025/01/19 15:12:38 ET]
Table 'Latona IV' 6-max Seat #2 is the button
Seat 1: sesiomp12 ($104.16 in chips) 
Seat 2: BoyLoc0 ($113.43 in chips) 
Seat 3: MAO_DZEDYN_S ($100 in chips) 
Seat 4: Nicedaymybro ($103.72 in chips) 
Seat 5: aoish30 ($100 in chips) 
Seat 6: kevpolley ($31.86 in chips) 
MAO_DZEDYN_S: posts small blind $0.50
Nicedaymybro: posts big blind $1
sesiomp12: posts small & big blinds $1.50
*** HOLE CARDS ***
aoish30: folds 
kevpolley: folds 
sesiomp12: checks 
BoyLoc0: folds 
MAO_DZEDYN_S: folds 
Nicedaymybro: checks 
*** FLOP *** [Ah Qh Td]
Nicedaymybro: checks 
sesiomp12: bets $1.43
Nicedaymybro: folds 
Uncalled bet ($1.43) returned to sesiomp12
sesiomp12 collected $2.85 from pot
sesiomp12: doesn't show hand 
*** SUMMARY ***
Total pot $3 | Rake $0.15 
Board [Ah Qh Td]
Seat 1: sesiomp12 collected ($2.85)
Seat 2: BoyLoc0 (button) folded before Flop (didn't bet)
Seat 3: MAO_DZEDYN_S (small blind) folded before Flop
Seat 4: Nicedaymybro (big blind) folded on the Flop
Seat 5: aoish30 folded before Flop (didn't bet)
Seat 6: kevpolley folded before Flop (didn't bet)



PokerStars Hand #254454592974:  Hold'em No Limit ($0.50/$1.00 USD) - 2025/01/19 20:13:04 WET [2025/01/19 15:13:04 ET]
Table 'Latona IV' 6-max Seat #3 is the button
Seat 1: sesiomp12 ($105.51 in chips) 
Seat 2: BoyLoc0 ($113.43 in chips) 
Seat 3: MAO_DZEDYN_S ($100 in chips) 
Seat 4: Nicedaymybro ($102.72 in chips) 
Seat 5: aoish30 ($100 in chips) 
Seat 6: kevpolley ($90.88 in chips) 
Nicedaymybro: posts small blind $0.50
aoish30: posts big blind $1
*** HOLE CARDS ***
kevpolley: folds 
sesiomp12: folds 
BoyLoc0: folds 
MAO_DZEDYN_S: folds 
Nicedaymybro: raises $2 to $3
aoish30: folds 
Uncalled bet ($2) returned to Nicedaymybro
Nicedaymybro collected $2 from pot
Nicedaymybro: doesn't show hand 
*** SUMMARY ***
Total pot $2 | Rake $0 
Seat 1: sesiomp12 folded before Flop (didn't bet)
Seat 2: BoyLoc0 folded before Flop (didn't bet)
Seat 3: MAO_DZEDYN_S (button) folded before Flop (didn't bet)
Seat 4: Nicedaymybro (small blind) collected ($2)
Seat 5: aoish30 (big blind) folded before Flop
Seat 6: kevpolley folded before Flop (didn't bet)



PokerStars Hand #254454597853:  Hold'em No Limit ($0.50/$1.00 USD) - 2025/01/19 20:13:16 WET [2025/01/19 15:13:16 ET]
Table 'Latona IV' 6-max Seat #4 is the button
Seat 1: sesiomp12 ($105.51 in chips) 
Seat 2: BoyLoc0 ($113.43 in chips) 
Seat 3: MAO_DZEDYN_S ($100 in chips) 
Seat 4: Nicedaymybro ($103.72 in chips) 
Seat 5: aoish30 ($100 in chips) 
Seat 6: kevpolley ($90.88 in chips) 
aoish30: posts small blind $0.50
kevpolley: posts big blind $1
*** HOLE CARDS ***
sesiomp12: calls $1
BoyLoc0: raises $3 to $4
MAO_DZEDYN_S: folds 
Nicedaymybro: folds 
aoish30: folds 
kevpolley: folds 
sesiomp12: calls $3
*** FLOP *** [Js 8d 7d]
sesiomp12: checks 
BoyLoc0: bets $4.51
sesiomp12: folds 
Uncalled bet ($4.51) returned to BoyLoc0
BoyLoc0 collected $9.02 from pot
BoyLoc0: doesn't show hand 
*** SUMMARY ***
Total pot $9.50 | Rake $0.48 
Board [Js 8d 7d]
Seat 1: sesiomp12 folded on the Flop
Seat 2: BoyLoc0 collected ($9.02)
Seat 3: MAO_DZEDYN_S folded before Flop (didn't bet)
Seat 4: Nicedaymybro (button) folded before Flop (didn't bet)
Seat 5: aoish30 (small blind) folded before Flop
Seat 6: kevpolley (big blind) folded before Flop



PokerStars Hand #254454608852:  Hold'em No Limit ($0.50/$1.00 USD) - 2025/01/19 20:13:44 WET [2025/01/19 15:13:44 ET]
Table 'Latona IV' 6-max Seat #5 is the button
Seat 1: sesiomp12 ($101.51 in chips) 
Seat 2: BoyLoc0 ($118.45 in chips) 
Seat 3: MAO_DZEDYN_S ($100 in chips) 
Seat 4: Nicedaymybro ($103.72 in chips) 
Seat 5: aoish30 ($100 in chips) 
Seat 6: kevpolley ($89.88 in chips) 
kevpolley: posts small blind $0.50
sesiomp12: posts big blind $1
*** HOLE CARDS ***
BoyLoc0: folds 
MAO_DZEDYN_S: folds 
Nicedaymybro: raises $1.50 to $2.50
aoish30: folds 
kevpolley: folds 
sesiomp12: calls $1.50
*** FLOP *** [Kh Js Qc]
sesiomp12: checks 
Nicedaymybro: checks 
*** TURN *** [Kh Js Qc] [Qh]
sesiomp12: bets $1
Nicedaymybro: raises $3.61 to $4.61
sesiomp12: calls $3.61
*** RIVER *** [Kh Js Qc Qh] [As]
sesiomp12: checks 
Nicedaymybro: checks 
*** SHOW DOWN ***
sesiomp12: shows [7h Kc] (two pair, Kings and Queens)
Nicedaymybro: shows [Qs 7s] (three of a kind, Queens)
Nicedaymybro collected $13.98 from pot
*** SUMMARY ***
Total pot $14.72 | Rake $0.74 
Board [Kh Js Qc Qh As]
Seat 1: sesiomp12 (big blind) showed [7h Kc] and lost with two pair, Kings and Queens
Seat 2: BoyLoc0 folded before Flop (didn't bet)
Seat 3: MAO_DZEDYN_S folded before Flop (didn't bet)
Seat 4: Nicedaymybro showed [Qs 7s] and won ($13.98) with three of a kind, Queens
Seat 5: aoish30 (button) folded before Flop (didn't bet)
Seat 6: kevpolley (small blind) folded before Flop



PokerStars Hand #254454624959:  Hold'em No Limit ($0.50/$1.00 USD) - 2025/01/19 20:14:26 WET [2025/01/19 15:14:26 ET]
Table 'Latona IV' 6-max Seat #6 is the button
Seat 1: sesiomp12 ($94.40 in chips) 
Seat 2: BoyLoc0 ($118.45 in chips) 
Seat 3: MAO_DZEDYN_S ($100 in chips) 
Seat 4: Nicedaymybro ($110.59 in chips) 
Seat 5: aoish30 ($100 in chips) 
Seat 6: kevpolley ($89.38 in chips) 
sesiomp12: posts small blind $0.50
BoyLoc0: posts big blind $1
*** HOLE CARDS ***
MAO_DZEDYN_S: folds 
Nicedaymybro: raises $1.50 to $2.50
aoish30: folds 
kevpolley: folds 
sesiomp12: calls $2
BoyLoc0: folds 
*** FLOP *** [6c Kc 9s]
sesiomp12: bets $2
Nicedaymybro: calls $2
*** TURN *** [6c Kc 9s] [2s]
sesiomp12: checks 
Nicedaymybro: bets $3.80
sesiomp12: calls $3.80
*** RIVER *** [6c Kc 9s 2s] [5d]
sesiomp12: bets $18.72
Nicedaymybro: folds 
Uncalled bet ($18.72) returned to sesiomp12
sesiomp12 collected $16.72 from pot
sesiomp12: doesn't show hand 
*** SUMMARY ***
Total pot $17.60 | Rake $0.88 
Board [6c Kc 9s 2s 5d]
Seat 1: sesiomp12 (small blind) collected ($16.72)
Seat 2: BoyLoc0 (big blind) folded before Flop
Seat 3: MAO_DZEDYN_S folded before Flop (didn't bet)
Seat 4: Nicedaymybro folded on the River
Seat 5: aoish30 folded before Flop (didn't bet)
Seat 6: kevpolley (button) folded before Flop (didn't bet)



PokerStars Hand #254454649477:  Hold'em No Limit ($0.50/$1.00 USD) - 2025/01/19 20:15:26 WET [2025/01/19 15:15:26 ET]
Table 'Latona IV' 6-max Seat #1 is the button
Seat 1: sesiomp12 ($102.82 in chips) 
Seat 2: BoyLoc0 ($117.45 in chips) 
Seat 3: MAO_DZEDYN_S ($100 in chips) 
Seat 4: Nicedaymybro ($102.29 in chips) 
Seat 5: aoish30 ($100 in chips) 
Seat 6: kevpolley ($89.38 in chips) 
BoyLoc0: posts small blind $0.50
MAO_DZEDYN_S: posts big blind $1
*** HOLE CARDS ***
Nicedaymybro: raises $1.50 to $2.50
aoish30: folds 
kevpolley: folds 
sesiomp12: folds 
BoyLoc0: folds 
MAO_DZEDYN_S: raises $9.68 to $12.18
Nicedaymybro: folds 
Uncalled bet ($9.68) returned to MAO_DZEDYN_S
MAO_DZEDYN_S collected $5.50 from pot
MAO_DZEDYN_S: doesn't show hand 
*** SUMMARY ***
Total pot $5.50 | Rake $0 
Seat 1: sesiomp12 (button) folded before Flop (didn't bet)
Seat 2: BoyLoc0 (small blind) folded before Flop
Seat 3: MAO_DZEDYN_S (big blind) collected ($5.50)
Seat 4: Nicedaymybro folded before Flop
Seat 5: aoish30 folded before Flop (didn't bet)
Seat 6: kevpolley folded before Flop (didn't bet)



PokerStars Hand #254454661614:  Hold'em No Limit ($0.50/$1.00 USD) - 2025/01/19 20:15:57 WET [2025/01/19 15:15:57 ET]
Table 'Latona IV' 6-max Seat #2 is the button
Seat 1: sesiomp12 ($102.82 in chips) 
Seat 2: BoyLoc0 ($116.95 in chips) 
Seat 3: MAO_DZEDYN_S ($103 in chips) 
Seat 4: Nicedaymybro ($100 in chips) 
Seat 5: aoish30 ($100 in chips) 
Seat 6: kevpolley ($89.38 in chips) 
MAO_DZEDYN_S: posts small blind $0.50
Nicedaymybro: posts big blind $1
*** HOLE CARDS ***
aoish30: raises $1.10 to $2.10
kevpolley: folds 
sesiomp12: folds 
BoyLoc0: folds 
MAO_DZEDYN_S: folds 
Nicedaymybro: calls $1.10
*** FLOP *** [7c 4d Kd]
Nicedaymybro: checks 
aoish30: bets $1.47
Nicedaymybro: folds 
Uncalled bet ($1.47) returned to aoish30
aoish30 collected $4.46 from pot
aoish30: doesn't show hand 
*** SUMMARY ***
Total pot $4.70 | Rake $0.24 
Board [7c 4d Kd]
Seat 1: sesiomp12 folded before Flop (didn't bet)
Seat 2: BoyLoc0 (button) folded before Flop (didn't bet)
Seat 3: MAO_DZEDYN_S (small blind) folded before Flop
Seat 4: Nicedaymybro (big blind) folded on the Flop
Seat 5: aoish30 collected ($4.46)
Seat 6: kevpolley folded before Flop (didn't bet)



PokerStars Hand #254454674524:  Hold'em No Limit ($0.50/$1.00 USD) - 2025/01/19 20:16:29 WET [2025/01/19 15:16:29 ET]
Table 'Latona IV' 6-max Seat #3 is the button
Seat 1: sesiomp12 ($102.82 in chips) 
Seat 2: BoyLoc0 ($116.95 in chips) 
Seat 3: MAO_DZEDYN_S ($102.50 in chips) 
Seat 4: Nicedaymybro ($100 in chips) 
Seat 5: aoish30 ($102.36 in chips) 
Seat 6: kevpolley ($89.38 in chips) 
Nicedaymybro: posts small blind $0.50
aoish30: posts big blind $1
*** HOLE CARDS ***
kevpolley: folds 
sesiomp12: calls $1
BoyLoc0: folds 
MAO_DZEDYN_S: raises $3 to $4
Nicedaymybro: folds 
aoish30: folds 
sesiomp12: calls $3
*** FLOP *** [Jc Kh 2d]
sesiomp12: checks 
MAO_DZEDYN_S: bets $3.10
sesiomp12: calls $3.10
*** TURN *** [Jc Kh 2d] [Qc]
sesiomp12: checks 
MAO_DZEDYN_S: bets $8.76
sesiomp12: calls $8.76
*** RIVER *** [Jc Kh 2d Qc] [8h]
sesiomp12: checks 
MAO_DZEDYN_S: bets $16.41
sesiomp12: raises $23.41 to $39.82
MAO_DZEDYN_S: calls $23.41
*** SHOW DOWN ***
sesiomp12: shows [Js Qh] (two pair, Queens and Jacks)
MAO_DZEDYN_S: shows [Jd Kd] (two pair, Kings and Jacks)
MAO_DZEDYN_S collected $110.36 from pot
*** SUMMARY ***
Total pot $112.86 | Rake $2.50 
Board [Jc Kh 2d Qc 8h]
Seat 1: sesiomp12 showed [Js Qh] and lost with two pair, Queens and Jacks
Seat 2: BoyLoc0 folded before Flop (didn't bet)
Seat 3: MAO_DZEDYN_S (button) showed [Jd Kd] and won ($110.36) with two pair, Kings and Jacks
Seat 4: Nicedaymybro (small blind) folded before Flop
Seat 5: aoish30 (big blind) folded before Flop
Seat 6: kevpolley folded before Flop (didn't bet)



PokerStars Hand #254454733809:  Hold'em No Limit ($0.50/$1.00 USD) - 2025/01/19 20:18:58 WET [2025/01/19 15:18:58 ET]
Table 'Latona IV' 6-max Seat #4 is the button
Seat 1: sesiomp12 ($47.14 in chips) 
Seat 2: BoyLoc0 ($116.95 in chips) 
Seat 3: MAO_DZEDYN_S ($157.18 in chips) 
Seat 4: Nicedaymybro ($100 in chips) 
Seat 5: aoish30 ($101.36 in chips) 
Seat 6: kevpolley ($89.38 in chips) 
aoish30: posts small blind $0.50
kevpolley: posts big blind $1
*** HOLE CARDS ***
sesiomp12: calls $1
BoyLoc0: folds 
MAO_DZEDYN_S: raises $2.50 to $3.50
Nicedaymybro: calls $3.50
aoish30: folds 
kevpolley: folds 
sesiomp12: folds 
*** FLOP *** [2c 7h 6s]
MAO_DZEDYN_S: checks 
Nicedaymybro: bets $4.51
MAO_DZEDYN_S: folds 
Uncalled bet ($4.51) returned to Nicedaymybro
Nicedaymybro collected $9.02 from pot
Nicedaymybro: doesn't show hand 
*** SUMMARY ***
Total pot $9.50 | Rake $0.48 
Board [2c 7h 6s]
Seat 1: sesiomp12 folded before Flop
Seat 2: BoyLoc0 folded before Flop (didn't bet)
Seat 3: MAO_DZEDYN_S folded on the Flop
Seat 4: Nicedaymybro (button) collected ($9.02)
Seat 5: aoish30 (small blind) folded before Flop
Seat 6: kevpolley (big blind) folded before Flop



PokerStars Hand #254454755626:  Hold'em No Limit ($0.50/$1.00 USD) - 2025/01/19 20:19:53 WET [2025/01/19 15:19:53 ET]
Table 'Latona IV' 6-max Seat #5 is the button
Seat 1: sesiomp12 ($46.14 in chips) 
Seat 2: BoyLoc0 ($116.95 in chips) 
Seat 3: MAO_DZEDYN_S ($153.68 in chips) 
Seat 4: Nicedaymybro ($105.52 in chips) 
Seat 5: aoish30 ($100.86 in chips) 
Seat 6: kevpolley ($88.38 in chips) 
kevpolley: posts small blind $0.50
sesiomp12: posts big blind $1
*** HOLE CARDS ***
BoyLoc0: folds 
MAO_DZEDYN_S: folds 
Nicedaymybro: folds 
aoish30: folds 
kevpolley: folds 
Uncalled bet ($0.50) returned to sesiomp12
sesiomp12 collected $1 from pot
sesiomp12: doesn't show hand 
*** SUMMARY ***
Total pot $1 | Rake $0 
Seat 1: sesiomp12 (big blind) collected ($1)
Seat 2: BoyLoc0 folded before Flop (didn't bet)
Seat 3: MAO_DZEDYN_S folded before Flop (didn't bet)
Seat 4: Nicedaymybro folded before Flop (didn't bet)
Seat 5: aoish30 (button) folded before Flop (didn't bet)
Seat 6: kevpolley (small blind) folded before Flop



PokerStars Hand #254454758590:  Hold'em No Limit ($0.50/$1.00 USD) - 2025/01/19 20:20:00 WET [2025/01/19 15:20:00 ET]
Table 'Latona IV' 6-max Seat #6 is the button
Seat 1: sesiomp12 ($46.64 in chips) 
Seat 2: BoyLoc0 ($116.95 in chips) 
Seat 3: MAO_DZEDYN_S ($153.68 in chips) 
Seat 4: Nicedaymybro ($105.52 in chips) 
Seat 5: aoish30 ($100.86 in chips) 
Seat 6: kevpolley ($87.88 in chips) 
sesiomp12: posts small blind $0.50
BoyLoc0: posts big blind $1
*** HOLE CARDS ***
MAO_DZEDYN_S: folds 
Nicedaymybro: folds 
aoish30: folds 
kevpolley: folds 
sesiomp12: calls $0.50
BoyLoc0: checks 
*** FLOP *** [2d 6h 3h]
sesiomp12: bets $1
BoyLoc0: calls $1
*** TURN *** [2d 6h 3h] [Ts]
sesiomp12: bets $1.90
BoyLoc0: calls $1.90
*** RIVER *** [2d 6h 3h Ts] [As]
sesiomp12: checks 
BoyLoc0: checks 
*** SHOW DOWN ***
sesiomp12: shows [7d Kc] (high card Ace)
BoyLoc0: shows [8c 2c] (a pair of Deuces)
BoyLoc0 collected $7.41 from pot
*** SUMMARY ***
Total pot $7.80 | Rake $0.39 
Board [2d 6h 3h Ts As]
Seat 1: sesiomp12 (small blind) showed [7d Kc] and lost with high card Ace
Seat 2: BoyLoc0 (big blind) showed [8c 2c] and won ($7.41) with a pair of Deuces
Seat 3: MAO_DZEDYN_S folded before Flop (didn't bet)
Seat 4: Nicedaymybro folded before Flop (didn't bet)
Seat 5: aoish30 folded before Flop (didn't bet)
Seat 6: kevpolley (button) folded before Flop (didn't bet)



PokerStars Hand #254454778499:  Hold'em No Limit ($0.50/$1.00 USD) - 2025/01/19 20:20:50 WET [2025/01/19 15:20:50 ET]
Table 'Latona IV' 6-max Seat #1 is the button
Seat 1: sesiomp12 ($42.74 in chips) 
Seat 2: BoyLoc0 ($120.46 in chips) 
Seat 3: MAO_DZEDYN_S ($153.68 in chips) 
Seat 4: Nicedaymybro ($105.52 in chips) 
Seat 5: aoish30 ($100.86 in chips) 
Seat 6: kevpolley ($87.88 in chips) 
BoyLoc0: posts small blind $0.50
MAO_DZEDYN_S: posts big blind $1
*** HOLE CARDS ***
Nicedaymybro: folds 
aoish30: folds 
kevpolley: folds 
sesiomp12: raises $1 to $2
BoyLoc0: raises $7 to $9
MAO_DZEDYN_S: folds 
sesiomp12: calls $7
*** FLOP *** [Ts 8c 7c]
BoyLoc0: checks 
sesiomp12: bets $9.03
BoyLoc0: folds 
Uncalled bet ($9.03) returned to sesiomp12
sesiomp12 collected $18.05 from pot
sesiomp12: doesn't show hand 
*** SUMMARY ***
Total pot $19 | Rake $0.95 
Board [Ts 8c 7c]
Seat 1: sesiomp12 (button) collected ($18.05)
Seat 2: BoyLoc0 (small blind) folded on the Flop
Seat 3: MAO_DZEDYN_S (big blind) folded before Flop
Seat 4: Nicedaymybro folded before Flop (didn't bet)
Seat 5: aoish30 folded before Flop (didn't bet)
Seat 6: kevpolley folded before Flop (didn't bet)



PokerStars Hand #254454792410:  Hold'em No Limit ($0.50/$1.00 USD) - 2025/01/19 20:21:26 WET [2025/01/19 15:21:26 ET]
Table 'Latona IV' 6-max Seat #2 is the button
Seat 1: sesiomp12 ($51.79 in chips) 
Seat 2: BoyLoc0 ($111.46 in chips) 
Seat 3: MAO_DZEDYN_S ($152.68 in chips) 
Seat 4: Nicedaymybro ($105.52 in chips) 
Seat 5: aoish30 ($100.86 in chips) 
Seat 6: kevpolley ($87.88 in chips) 
MAO_DZEDYN_S: posts small blind $0.50
Nicedaymybro: posts big blind $1
*** HOLE CARDS ***
aoish30: folds 
kevpolley: folds 
sesiomp12: calls $1
BoyLoc0: raises $3 to $4
MAO_DZEDYN_S: folds 
Nicedaymybro: folds 
sesiomp12: calls $3
*** FLOP *** [3s 7c 5c]
sesiomp12: checks 
BoyLoc0: checks 
*** TURN *** [3s 7c 5c] [Ac]
sesiomp12: checks 
BoyLoc0: bets $2.98
sesiomp12: folds 
Uncalled bet ($2.98) returned to BoyLoc0
BoyLoc0 collected $9.02 from pot
BoyLoc0: doesn't show hand 
*** SUMMARY ***
Total pot $9.50 | Rake $0.48 
Board [3s 7c 5c Ac]
Seat 1: sesiomp12 folded on the Turn
Seat 2: BoyLoc0 (button) collected ($9.02)
Seat 3: MAO_DZEDYN_S (small blind) folded before Flop
Seat 4: Nicedaymybro (big blind) folded before Flop
Seat 5: aoish30 folded before Flop (didn't bet)
Seat 6: kevpolley folded before Flop (didn't bet)



PokerStars Hand #254454812169:  Hold'em No Limit ($0.50/$1.00 USD) - 2025/01/19 20:22:15 WET [2025/01/19 15:22:15 ET]
Table 'Latona IV' 6-max Seat #3 is the button
Seat 1: sesiomp12 ($47.79 in chips) 
Seat 2: BoyLoc0 ($116.48 in chips) 
Seat 3: MAO_DZEDYN_S ($152.18 in chips) 
Seat 4: Nicedaymybro ($104.52 in chips) 
Seat 5: aoish30 ($100.86 in chips) 
Seat 6: kevpolley ($87.88 in chips) 
Nicedaymybro: posts small blind $0.50
aoish30: posts big blind $1
*** HOLE CARDS ***
kevpolley: folds 
sesiomp12: folds 
BoyLoc0: folds 
MAO_DZEDYN_S: raises $1.50 to $2.50
Nicedaymybro: folds 
aoish30: folds 
Uncalled bet ($1.50) returned to MAO_DZEDYN_S
MAO_DZEDYN_S collected $2.50 from pot
MAO_DZEDYN_S: doesn't show hand 
*** SUMMARY ***
Total pot $2.50 | Rake $0 
Seat 1: sesiomp12 folded before Flop (didn't bet)
Seat 2: BoyLoc0 folded before Flop (didn't bet)
Seat 3: MAO_DZEDYN_S (button) collected ($2.50)
Seat 4: Nicedaymybro (small blind) folded before Flop
Seat 5: aoish30 (big blind) folded before Flop
Seat 6: kevpolley folded before Flop (didn't bet)



PokerStars Hand #254454824463:  Hold'em No Limit ($0.50/$1.00 USD) - 2025/01/19 20:22:46 WET [2025/01/19 15:22:46 ET]
Table 'Latona IV' 6-max Seat #4 is the button
Seat 1: sesiomp12 ($47.79 in chips) 
Seat 2: BoyLoc0 ($116.48 in chips) 
Seat 3: MAO_DZEDYN_S ($153.68 in chips) 
Seat 4: Nicedaymybro ($104.02 in chips) 
Seat 5: aoish30 ($100 in chips) 
Seat 6: kevpolley ($87.88 in chips) 
aoish30: posts small blind $0.50
kevpolley: posts big blind $1
*** HOLE CARDS ***
sesiomp12: folds 
BoyLoc0: folds 
MAO_DZEDYN_S: raises $1.25 to $2.25
Nicedaymybro: folds 
aoish30: folds 
kevpolley: folds 
Uncalled bet ($1.25) returned to MAO_DZEDYN_S
MAO_DZEDYN_S collected $2.50 from pot
MAO_DZEDYN_S: doesn't show hand 
*** SUMMARY ***
Total pot $2.50 | Rake $0 
Seat 1: sesiomp12 folded before Flop (didn't bet)
Seat 2: BoyLoc0 folded before Flop (didn't bet)
Seat 3: MAO_DZEDYN_S collected ($2.50)
Seat 4: Nicedaymybro (button) folded before Flop (didn't bet)
Seat 5: aoish30 (small blind) folded before Flop
Seat 6: kevpolley (big blind) folded before Flop



PokerStars Hand #254454833503:  Hold'em No Limit ($0.50/$1.00 USD) - 2025/01/19 20:23:09 WET [2025/01/19 15:23:09 ET]
Table 'Latona IV' 6-max Seat #5 is the button
Seat 1: sesiomp12 ($47.79 in chips) 
Seat 2: BoyLoc0 ($116.48 in chips) 
Seat 3: MAO_DZEDYN_S ($155.18 in chips) 
Seat 4: Nicedaymybro ($104.02 in chips) 
Seat 5: aoish30 ($100 in chips) 
Seat 6: kevpolley ($86.88 in chips) 
kevpolley: posts small blind $0.50
sesiomp12: posts big blind $1
*** HOLE CARDS ***
BoyLoc0: raises $1.50 to $2.50
MAO_DZEDYN_S: folds 
Nicedaymybro: folds 
aoish30: folds 
kevpolley: folds 
sesiomp12: folds 
Uncalled bet ($1.50) returned to BoyLoc0
BoyLoc0 collected $2.50 from pot
BoyLoc0: doesn't show hand 
*** SUMMARY ***
Total pot $2.50 | Rake $0 
Seat 1: sesiomp12 (big blind) folded before Flop
Seat 2: BoyLoc0 collected ($2.50)
Seat 3: MAO_DZEDYN_S folded before Flop (didn't bet)
Seat 4: Nicedaymybro folded before Flop (didn't bet)
Seat 5: aoish30 (button) folded before Flop (didn't bet)
Seat 6: kevpolley (small blind) folded before Flop



PokerStars Hand #254454852897:  Hold'em No Limit ($0.50/$1.00 USD) - 2025/01/19 20:23:58 WET [2025/01/19 15:23:58 ET]
Table 'Latona IV' 6-max Seat #6 is the button
Seat 1: sesiomp12 ($46.79 in chips) 
Seat 2: BoyLoc0 ($117.98 in chips) 
Seat 3: MAO_DZEDYN_S ($155.18 in chips) 
Seat 4: Nicedaymybro ($104.02 in chips) 
Seat 5: aoish30 ($100 in chips) 
Seat 6: kevpolley ($86.38 in chips) 
sesiomp12: posts small blind $0.50
BoyLoc0: posts big blind $1
*** HOLE CARDS ***
MAO_DZEDYN_S: folds 
Nicedaymybro: folds 
aoish30: folds 
kevpolley: folds 
sesiomp12: folds 
Uncalled bet ($0.50) returned to BoyLoc0
BoyLoc0 collected $1 from pot
BoyLoc0: doesn't show hand 
*** SUMMARY ***
Total pot $1 | Rake $0 
Seat 1: sesiomp12 (small blind) folded before Flop
Seat 2: BoyLoc0 (big blind) collected ($1)
Seat 3: MAO_DZEDYN_S folded before Flop (didn't bet)
Seat 4: Nicedaymybro folded before Flop (didn't bet)
Seat 5: aoish30 folded before Flop (didn't bet)
Seat 6: kevpolley (button) folded before Flop (didn't bet)



PokerStars Hand #254454857500:  Hold'em No Limit ($0.50/$1.00 USD) - 2025/01/19 20:24:09 WET [2025/01/19 15:24:09 ET]
Table 'Latona IV' 6-max Seat #1 is the button
Seat 1: sesiomp12 ($46.29 in chips) 
Seat 2: BoyLoc0 ($118.48 in chips) 
Seat 3: MAO_DZEDYN_S ($155.18 in chips) 
Seat 4: Nicedaymybro ($104.02 in chips) 
Seat 5: aoish30 ($100 in chips) 
Seat 6: kevpolley ($86.38 in chips) 
BoyLoc0: posts small blind $0.50
MAO_DZEDYN_S: posts big blind $1
*** HOLE CARDS ***
Nicedaymybro: folds 
aoish30: folds 
kevpolley: raises $2 to $3
sesiomp12: folds 
BoyLoc0: folds 
MAO_DZEDYN_S: folds 
Uncalled bet ($2) returned to kevpolley
kevpolley collected $2.50 from pot
*** SUMMARY ***
Total pot $2.50 | Rake $0 
Seat 1: sesiomp12 (button) folded before Flop (didn't bet)
Seat 2: BoyLoc0 (small blind) folded before Flop
Seat 3: MAO_DZEDYN_S (big blind) folded before Flop
Seat 4: Nicedaymybro folded before Flop (didn't bet)
Seat 5: aoish30 folded before Flop (didn't bet)
Seat 6: kevpolley collected ($2.50)



PokerStars Hand #254454868936:  Hold'em No Limit ($0.50/$1.00 USD) - 2025/01/19 20:24:38 WET [2025/01/19 15:24:38 ET]
Table 'Latona IV' 6-max Seat #2 is the button
Seat 1: sesiomp12 ($46.29 in chips) 
Seat 2: BoyLoc0 ($117.98 in chips) 
Seat 3: MAO_DZEDYN_S ($154.18 in chips) 
Seat 4: Nicedaymybro ($104.02 in chips) 
Seat 5: aoish30 ($100 in chips) 
Seat 6: kevpolley ($87.88 in chips) 
MAO_DZEDYN_S: posts small blind $0.50
Nicedaymybro: posts big blind $1
*** HOLE CARDS ***
aoish30: folds 
kevpolley: folds 
sesiomp12: calls $1
BoyLoc0: folds 
MAO_DZEDYN_S: folds 
Nicedaymybro: checks 
*** FLOP *** [5c 6d Qh]
Nicedaymybro: checks 
sesiomp12: checks 
*** TURN *** [5c 6d Qh] [6s]
Nicedaymybro: checks 
sesiomp12: bets $1
Nicedaymybro: folds 
Uncalled bet ($1) returned to sesiomp12
sesiomp12 collected $2.38 from pot
sesiomp12: doesn't show hand 
*** SUMMARY ***
Total pot $2.50 | Rake $0.12 
Board [5c 6d Qh 6s]
Seat 1: sesiomp12 collected ($2.38)
Seat 2: BoyLoc0 (button) folded before Flop (didn't bet)
Seat 3: MAO_DZEDYN_S (small blind) folded before Flop
Seat 4: Nicedaymybro (big blind) folded on the Turn
Seat 5: aoish30 folded before Flop (didn't bet)
Seat 6: kevpolley folded before Flop (didn't bet)



PokerStars Hand #254454882753:  Hold'em No Limit ($0.50/$1.00 USD) - 2025/01/19 20:25:13 WET [2025/01/19 15:25:13 ET]
Table 'Latona IV' 6-max Seat #3 is the button
Seat 1: sesiomp12 ($47.67 in chips) 
Seat 2: BoyLoc0 ($117.98 in chips) 
Seat 3: MAO_DZEDYN_S ($153.68 in chips) 
Seat 4: Nicedaymybro ($103.02 in chips) 
Seat 5: aoish30 ($100 in chips) 
Seat 6: kevpolley ($87.88 in chips) 
Nicedaymybro: posts small blind $0.50
aoish30: posts big blind $1
*** HOLE CARDS ***
kevpolley: raises $1 to $2
sesiomp12: calls $2
BoyLoc0: folds 
MAO_DZEDYN_S: folds 
Nicedaymybro: folds 
aoish30: folds 
*** FLOP *** [Ks 6d 8h]
kevpolley: checks 
sesiomp12: bets $2.61
kevpolley: folds 
Uncalled bet ($2.61) returned to sesiomp12
sesiomp12 collected $5.22 from pot
sesiomp12: doesn't show hand 
*** SUMMARY ***
Total pot $5.50 | Rake $0.28 
Board [Ks 6d 8h]
Seat 1: sesiomp12 collected ($5.22)
Seat 2: BoyLoc0 folded before Flop (didn't bet)
Seat 3: MAO_DZEDYN_S (button) folded before Flop (didn't bet)
Seat 4: Nicedaymybro (small blind) folded before Flop
Seat 5: aoish30 (big blind) folded before Flop
Seat 6: kevpolley folded on the Flop



PokerStars Hand #254454896345:  Hold'em No Limit ($0.50/$1.00 USD) - 2025/01/19 20:25:48 WET [2025/01/19 15:25:48 ET]
Table 'Latona IV' 6-max Seat #4 is the button
Seat 1: sesiomp12 ($50.89 in chips) 
Seat 2: BoyLoc0 ($117.98 in chips) 
Seat 3: MAO_DZEDYN_S ($153.68 in chips) 
Seat 4: Nicedaymybro ($102.52 in chips) 
Seat 5: aoish30 ($100 in chips) 
Seat 6: kevpolley ($85.88 in chips) 
aoish30: posts small blind $0.50
kevpolley: posts big blind $1
*** HOLE CARDS ***
sesiomp12: folds 
BoyLoc0: raises $1.50 to $2.50
MAO_DZEDYN_S: folds 
Nicedaymybro: folds 
aoish30: folds 
kevpolley: calls $1.50
*** FLOP *** [Qs Js 9d]
kevpolley: checks 
BoyLoc0: bets $1.72
kevpolley: calls $1.72
*** TURN *** [Qs Js 9d] [9c]
kevpolley: checks 
BoyLoc0: checks 
*** RIVER *** [Qs Js 9d 9c] [6s]
kevpolley: checks 
BoyLoc0: checks 
*** SHOW DOWN ***
kevpolley: shows [Jd 8h] (two pair, Jacks and Nines)
BoyLoc0: mucks hand 
kevpolley collected $8.49 from pot
*** SUMMARY ***
Total pot $8.94 | Rake $0.45 
Board [Qs Js 9d 9c 6s]
Seat 1: sesiomp12 folded before Flop (didn't bet)
Seat 2: BoyLoc0 mucked
Seat 3: MAO_DZEDYN_S folded before Flop (didn't bet)
Seat 4: Nicedaymybro (button) folded before Flop (didn't bet)
Seat 5: aoish30 (small blind) folded before Flop
Seat 6: kevpolley (big blind) showed [Jd 8h] and won ($8.49) with two pair, Jacks and Nines



PokerStars Hand #254454914985:  Hold'em No Limit ($0.50/$1.00 USD) - 2025/01/19 20:26:35 WET [2025/01/19 15:26:35 ET]
Table 'Latona IV' 6-max Seat #5 is the button
Seat 1: sesiomp12 ($50.89 in chips) 
Seat 2: BoyLoc0 ($113.76 in chips) 
Seat 3: MAO_DZEDYN_S ($153.68 in chips) 
Seat 4: Nicedaymybro ($102.52 in chips) 
Seat 5: aoish30 ($100 in chips) 
Seat 6: kevpolley ($90.15 in chips) 
kevpolley: posts small blind $0.50
sesiomp12: posts big blind $1
*** HOLE CARDS ***
BoyLoc0: folds 
MAO_DZEDYN_S: folds 
Nicedaymybro: folds 
aoish30: folds 
kevpolley: folds 
Uncalled bet ($0.50) returned to sesiomp12
sesiomp12 collected $1 from pot
sesiomp12: doesn't show hand 
*** SUMMARY ***
Total pot $1 | Rake $0 
Seat 1: sesiomp12 (big blind) collected ($1)
Seat 2: BoyLoc0 folded before Flop (didn't bet)
Seat 3: MAO_DZEDYN_S folded before Flop (didn't bet)
Seat 4: Nicedaymybro folded before Flop (didn't bet)
Seat 5: aoish30 (button) folded before Flop (didn't bet)
Seat 6: kevpolley (small blind) folded before Flop



PokerStars Hand #254454919506:  Hold'em No Limit ($0.50/$1.00 USD) - 2025/01/19 20:26:46 WET [2025/01/19 15:26:46 ET]
Table 'Latona IV' 6-max Seat #6 is the button
Seat 1: sesiomp12 ($51.39 in chips) 
Seat 2: BoyLoc0 ($113.76 in chips) 
Seat 3: MAO_DZEDYN_S ($153.68 in chips) 
Seat 4: Nicedaymybro ($102.52 in chips) 
Seat 5: aoish30 ($100 in chips) 
Seat 6: kevpolley ($89.65 in chips) 
sesiomp12: posts small blind $0.50
BoyLoc0: posts big blind $1
*** HOLE CARDS ***
MAO_DZEDYN_S: folds 
Nicedaymybro: folds 
aoish30: folds 
kevpolley: folds 
sesiomp12: calls $0.50
BoyLoc0: raises $3 to $4
sesiomp12: calls $3
*** FLOP *** [Qs 5h 8c]
sesiomp12: checks 
BoyLoc0: checks 
*** TURN *** [Qs 5h 8c] [Jh]
sesiomp12: bets $3.80
BoyLoc0: calls $3.80
*** RIVER *** [Qs 5h 8c Jh] [9d]
sesiomp12: checks 
BoyLoc0: checks 
*** SHOW DOWN ***
sesiomp12: shows [5d 4d] (a pair of Fives)
BoyLoc0: shows [Jd As] (a pair of Jacks)
BoyLoc0 collected $14.82 from pot
*** SUMMARY ***
Total pot $15.60 | Rake $0.78 
Board [Qs 5h 8c Jh 9d]
Seat 1: sesiomp12 (small blind) showed [5d 4d] and lost with a pair of Fives
Seat 2: BoyLoc0 (big blind) showed [Jd As] and won ($14.82) with a pair of Jacks
Seat 3: MAO_DZEDYN_S folded before Flop (didn't bet)
Seat 4: Nicedaymybro folded before Flop (didn't bet)
Seat 5: aoish30 folded before Flop (didn't bet)
Seat 6: kevpolley (button) folded before Flop (didn't bet)



PokerStars Hand #254454938616:  Hold'em No Limit ($0.50/$1.00 USD) - 2025/01/19 20:27:35 WET [2025/01/19 15:27:35 ET]
Table 'Latona IV' 6-max Seat #1 is the button
Seat 1: sesiomp12 ($43.59 in chips) 
Seat 2: BoyLoc0 ($120.78 in chips) 
Seat 3: MAO_DZEDYN_S ($153.68 in chips) 
Seat 4: Nicedaymybro ($102.52 in chips) 
Seat 5: aoish30 ($100 in chips) 
Seat 6: kevpolley ($89.65 in chips) 
BoyLoc0: posts small blind $0.50
MAO_DZEDYN_S: posts big blind $1
*** HOLE CARDS ***
Nicedaymybro: folds 
aoish30: folds 
kevpolley: folds 
sesiomp12: calls $1
BoyLoc0: calls $0.50
MAO_DZEDYN_S: checks 
*** FLOP *** [3s Td 7c]
BoyLoc0: checks 
MAO_DZEDYN_S: bets $2.14
sesiomp12: calls $2.14
BoyLoc0: folds 
*** TURN *** [3s Td 7c] [As]
MAO_DZEDYN_S: checks 
sesiomp12: bets $3
MAO_DZEDYN_S: folds 
Uncalled bet ($3) returned to sesiomp12
sesiomp12 collected $6.92 from pot
sesiomp12: doesn't show hand 
*** SUMMARY ***
Total pot $7.28 | Rake $0.36 
Board [3s Td 7c As]
Seat 1: sesiomp12 (button) collected ($6.92)
Seat 2: BoyLoc0 (small blind) folded on the Flop
Seat 3: MAO_DZEDYN_S (big blind) folded on the Turn
Seat 4: Nicedaymybro folded before Flop (didn't bet)
Seat 5: aoish30 folded before Flop (didn't bet)
Seat 6: kevpolley folded before Flop (didn't bet)



PokerStars Hand #254454962939:  Hold'em No Limit ($0.50/$1.00 USD) - 2025/01/19 20:28:37 WET [2025/01/19 15:28:37 ET]
Table 'Latona IV' 6-max Seat #2 is the button
Seat 1: sesiomp12 ($47.37 in chips) 
Seat 2: BoyLoc0 ($119.78 in chips) 
Seat 3: MAO_DZEDYN_S ($150.54 in chips) 
Seat 4: Nicedaymybro ($102.52 in chips) 
Seat 5: aoish30 ($100 in chips) 
Seat 6: kevpolley ($89.65 in chips) 
MAO_DZEDYN_S: posts small blind $0.50
Nicedaymybro: posts big blind $1
*** HOLE CARDS ***
aoish30: raises $1.10 to $2.10
kevpolley: folds 
sesiomp12: folds 
BoyLoc0: folds 
MAO_DZEDYN_S: folds 
Nicedaymybro: calls $1.10
*** FLOP *** [6d 6c 8s]
Nicedaymybro: checks 
aoish30: checks 
*** TURN *** [6d 6c 8s] [7d]
Nicedaymybro: bets $6.24
aoish30: folds 
Uncalled bet ($6.24) returned to Nicedaymybro
Nicedaymybro collected $4.46 from pot
Nicedaymybro: doesn't show hand 
*** SUMMARY ***
Total pot $4.70 | Rake $0.24 
Board [6d 6c 8s 7d]
Seat 1: sesiomp12 folded before Flop (didn't bet)
Seat 2: BoyLoc0 (button) folded before Flop (didn't bet)
Seat 3: MAO_DZEDYN_S (small blind) folded before Flop
Seat 4: Nicedaymybro (big blind) collected ($4.46)
Seat 5: aoish30 folded on the Turn
Seat 6: kevpolley folded before Flop (didn't bet)



PokerStars Hand #254454974904:  Hold'em No Limit ($0.50/$1.00 USD) - 2025/01/19 20:29:07 WET [2025/01/19 15:29:07 ET]
Table 'Latona IV' 6-max Seat #3 is the button
Seat 1: sesiomp12 ($47.37 in chips) 
Seat 2: BoyLoc0 ($119.78 in chips) 
Seat 3: MAO_DZEDYN_S ($150.04 in chips) 
Seat 4: Nicedaymybro ($104.88 in chips) 
Seat 5: aoish30 ($100 in chips) 
Seat 6: kevpolley ($89.65 in chips) 
Nicedaymybro: posts small blind $0.50
aoish30: posts big blind $1
*** HOLE CARDS ***
kevpolley: raises $2 to $3
sesiomp12: calls $3
BoyLoc0: folds 
MAO_DZEDYN_S: folds 
Nicedaymybro: folds 
aoish30: calls $2
*** FLOP *** [6c Qd Ks]
aoish30: checks 
kevpolley: checks 
sesiomp12: bets $2.51
aoish30: calls $2.51
kevpolley: folds 
*** TURN *** [6c Qd Ks] [4c]
aoish30: checks 
sesiomp12: checks 
*** RIVER *** [6c Qd Ks 4c] [7s]
aoish30: bets $6.90
sesiomp12: calls $6.90
*** SHOW DOWN ***
aoish30: shows [9c Kc] (a pair of Kings)
sesiomp12: mucks hand 
aoish30 collected $26.90 from pot
*** SUMMARY ***
Total pot $28.32 | Rake $1.42 
Board [6c Qd Ks 4c 7s]
Seat 1: sesiomp12 mucked
Seat 2: BoyLoc0 folded before Flop (didn't bet)
Seat 3: MAO_DZEDYN_S (button) folded before Flop (didn't bet)
Seat 4: Nicedaymybro (small blind) folded before Flop
Seat 5: aoish30 (big blind) showed [9c Kc] and won ($26.90) with a pair of Kings
Seat 6: kevpolley folded on the Flop



PokerStars Hand #254454999087:  Hold'em No Limit ($0.50/$1.00 USD) - 2025/01/19 20:30:09 WET [2025/01/19 15:30:09 ET]
Table 'Latona IV' 6-max Seat #4 is the button
Seat 1: sesiomp12 ($34.96 in chips) 
Seat 2: BoyLoc0 ($119.78 in chips) 
Seat 3: MAO_DZEDYN_S ($150.04 in chips) 
Seat 4: Nicedaymybro ($104.38 in chips) 
Seat 5: aoish30 ($114.49 in chips) 
Seat 6: kevpolley ($86.65 in chips) 
aoish30: posts small blind $0.50
kevpolley: posts big blind $1
*** HOLE CARDS ***
sesiomp12: folds 
BoyLoc0: folds 
MAO_DZEDYN_S: folds 
Nicedaymybro: folds 
aoish30: folds 
Uncalled bet ($0.50) returned to kevpolley
kevpolley collected $1 from pot
*** SUMMARY ***
Total pot $1 | Rake $0 
Seat 1: sesiomp12 folded before Flop (didn't bet)
Seat 2: BoyLoc0 folded before Flop (didn't bet)
Seat 3: MAO_DZEDYN_S folded before Flop (didn't bet)
Seat 4: Nicedaymybro (button) folded before Flop (didn't bet)
Seat 5: aoish30 (small blind) folded before Flop
Seat 6: kevpolley (big blind) collected ($1)



PokerStars Hand #254455004490:  Hold'em No Limit ($0.50/$1.00 USD) - 2025/01/19 20:30:22 WET [2025/01/19 15:30:22 ET]
Table 'Latona IV' 6-max Seat #5 is the button
Seat 1: sesiomp12 ($34.96 in chips) 
Seat 2: BoyLoc0 ($119.78 in chips) 
Seat 3: MAO_DZEDYN_S ($150.04 in chips) 
Seat 4: Nicedaymybro ($104.38 in chips) 
Seat 5: aoish30 ($113.99 in chips) 
Seat 6: kevpolley ($87.15 in chips) 
kevpolley: posts small blind $0.50
sesiomp12: posts big blind $1
*** HOLE CARDS ***
BoyLoc0: folds 
MAO_DZEDYN_S: raises $1.25 to $2.25
Nicedaymybro: folds 
aoish30: folds 
kevpolley: folds 
sesiomp12: folds 
Uncalled bet ($1.25) returned to MAO_DZEDYN_S
MAO_DZEDYN_S collected $2.50 from pot
MAO_DZEDYN_S: doesn't show hand 
*** SUMMARY ***
Total pot $2.50 | Rake $0 
Seat 1: sesiomp12 (big blind) folded before Flop
Seat 2: BoyLoc0 folded before Flop (didn't bet)
Seat 3: MAO_DZEDYN_S collected ($2.50)
Seat 4: Nicedaymybro folded before Flop (didn't bet)
Seat 5: aoish30 (button) folded before Flop (didn't bet)
Seat 6: kevpolley (small blind) folded before Flop



PokerStars Hand #254455009142:  Hold'em No Limit ($0.50/$1.00 USD) - 2025/01/19 20:30:34 WET [2025/01/19 15:30:34 ET]
Table 'Latona IV' 6-max Seat #6 is the button
Seat 1: sesiomp12 ($33.96 in chips) 
Seat 2: BoyLoc0 ($119.78 in chips) 
Seat 3: MAO_DZEDYN_S ($151.54 in chips) 
Seat 4: Nicedaymybro ($104.38 in chips) 
Seat 5: aoish30 ($113.99 in chips) 
Seat 6: kevpolley ($86.65 in chips) 
sesiomp12: posts small blind $0.50
BoyLoc0: posts big blind $1
*** HOLE CARDS ***
MAO_DZEDYN_S: raises $1.25 to $2.25
Nicedaymybro: folds 
aoish30: folds 
kevpolley: calls $2.25
sesiomp12: folds 
BoyLoc0: calls $1.25
*** FLOP *** [2d 2h Jd]
BoyLoc0: checks 
MAO_DZEDYN_S: checks 
kevpolley: checks 
*** TURN *** [2d 2h Jd] [Qc]
BoyLoc0: checks 
MAO_DZEDYN_S: checks 
kevpolley: checks 
*** RIVER *** [2d 2h Jd Qc] [Js]
BoyLoc0: checks 
MAO_DZEDYN_S: bets $1
kevpolley: calls $1
BoyLoc0: folds 
*** SHOW DOWN ***
MAO_DZEDYN_S: shows [Th Ts] (two pair, Jacks and Tens)
kevpolley: shows [Jc 9c] (a full house, Jacks full of Deuces)
kevpolley collected $8.79 from pot
*** SUMMARY ***
Total pot $9.25 | Rake $0.46 
Board [2d 2h Jd Qc Js]
Seat 1: sesiomp12 (small blind) folded before Flop
Seat 2: BoyLoc0 (big blind) folded on the River
Seat 3: MAO_DZEDYN_S showed [Th Ts] and lost with two pair, Jacks and Tens
Seat 4: Nicedaymybro folded before Flop (didn't bet)
Seat 5: aoish30 folded before Flop (didn't bet)
Seat 6: kevpolley (button) showed [Jc 9c] and won ($8.79) with a full house, Jacks full of Deuces



PokerStars Hand #254455038868:  Hold'em No Limit ($0.50/$1.00 USD) - 2025/01/19 20:31:48 WET [2025/01/19 15:31:48 ET]
Table 'Latona IV' 6-max Seat #1 is the button
Seat 1: sesiomp12 ($33.46 in chips) 
Seat 2: BoyLoc0 ($117.53 in chips) 
Seat 3: MAO_DZEDYN_S ($148.29 in chips) 
Seat 4: Nicedaymybro ($104.38 in chips) 
Seat 5: aoish30 ($113.99 in chips) 
Seat 6: kevpolley ($92.19 in chips) 
BoyLoc0: posts small blind $0.50
MAO_DZEDYN_S: posts big blind $1
*** HOLE CARDS ***
Nicedaymybro: raises $1.50 to $2.50
aoish30 has timed out
aoish30: folds 
kevpolley: calls $2.50
sesiomp12: raises $4.50 to $7
BoyLoc0: folds 
MAO_DZEDYN_S: folds 
Nicedaymybro: folds 
kevpolley: calls $4.50
*** FLOP *** [3s Kd 3h]
kevpolley: checks 
sesiomp12: bets $8.55
kevpolley: folds 
Uncalled bet ($8.55) returned to sesiomp12
sesiomp12 collected $17.10 from pot
sesiomp12: doesn't show hand 
*** SUMMARY ***
Total pot $18 | Rake $0.90 
Board [3s Kd 3h]
Seat 1: sesiomp12 (button) collected ($17.10)
Seat 2: BoyLoc0 (small blind) folded before Flop
Seat 3: MAO_DZEDYN_S (big blind) folded before Flop
Seat 4: Nicedaymybro folded before Flop
Seat 5: aoish30 folded before Flop (didn't bet)
Seat 6: kevpolley folded on the Flop



PokerStars Hand #254455067609:  Hold'em No Limit ($0.50/$1.00 USD) - 2025/01/19 20:33:02 WET [2025/01/19 15:33:02 ET]
Table 'Latona IV' 6-max Seat #2 is the button
Seat 5: aoish30 ($113.99 in chips) is sitting out
Seat 1: sesiomp12 ($43.56 in chips) 
Seat 2: BoyLoc0 ($117.03 in chips) 
Seat 3: MAO_DZEDYN_S ($147.29 in chips) 
Seat 4: Nicedaymybro ($101.88 in chips) 
Seat 6: kevpolley ($85.19 in chips) 
MAO_DZEDYN_S: posts small blind $0.50
Nicedaymybro: posts big blind $1
*** HOLE CARDS ***
kevpolley: folds 
sesiomp12: folds 
BoyLoc0: raises $1.50 to $2.50
MAO_DZEDYN_S: folds 
Nicedaymybro: calls $1.50
*** FLOP *** [3s 6h 3d]
Nicedaymybro: checks 
BoyLoc0: bets $3.92
Nicedaymybro: folds 
Uncalled bet ($3.92) returned to BoyLoc0
BoyLoc0 collected $5.22 from pot
BoyLoc0: doesn't show hand 
*** SUMMARY ***
Total pot $5.50 | Rake $0.28 
Board [3s 6h 3d]
Seat 5: aoish30
Seat 1: sesiomp12 folded before Flop (didn't bet)
Seat 2: BoyLoc0 (button) collected ($5.22)
Seat 3: MAO_DZEDYN_S (small blind) folded before Flop
Seat 4: Nicedaymybro (big blind) folded on the Flop
Seat 6: kevpolley folded before Flop (didn't bet)



PokerStars Hand #254455078346:  Hold'em No Limit ($0.50/$1.00 USD) - 2025/01/19 20:33:29 WET [2025/01/19 15:33:29 ET]
Table 'Latona IV' 6-max Seat #3 is the button
Seat 5: aoish30 ($113.99 in chips) is sitting out
Seat 1: sesiomp12 ($43.56 in chips) 
Seat 2: BoyLoc0 ($119.75 in chips) 
Seat 3: MAO_DZEDYN_S ($146.79 in chips) 
Seat 4: Nicedaymybro ($100 in chips) 
Seat 6: kevpolley ($85.19 in chips) 
Nicedaymybro: posts small blind $0.50
kevpolley: posts big blind $1
*** HOLE CARDS ***
sesiomp12: folds 
BoyLoc0: folds 
MAO_DZEDYN_S: folds 
Nicedaymybro: folds 
Uncalled bet ($0.50) returned to kevpolley
kevpolley collected $1 from pot
*** SUMMARY ***
Total pot $1 | Rake $0 
Seat 5: aoish30
Seat 1: sesiomp12 folded before Flop (didn't bet)
Seat 2: BoyLoc0 folded before Flop (didn't bet)
Seat 3: MAO_DZEDYN_S (button) folded before Flop (didn't bet)
Seat 4: Nicedaymybro (small blind) folded before Flop
Seat 6: kevpolley (big blind) collected ($1)



PokerStars Hand #254455086878:  Hold'em No Limit ($0.50/$1.00 USD) - 2025/01/19 20:33:51 WET [2025/01/19 15:33:51 ET]
Table 'Latona IV' 6-max Seat #4 is the button
Seat 5: aoish30 ($113.99 in chips) is sitting out
Seat 1: sesiomp12 ($43.56 in chips) 
Seat 2: BoyLoc0 ($119.75 in chips) 
Seat 3: MAO_DZEDYN_S ($146.79 in chips) 
Seat 4: Nicedaymybro ($100 in chips) 
Seat 6: kevpolley ($85.69 in chips) 
kevpolley: posts small blind $0.50
sesiomp12: posts big blind $1
*** HOLE CARDS ***
BoyLoc0: raises $1.50 to $2.50
MAO_DZEDYN_S: folds 
Nicedaymybro: folds 
kevpolley: folds 
sesiomp12: calls $1.50
*** FLOP *** [Js 4d 2d]
sesiomp12: bets $2
BoyLoc0: raises $4.61 to $6.61
sesiomp12: folds 
Uncalled bet ($4.61) returned to BoyLoc0
BoyLoc0 collected $9.02 from pot
BoyLoc0: doesn't show hand 
*** SUMMARY ***
Total pot $9.50 | Rake $0.48 
Board [Js 4d 2d]
Seat 5: aoish30
Seat 1: sesiomp12 (big blind) folded on the Flop
Seat 2: BoyLoc0 collected ($9.02)
Seat 3: MAO_DZEDYN_S folded before Flop (didn't bet)
Seat 4: Nicedaymybro (button) folded before Flop (didn't bet)
Seat 6: kevpolley (small blind) folded before Flop



PokerStars Hand #254455098842:  Hold'em No Limit ($0.50/$1.00 USD) - 2025/01/19 20:34:22 WET [2025/01/19 15:34:22 ET]
Table 'Latona IV' 6-max Seat #6 is the button
Seat 5: aoish30 ($113.99 in chips) is sitting out
Seat 1: sesiomp12 ($39.06 in chips) 
Seat 2: BoyLoc0 ($124.27 in chips) 
Seat 3: MAO_DZEDYN_S ($146.79 in chips) 
Seat 4: Nicedaymybro ($100 in chips) 
Seat 6: kevpolley ($85.19 in chips) 
sesiomp12: posts small blind $0.50
BoyLoc0: posts big blind $1
*** HOLE CARDS ***
MAO_DZEDYN_S: folds 
Nicedaymybro: folds 
kevpolley: raises $2 to $3
sesiomp12: folds 
BoyLoc0: folds 
Uncalled bet ($2) returned to kevpolley
kevpolley collected $2.50 from pot
sesiomp12 leaves the table
*** SUMMARY ***
Total pot $2.50 | Rake $0 
Seat 5: aoish30
Seat 1: sesiomp12 (small blind) folded before Flop
Seat 2: BoyLoc0 (big blind) folded before Flop
Seat 3: MAO_DZEDYN_S folded before Flop (didn't bet)
Seat 4: Nicedaymybro folded before Flop (didn't bet)
Seat 6: kevpolley (button) collected ($2.50)



PokerStars Hand #254455106670:  Hold'em No Limit ($0.50/$1.00 USD) - 2025/01/19 20:34:42 WET [2025/01/19 15:34:42 ET]
Table 'Latona IV' 6-max Seat #2 is the button
Seat 5: aoish30 ($113.99 in chips) is sitting out
Seat 2: BoyLoc0 ($123.27 in chips) 
Seat 3: MAO_DZEDYN_S ($146.79 in chips) 
Seat 4: Nicedaymybro ($100 in chips) 
Seat 6: kevpolley ($86.69 in chips) 
MAO_DZEDYN_S: posts small blind $0.50
Nicedaymybro: posts big blind $1
*** HOLE CARDS ***
kevpolley: folds 
BoyLoc0: raises $1.50 to $2.50
MAO_DZEDYN_S: folds 
Nicedaymybro: calls $1.50
*** FLOP *** [Jd Qc 3d]
Nicedaymybro: checks 
BoyLoc0: bets $1.72
Nicedaymybro: folds 
Uncalled bet ($1.72) returned to BoyLoc0
BoyLoc0 collected $5.22 from pot
BoyLoc0: doesn't show hand 
*** SUMMARY ***
Total pot $5.50 | Rake $0.28 
Board [Jd Qc 3d]
Seat 5: aoish30
Seat 2: BoyLoc0 (button) collected ($5.22)
Seat 3: MAO_DZEDYN_S (small blind) folded before Flop
Seat 4: Nicedaymybro (big blind) folded on the Flop
Seat 6: kevpolley folded before Flop (didn't bet)



PokerStars Hand #254455114105:  Hold'em No Limit ($0.50/$1.00 USD) - 2025/01/19 20:35:01 WET [2025/01/19 15:35:01 ET]
Table 'Latona IV' 6-max Seat #3 is the button
Seat 5: aoish30 ($113.99 in chips) is sitting out
Seat 2: BoyLoc0 ($125.99 in chips) 
Seat 3: MAO_DZEDYN_S ($146.29 in chips) 
Seat 4: Nicedaymybro ($100 in chips) 
Seat 6: kevpolley ($86.69 in chips) 
Nicedaymybro: posts small blind $0.50
kevpolley: posts big blind $1
*** HOLE CARDS ***
BoyLoc0: raises $1.50 to $2.50
MAO_DZEDYN_S: folds 
Nicedaymybro: folds 
kevpolley: calls $1.50
*** FLOP *** [2s 2d 2h]
kevpolley: checks 
BoyLoc0: bets $1.72
kevpolley: folds 
Uncalled bet ($1.72) returned to BoyLoc0
BoyLoc0 collected $5.22 from pot
BoyLoc0: doesn't show hand 
*** SUMMARY ***
Total pot $5.50 | Rake $0.28 
Board [2s 2d 2h]
Seat 5: aoish30
Seat 2: BoyLoc0 collected ($5.22)
Seat 3: MAO_DZEDYN_S (button) folded before Flop (didn't bet)
Seat 4: Nicedaymybro (small blind) folded before Flop
Seat 6: kevpolley (big blind) folded on the Flop



