PokerStars Hand #254458734265:  Hold'em No Limit ($0.50/$1.00 USD) - 2025/01/19 23:35:57 WET [2025/01/19 18:35:57 ET]
Table 'Althaea IV' 6-max Seat #3 is the button
Seat 1: ImaPeppaPig ($101.50 in chips) 
Seat 3: nikalas22 ($100 in chips) 
Seat 5: m0nTTu ($10 in chips) 
m0nTTu: posts small blind $0.50
ImaPeppaPig: posts big blind $1
*** HOLE CARDS ***
nikalas22: folds 
m0nTTu: folds 
Uncalled bet ($0.50) returned to ImaPeppaPig
ImaPeppaPig collected $1 from pot
ImaPeppaPig: doesn't show hand 
*** SUMMARY ***
Total pot $1 | Rake $0 
Seat 1: ImaPeppaPig (big blind) collected ($1)
Seat 3: nikalas22 (button) folded before Flop (didn't bet)
Seat 5: m0nTTu (small blind) folded before Flop



PokerStars Hand #254458739749:  Hold'em No Limit ($0.50/$1.00 USD) - 2025/01/19 23:36:17 WET [2025/01/19 18:36:17 ET]
Table 'Althaea IV' 6-max Seat #5 is the button
Seat 1: ImaPeppaPig ($102 in chips) 
Seat 3: nikalas22 ($100 in chips) 
Seat 5: m0nTTu ($10 in chips) 
ImaPeppaPig: posts small blind $0.50
nikalas22: posts big blind $1
*** HOLE CARDS ***
m0nTTu: folds 
ImaPeppaPig: raises $2 to $3
nikalas22: calls $2
*** FLOP *** [4h As Th]
ImaPeppaPig: checks 
nikalas22: bets $4.28
ImaPeppaPig: folds 
Uncalled bet ($4.28) returned to nikalas22
nikalas22 collected $5.70 from pot
nikalas22: doesn't show hand 
*** SUMMARY ***
Total pot $6 | Rake $0.30 
Board [4h As Th]
Seat 1: ImaPeppaPig (small blind) folded on the Flop
Seat 3: nikalas22 (big blind) collected ($5.70)
Seat 5: m0nTTu (button) folded before Flop (didn't bet)



PokerStars Hand #254458747832:  Hold'em No Limit ($0.50/$1.00 USD) - 2025/01/19 23:36:46 WET [2025/01/19 18:36:46 ET]
Table 'Althaea IV' 6-max Seat #1 is the button
Seat 1: ImaPeppaPig ($100 in chips) 
Seat 3: nikalas22 ($102.70 in chips) 
Seat 5: m0nTTu ($10 in chips) 
nikalas22: posts small blind $0.50
m0nTTu: posts big blind $1
*** HOLE CARDS ***
ImaPeppaPig: raises $1.50 to $2.50
nikalas22: folds 
m0nTTu: folds 
Uncalled bet ($1.50) returned to ImaPeppaPig
ImaPeppaPig collected $2.50 from pot
ImaPeppaPig: doesn't show hand 
*** SUMMARY ***
Total pot $2.50 | Rake $0 
Seat 1: ImaPeppaPig (button) collected ($2.50)
Seat 3: nikalas22 (small blind) folded before Flop
Seat 5: m0nTTu (big blind) folded before Flop



PokerStars Hand #254458755632:  Hold'em No Limit ($0.50/$1.00 USD) - 2025/01/19 23:37:14 WET [2025/01/19 18:37:14 ET]
Table 'Althaea IV' 6-max Seat #3 is the button
Seat 1: ImaPeppaPig ($101.50 in chips) 
Seat 3: nikalas22 ($102.20 in chips) 
Seat 5: m0nTTu ($10 in chips) 
m0nTTu: posts small blind $0.50
ImaPeppaPig: posts big blind $1
*** HOLE CARDS ***
nikalas22: folds 
m0nTTu: folds 
Uncalled bet ($0.50) returned to ImaPeppaPig
ImaPeppaPig collected $1 from pot
ImaPeppaPig: doesn't show hand 
*** SUMMARY ***
Total pot $1 | Rake $0 
Seat 1: ImaPeppaPig (big blind) collected ($1)
Seat 3: nikalas22 (button) folded before Flop (didn't bet)
Seat 5: m0nTTu (small blind) folded before Flop



PokerStars Hand #254458760337:  Hold'em No Limit ($0.50/$1.00 USD) - 2025/01/19 23:37:31 WET [2025/01/19 18:37:31 ET]
Table 'Althaea IV' 6-max Seat #5 is the button
Seat 1: ImaPeppaPig ($102 in chips) 
Seat 3: nikalas22 ($102.20 in chips) 
Seat 5: m0nTTu ($10 in chips) 
ImaPeppaPig: posts small blind $0.50
nikalas22: posts big blind $1
*** HOLE CARDS ***
m0nTTu: folds 
ImaPeppaPig: raises $2 to $3
nikalas22: folds 
Uncalled bet ($2) returned to ImaPeppaPig
ImaPeppaPig collected $2 from pot
ImaPeppaPig: doesn't show hand 
*** SUMMARY ***
Total pot $2 | Rake $0 
Seat 1: ImaPeppaPig (small blind) collected ($2)
Seat 3: nikalas22 (big blind) folded before Flop
Seat 5: m0nTTu (button) folded before Flop (didn't bet)



PokerStars Hand #254458768182:  Hold'em No Limit ($0.50/$1.00 USD) - 2025/01/19 23:37:59 WET [2025/01/19 18:37:59 ET]
Table 'Althaea IV' 6-max Seat #1 is the button
Seat 1: ImaPeppaPig ($103 in chips) 
Seat 3: nikalas22 ($101.20 in chips) 
Seat 5: m0nTTu ($10 in chips) 
nikalas22: posts small blind $0.50
m0nTTu: posts big blind $1
*** HOLE CARDS ***
ImaPeppaPig: raises $1.50 to $2.50
nikalas22: folds 
m0nTTu: folds 
Uncalled bet ($1.50) returned to ImaPeppaPig
ImaPeppaPig collected $2.50 from pot
ImaPeppaPig: doesn't show hand 
*** SUMMARY ***
Total pot $2.50 | Rake $0 
Seat 1: ImaPeppaPig (button) collected ($2.50)
Seat 3: nikalas22 (small blind) folded before Flop
Seat 5: m0nTTu (big blind) folded before Flop



PokerStars Hand #254458775430:  Hold'em No Limit ($0.50/$1.00 USD) - 2025/01/19 23:38:25 WET [2025/01/19 18:38:25 ET]
Table 'Althaea IV' 6-max Seat #3 is the button
Seat 1: ImaPeppaPig ($104.50 in chips) 
Seat 3: nikalas22 ($100.70 in chips) 
Seat 5: m0nTTu ($10 in chips) 
m0nTTu: posts small blind $0.50
ImaPeppaPig: posts big blind $1
*** HOLE CARDS ***
nikalas22: folds 
m0nTTu: raises $9 to $10 and is all-in
ImaPeppaPig: folds 
Uncalled bet ($9) returned to m0nTTu
m0nTTu collected $2 from pot
m0nTTu: doesn't show hand 
*** SUMMARY ***
Total pot $2 | Rake $0 
Seat 1: ImaPeppaPig (big blind) folded before Flop
Seat 3: nikalas22 (button) folded before Flop (didn't bet)
Seat 5: m0nTTu (small blind) collected ($2)



PokerStars Hand #254458781612:  Hold'em No Limit ($0.50/$1.00 USD) - 2025/01/19 23:38:47 WET [2025/01/19 18:38:47 ET]
Table 'Althaea IV' 6-max Seat #5 is the button
Seat 1: ImaPeppaPig ($103.50 in chips) 
Seat 3: nikalas22 ($100.70 in chips) 
Seat 5: m0nTTu ($11 in chips) 
ImaPeppaPig: posts small blind $0.50
nikalas22: posts big blind $1
*** HOLE CARDS ***
m0nTTu: folds 
ImaPeppaPig: folds 
Uncalled bet ($0.50) returned to nikalas22
nikalas22 collected $1 from pot
nikalas22: doesn't show hand 
*** SUMMARY ***
Total pot $1 | Rake $0 
Seat 1: ImaPeppaPig (small blind) folded before Flop
Seat 3: nikalas22 (big blind) collected ($1)
Seat 5: m0nTTu (button) folded before Flop (didn't bet)



PokerStars Hand #254458786879:  Hold'em No Limit ($0.50/$1.00 USD) - 2025/01/19 23:39:06 WET [2025/01/19 18:39:06 ET]
Table 'Althaea IV' 6-max Seat #1 is the button
Seat 1: ImaPeppaPig ($103 in chips) 
Seat 3: nikalas22 ($101.20 in chips) 
Seat 5: m0nTTu ($11 in chips) 
nikalas22: posts small blind $0.50
m0nTTu: posts big blind $1
*** HOLE CARDS ***
ImaPeppaPig: raises $1.50 to $2.50
nikalas22: folds 
m0nTTu: folds 
Uncalled bet ($1.50) returned to ImaPeppaPig
ImaPeppaPig collected $2.50 from pot
ImaPeppaPig: doesn't show hand 
*** SUMMARY ***
Total pot $2.50 | Rake $0 
Seat 1: ImaPeppaPig (button) collected ($2.50)
Seat 3: nikalas22 (small blind) folded before Flop
Seat 5: m0nTTu (big blind) folded before Flop



PokerStars Hand #254458796265:  Hold'em No Limit ($0.50/$1.00 USD) - 2025/01/19 23:39:41 WET [2025/01/19 18:39:41 ET]
Table 'Althaea IV' 6-max Seat #3 is the button
Seat 1: ImaPeppaPig ($104.50 in chips) 
Seat 3: nikalas22 ($100.70 in chips) 
Seat 5: m0nTTu ($10 in chips) 
m0nTTu: posts small blind $0.50
ImaPeppaPig: posts big blind $1
*** HOLE CARDS ***
nikalas22: folds 
goethekiller joins the table at seat #6 
goethekiller is disconnected 
MakoEv joins the table at seat #2 
m0nTTu: raises $9 to $10 and is all-in
Zvst joins the table at seat #4 
ImaPeppaPig: folds 
Uncalled bet ($9) returned to m0nTTu
m0nTTu collected $2 from pot
m0nTTu: doesn't show hand 
*** SUMMARY ***
Total pot $2 | Rake $0 
Seat 1: ImaPeppaPig (big blind) folded before Flop
Seat 3: nikalas22 (button) folded before Flop (didn't bet)
Seat 5: m0nTTu (small blind) collected ($2)



PokerStars Hand #254458801413:  Hold'em No Limit ($0.50/$1.00 USD) - 2025/01/19 23:39:59 WET [2025/01/19 18:39:59 ET]
Table 'Althaea IV' 6-max Seat #5 is the button
Seat 4: Zvst ($100 in chips) is sitting out
Seat 1: ImaPeppaPig ($103.50 in chips) 
Seat 2: MakoEv ($100 in chips) 
Seat 3: nikalas22 ($100.70 in chips) 
Seat 5: m0nTTu ($11 in chips) 
ImaPeppaPig: posts small blind $0.50
goethekiller leaves the table
MakoEv: posts big blind $1
Zvst: sits out 
*** HOLE CARDS ***
nikalas22: raises $1.50 to $2.50
m0nTTu: folds 
ImaPeppaPig: folds 
MakoEv: folds 
Uncalled bet ($1.50) returned to nikalas22
nikalas22 collected $2.50 from pot
nikalas22: doesn't show hand 
*** SUMMARY ***
Total pot $2.50 | Rake $0 
Seat 4: Zvst
Seat 1: ImaPeppaPig (small blind) folded before Flop
Seat 2: MakoEv (big blind) folded before Flop
Seat 3: nikalas22 collected ($2.50)
Seat 5: m0nTTu (button) folded before Flop (didn't bet)



PokerStars Hand #254458811079:  Hold'em No Limit ($0.50/$1.00 USD) - 2025/01/19 23:40:35 WET [2025/01/19 18:40:35 ET]
Table 'Althaea IV' 6-max Seat #1 is the button
Seat 4: Zvst ($100 in chips) is sitting out
Seat 1: ImaPeppaPig ($103 in chips) 
Seat 2: MakoEv ($100 in chips) 
Seat 3: nikalas22 ($102.20 in chips) 
Seat 5: m0nTTu ($11 in chips) 
MakoEv: posts small blind $0.50
nikalas22: posts big blind $1
Zvst: sits out 
*** HOLE CARDS ***
m0nTTu: raises $10 to $11 and is all-in
ImaPeppaPig: folds 
MakoEv: folds 
nikalas22: folds 
Uncalled bet ($10) returned to m0nTTu
m0nTTu collected $2.50 from pot
m0nTTu: doesn't show hand 
*** SUMMARY ***
Total pot $2.50 | Rake $0 
Seat 4: Zvst
Seat 1: ImaPeppaPig (button) folded before Flop (didn't bet)
Seat 2: MakoEv (small blind) folded before Flop
Seat 3: nikalas22 (big blind) folded before Flop
Seat 5: m0nTTu collected ($2.50)



PokerStars Hand #254458816068:  Hold'em No Limit ($0.50/$1.00 USD) - 2025/01/19 23:40:53 WET [2025/01/19 18:40:53 ET]
Table 'Althaea IV' 6-max Seat #2 is the button
Seat 1: ImaPeppaPig ($103 in chips) 
Seat 2: MakoEv ($100 in chips) 
Seat 3: nikalas22 ($101.20 in chips) 
Seat 4: Zvst ($100 in chips) 
Seat 5: m0nTTu ($12.50 in chips) 
nikalas22: posts small blind $0.50
Zvst: posts big blind $1
*** HOLE CARDS ***
m0nTTu: folds 
ImaPeppaPig: folds 
MakoEv: folds 
nikalas22: raises $2 to $3
Zvst: calls $2
*** FLOP *** [4c Ac 2s]
nikalas22: checks 
Zvst: checks 
*** TURN *** [4c Ac 2s] [Qs]
nikalas22: checks 
Zvst: checks 
*** RIVER *** [4c Ac 2s Qs] [9c]
nikalas22: checks 
Zvst: bets $4.80
nikalas22: folds 
Uncalled bet ($4.80) returned to Zvst
Zvst collected $5.70 from pot
Zvst: doesn't show hand 
*** SUMMARY ***
Total pot $6 | Rake $0.30 
Board [4c Ac 2s Qs 9c]
Seat 1: ImaPeppaPig folded before Flop (didn't bet)
Seat 2: MakoEv (button) folded before Flop (didn't bet)
Seat 3: nikalas22 (small blind) folded on the River
Seat 4: Zvst (big blind) collected ($5.70)
Seat 5: m0nTTu folded before Flop (didn't bet)



PokerStars Hand #254458831093:  Hold'em No Limit ($0.50/$1.00 USD) - 2025/01/19 23:41:48 WET [2025/01/19 18:41:48 ET]
Table 'Althaea IV' 6-max Seat #3 is the button
Seat 5: m0nTTu ($12.50 in chips) is sitting out
Seat 1: ImaPeppaPig ($103 in chips) 
Seat 2: MakoEv ($100 in chips) 
Seat 3: nikalas22 ($100 in chips) 
Seat 4: Zvst ($102.70 in chips) 
Zvst: posts small blind $0.50
m0nTTu: is sitting out 
ImaPeppaPig: posts big blind $1
*** HOLE CARDS ***
MakoEv: folds 
nikalas22: folds 
m0nTTu leaves the table
Zvst: raises $2 to $3
ImaPeppaPig: folds 
Uncalled bet ($2) returned to Zvst
Zvst collected $2 from pot
Zvst: doesn't show hand 
*** SUMMARY ***
Total pot $2 | Rake $0 
Seat 5: m0nTTu
Seat 1: ImaPeppaPig (big blind) folded before Flop
Seat 2: MakoEv folded before Flop (didn't bet)
Seat 3: nikalas22 (button) folded before Flop (didn't bet)
Seat 4: Zvst (small blind) collected ($2)



PokerStars Hand #254458837282:  Hold'em No Limit ($0.50/$1.00 USD) - 2025/01/19 23:42:11 WET [2025/01/19 18:42:11 ET]
Table 'Althaea IV' 6-max Seat #4 is the button
Seat 2: MakoEv ($100 in chips) is sitting out
Seat 1: ImaPeppaPig ($102 in chips) 
Seat 3: nikalas22 ($100 in chips) 
Seat 4: Zvst ($103.70 in chips) 
ImaPeppaPig: posts small blind $0.50
MakoEv: is sitting out 
nikalas22: posts big blind $1
*** HOLE CARDS ***
Zvst: raises $1.50 to $2.50
MakoEv leaves the table
ImaPeppaPig: folds 
nikalas22: folds 
Uncalled bet ($1.50) returned to Zvst
Zvst collected $2.50 from pot
Zvst: doesn't show hand 
*** SUMMARY ***
Total pot $2.50 | Rake $0 
Seat 2: MakoEv
Seat 1: ImaPeppaPig (small blind) folded before Flop
Seat 3: nikalas22 (big blind) folded before Flop
Seat 4: Zvst (button) collected ($2.50)



PokerStars Hand #254458841143:  Hold'em No Limit ($0.50/$1.00 USD) - 2025/01/19 23:42:25 WET [2025/01/19 18:42:25 ET]
Table 'Althaea IV' 6-max Seat #3 is the button
Seat 4: Zvst ($105.20 in chips) is sitting out
Seat 1: ImaPeppaPig ($101.50 in chips) 
Seat 3: nikalas22 ($100 in chips) 
nikalas22: posts small blind $0.50
Zvst: is sitting out 
ImaPeppaPig: posts big blind $1
*** HOLE CARDS ***
nikalas22: raises $1.50 to $2.50
ImaPeppaPig: raises $9.50 to $12
Zvst leaves the table
nikalas22: folds 
Uncalled bet ($9.50) returned to ImaPeppaPig
ImaPeppaPig collected $5 from pot
ImaPeppaPig: doesn't show hand 
*** SUMMARY ***
Total pot $5 | Rake $0 
Seat 4: Zvst
Seat 1: ImaPeppaPig (big blind) collected ($5)
Seat 3: nikalas22 (button) (small blind) folded before Flop



PokerStars Hand #254458844746:  Hold'em No Limit ($0.50/$1.00 USD) - 2025/01/19 23:42:38 WET [2025/01/19 18:42:38 ET]
Table 'Althaea IV' 6-max Seat #1 is the button
Seat 1: ImaPeppaPig ($104 in chips) 
Seat 3: nikalas22 ($100 in chips) 
ImaPeppaPig: posts small blind $0.50
nikalas22: posts big blind $1
*** HOLE CARDS ***
ImaPeppaPig: folds 
Uncalled bet ($0.50) returned to nikalas22
nikalas22 collected $1 from pot
nikalas22: doesn't show hand 
*** SUMMARY ***
Total pot $1 | Rake $0 
Seat 1: ImaPeppaPig (button) (small blind) folded before Flop
Seat 3: nikalas22 (big blind) collected ($1)



