PokerStars Hand #254445168613:  Hold'em No Limit ($0.50/$1.00 USD) - 2025/01/19 10:44:49 WET [2025/01/19 5:44:49 ET]
Table 'Lacroute III' 6-max Seat #4 is the button
Seat 3: gudrozd ($100 in chips) is sitting out
Seat 6: trueYes.3970 ($0 in chips) is sitting out
Seat 1: Ship4545 ($67.07 in chips) 
Seat 2: aoish30 ($100 in chips) 
Seat 4: NikoPale ($100 in chips) 
Seat 5: NoonTime1991 ($100 in chips) 
NoonTime1991: posts small blind $0.50
Ship4545: posts big blind $1
gudrozd: sits out 
*** HOLE CARDS ***
aoish30: raises $1.50 to $2.50
NikoPale: folds 
NoonTime1991: folds 
Ship4545: folds 
Uncalled bet ($1.50) returned to aoish30
aoish30 collected $2.50 from pot
aoish30: doesn't show hand 
*** SUMMARY ***
Total pot $2.50 | Rake $0 
Seat 3: gudrozd
Seat 6: trueYes.3970
Seat 1: Ship4545 (big blind) folded before Flop
Seat 2: aoish30 collected ($2.50)
Seat 4: NikoPale (button) folded before Flop (didn't bet)
Seat 5: NoonTime1991 (small blind) folded before Flop



PokerStars Hand #254445169889:  Hold'em No Limit ($0.50/$1.00 USD) - 2025/01/19 10:44:59 WET [2025/01/19 5:44:59 ET]
Table 'Lacroute III' 6-max Seat #5 is the button
Seat 3: gudrozd ($100 in chips) is sitting out
Seat 6: trueYes.3970 ($10 in chips) is sitting out
Seat 1: Ship4545 ($66.07 in chips) 
Seat 2: aoish30 ($101.50 in chips) 
Seat 4: NikoPale ($100 in chips) 
Seat 5: NoonTime1991 ($100 in chips) 
Ship4545: posts small blind $0.50
aoish30: posts big blind $1
gudrozd: sits out 
*** HOLE CARDS ***
NikoPale: raises $1.50 to $2.50
NoonTime1991: folds 
Ship4545: calls $2
aoish30: folds 
*** FLOP *** [5s 5c 2d]
Ship4545: checks 
NikoPale: checks 
*** TURN *** [5s 5c 2d] [8h]
Ship4545: checks 
NikoPale: checks 
*** RIVER *** [5s 5c 2d 8h] [4d]
Ship4545: checks 
NikoPale: bets $2.85
Ship4545: folds 
Uncalled bet ($2.85) returned to NikoPale
NikoPale collected $5.70 from pot
NikoPale: doesn't show hand 
*** SUMMARY ***
Total pot $6 | Rake $0.30 
Board [5s 5c 2d 8h 4d]
Seat 3: gudrozd
Seat 6: trueYes.3970
Seat 1: Ship4545 (small blind) folded on the River
Seat 2: aoish30 (big blind) folded before Flop
Seat 4: NikoPale collected ($5.70)
Seat 5: NoonTime1991 (button) folded before Flop (didn't bet)



PokerStars Hand #254445174659:  Hold'em No Limit ($0.50/$1.00 USD) - 2025/01/19 10:45:36 WET [2025/01/19 5:45:36 ET]
Table 'Lacroute III' 6-max Seat #1 is the button
Seat 1: Ship4545 ($63.57 in chips) 
Seat 2: aoish30 ($100.50 in chips) 
Seat 3: gudrozd ($100 in chips) 
Seat 4: NikoPale ($103.20 in chips) 
Seat 5: NoonTime1991 ($100 in chips) 
Seat 6: trueYes.3970 ($10 in chips) 
aoish30: posts small blind $0.50
gudrozd: posts big blind $1
trueYes.3970: posts small & big blinds $1.50
*** HOLE CARDS ***
NikoPale: folds 
NoonTime1991: raises $3.25 to $4.25
trueYes.3970: folds 
Ship4545: calls $4.25
aoish30: folds 
gudrozd: folds 
*** FLOP *** [3c 2d 9h]
NoonTime1991: checks 
Ship4545: bets $5.46
NoonTime1991: calls $5.46
*** TURN *** [3c 2d 9h] [Js]
NoonTime1991: checks 
Ship4545: bets $9.50
NoonTime1991: calls $9.50
*** RIVER *** [3c 2d 9h Js] [Kh]
NoonTime1991: checks 
Ship4545: checks 
*** SHOW DOWN ***
NoonTime1991: shows [6s 6d] (a pair of Sixes)
Ship4545: mucks hand 
NoonTime1991 collected $39.35 from pot
*** SUMMARY ***
Total pot $41.42 | Rake $2.07 
Board [3c 2d 9h Js Kh]
Seat 1: Ship4545 (button) mucked
Seat 2: aoish30 (small blind) folded before Flop
Seat 3: gudrozd (big blind) folded before Flop
Seat 4: NikoPale folded before Flop (didn't bet)
Seat 5: NoonTime1991 showed [6s 6d] and won ($39.35) with a pair of Sixes
Seat 6: trueYes.3970 folded before Flop (didn't bet)



PokerStars Hand #254445184345:  Hold'em No Limit ($0.50/$1.00 USD) - 2025/01/19 10:46:52 WET [2025/01/19 5:46:52 ET]
Table 'Lacroute III' 6-max Seat #2 is the button
Seat 1: Ship4545 ($44.36 in chips) 
Seat 2: aoish30 ($100 in chips) 
Seat 3: gudrozd ($100 in chips) 
Seat 4: NikoPale ($103.20 in chips) 
Seat 5: NoonTime1991 ($120.14 in chips) 
Seat 6: trueYes.3970 ($8.50 in chips) 
gudrozd: posts small blind $0.50
NikoPale: posts big blind $1
*** HOLE CARDS ***
NoonTime1991: folds 
trueYes.3970: folds 
Ship4545: raises $2 to $3
aoish30: folds 
gudrozd: raises $8 to $11
NikoPale: folds 
Ship4545: calls $8
*** FLOP *** [5d Ts Ks]
gudrozd: bets $5.46
Ship4545: raises $27.90 to $33.36 and is all-in
gudrozd: calls $27.90
*** TURN *** [5d Ts Ks] [9c]
*** RIVER *** [5d Ts Ks 9c] [2s]
*** SHOW DOWN ***
gudrozd: shows [Ad Jc] (high card Ace)
Ship4545: shows [3c 3s] (a pair of Threes)
Ship4545 collected $87.22 from pot
*** SUMMARY ***
Total pot $89.72 | Rake $2.50 
Board [5d Ts Ks 9c 2s]
Seat 1: Ship4545 showed [3c 3s] and won ($87.22) with a pair of Threes
Seat 2: aoish30 (button) folded before Flop (didn't bet)
Seat 3: gudrozd (small blind) showed [Ad Jc] and lost with high card Ace
Seat 4: NikoPale (big blind) folded before Flop
Seat 5: NoonTime1991 folded before Flop (didn't bet)
Seat 6: trueYes.3970 folded before Flop (didn't bet)



PokerStars Hand #254445192921:  Hold'em No Limit ($0.50/$1.00 USD) - 2025/01/19 10:47:59 WET [2025/01/19 5:47:59 ET]
Table 'Lacroute III' 6-max Seat #3 is the button
Seat 1: Ship4545 ($87.22 in chips) 
Seat 2: aoish30 ($100 in chips) 
Seat 3: gudrozd ($100 in chips) 
Seat 4: NikoPale ($102.20 in chips) 
Seat 5: NoonTime1991 ($120.14 in chips) 
Seat 6: trueYes.3970 ($8.50 in chips) 
NikoPale: posts small blind $0.50
NoonTime1991: posts big blind $1
*** HOLE CARDS ***
trueYes.3970: folds 
Ship4545: folds 
aoish30: raises $1.50 to $2.50
gudrozd: raises $5.50 to $8
NikoPale: folds 
NoonTime1991: folds 
aoish30: folds 
Uncalled bet ($5.50) returned to gudrozd
gudrozd collected $6.50 from pot
gudrozd: doesn't show hand 
*** SUMMARY ***
Total pot $6.50 | Rake $0 
Seat 1: Ship4545 folded before Flop (didn't bet)
Seat 2: aoish30 folded before Flop
Seat 3: gudrozd (button) collected ($6.50)
Seat 4: NikoPale (small blind) folded before Flop
Seat 5: NoonTime1991 (big blind) folded before Flop
Seat 6: trueYes.3970 folded before Flop (didn't bet)



PokerStars Hand #254445195598:  Hold'em No Limit ($0.50/$1.00 USD) - 2025/01/19 10:48:20 WET [2025/01/19 5:48:20 ET]
Table 'Lacroute III' 6-max Seat #4 is the button
Seat 1: Ship4545 ($87.22 in chips) 
Seat 2: aoish30 ($100 in chips) 
Seat 3: gudrozd ($104 in chips) 
Seat 4: NikoPale ($101.70 in chips) 
Seat 5: NoonTime1991 ($119.14 in chips) 
Seat 6: trueYes.3970 ($8.50 in chips) 
NoonTime1991: posts small blind $0.50
trueYes.3970: posts big blind $1
*** HOLE CARDS ***
Ship4545: folds 
aoish30: folds 
gudrozd: raises $1.50 to $2.50
NikoPale: folds 
NoonTime1991: folds 
trueYes.3970: raises $6 to $8.50 and is all-in
gudrozd: calls $6
*** FLOP *** [3c 5d Kh]
*** TURN *** [3c 5d Kh] [Ts]
*** RIVER *** [3c 5d Kh Ts] [Qd]
*** SHOW DOWN ***
trueYes.3970: shows [Kc Kd] (three of a kind, Kings)
gudrozd: shows [Jh Jc] (a pair of Jacks)
trueYes.3970 collected $16.62 from pot
*** SUMMARY ***
Total pot $17.50 | Rake $0.88 
Board [3c 5d Kh Ts Qd]
Seat 1: Ship4545 folded before Flop (didn't bet)
Seat 2: aoish30 folded before Flop (didn't bet)
Seat 3: gudrozd showed [Jh Jc] and lost with a pair of Jacks
Seat 4: NikoPale (button) folded before Flop (didn't bet)
Seat 5: NoonTime1991 (small blind) folded before Flop
Seat 6: trueYes.3970 (big blind) showed [Kc Kd] and won ($16.62) with three of a kind, Kings



PokerStars Hand #254445199428:  Hold'em No Limit ($0.50/$1.00 USD) - 2025/01/19 10:48:50 WET [2025/01/19 5:48:50 ET]
Table 'Lacroute III' 6-max Seat #5 is the button
Seat 1: Ship4545 ($87.22 in chips) 
Seat 2: aoish30 ($100 in chips) 
Seat 3: gudrozd ($100 in chips) 
Seat 4: NikoPale ($101.70 in chips) 
Seat 5: NoonTime1991 ($118.64 in chips) 
Seat 6: trueYes.3970 ($16.62 in chips) 
trueYes.3970: posts small blind $0.50
Ship4545: posts big blind $1
*** HOLE CARDS ***
aoish30: folds 
gudrozd: folds 
NikoPale: folds 
NoonTime1991: raises $2 to $3
trueYes.3970: folds 
Ship4545: calls $2
*** FLOP *** [Qs Ah Kc]
Ship4545: checks 
NoonTime1991: checks 
*** TURN *** [Qs Ah Kc] [Js]
Ship4545: checks 
NoonTime1991: checks 
*** RIVER *** [Qs Ah Kc Js] [4c]
Ship4545: bets $6.18
NoonTime1991: raises $6.18 to $12.36
Ship4545: calls $6.18
*** SHOW DOWN ***
NoonTime1991: shows [Th Kh] (a straight, Ten to Ace)
Ship4545: shows [Ts 9h] (a straight, Ten to Ace)
Ship4545 collected $14.83 from pot
NoonTime1991 collected $14.83 from pot
*** SUMMARY ***
Total pot $31.22 | Rake $1.56 
Board [Qs Ah Kc Js 4c]
Seat 1: Ship4545 (big blind) showed [Ts 9h] and won ($14.83) with a straight, Ten to Ace
Seat 2: aoish30 folded before Flop (didn't bet)
Seat 3: gudrozd folded before Flop (didn't bet)
Seat 4: NikoPale folded before Flop (didn't bet)
Seat 5: NoonTime1991 (button) showed [Th Kh] and won ($14.83) with a straight, Ten to Ace
Seat 6: trueYes.3970 (small blind) folded before Flop



PokerStars Hand #254445203690:  Hold'em No Limit ($0.50/$1.00 USD) - 2025/01/19 10:49:23 WET [2025/01/19 5:49:23 ET]
Table 'Lacroute III' 6-max Seat #6 is the button
Seat 1: Ship4545 ($86.69 in chips) 
Seat 2: aoish30 ($100 in chips) 
Seat 3: gudrozd ($100 in chips) 
Seat 4: NikoPale ($101.70 in chips) 
Seat 5: NoonTime1991 ($118.11 in chips) 
Seat 6: trueYes.3970 ($16.12 in chips) 
Ship4545: posts small blind $0.50
aoish30: posts big blind $1
*** HOLE CARDS ***
gudrozd: folds 
NikoPale: raises $1.50 to $2.50
NoonTime1991: folds 
trueYes.3970: raises $7.50 to $10
Ship4545: folds 
aoish30: folds 
NikoPale: folds 
Uncalled bet ($7.50) returned to trueYes.3970
trueYes.3970 collected $6.50 from pot
*** SUMMARY ***
Total pot $6.50 | Rake $0 
Seat 1: Ship4545 (small blind) folded before Flop
Seat 2: aoish30 (big blind) folded before Flop
Seat 3: gudrozd folded before Flop (didn't bet)
Seat 4: NikoPale folded before Flop
Seat 5: NoonTime1991 folded before Flop (didn't bet)
Seat 6: trueYes.3970 (button) collected ($6.50)



PokerStars Hand #254445206783:  Hold'em No Limit ($0.50/$1.00 USD) - 2025/01/19 10:49:47 WET [2025/01/19 5:49:47 ET]
Table 'Lacroute III' 6-max Seat #1 is the button
Seat 1: Ship4545 ($86.19 in chips) 
Seat 2: aoish30 ($100 in chips) 
Seat 3: gudrozd ($100 in chips) 
Seat 4: NikoPale ($100 in chips) 
Seat 5: NoonTime1991 ($118.11 in chips) 
Seat 6: trueYes.3970 ($20.12 in chips) 
aoish30: posts small blind $0.50
gudrozd: posts big blind $1
*** HOLE CARDS ***
NikoPale: folds 
NoonTime1991: folds 
trueYes.3970: calls $1
Ship4545: folds 
aoish30: raises $4.50 to $5.50
gudrozd: folds 
trueYes.3970: calls $4.50
*** FLOP *** [9h As 8d]
aoish30: bets $3.76
trueYes.3970: calls $3.76
*** TURN *** [9h As 8d] [2s]
aoish30: checks 
trueYes.3970: bets $10.86 and is all-in
aoish30: folds 
Uncalled bet ($10.86) returned to trueYes.3970
trueYes.3970 collected $18.54 from pot
*** SUMMARY ***
Total pot $19.52 | Rake $0.98 
Board [9h As 8d 2s]
Seat 1: Ship4545 (button) folded before Flop (didn't bet)
Seat 2: aoish30 (small blind) folded on the Turn
Seat 3: gudrozd (big blind) folded before Flop
Seat 4: NikoPale folded before Flop (didn't bet)
Seat 5: NoonTime1991 folded before Flop (didn't bet)
Seat 6: trueYes.3970 collected ($18.54)



PokerStars Hand #254445214919:  Hold'em No Limit ($0.50/$1.00 USD) - 2025/01/19 10:50:50 WET [2025/01/19 5:50:50 ET]
Table 'Lacroute III' 6-max Seat #2 is the button
Seat 1: Ship4545 ($86.19 in chips) 
Seat 2: aoish30 ($100 in chips) 
Seat 3: gudrozd ($100 in chips) 
Seat 4: NikoPale ($100 in chips) 
Seat 5: NoonTime1991 ($118.11 in chips) 
Seat 6: trueYes.3970 ($29.40 in chips) 
gudrozd: posts small blind $0.50
NikoPale: posts big blind $1
*** HOLE CARDS ***
NoonTime1991: folds 
trueYes.3970: folds 
Ship4545: folds 
aoish30: folds 
gudrozd: folds 
Uncalled bet ($0.50) returned to NikoPale
NikoPale collected $1 from pot
NikoPale: doesn't show hand 
*** SUMMARY ***
Total pot $1 | Rake $0 
Seat 1: Ship4545 folded before Flop (didn't bet)
Seat 2: aoish30 (button) folded before Flop (didn't bet)
Seat 3: gudrozd (small blind) folded before Flop
Seat 4: NikoPale (big blind) collected ($1)
Seat 5: NoonTime1991 folded before Flop (didn't bet)
Seat 6: trueYes.3970 folded before Flop (didn't bet)



PokerStars Hand #254445216628:  Hold'em No Limit ($0.50/$1.00 USD) - 2025/01/19 10:51:03 WET [2025/01/19 5:51:03 ET]
Table 'Lacroute III' 6-max Seat #3 is the button
Seat 1: Ship4545 ($86.19 in chips) 
Seat 2: aoish30 ($100 in chips) 
Seat 3: gudrozd ($100 in chips) 
Seat 4: NikoPale ($100.50 in chips) 
Seat 5: NoonTime1991 ($118.11 in chips) 
Seat 6: trueYes.3970 ($29.40 in chips) 
NikoPale: posts small blind $0.50
NoonTime1991: posts big blind $1
*** HOLE CARDS ***
trueYes.3970: calls $1
Ship4545: folds 
aoish30: folds 
gudrozd: folds 
NikoPale: folds 
NoonTime1991: checks 
*** FLOP *** [4c 9h Td]
NoonTime1991: bets $1
trueYes.3970: calls $1
*** TURN *** [4c 9h Td] [3c]
NoonTime1991: bets $2.82
trueYes.3970: calls $2.82
*** RIVER *** [4c 9h Td 3c] [2c]
NoonTime1991: bets $28.89
trueYes.3970: folds 
Uncalled bet ($28.89) returned to NoonTime1991
NoonTime1991 collected $9.63 from pot
NoonTime1991: doesn't show hand 
*** SUMMARY ***
Total pot $10.14 | Rake $0.51 
Board [4c 9h Td 3c 2c]
Seat 1: Ship4545 folded before Flop (didn't bet)
Seat 2: aoish30 folded before Flop (didn't bet)
Seat 3: gudrozd (button) folded before Flop (didn't bet)
Seat 4: NikoPale (small blind) folded before Flop
Seat 5: NoonTime1991 (big blind) collected ($9.63)
Seat 6: trueYes.3970 folded on the River



PokerStars Hand #254445225223:  Hold'em No Limit ($0.50/$1.00 USD) - 2025/01/19 10:52:09 WET [2025/01/19 5:52:09 ET]
Table 'Lacroute III' 6-max Seat #4 is the button
Seat 1: Ship4545 ($86.19 in chips) 
Seat 2: aoish30 ($100 in chips) 
Seat 3: gudrozd ($100 in chips) 
Seat 4: NikoPale ($100 in chips) 
Seat 5: NoonTime1991 ($122.92 in chips) 
Seat 6: trueYes.3970 ($24.58 in chips) 
NoonTime1991: posts small blind $0.50
trueYes.3970: posts big blind $1
*** HOLE CARDS ***
Ship4545: folds 
aoish30: folds 
gudrozd: folds 
NikoPale: folds 
NoonTime1991: calls $0.50
trueYes.3970: raises $3 to $4
NoonTime1991: folds 
Uncalled bet ($3) returned to trueYes.3970
trueYes.3970 collected $2 from pot
*** SUMMARY ***
Total pot $2 | Rake $0 
Seat 1: Ship4545 folded before Flop (didn't bet)
Seat 2: aoish30 folded before Flop (didn't bet)
Seat 3: gudrozd folded before Flop (didn't bet)
Seat 4: NikoPale (button) folded before Flop (didn't bet)
Seat 5: NoonTime1991 (small blind) folded before Flop
Seat 6: trueYes.3970 (big blind) collected ($2)



PokerStars Hand #254445227788:  Hold'em No Limit ($0.50/$1.00 USD) - 2025/01/19 10:52:28 WET [2025/01/19 5:52:28 ET]
Table 'Lacroute III' 6-max Seat #5 is the button
Seat 1: Ship4545 ($86.19 in chips) 
Seat 2: aoish30 ($100 in chips) 
Seat 3: gudrozd ($100 in chips) 
Seat 4: NikoPale ($100 in chips) 
Seat 5: NoonTime1991 ($121.92 in chips) 
Seat 6: trueYes.3970 ($25.58 in chips) 
trueYes.3970: posts small blind $0.50
Ship4545: posts big blind $1
*** HOLE CARDS ***
aoish30: folds 
gudrozd: folds 
NikoPale: folds 
NoonTime1991: folds 
trueYes.3970: calls $0.50
Ship4545: checks 
*** FLOP *** [9c As Qh]
trueYes.3970: bets $2.90
Ship4545: folds 
Uncalled bet ($2.90) returned to trueYes.3970
trueYes.3970 collected $1.90 from pot
*** SUMMARY ***
Total pot $2 | Rake $0.10 
Board [9c As Qh]
Seat 1: Ship4545 (big blind) folded on the Flop
Seat 2: aoish30 folded before Flop (didn't bet)
Seat 3: gudrozd folded before Flop (didn't bet)
Seat 4: NikoPale folded before Flop (didn't bet)
Seat 5: NoonTime1991 (button) folded before Flop (didn't bet)
Seat 6: trueYes.3970 (small blind) collected ($1.90)



PokerStars Hand #254445231672:  Hold'em No Limit ($0.50/$1.00 USD) - 2025/01/19 10:52:58 WET [2025/01/19 5:52:58 ET]
Table 'Lacroute III' 6-max Seat #6 is the button
Seat 1: Ship4545 ($85.19 in chips) 
Seat 2: aoish30 ($100 in chips) 
Seat 3: gudrozd ($100 in chips) 
Seat 4: NikoPale ($100 in chips) 
Seat 5: NoonTime1991 ($121.92 in chips) 
Seat 6: trueYes.3970 ($26.48 in chips) 
Ship4545: posts small blind $0.50
aoish30: posts big blind $1
*** HOLE CARDS ***
gudrozd: folds 
NikoPale: folds 
NoonTime1991: folds 
trueYes.3970: raises $2.50 to $3.50
Ship4545: folds 
aoish30: folds 
Uncalled bet ($2.50) returned to trueYes.3970
trueYes.3970 collected $2.50 from pot
*** SUMMARY ***
Total pot $2.50 | Rake $0 
Seat 1: Ship4545 (small blind) folded before Flop
Seat 2: aoish30 (big blind) folded before Flop
Seat 3: gudrozd folded before Flop (didn't bet)
Seat 4: NikoPale folded before Flop (didn't bet)
Seat 5: NoonTime1991 folded before Flop (didn't bet)
Seat 6: trueYes.3970 (button) collected ($2.50)



PokerStars Hand #254445233071:  Hold'em No Limit ($0.50/$1.00 USD) - 2025/01/19 10:53:08 WET [2025/01/19 5:53:08 ET]
Table 'Lacroute III' 6-max Seat #1 is the button
Seat 1: Ship4545 ($84.69 in chips) 
Seat 2: aoish30 ($100 in chips) 
Seat 3: gudrozd ($100 in chips) 
Seat 4: NikoPale ($100 in chips) 
Seat 5: NoonTime1991 ($121.92 in chips) 
Seat 6: trueYes.3970 ($27.98 in chips) 
aoish30: posts small blind $0.50
gudrozd: posts big blind $1
*** HOLE CARDS ***
NikoPale: folds 
NoonTime1991: folds 
trueYes.3970: calls $1
Ship4545: raises $2 to $3
aoish30: folds 
gudrozd: calls $2
trueYes.3970: calls $2
*** FLOP *** [Jd 8c 8h]
gudrozd: checks 
trueYes.3970: checks 
Ship4545: bets $2
gudrozd: folds 
trueYes.3970: calls $2
*** TURN *** [Jd 8c 8h] [Qh]
trueYes.3970: checks 
Ship4545: bets $5
trueYes.3970: folds 
Uncalled bet ($5) returned to Ship4545
Ship4545 collected $12.82 from pot
Ship4545: doesn't show hand 
*** SUMMARY ***
Total pot $13.50 | Rake $0.68 
Board [Jd 8c 8h Qh]
Seat 1: Ship4545 (button) collected ($12.82)
Seat 2: aoish30 (small blind) folded before Flop
Seat 3: gudrozd (big blind) folded on the Flop
Seat 4: NikoPale folded before Flop (didn't bet)
Seat 5: NoonTime1991 folded before Flop (didn't bet)
Seat 6: trueYes.3970 folded on the Turn



PokerStars Hand #254445239626:  Hold'em No Limit ($0.50/$1.00 USD) - 2025/01/19 10:53:59 WET [2025/01/19 5:53:59 ET]
Table 'Lacroute III' 6-max Seat #2 is the button
Seat 5: NoonTime1991 ($121.92 in chips) is sitting out
Seat 1: Ship4545 ($92.51 in chips) 
Seat 2: aoish30 ($100 in chips) 
Seat 3: gudrozd ($100 in chips) 
Seat 4: NikoPale ($100 in chips) 
Seat 6: trueYes.3970 ($22.98 in chips) 
gudrozd: posts small blind $0.50
NikoPale: posts big blind $1
*** HOLE CARDS ***
trueYes.3970: raises $2.50 to $3.50
Ship4545: folds 
aoish30: folds 
gudrozd: folds 
Ship4545 leaves the table
NikoPale: calls $2.50
*** FLOP *** [Td 8d Kd]
NikoPale: checks 
trueYes.3970: bets $3.56
NikoPale: folds 
Uncalled bet ($3.56) returned to trueYes.3970
trueYes.3970 collected $7.12 from pot
*** SUMMARY ***
Total pot $7.50 | Rake $0.38 
Board [Td 8d Kd]
Seat 5: NoonTime1991
Seat 1: Ship4545 folded before Flop (didn't bet)
Seat 2: aoish30 (button) folded before Flop (didn't bet)
Seat 3: gudrozd (small blind) folded before Flop
Seat 4: NikoPale (big blind) folded on the Flop
Seat 6: trueYes.3970 collected ($7.12)



PokerStars Hand #254445242049:  Hold'em No Limit ($0.50/$1.00 USD) - 2025/01/19 10:54:18 WET [2025/01/19 5:54:18 ET]
Table 'Lacroute III' 6-max Seat #3 is the button
Seat 5: NoonTime1991 ($121.92 in chips) is sitting out
Seat 2: aoish30 ($100 in chips) 
Seat 3: gudrozd ($100 in chips) 
Seat 4: NikoPale ($100 in chips) 
Seat 6: trueYes.3970 ($26.60 in chips) 
NikoPale: posts small blind $0.50
trueYes.3970: posts big blind $1
*** HOLE CARDS ***
aoish30: folds 
gudrozd: raises $1.50 to $2.50
NikoPale: folds 
trueYes.3970: calls $1.50
*** FLOP *** [5d 5h 4c]
trueYes.3970: checks 
gudrozd: bets $2.61
trueYes.3970: raises $2.61 to $5.22
gudrozd: calls $2.61
*** TURN *** [5d 5h 4c] [8h]
trueYes.3970: bets $18.88 and is all-in
Pon4uk.ua joins the table at seat #1 
gudrozd: calls $18.88
*** RIVER *** [5d 5h 4c 8h] [7d]
*** SHOW DOWN ***
trueYes.3970: shows [6c 4d] (a straight, Four to Eight)
gudrozd: shows [Ac Ad] (two pair, Aces and Fives)
trueYes.3970 collected $52.70 from pot
*** SUMMARY ***
Total pot $53.70 | Rake $1 
Board [5d 5h 4c 8h 7d]
Seat 5: NoonTime1991
Seat 2: aoish30 folded before Flop (didn't bet)
Seat 3: gudrozd (button) showed [Ac Ad] and lost with two pair, Aces and Fives
Seat 4: NikoPale (small blind) folded before Flop
Seat 6: trueYes.3970 (big blind) showed [6c 4d] and won ($52.70) with a straight, Four to Eight



PokerStars Hand #254445249543:  Hold'em No Limit ($0.50/$1.00 USD) - 2025/01/19 10:55:18 WET [2025/01/19 5:55:18 ET]
Table 'Lacroute III' 6-max Seat #4 is the button
Seat 5: NoonTime1991 ($121.92 in chips) is sitting out
Seat 1: Pon4uk.ua ($100 in chips) 
Seat 2: aoish30 ($100 in chips) 
Seat 3: gudrozd ($100 in chips) 
Seat 4: NikoPale ($100 in chips) 
Seat 6: trueYes.3970 ($52.70 in chips) 
trueYes.3970: posts small blind $0.50
Pon4uk.ua: posts big blind $1
*** HOLE CARDS ***
aoish30: folds 
gudrozd: folds 
NikoPale: folds 
trueYes.3970: folds 
Uncalled bet ($0.50) returned to Pon4uk.ua
Pon4uk.ua collected $1 from pot
Pon4uk.ua: doesn't show hand 
*** SUMMARY ***
Total pot $1 | Rake $0 
Seat 5: NoonTime1991
Seat 1: Pon4uk.ua (big blind) collected ($1)
Seat 2: aoish30 folded before Flop (didn't bet)
Seat 3: gudrozd folded before Flop (didn't bet)
Seat 4: NikoPale (button) folded before Flop (didn't bet)
Seat 6: trueYes.3970 (small blind) folded before Flop



PokerStars Hand #254445250854:  Hold'em No Limit ($0.50/$1.00 USD) - 2025/01/19 10:55:30 WET [2025/01/19 5:55:30 ET]
Table 'Lacroute III' 6-max Seat #6 is the button
Seat 2: aoish30 ($100 in chips) is sitting out
Seat 5: NoonTime1991 ($121.92 in chips) is sitting out
Seat 1: Pon4uk.ua ($100.50 in chips) 
Seat 3: gudrozd ($100 in chips) 
Seat 4: NikoPale ($100 in chips) 
Seat 6: trueYes.3970 ($52.20 in chips) 
Pon4uk.ua: posts small blind $0.50
aoish30: is sitting out 
gudrozd: posts big blind $1
*** HOLE CARDS ***
NikoPale: folds 
aoish30 leaves the table
EAroca joins the table at seat #2 
trueYes.3970: folds 
Pon4uk.ua: folds 
Uncalled bet ($0.50) returned to gudrozd
gudrozd collected $1 from pot
gudrozd: doesn't show hand 
*** SUMMARY ***
Total pot $1 | Rake $0 
Seat 2: aoish30
Seat 5: NoonTime1991
Seat 1: Pon4uk.ua (small blind) folded before Flop
Seat 3: gudrozd (big blind) collected ($1)
Seat 4: NikoPale folded before Flop (didn't bet)
Seat 6: trueYes.3970 (button) folded before Flop (didn't bet)



PokerStars Hand #254445253851:  Hold'em No Limit ($0.50/$1.00 USD) - 2025/01/19 10:55:58 WET [2025/01/19 5:55:58 ET]
Table 'Lacroute III' 6-max Seat #1 is the button
Seat 2: EAroca ($100 in chips) is sitting out
Seat 5: NoonTime1991 ($121.92 in chips) is sitting out
Seat 1: Pon4uk.ua ($100 in chips) 
Seat 3: gudrozd ($100.50 in chips) 
Seat 4: NikoPale ($100 in chips) 
Seat 6: trueYes.3970 ($52.20 in chips) 
gudrozd: posts small blind $0.50
NikoPale: posts big blind $1
NoonTime1991: sits out 
*** HOLE CARDS ***
trueYes.3970: raises $2.50 to $3.50
Pon4uk.ua: folds 
gudrozd: folds 
NikoPale: folds 
Uncalled bet ($2.50) returned to trueYes.3970
trueYes.3970 collected $2.50 from pot
trueYes.3970: doesn't show hand 
*** SUMMARY ***
Total pot $2.50 | Rake $0 
Seat 2: EAroca
Seat 5: NoonTime1991
Seat 1: Pon4uk.ua (button) folded before Flop (didn't bet)
Seat 3: gudrozd (small blind) folded before Flop
Seat 4: NikoPale (big blind) folded before Flop
Seat 6: trueYes.3970 collected ($2.50)



PokerStars Hand #254445255444:  Hold'em No Limit ($0.50/$1.00 USD) - 2025/01/19 10:56:13 WET [2025/01/19 5:56:13 ET]
Table 'Lacroute III' 6-max Seat #3 is the button
Seat 2: EAroca ($100 in chips) is sitting out
Seat 1: Pon4uk.ua ($100 in chips) 
Seat 3: gudrozd ($100 in chips) 
Seat 4: NikoPale ($100 in chips) 
Seat 5: NoonTime1991 ($121.92 in chips) 
Seat 6: trueYes.3970 ($53.70 in chips) 
NikoPale: posts small blind $0.50
NoonTime1991: posts big blind $1
EAroca: sits out 
*** HOLE CARDS ***
trueYes.3970: folds 
trueYes.3970 leaves the table
Pon4uk.ua: raises $1.50 to $2.50
gudrozd: folds 
NikoPale: folds 
NoonTime1991: folds 
Uncalled bet ($1.50) returned to Pon4uk.ua
Pon4uk.ua collected $2.50 from pot
Pon4uk.ua: doesn't show hand 
*** SUMMARY ***
Total pot $2.50 | Rake $0 
Seat 2: EAroca
Seat 1: Pon4uk.ua collected ($2.50)
Seat 3: gudrozd (button) folded before Flop (didn't bet)
Seat 4: NikoPale (small blind) folded before Flop
Seat 5: NoonTime1991 (big blind) folded before Flop
Seat 6: trueYes.3970 folded before Flop (didn't bet)



PokerStars Hand #254445257355:  Hold'em No Limit ($0.50/$1.00 USD) - 2025/01/19 10:56:31 WET [2025/01/19 5:56:31 ET]
Table 'Lacroute III' 6-max Seat #4 is the button
Seat 2: EAroca ($100 in chips) is sitting out
Seat 1: Pon4uk.ua ($101.50 in chips) 
Seat 3: gudrozd ($100 in chips) 
Seat 4: NikoPale ($100 in chips) 
Seat 5: NoonTime1991 ($120.92 in chips) 
NoonTime1991: posts small blind $0.50
Pon4uk.ua: posts big blind $1
EAroca: sits out 
*** HOLE CARDS ***
gudrozd: folds 
NikoPale: folds 
NoonTime1991: raises $2 to $3
Pon4uk.ua: raises $6 to $9
NoonTime1991: folds 
Uncalled bet ($6) returned to Pon4uk.ua
Pon4uk.ua collected $6 from pot
Pon4uk.ua: doesn't show hand 
*** SUMMARY ***
Total pot $6 | Rake $0 
Seat 2: EAroca
Seat 1: Pon4uk.ua (big blind) collected ($6)
Seat 3: gudrozd folded before Flop (didn't bet)
Seat 4: NikoPale (button) folded before Flop (didn't bet)
Seat 5: NoonTime1991 (small blind) folded before Flop



PokerStars Hand #254445260745:  Hold'em No Limit ($0.50/$1.00 USD) - 2025/01/19 10:57:02 WET [2025/01/19 5:57:02 ET]
Table 'Lacroute III' 6-max Seat #5 is the button
Seat 1: Pon4uk.ua ($104.50 in chips) 
Seat 2: EAroca ($100 in chips) 
Seat 3: gudrozd ($100 in chips) 
Seat 4: NikoPale ($100 in chips) 
Seat 5: NoonTime1991 ($117.92 in chips) 
Pon4uk.ua: posts small blind $0.50
EAroca: posts big blind $1
*** HOLE CARDS ***
gudrozd: folds 
NikoPale: folds 
NoonTime1991: folds 
Pon4uk.ua: raises $1.75 to $2.75
The magic MD joins the table at seat #6 
The magic MD is disconnected 
EAroca: raises $5.50 to $8.25
Pon4uk.ua: folds 
Uncalled bet ($5.50) returned to EAroca
EAroca collected $5.50 from pot
EAroca: doesn't show hand 
*** SUMMARY ***
Total pot $5.50 | Rake $0 
Seat 1: Pon4uk.ua (small blind) folded before Flop
Seat 2: EAroca (big blind) collected ($5.50)
Seat 3: gudrozd folded before Flop (didn't bet)
Seat 4: NikoPale folded before Flop (didn't bet)
Seat 5: NoonTime1991 (button) folded before Flop (didn't bet)



PokerStars Hand #254445264964:  Hold'em No Limit ($0.50/$1.00 USD) - 2025/01/19 10:57:41 WET [2025/01/19 5:57:41 ET]
Table 'Lacroute III' 6-max Seat #1 is the button
Seat 3: gudrozd ($100 in chips) is sitting out
Seat 4: NikoPale ($100 in chips) is sitting out
Seat 1: Pon4uk.ua ($101.75 in chips) 
Seat 2: EAroca ($102.75 in chips) 
Seat 5: NoonTime1991 ($117.92 in chips) 
Seat 6: The magic MD ($11.50 in chips) 
EAroca: posts small blind $0.50
gudrozd: is sitting out 
NikoPale: is sitting out 
NoonTime1991: posts big blind $1
The magic MD: posts big blind $1
*** HOLE CARDS ***
gudrozd leaves the table
The magic MD: checks 
NikoPale leaves the table
Pon4uk.ua: folds 
EAroca: folds 
NoonTime1991: checks 
*** FLOP *** [7c Qc 6s]
NoonTime1991: checks 
The magic MD: checks 
*** TURN *** [7c Qc 6s] [9c]
NoonTime1991: bets $1.79
The magic MD: calls $1.79
*** RIVER *** [7c Qc 6s 9c] [Qs]
NoonTime1991: bets $5.34
The magic MD: folds 
Uncalled bet ($5.34) returned to NoonTime1991
NoonTime1991 collected $5.78 from pot
NoonTime1991: doesn't show hand 
*** SUMMARY ***
Total pot $6.08 | Rake $0.30 
Board [7c Qc 6s 9c Qs]
Seat 3: gudrozd
Seat 4: NikoPale
Seat 1: Pon4uk.ua (button) folded before Flop (didn't bet)
Seat 2: EAroca (small blind) folded before Flop
Seat 5: NoonTime1991 (big blind) collected ($5.78)
Seat 6: The magic MD folded on the River



PokerStars Hand #254445269007:  Hold'em No Limit ($0.50/$1.00 USD) - 2025/01/19 10:58:18 WET [2025/01/19 5:58:18 ET]
Table 'Lacroute III' 6-max Seat #2 is the button
Seat 1: Pon4uk.ua ($101.75 in chips) 
Seat 2: EAroca ($102.25 in chips) 
Seat 5: NoonTime1991 ($120.91 in chips) 
Seat 6: The magic MD ($11.50 in chips) 
NoonTime1991: posts small blind $0.50
The magic MD: posts big blind $1
*** HOLE CARDS ***
Pon4uk.ua: folds 
EAroca: folds 
NoonTime1991: raises $2 to $3
The magic MD: raises $8.50 to $11.50 and is all-in
NoonTime1991: calls $8.50
*** FLOP *** [5s 7h 9c]
*** TURN *** [5s 7h 9c] [9d]
*** RIVER *** [5s 7h 9c 9d] [8h]
*** SHOW DOWN ***
NoonTime1991: shows [6c Ad] (a straight, Five to Nine)
The magic MD: shows [Kd Jh] (a pair of Nines)
NoonTime1991 collected $22 from pot
*** SUMMARY ***
Total pot $23 | Rake $1 
Board [5s 7h 9c 9d 8h]
Seat 1: Pon4uk.ua folded before Flop (didn't bet)
Seat 2: EAroca (button) folded before Flop (didn't bet)
Seat 5: NoonTime1991 (small blind) showed [6c Ad] and won ($22) with a straight, Five to Nine
Seat 6: The magic MD (big blind) showed [Kd Jh] and lost with a pair of Nines



PokerStars Hand #254445271548:  Hold'em No Limit ($0.50/$1.00 USD) - 2025/01/19 10:58:41 WET [2025/01/19 5:58:41 ET]
Table 'Lacroute III' 6-max Seat #5 is the button
Seat 1: Pon4uk.ua ($101.75 in chips) 
Seat 2: EAroca ($102.25 in chips) 
Seat 5: NoonTime1991 ($131.41 in chips) 
Seat 6: The magic MD ($11.50 in chips) 
The magic MD: posts small blind $0.50
Pon4uk.ua: posts big blind $1
*** HOLE CARDS ***
EAroca: raises $1 to $2
NoonTime1991: folds 
The magic MD: calls $1.50
Pon4uk.ua: folds 
*** FLOP *** [6h Ts Ac]
The magic MD: checks 
EAroca: checks 
*** TURN *** [6h Ts Ac] [As]
The magic MD: bets $2.38
EAroca: calls $2.38
*** RIVER *** [6h Ts Ac As] [7d]
The magic MD: checks 
EAroca: checks 
*** SHOW DOWN ***
The magic MD: shows [Qc Tc] (two pair, Aces and Tens)
EAroca: mucks hand 
The magic MD collected $9.27 from pot
Pon4uk.ua leaves the table
*** SUMMARY ***
Total pot $9.76 | Rake $0.49 
Board [6h Ts Ac As 7d]
Seat 1: Pon4uk.ua (big blind) folded before Flop
Seat 2: EAroca mucked
Seat 5: NoonTime1991 (button) folded before Flop (didn't bet)
Seat 6: The magic MD (small blind) showed [Qc Tc] and won ($9.27) with two pair, Aces and Tens



PokerStars Hand #254445279126:  Hold'em No Limit ($0.50/$1.00 USD) - 2025/01/19 10:59:47 WET [2025/01/19 5:59:47 ET]
Table 'Lacroute III' 6-max Seat #2 is the button
Seat 5: NoonTime1991 ($131.41 in chips) is sitting out
Seat 2: EAroca ($100 in chips) 
Seat 6: The magic MD ($16.39 in chips) 
EAroca: posts small blind $0.50
NoonTime1991: is sitting out 
The magic MD: posts big blind $1
*** HOLE CARDS ***
EAroca: raises $1 to $2
The magic MD: folds 
Uncalled bet ($1) returned to EAroca
EAroca collected $2 from pot
EAroca: doesn't show hand 
*** SUMMARY ***
Total pot $2 | Rake $0 
Seat 5: NoonTime1991
Seat 2: EAroca (button) (small blind) collected ($2)
Seat 6: The magic MD (big blind) folded before Flop



PokerStars Hand #254445280380:  Hold'em No Limit ($0.50/$1.00 USD) - 2025/01/19 10:59:58 WET [2025/01/19 5:59:58 ET]
Table 'Lacroute III' 6-max Seat #6 is the button
Seat 5: NoonTime1991 ($131.41 in chips) is sitting out
Seat 2: EAroca ($101 in chips) 
Seat 6: The magic MD ($15.39 in chips) 
The magic MD: posts small blind $0.50
EAroca: posts big blind $1
*** HOLE CARDS ***
The magic MD: folds 
Uncalled bet ($0.50) returned to EAroca
The magic MD leaves the table
EAroca collected $1 from pot
EAroca: doesn't show hand 
*** SUMMARY ***
Total pot $1 | Rake $0 
Seat 5: NoonTime1991
Seat 2: EAroca (big blind) collected ($1)
Seat 6: The magic MD (button) (small blind) folded before Flop



PokerStars Hand #254445367210:  Hold'em No Limit ($0.50/$1.00 USD) - 2025/01/19 11:10:50 WET [2025/01/19 6:10:50 ET]
Table 'Lacroute III' 6-max Seat #3 is the button
Seat 3: gohome78 ($10 in chips) 
Seat 5: gudrozd ($100 in chips) 
gohome78: posts small blind $0.50
gudrozd: posts big blind $1
*** HOLE CARDS ***
gohome78: raises $9 to $10 and is all-in
gudrozd: folds 
Uncalled bet ($9) returned to gohome78
gohome78 collected $2 from pot
*** SUMMARY ***
Total pot $2 | Rake $0 
Seat 3: gohome78 (button) (small blind) collected ($2)
Seat 5: gudrozd (big blind) folded before Flop



