PokerStars Hand #254447366254:  Hold'em No Limit ($0.50/$1.00 USD) - 2025/01/19 14:30:37 WET [2025/01/19 9:30:37 ET]
Table 'Polyxenos IV' 6-max Seat #4 is the button
Seat 1: Ship4545 ($26.47 in chips) 
Seat 2: NikoPale ($100 in chips) 
Seat 3: Nicedaymybro ($100 in chips) 
Seat 4: AlexPinsk1 ($100 in chips) 
Seat 5: mr.Jckpot ($100 in chips) 
Seat 6: tintin641 ($100 in chips) 
mr.Jckpot: posts small blind $0.50
tintin641: posts big blind $1
*** HOLE CARDS ***
Ship4545: folds 
NikoPale: folds 
Nicedaymybro: raises $1.50 to $2.50
AlexPinsk1: folds 
mr.Jckpot: folds 
tintin641: folds 
Uncalled bet ($1.50) returned to Nicedaymybro
Nicedaymybro collected $2.50 from pot
Nicedaymybro: doesn't show hand 
*** SUMMARY ***
Total pot $2.50 | Rake $0 
Seat 1: Ship4545 folded before Flop (didn't bet)
Seat 2: NikoPale folded before Flop (didn't bet)
Seat 3: Nicedaymybro collected ($2.50)
Seat 4: AlexPinsk1 (button) folded before Flop (didn't bet)
Seat 5: mr.Jckpot (small blind) folded before Flop
Seat 6: tintin641 (big blind) folded before Flop



PokerStars Hand #254447369619:  Hold'em No Limit ($0.50/$1.00 USD) - 2025/01/19 14:30:53 WET [2025/01/19 9:30:53 ET]
Table 'Polyxenos IV' 6-max Seat #5 is the button
Seat 1: Ship4545 ($26.47 in chips) 
Seat 2: NikoPale ($100 in chips) 
Seat 3: Nicedaymybro ($101.50 in chips) 
Seat 4: AlexPinsk1 ($100 in chips) 
Seat 5: mr.Jckpot ($100 in chips) 
Seat 6: tintin641 ($100 in chips) 
tintin641: posts small blind $0.50
Ship4545: posts big blind $1
*** HOLE CARDS ***
NikoPale: folds 
Nicedaymybro: folds 
AlexPinsk1: raises $1.50 to $2.50
mr.Jckpot: folds 
tintin641: folds 
Ship4545: folds 
Uncalled bet ($1.50) returned to AlexPinsk1
AlexPinsk1 collected $2.50 from pot
AlexPinsk1: doesn't show hand 
*** SUMMARY ***
Total pot $2.50 | Rake $0 
Seat 1: Ship4545 (big blind) folded before Flop
Seat 2: NikoPale folded before Flop (didn't bet)
Seat 3: Nicedaymybro folded before Flop (didn't bet)
Seat 4: AlexPinsk1 collected ($2.50)
Seat 5: mr.Jckpot (button) folded before Flop (didn't bet)
Seat 6: tintin641 (small blind) folded before Flop



PokerStars Hand #254447375531:  Hold'em No Limit ($0.50/$1.00 USD) - 2025/01/19 14:31:20 WET [2025/01/19 9:31:20 ET]
Table 'Polyxenos IV' 6-max Seat #6 is the button
Seat 1: Ship4545 ($25.47 in chips) 
Seat 2: NikoPale ($100 in chips) 
Seat 3: Nicedaymybro ($101.50 in chips) 
Seat 4: AlexPinsk1 ($101.50 in chips) 
Seat 5: mr.Jckpot ($100 in chips) 
Seat 6: tintin641 ($100 in chips) 
Ship4545: posts small blind $0.50
NikoPale: posts big blind $1
*** HOLE CARDS ***
Nicedaymybro: folds 
AlexPinsk1: folds 
mr.Jckpot: folds 
tintin641: raises $1.50 to $2.50
Ship4545: raises $6 to $8.50
NikoPale: folds 
tintin641: raises $91.50 to $100 and is all-in
Ship4545: calls $16.97 and is all-in
Uncalled bet ($74.53) returned to tintin641
*** FLOP *** [9s Jd 4d]
*** TURN *** [9s Jd 4d] [2d]
*** RIVER *** [9s Jd 4d 2d] [8s]
*** SHOW DOWN ***
Ship4545: shows [Jc Kh] (a pair of Jacks)
tintin641: shows [8h Ah] (a pair of Eights)
Ship4545 collected $49.44 from pot
*** SUMMARY ***
Total pot $51.94 | Rake $2.50 
Board [9s Jd 4d 2d 8s]
Seat 1: Ship4545 (small blind) showed [Jc Kh] and won ($49.44) with a pair of Jacks
Seat 2: NikoPale (big blind) folded before Flop
Seat 3: Nicedaymybro folded before Flop (didn't bet)
Seat 4: AlexPinsk1 folded before Flop (didn't bet)
Seat 5: mr.Jckpot folded before Flop (didn't bet)
Seat 6: tintin641 (button) showed [8h Ah] and lost with a pair of Eights



PokerStars Hand #254447384710:  Hold'em No Limit ($0.50/$1.00 USD) - 2025/01/19 14:32:03 WET [2025/01/19 9:32:03 ET]
Table 'Polyxenos IV' 6-max Seat #1 is the button
Seat 1: Ship4545 ($49.44 in chips) 
Seat 2: NikoPale ($100 in chips) 
Seat 3: Nicedaymybro ($101.50 in chips) 
Seat 4: AlexPinsk1 ($101.50 in chips) 
Seat 5: mr.Jckpot ($100 in chips) 
Seat 6: tintin641 ($100 in chips) 
NikoPale: posts small blind $0.50
Nicedaymybro: posts big blind $1
*** HOLE CARDS ***
AlexPinsk1: folds 
mr.Jckpot: folds 
tintin641: folds 
Ship4545: raises $1 to $2
NikoPale: folds 
Nicedaymybro: folds 
Uncalled bet ($1) returned to Ship4545
Ship4545 collected $2.50 from pot
Ship4545: doesn't show hand 
*** SUMMARY ***
Total pot $2.50 | Rake $0 
Seat 1: Ship4545 (button) collected ($2.50)
Seat 2: NikoPale (small blind) folded before Flop
Seat 3: Nicedaymybro (big blind) folded before Flop
Seat 4: AlexPinsk1 folded before Flop (didn't bet)
Seat 5: mr.Jckpot folded before Flop (didn't bet)
Seat 6: tintin641 folded before Flop (didn't bet)



PokerStars Hand #254447387251:  Hold'em No Limit ($0.50/$1.00 USD) - 2025/01/19 14:32:14 WET [2025/01/19 9:32:14 ET]
Table 'Polyxenos IV' 6-max Seat #2 is the button
Seat 1: Ship4545 ($50.94 in chips) 
Seat 2: NikoPale ($100 in chips) 
Seat 3: Nicedaymybro ($100.50 in chips) 
Seat 4: AlexPinsk1 ($101.50 in chips) 
Seat 5: mr.Jckpot ($100 in chips) 
Seat 6: tintin641 ($100 in chips) 
Nicedaymybro: posts small blind $0.50
AlexPinsk1: posts big blind $1
*** HOLE CARDS ***
mr.Jckpot: folds 
tintin641: folds 
Ship4545: calls $1
NikoPale: folds 
Nicedaymybro: calls $0.50
AlexPinsk1: checks 
*** FLOP *** [3h 6h Ac]
Nicedaymybro: checks 
AlexPinsk1: checks 
Ship4545: checks 
*** TURN *** [3h 6h Ac] [3c]
Nicedaymybro: checks 
AlexPinsk1: checks 
Ship4545: checks 
*** RIVER *** [3h 6h Ac 3c] [6d]
Nicedaymybro: bets $2.85
AlexPinsk1: calls $2.85
Ship4545: folds 
*** SHOW DOWN ***
Nicedaymybro: shows [Kd 4d] (two pair, Sixes and Threes)
AlexPinsk1: shows [4s Jh] (two pair, Sixes and Threes)
Nicedaymybro collected $4.13 from pot
AlexPinsk1 collected $4.13 from pot
*** SUMMARY ***
Total pot $8.70 | Rake $0.44 
Board [3h 6h Ac 3c 6d]
Seat 1: Ship4545 folded on the River
Seat 2: NikoPale (button) folded before Flop (didn't bet)
Seat 3: Nicedaymybro (small blind) showed [Kd 4d] and won ($4.13) with two pair, Sixes and Threes
Seat 4: AlexPinsk1 (big blind) showed [4s Jh] and won ($4.13) with two pair, Sixes and Threes
Seat 5: mr.Jckpot folded before Flop (didn't bet)
Seat 6: tintin641 folded before Flop (didn't bet)



PokerStars Hand #254447399425:  Hold'em No Limit ($0.50/$1.00 USD) - 2025/01/19 14:33:11 WET [2025/01/19 9:33:11 ET]
Table 'Polyxenos IV' 6-max Seat #3 is the button
Seat 1: Ship4545 ($49.94 in chips) 
Seat 2: NikoPale ($100 in chips) 
Seat 3: Nicedaymybro ($100.78 in chips) 
Seat 4: AlexPinsk1 ($101.78 in chips) 
Seat 5: mr.Jckpot ($100 in chips) 
Seat 6: tintin641 ($100 in chips) 
AlexPinsk1: posts small blind $0.50
mr.Jckpot: posts big blind $1
*** HOLE CARDS ***
tintin641: folds 
Ship4545: folds 
NikoPale: folds 
Nicedaymybro: raises $1.50 to $2.50
AlexPinsk1: folds 
mr.Jckpot: folds 
Uncalled bet ($1.50) returned to Nicedaymybro
Nicedaymybro collected $2.50 from pot
Nicedaymybro: doesn't show hand 
*** SUMMARY ***
Total pot $2.50 | Rake $0 
Seat 1: Ship4545 folded before Flop (didn't bet)
Seat 2: NikoPale folded before Flop (didn't bet)
Seat 3: Nicedaymybro (button) collected ($2.50)
Seat 4: AlexPinsk1 (small blind) folded before Flop
Seat 5: mr.Jckpot (big blind) folded before Flop
Seat 6: tintin641 folded before Flop (didn't bet)



PokerStars Hand #254447402460:  Hold'em No Limit ($0.50/$1.00 USD) - 2025/01/19 14:33:25 WET [2025/01/19 9:33:25 ET]
Table 'Polyxenos IV' 6-max Seat #4 is the button
Seat 1: Ship4545 ($49.94 in chips) 
Seat 2: NikoPale ($100 in chips) 
Seat 3: Nicedaymybro ($102.28 in chips) 
Seat 4: AlexPinsk1 ($101.28 in chips) 
Seat 5: mr.Jckpot ($100 in chips) 
Seat 6: tintin641 ($100 in chips) 
mr.Jckpot: posts small blind $0.50
tintin641: posts big blind $1
*** HOLE CARDS ***
Ship4545: folds 
NikoPale: folds 
Nicedaymybro: folds 
AlexPinsk1: folds 
mr.Jckpot: raises $2 to $3
tintin641: folds 
Uncalled bet ($2) returned to mr.Jckpot
mr.Jckpot collected $2 from pot
mr.Jckpot: doesn't show hand 
*** SUMMARY ***
Total pot $2 | Rake $0 
Seat 1: Ship4545 folded before Flop (didn't bet)
Seat 2: NikoPale folded before Flop (didn't bet)
Seat 3: Nicedaymybro folded before Flop (didn't bet)
Seat 4: AlexPinsk1 (button) folded before Flop (didn't bet)
Seat 5: mr.Jckpot (small blind) collected ($2)
Seat 6: tintin641 (big blind) folded before Flop



PokerStars Hand #254447406129:  Hold'em No Limit ($0.50/$1.00 USD) - 2025/01/19 14:33:41 WET [2025/01/19 9:33:41 ET]
Table 'Polyxenos IV' 6-max Seat #5 is the button
Seat 1: Ship4545 ($49.94 in chips) 
Seat 2: NikoPale ($100 in chips) 
Seat 3: Nicedaymybro ($102.28 in chips) 
Seat 4: AlexPinsk1 ($101.28 in chips) 
Seat 5: mr.Jckpot ($101 in chips) 
Seat 6: tintin641 ($100 in chips) 
tintin641: posts small blind $0.50
Ship4545: posts big blind $1
*** HOLE CARDS ***
NikoPale: raises $2 to $3
Nicedaymybro: folds 
AlexPinsk1: folds 
mr.Jckpot: folds 
tintin641: folds 
Ship4545: raises $6.50 to $9.50
NikoPale: raises $13.50 to $23
Ship4545: raises $26.94 to $49.94 and is all-in
NikoPale: calls $26.94
*** FLOP *** [5h 3d 6s]
*** TURN *** [5h 3d 6s] [8h]
*** RIVER *** [5h 3d 6s 8h] [Qd]
*** SHOW DOWN ***
Ship4545: shows [Qs Qh] (three of a kind, Queens)
NikoPale: shows [Kh Kc] (a pair of Kings)
Ship4545 collected $97.88 from pot
*** SUMMARY ***
Total pot $100.38 | Rake $2.50 
Board [5h 3d 6s 8h Qd]
Seat 1: Ship4545 (big blind) showed [Qs Qh] and won ($97.88) with three of a kind, Queens
Seat 2: NikoPale showed [Kh Kc] and lost with a pair of Kings
Seat 3: Nicedaymybro folded before Flop (didn't bet)
Seat 4: AlexPinsk1 folded before Flop (didn't bet)
Seat 5: mr.Jckpot (button) folded before Flop (didn't bet)
Seat 6: tintin641 (small blind) folded before Flop



PokerStars Hand #254447415400:  Hold'em No Limit ($0.50/$1.00 USD) - 2025/01/19 14:34:24 WET [2025/01/19 9:34:24 ET]
Table 'Polyxenos IV' 6-max Seat #6 is the button
Seat 1: Ship4545 ($97.88 in chips) 
Seat 2: NikoPale ($100 in chips) 
Seat 3: Nicedaymybro ($102.28 in chips) 
Seat 4: AlexPinsk1 ($101.28 in chips) 
Seat 5: mr.Jckpot ($101 in chips) 
Seat 6: tintin641 ($100 in chips) 
Ship4545: posts small blind $0.50
NikoPale: posts big blind $1
*** HOLE CARDS ***
Nicedaymybro: folds 
AlexPinsk1: folds 
mr.Jckpot: folds 
tintin641: raises $1.50 to $2.50
Ship4545: folds 
NikoPale: calls $1.50
*** FLOP *** [Kc Kd 9c]
NikoPale: checks 
tintin641: bets $1.72
NikoPale: calls $1.72
*** TURN *** [Kc Kd 9c] [Kh]
NikoPale: checks 
tintin641: checks 
*** RIVER *** [Kc Kd 9c Kh] [5d]
NikoPale: bets $5.69
tintin641: folds 
Uncalled bet ($5.69) returned to NikoPale
NikoPale collected $8.49 from pot
NikoPale: doesn't show hand 
*** SUMMARY ***
Total pot $8.94 | Rake $0.45 
Board [Kc Kd 9c Kh 5d]
Seat 1: Ship4545 (small blind) folded before Flop
Seat 2: NikoPale (big blind) collected ($8.49)
Seat 3: Nicedaymybro folded before Flop (didn't bet)
Seat 4: AlexPinsk1 folded before Flop (didn't bet)
Seat 5: mr.Jckpot folded before Flop (didn't bet)
Seat 6: tintin641 (button) folded on the River



PokerStars Hand #254447429283:  Hold'em No Limit ($0.50/$1.00 USD) - 2025/01/19 14:35:27 WET [2025/01/19 9:35:27 ET]
Table 'Polyxenos IV' 6-max Seat #1 is the button
Seat 1: Ship4545 ($97.38 in chips) 
Seat 2: NikoPale ($104.27 in chips) 
Seat 3: Nicedaymybro ($102.28 in chips) 
Seat 4: AlexPinsk1 ($101.28 in chips) 
Seat 5: mr.Jckpot ($101 in chips) 
Seat 6: tintin641 ($100 in chips) 
NikoPale: posts small blind $0.50
Nicedaymybro: posts big blind $1
*** HOLE CARDS ***
AlexPinsk1: folds 
mr.Jckpot: folds 
tintin641: folds 
Ship4545: calls $1
NikoPale: folds 
Nicedaymybro: checks 
*** FLOP *** [2s Ah Th]
Nicedaymybro: checks 
Ship4545: checks 
*** TURN *** [2s Ah Th] [6d]
Nicedaymybro: checks 
Ship4545: bets $1.19
Nicedaymybro: folds 
Uncalled bet ($1.19) returned to Ship4545
Ship4545 collected $2.38 from pot
*** SUMMARY ***
Total pot $2.50 | Rake $0.12 
Board [2s Ah Th 6d]
Seat 1: Ship4545 (button) collected ($2.38)
Seat 2: NikoPale (small blind) folded before Flop
Seat 3: Nicedaymybro (big blind) folded on the Turn
Seat 4: AlexPinsk1 folded before Flop (didn't bet)
Seat 5: mr.Jckpot folded before Flop (didn't bet)
Seat 6: tintin641 folded before Flop (didn't bet)



PokerStars Hand #254447434386:  Hold'em No Limit ($0.50/$1.00 USD) - 2025/01/19 14:35:50 WET [2025/01/19 9:35:50 ET]
Table 'Polyxenos IV' 6-max Seat #2 is the button
Seat 1: Ship4545 ($98.76 in chips) 
Seat 2: NikoPale ($103.77 in chips) 
Seat 3: Nicedaymybro ($101.28 in chips) 
Seat 4: AlexPinsk1 ($101.28 in chips) 
Seat 5: mr.Jckpot ($101 in chips) 
Seat 6: tintin641 ($100 in chips) 
Nicedaymybro: posts small blind $0.50
AlexPinsk1: posts big blind $1
*** HOLE CARDS ***
mr.Jckpot: folds 
tintin641: folds 
Ship4545: calls $1
NikoPale: folds 
Nicedaymybro: calls $0.50
AlexPinsk1: checks 
*** FLOP *** [Js 8h 2s]
Nicedaymybro: checks 
AlexPinsk1: checks 
Ship4545: bets $1.43
Nicedaymybro: calls $1.43
AlexPinsk1: folds 
*** TURN *** [Js 8h 2s] [4s]
Nicedaymybro: checks 
Ship4545: bets $2.79
Nicedaymybro: raises $7.36 to $10.15
Ship4545: calls $7.36
*** RIVER *** [Js 8h 2s 4s] [7d]
Nicedaymybro: bets $16.43
Ship4545: calls $16.43
*** SHOW DOWN ***
Nicedaymybro: shows [Tc 9h] (a straight, Seven to Jack)
Ship4545: mucks hand 
Nicedaymybro collected $56.52 from pot
*** SUMMARY ***
Total pot $59.02 | Rake $2.50 
Board [Js 8h 2s 4s 7d]
Seat 1: Ship4545 mucked
Seat 2: NikoPale (button) folded before Flop (didn't bet)
Seat 3: Nicedaymybro (small blind) showed [Tc 9h] and won ($56.52) with a straight, Seven to Jack
Seat 4: AlexPinsk1 (big blind) folded on the Flop
Seat 5: mr.Jckpot folded before Flop (didn't bet)
Seat 6: tintin641 folded before Flop (didn't bet)



PokerStars Hand #254447452639:  Hold'em No Limit ($0.50/$1.00 USD) - 2025/01/19 14:37:13 WET [2025/01/19 9:37:13 ET]
Table 'Polyxenos IV' 6-max Seat #3 is the button
Seat 1: Ship4545 ($69.75 in chips) 
Seat 2: NikoPale ($103.77 in chips) 
Seat 3: Nicedaymybro ($128.79 in chips) 
Seat 4: AlexPinsk1 ($100.28 in chips) 
Seat 5: mr.Jckpot ($101 in chips) 
Seat 6: tintin641 ($100 in chips) 
AlexPinsk1: posts small blind $0.50
mr.Jckpot: posts big blind $1
*** HOLE CARDS ***
tintin641: raises $1.50 to $2.50
Ship4545: folds 
NikoPale: folds 
Nicedaymybro: folds 
Ship4545 leaves the table
AlexPinsk1: folds 
mr.Jckpot: folds 
Uncalled bet ($1.50) returned to tintin641
tintin641 collected $2.50 from pot
tintin641: doesn't show hand 
*** SUMMARY ***
Total pot $2.50 | Rake $0 
Seat 1: Ship4545 folded before Flop (didn't bet)
Seat 2: NikoPale folded before Flop (didn't bet)
Seat 3: Nicedaymybro (button) folded before Flop (didn't bet)
Seat 4: AlexPinsk1 (small blind) folded before Flop
Seat 5: mr.Jckpot (big blind) folded before Flop
Seat 6: tintin641 collected ($2.50)



PokerStars Hand #254447455658:  Hold'em No Limit ($0.50/$1.00 USD) - 2025/01/19 14:37:26 WET [2025/01/19 9:37:26 ET]
Table 'Polyxenos IV' 6-max Seat #4 is the button
Seat 2: NikoPale ($103.77 in chips) 
Seat 3: Nicedaymybro ($128.79 in chips) 
Seat 4: AlexPinsk1 ($100 in chips) 
Seat 5: mr.Jckpot ($100 in chips) 
Seat 6: tintin641 ($101.50 in chips) 
mr.Jckpot: posts small blind $0.50
tintin641: posts big blind $1
*** HOLE CARDS ***
NikoPale: folds 
Nicedaymybro: folds 
AlexPinsk1: folds 
mr.Jckpot: folds 
Uncalled bet ($0.50) returned to tintin641
tintin641 collected $1 from pot
tintin641: doesn't show hand 
*** SUMMARY ***
Total pot $1 | Rake $0 
Seat 2: NikoPale folded before Flop (didn't bet)
Seat 3: Nicedaymybro folded before Flop (didn't bet)
Seat 4: AlexPinsk1 (button) folded before Flop (didn't bet)
Seat 5: mr.Jckpot (small blind) folded before Flop
Seat 6: tintin641 (big blind) collected ($1)



PokerStars Hand #254447457413:  Hold'em No Limit ($0.50/$1.00 USD) - 2025/01/19 14:37:34 WET [2025/01/19 9:37:34 ET]
Table 'Polyxenos IV' 6-max Seat #5 is the button
Seat 2: NikoPale ($103.77 in chips) is sitting out
Seat 3: Nicedaymybro ($128.79 in chips) is sitting out
Seat 4: AlexPinsk1 ($100 in chips) 
Seat 5: mr.Jckpot ($100 in chips) 
Seat 6: tintin641 ($102 in chips) 
tintin641: posts small blind $0.50
NikoPale: is sitting out 
Nicedaymybro: is sitting out 
AlexPinsk1: posts big blind $1
*** HOLE CARDS ***
mr.Jckpot: folds 
NikoPale leaves the table
tintin641: raises $2 to $3
AlexPinsk1: calls $2
*** FLOP *** [Qs Js 7d]
Nicedaymybro leaves the table
tintin641: bets $1.88
RAidakCo joins the table at seat #3 
AlexPinsk1: raises $4.62 to $6.50
tintin641: folds 
Uncalled bet ($4.62) returned to AlexPinsk1
AlexPinsk1 collected $9.27 from pot
AlexPinsk1: doesn't show hand 
*** SUMMARY ***
Total pot $9.76 | Rake $0.49 
Board [Qs Js 7d]
Seat 2: NikoPale
Seat 3: Nicedaymybro
Seat 4: AlexPinsk1 (big blind) collected ($9.27)
Seat 5: mr.Jckpot (button) folded before Flop (didn't bet)
Seat 6: tintin641 (small blind) folded on the Flop



PokerStars Hand #254447466912:  Hold'em No Limit ($0.50/$1.00 USD) - 2025/01/19 14:38:17 WET [2025/01/19 9:38:17 ET]
Table 'Polyxenos IV' 6-max Seat #6 is the button
Seat 3: RAidakCo ($100 in chips) is sitting out
Seat 4: AlexPinsk1 ($104.39 in chips) 
Seat 5: mr.Jckpot ($100 in chips) 
Seat 6: tintin641 ($100 in chips) 
AlexPinsk1: posts small blind $0.50
mr.Jckpot: posts big blind $1
*** HOLE CARDS ***
tintin641: raises $1.50 to $2.50
AlexPinsk1: folds 
mr.Jckpot: folds 
Uncalled bet ($1.50) returned to tintin641
tintin641 collected $2.50 from pot
tintin641: doesn't show hand 
*** SUMMARY ***
Total pot $2.50 | Rake $0 
Seat 3: RAidakCo
Seat 4: AlexPinsk1 (small blind) folded before Flop
Seat 5: mr.Jckpot (big blind) folded before Flop
Seat 6: tintin641 (button) collected ($2.50)



PokerStars Hand #254447469690:  Hold'em No Limit ($0.50/$1.00 USD) - 2025/01/19 14:38:29 WET [2025/01/19 9:38:29 ET]
Table 'Polyxenos IV' 6-max Seat #4 is the button
Seat 3: RAidakCo ($100 in chips) is sitting out
Seat 4: AlexPinsk1 ($103.89 in chips) 
Seat 5: mr.Jckpot ($100 in chips) 
Seat 6: tintin641 ($101.50 in chips) 
mr.Jckpot: posts small blind $0.50
tintin641: posts big blind $1
RAidakCo: sits out 
*** HOLE CARDS ***
AlexPinsk1: folds 
mr.Jckpot: raises $2 to $3
tintin641: raises $7 to $10
mr.Jckpot: calls $7
*** FLOP *** [Kd 8c Js]
mr.Jckpot: checks 
tintin641: bets $6.27
mr.Jckpot: folds 
Uncalled bet ($6.27) returned to tintin641
tintin641 collected $19 from pot
tintin641: doesn't show hand 
*** SUMMARY ***
Total pot $20 | Rake $1 
Board [Kd 8c Js]
Seat 3: RAidakCo
Seat 4: AlexPinsk1 (button) folded before Flop (didn't bet)
Seat 5: mr.Jckpot (small blind) folded on the Flop
Seat 6: tintin641 (big blind) collected ($19)



PokerStars Hand #254447476173:  Hold'em No Limit ($0.50/$1.00 USD) - 2025/01/19 14:38:58 WET [2025/01/19 9:38:58 ET]
Table 'Polyxenos IV' 6-max Seat #5 is the button
Seat 3: RAidakCo ($100 in chips) 
Seat 4: AlexPinsk1 ($103.89 in chips) 
Seat 5: mr.Jckpot ($100 in chips) 
Seat 6: tintin641 ($110.50 in chips) 
tintin641: posts small blind $0.50
RAidakCo: posts big blind $1
*** HOLE CARDS ***
AlexPinsk1: folds 
mr.Jckpot: folds 
tintin641: raises $2 to $3
RAidakCo: calls $2
*** FLOP *** [5h 7c 7d]
tintin641: checks 
RAidakCo: checks 
*** TURN *** [5h 7c 7d] [5s]
tintin641: checks 
RAidakCo: checks 
*** RIVER *** [5h 7c 7d 5s] [8h]
tintin641: bets $1.88
RAidakCo: raises $7.10 to $8.98
tintin641: calls $7.10
*** SHOW DOWN ***
RAidakCo: shows [Tc 9d] (two pair, Sevens and Fives)
tintin641: shows [Jc Ah] (two pair, Sevens and Fives - Ace kicker)
tintin641 collected $22.96 from pot
*** SUMMARY ***
Total pot $23.96 | Rake $1 
Board [5h 7c 7d 5s 8h]
Seat 3: RAidakCo (big blind) showed [Tc 9d] and lost with two pair, Sevens and Fives
Seat 4: AlexPinsk1 folded before Flop (didn't bet)
Seat 5: mr.Jckpot (button) folded before Flop (didn't bet)
Seat 6: tintin641 (small blind) showed [Jc Ah] and won ($22.96) with two pair, Sevens and Fives



PokerStars Hand #254447496001:  Hold'em No Limit ($0.50/$1.00 USD) - 2025/01/19 14:40:28 WET [2025/01/19 9:40:28 ET]
Table 'Polyxenos IV' 6-max Seat #3 is the button
Seat 4: AlexPinsk1 ($103.89 in chips) is sitting out
Seat 5: mr.Jckpot ($100 in chips) is sitting out
Seat 3: RAidakCo ($100 in chips) 
Seat 6: tintin641 ($121.48 in chips) 
RAidakCo: posts small blind $0.50
AlexPinsk1: is sitting out 
mr.Jckpot: is sitting out 
tintin641: posts big blind $1
*** HOLE CARDS ***
mr.Jckpot leaves the table
RAidakCo: raises $1.50 to $2.50
AlexPinsk1 leaves the table
tintin641: raises $8.50 to $11
RAidakCo: folds 
Uncalled bet ($8.50) returned to tintin641
tintin641 collected $5 from pot
tintin641: doesn't show hand 
*** SUMMARY ***
Total pot $5 | Rake $0 
Seat 4: AlexPinsk1
Seat 5: mr.Jckpot
Seat 3: RAidakCo (button) (small blind) folded before Flop
Seat 6: tintin641 (big blind) collected ($5)



PokerStars Hand #254447500130:  Hold'em No Limit ($0.50/$1.00 USD) - 2025/01/19 14:40:46 WET [2025/01/19 9:40:46 ET]
Table 'Polyxenos IV' 6-max Seat #6 is the button
Seat 3: RAidakCo ($100 in chips) 
Seat 6: tintin641 ($123.98 in chips) 
tintin641: posts small blind $0.50
RAidakCo: posts big blind $1
*** HOLE CARDS ***
tintin641: folds 
Uncalled bet ($0.50) returned to RAidakCo
RAidakCo collected $1 from pot
RAidakCo: doesn't show hand 
*** SUMMARY ***
Total pot $1 | Rake $0 
Seat 3: RAidakCo (big blind) collected ($1)
Seat 6: tintin641 (button) (small blind) folded before Flop



PokerStars Hand #254447501324:  Hold'em No Limit ($0.50/$1.00 USD) - 2025/01/19 14:40:51 WET [2025/01/19 9:40:51 ET]
Table 'Polyxenos IV' 6-max Seat #3 is the button
Seat 3: RAidakCo ($100.50 in chips) 
Seat 6: tintin641 ($123.48 in chips) 
RAidakCo: posts small blind $0.50
tintin641: posts big blind $1
*** HOLE CARDS ***
RAidakCo: raises $1.50 to $2.50
tintin641: raises $8.50 to $11
RAidakCo: folds 
Uncalled bet ($8.50) returned to tintin641
tintin641 collected $5 from pot
tintin641: doesn't show hand 
*** SUMMARY ***
Total pot $5 | Rake $0 
Seat 3: RAidakCo (button) (small blind) folded before Flop
Seat 6: tintin641 (big blind) collected ($5)



PokerStars Hand #254447505114:  Hold'em No Limit ($0.50/$1.00 USD) - 2025/01/19 14:41:08 WET [2025/01/19 9:41:08 ET]
Table 'Polyxenos IV' 6-max Seat #6 is the button
Seat 3: RAidakCo ($100 in chips) 
Seat 6: tintin641 ($125.98 in chips) 
tintin641: posts small blind $0.50
RAidakCo: posts big blind $1
*** HOLE CARDS ***
tintin641: folds 
Uncalled bet ($0.50) returned to RAidakCo
RAidakCo collected $1 from pot
RAidakCo: doesn't show hand 
*** SUMMARY ***
Total pot $1 | Rake $0 
Seat 3: RAidakCo (big blind) collected ($1)
Seat 6: tintin641 (button) (small blind) folded before Flop



