PokerStars Hand #254444349476:  Hold'em No Limit ($0.50/$1.00 USD) - 2025/01/19 8:36:58 WET [2025/01/19 3:36:58 ET]
Table 'Azalea III' 6-max Seat #4 is the button
Seat 3: perketti ($93.65 in chips) 
Seat 4: b2k-Snick ($110.17 in chips) 
b2k-Snick: posts small blind $0.50
perketti: posts big blind $1
*** HOLE CARDS ***
b2k-Snick: raises $1.50 to $2.50
perketti: raises $5 to $7.50
b2k-Snick: calls $5
*** FLOP *** [Kd Td Kc]
perketti: checks 
b2k-Snick: checks 
*** TURN *** [Kd Td Kc] [2c]
perketti: checks 
b2k-Snick: bets $4.70
perketti: raises $4.70 to $9.40
b2k-Snick: folds 
Uncalled bet ($4.70) returned to perketti
perketti collected $23.40 from pot
perketti: doesn't show hand 
*** SUMMARY ***
Total pot $24.40 | Rake $1 
Board [Kd Td Kc 2c]
Seat 3: perketti (big blind) collected ($23.40)
Seat 4: b2k-Snick (button) (small blind) folded on the Turn



PokerStars Hand #254444352548:  Hold'em No Limit ($0.50/$1.00 USD) - 2025/01/19 8:37:31 WET [2025/01/19 3:37:31 ET]
Table 'Azalea III' 6-max Seat #3 is the button
Seat 3: perketti ($104.85 in chips) 
Seat 4: b2k-Snick ($100 in chips) 
perketti: posts small blind $0.50
b2k-Snick: posts big blind $1
*** HOLE CARDS ***
perketti: raises $1 to $2
b2k-Snick: calls $1
*** FLOP *** [Th 2d 8c]
b2k-Snick: checks 
perketti: bets $2.51
b2k-Snick: folds 
Uncalled bet ($2.51) returned to perketti
perketti collected $3.80 from pot
perketti: doesn't show hand 
*** SUMMARY ***
Total pot $4 | Rake $0.20 
Board [Th 2d 8c]
Seat 3: perketti (button) (small blind) collected ($3.80)
Seat 4: b2k-Snick (big blind) folded on the Flop



PokerStars Hand #254444354330:  Hold'em No Limit ($0.50/$1.00 USD) - 2025/01/19 8:37:51 WET [2025/01/19 3:37:51 ET]
Table 'Azalea III' 6-max Seat #4 is the button
Seat 3: perketti ($106.65 in chips) 
Seat 4: b2k-Snick ($100 in chips) 
b2k-Snick: posts small blind $0.50
perketti: posts big blind $1
*** HOLE CARDS ***
b2k-Snick: folds 
Uncalled bet ($0.50) returned to perketti
perketti collected $1 from pot
perketti: doesn't show hand 
*** SUMMARY ***
Total pot $1 | Rake $0 
Seat 3: perketti (big blind) collected ($1)
Seat 4: b2k-Snick (button) (small blind) folded before Flop



PokerStars Hand #254444354915:  Hold'em No Limit ($0.50/$1.00 USD) - 2025/01/19 8:37:57 WET [2025/01/19 3:37:57 ET]
Table 'Azalea III' 6-max Seat #3 is the button
Seat 3: perketti ($107.15 in chips) 
Seat 4: b2k-Snick ($100 in chips) 
perketti: posts small blind $0.50
b2k-Snick: posts big blind $1
*** HOLE CARDS ***
perketti: raises $1 to $2
b2k-Snick: folds 
Uncalled bet ($1) returned to perketti
perketti collected $2 from pot
perketti: doesn't show hand 
*** SUMMARY ***
Total pot $2 | Rake $0 
Seat 3: perketti (button) (small blind) collected ($2)
Seat 4: b2k-Snick (big blind) folded before Flop



PokerStars Hand #254444355732:  Hold'em No Limit ($0.50/$1.00 USD) - 2025/01/19 8:38:06 WET [2025/01/19 3:38:06 ET]
Table 'Azalea III' 6-max Seat #4 is the button
Seat 3: perketti ($108.15 in chips) 
Seat 4: b2k-Snick ($100 in chips) 
b2k-Snick: posts small blind $0.50
perketti: posts big blind $1
*** HOLE CARDS ***
b2k-Snick: raises $1.50 to $2.50
perketti: folds 
Uncalled bet ($1.50) returned to b2k-Snick
b2k-Snick collected $2 from pot
b2k-Snick: doesn't show hand 
*** SUMMARY ***
Total pot $2 | Rake $0 
Seat 3: perketti (big blind) folded before Flop
Seat 4: b2k-Snick (button) (small blind) collected ($2)



PokerStars Hand #254444356481:  Hold'em No Limit ($0.50/$1.00 USD) - 2025/01/19 8:38:14 WET [2025/01/19 3:38:14 ET]
Table 'Azalea III' 6-max Seat #3 is the button
Seat 3: perketti ($107.15 in chips) 
Seat 4: b2k-Snick ($101 in chips) 
perketti: posts small blind $0.50
b2k-Snick: posts big blind $1
*** HOLE CARDS ***
perketti: raises $1 to $2
b2k-Snick: calls $1
*** FLOP *** [2d 3c 6d]
b2k-Snick: checks 
perketti: bets $2.51
b2k-Snick: calls $2.51
*** TURN *** [2d 3c 6d] [Qs]
b2k-Snick: checks 
perketti: bets $2.83
b2k-Snick: calls $2.83
*** RIVER *** [2d 3c 6d Qs] [5h]
b2k-Snick: checks 
perketti: checks 
*** SHOW DOWN ***
b2k-Snick: shows [Ah 9c] (high card Ace)
perketti: shows [6s Kd] (a pair of Sixes)
perketti collected $13.95 from pot
*** SUMMARY ***
Total pot $14.68 | Rake $0.73 
Board [2d 3c 6d Qs 5h]
Seat 3: perketti (button) (small blind) showed [6s Kd] and won ($13.95) with a pair of Sixes
Seat 4: b2k-Snick (big blind) showed [Ah 9c] and lost with high card Ace



PokerStars Hand #254444359248:  Hold'em No Limit ($0.50/$1.00 USD) - 2025/01/19 8:38:43 WET [2025/01/19 3:38:43 ET]
Table 'Azalea III' 6-max Seat #4 is the button
Seat 3: perketti ($113.76 in chips) 
Seat 4: b2k-Snick ($100 in chips) 
b2k-Snick: posts small blind $0.50
perketti: posts big blind $1
*** HOLE CARDS ***
b2k-Snick: raises $1.50 to $2.50
perketti: calls $1.50
*** FLOP *** [7c 4h Ad]
perketti: checks 
b2k-Snick: bets $1.57
perketti: folds 
Uncalled bet ($1.57) returned to b2k-Snick
b2k-Snick collected $4.75 from pot
b2k-Snick: doesn't show hand 
*** SUMMARY ***
Total pot $5 | Rake $0.25 
Board [7c 4h Ad]
Seat 3: perketti (big blind) folded on the Flop
Seat 4: b2k-Snick (button) (small blind) collected ($4.75)



PokerStars Hand #254444360466:  Hold'em No Limit ($0.50/$1.00 USD) - 2025/01/19 8:38:56 WET [2025/01/19 3:38:56 ET]
Table 'Azalea III' 6-max Seat #3 is the button
Seat 3: perketti ($111.26 in chips) 
Seat 4: b2k-Snick ($102.25 in chips) 
perketti: posts small blind $0.50
b2k-Snick: posts big blind $1
*** HOLE CARDS ***
perketti: raises $1 to $2
b2k-Snick: calls $1
*** FLOP *** [8c 4s 7d]
b2k-Snick: checks 
perketti: bets $2.51
b2k-Snick: calls $2.51
*** TURN *** [8c 4s 7d] [3s]
b2k-Snick: checks 
perketti: bets $5.66
b2k-Snick: calls $5.66
*** RIVER *** [8c 4s 7d 3s] [9c]
b2k-Snick: checks 
perketti: checks 
*** SHOW DOWN ***
b2k-Snick: shows [7c Ks] (a pair of Sevens)
perketti: shows [Kd 8h] (a pair of Eights)
perketti collected $19.34 from pot
*** SUMMARY ***
Total pot $20.34 | Rake $1 
Board [8c 4s 7d 3s 9c]
Seat 3: perketti (button) (small blind) showed [Kd 8h] and won ($19.34) with a pair of Eights
Seat 4: b2k-Snick (big blind) showed [7c Ks] and lost with a pair of Sevens



PokerStars Hand #254444362921:  Hold'em No Limit ($0.50/$1.00 USD) - 2025/01/19 8:39:22 WET [2025/01/19 3:39:22 ET]
Table 'Azalea III' 6-max Seat #4 is the button
Seat 3: perketti ($120.43 in chips) 
Seat 4: b2k-Snick ($100 in chips) 
b2k-Snick: posts small blind $0.50
perketti: posts big blind $1
*** HOLE CARDS ***
b2k-Snick: raises $1.50 to $2.50
perketti: calls $1.50
*** FLOP *** [8d 4c Kh]
perketti: checks 
b2k-Snick: bets $1.57
perketti: calls $1.57
*** TURN *** [8d 4c Kh] [7h]
perketti: checks 
b2k-Snick: checks 
*** RIVER *** [8d 4c Kh 7h] [8s]
perketti: bets $5.10
b2k-Snick: folds 
Uncalled bet ($5.10) returned to perketti
perketti collected $7.73 from pot
perketti: doesn't show hand 
*** SUMMARY ***
Total pot $8.14 | Rake $0.41 
Board [8d 4c Kh 7h 8s]
Seat 3: perketti (big blind) collected ($7.73)
Seat 4: b2k-Snick (button) (small blind) folded on the River



PokerStars Hand #254444365024:  Hold'em No Limit ($0.50/$1.00 USD) - 2025/01/19 8:39:45 WET [2025/01/19 3:39:45 ET]
Table 'Azalea III' 6-max Seat #3 is the button
Seat 3: perketti ($124.09 in chips) 
Seat 4: b2k-Snick ($100 in chips) 
perketti: posts small blind $0.50
b2k-Snick: posts big blind $1
*** HOLE CARDS ***
perketti: raises $1 to $2
b2k-Snick: folds 
Uncalled bet ($1) returned to perketti
perketti collected $2 from pot
perketti: doesn't show hand 
*** SUMMARY ***
Total pot $2 | Rake $0 
Seat 3: perketti (button) (small blind) collected ($2)
Seat 4: b2k-Snick (big blind) folded before Flop



PokerStars Hand #254444365773:  Hold'em No Limit ($0.50/$1.00 USD) - 2025/01/19 8:39:53 WET [2025/01/19 3:39:53 ET]
Table 'Azalea III' 6-max Seat #4 is the button
Seat 3: perketti ($125.09 in chips) 
Seat 4: b2k-Snick ($100 in chips) 
b2k-Snick: posts small blind $0.50
perketti: posts big blind $1
*** HOLE CARDS ***
b2k-Snick: raises $1.50 to $2.50
perketti: folds 
Uncalled bet ($1.50) returned to b2k-Snick
b2k-Snick collected $2 from pot
b2k-Snick: doesn't show hand 
*** SUMMARY ***
Total pot $2 | Rake $0 
Seat 3: perketti (big blind) folded before Flop
Seat 4: b2k-Snick (button) (small blind) collected ($2)



PokerStars Hand #254444366451:  Hold'em No Limit ($0.50/$1.00 USD) - 2025/01/19 8:40:01 WET [2025/01/19 3:40:01 ET]
Table 'Azalea III' 6-max Seat #3 is the button
Seat 3: perketti ($124.09 in chips) 
Seat 4: b2k-Snick ($101 in chips) 
perketti: posts small blind $0.50
b2k-Snick: posts big blind $1
*** HOLE CARDS ***
perketti: raises $1 to $2
b2k-Snick: calls $1
*** FLOP *** [3s 2s 6h]
b2k-Snick: checks 
perketti: bets $1.25
b2k-Snick: raises $2.77 to $4.02
perketti: calls $2.77
*** TURN *** [3s 2s 6h] [Js]
b2k-Snick: bets $9.85
perketti: calls $9.85
*** RIVER *** [3s 2s 6h Js] [Ad]
b2k-Snick: bets $30.50
perketti: calls $30.50
*** SHOW DOWN ***
b2k-Snick: shows [Ks 5h] (high card Ace)
perketti: shows [3c 3h] (three of a kind, Threes)
perketti collected $91.74 from pot
*** SUMMARY ***
Total pot $92.74 | Rake $1 
Board [3s 2s 6h Js Ad]
Seat 3: perketti (button) (small blind) showed [3c 3h] and won ($91.74) with three of a kind, Threes
Seat 4: b2k-Snick (big blind) showed [Ks 5h] and lost with high card Ace



PokerStars Hand #254444371043:  Hold'em No Limit ($0.50/$1.00 USD) - 2025/01/19 8:40:50 WET [2025/01/19 3:40:50 ET]
Table 'Azalea III' 6-max Seat #4 is the button
Seat 3: perketti ($169.46 in chips) 
Seat 4: b2k-Snick ($100 in chips) 
b2k-Snick: posts small blind $0.50
perketti: posts big blind $1
*** HOLE CARDS ***
b2k-Snick: folds 
Uncalled bet ($0.50) returned to perketti
perketti collected $1 from pot
perketti: doesn't show hand 
*** SUMMARY ***
Total pot $1 | Rake $0 
Seat 3: perketti (big blind) collected ($1)
Seat 4: b2k-Snick (button) (small blind) folded before Flop



PokerStars Hand #254444371662:  Hold'em No Limit ($0.50/$1.00 USD) - 2025/01/19 8:40:57 WET [2025/01/19 3:40:57 ET]
Table 'Azalea III' 6-max Seat #3 is the button
Seat 3: perketti ($169.96 in chips) 
Seat 4: b2k-Snick ($100 in chips) 
perketti: posts small blind $0.50
b2k-Snick: posts big blind $1
*** HOLE CARDS ***
perketti: raises $1 to $2
b2k-Snick: raises $8 to $10
perketti: folds 
Uncalled bet ($8) returned to b2k-Snick
b2k-Snick collected $4 from pot
b2k-Snick: doesn't show hand 
*** SUMMARY ***
Total pot $4 | Rake $0 
Seat 3: perketti (button) (small blind) folded before Flop
Seat 4: b2k-Snick (big blind) collected ($4)



PokerStars Hand #254444372667:  Hold'em No Limit ($0.50/$1.00 USD) - 2025/01/19 8:41:08 WET [2025/01/19 3:41:08 ET]
Table 'Azalea III' 6-max Seat #4 is the button
Seat 3: perketti ($167.96 in chips) 
Seat 4: b2k-Snick ($102 in chips) 
b2k-Snick: posts small blind $0.50
perketti: posts big blind $1
*** HOLE CARDS ***
b2k-Snick: raises $1.50 to $2.50
perketti: calls $1.50
*** FLOP *** [5c 9h Td]
perketti: checks 
b2k-Snick: checks 
*** TURN *** [5c 9h Td] [Qd]
perketti: checks 
b2k-Snick: bets $1.57
perketti: calls $1.57
*** RIVER *** [5c 9h Td Qd] [2d]
perketti: checks 
b2k-Snick: bets $2.55
perketti: calls $2.55
*** SHOW DOWN ***
b2k-Snick: shows [9d 8c] (a pair of Nines)
perketti: shows [9s Jc] (a pair of Nines - Queen+Jack kicker)
perketti collected $12.58 from pot
*** SUMMARY ***
Total pot $13.24 | Rake $0.66 
Board [5c 9h Td Qd 2d]
Seat 3: perketti (big blind) showed [9s Jc] and won ($12.58) with a pair of Nines
Seat 4: b2k-Snick (button) (small blind) showed [9d 8c] and lost with a pair of Nines



PokerStars Hand #254444375665:  Hold'em No Limit ($0.50/$1.00 USD) - 2025/01/19 8:41:41 WET [2025/01/19 3:41:41 ET]
Table 'Azalea III' 6-max Seat #3 is the button
Seat 3: perketti ($173.92 in chips) 
Seat 4: b2k-Snick ($100 in chips) 
perketti: posts small blind $0.50
b2k-Snick: posts big blind $1
*** HOLE CARDS ***
perketti: raises $1 to $2
b2k-Snick: calls $1
*** FLOP *** [5h 6s 3c]
b2k-Snick: checks 
perketti: bets $2.51
b2k-Snick: calls $2.51
*** TURN *** [5h 6s 3c] [6h]
b2k-Snick: checks 
perketti: bets $2.83
b2k-Snick: folds 
Uncalled bet ($2.83) returned to perketti
perketti collected $8.57 from pot
perketti: doesn't show hand 
*** SUMMARY ***
Total pot $9.02 | Rake $0.45 
Board [5h 6s 3c 6h]
Seat 3: perketti (button) (small blind) collected ($8.57)
Seat 4: b2k-Snick (big blind) folded on the Turn



PokerStars Hand #254444462085:  Hold'em No Limit ($0.50/$1.00 USD) - 2025/01/19 8:57:45 WET [2025/01/19 3:57:45 ET]
Table 'Azalea III' 6-max Seat #5 is the button
Seat 1: Alinyr ($100 in chips) 
Seat 2: Aescul@pius ($100 in chips) 
Seat 5: Jackso031117 ($100 in chips) 
Seat 6: Poker9803 ($100 in chips) 
Poker9803: posts small blind $0.50
Alinyr: posts big blind $1
*** HOLE CARDS ***
Aescul@pius: folds 
Jackso031117: raises $2 to $3
Poker9803: folds 
Alinyr: calls $2
*** FLOP *** [7s 8s 6h]
Alinyr: checks 
Jackso031117: checks 
*** TURN *** [7s 8s 6h] [4s]
Alinyr: checks 
Jackso031117: checks 
*** RIVER *** [7s 8s 6h 4s] [3d]
Alinyr: checks 
Jackso031117: checks 
Patttrick18 joins the table at seat #3 
*** SHOW DOWN ***
Alinyr: shows [Qc 7c] (a pair of Sevens)
Jackso031117: mucks hand 
Patttrick18 is disconnected 
Alinyr collected $6.18 from pot
kuhclemO joins the table at seat #4 
*** SUMMARY ***
Total pot $6.50 | Rake $0.32 
Board [7s 8s 6h 4s 3d]
Seat 1: Alinyr (big blind) showed [Qc 7c] and won ($6.18) with a pair of Sevens
Seat 2: Aescul@pius folded before Flop (didn't bet)
Seat 5: Jackso031117 (button) mucked
Seat 6: Poker9803 (small blind) folded before Flop



PokerStars Hand #254444465583:  Hold'em No Limit ($0.50/$1.00 USD) - 2025/01/19 8:58:28 WET [2025/01/19 3:58:28 ET]
Table 'Azalea III' 6-max Seat #6 is the button
Seat 3: Patttrick18 ($100 in chips) is sitting out
Seat 4: kuhclemO ($100 in chips) is sitting out
Seat 1: Alinyr ($103.18 in chips) 
Seat 2: Aescul@pius ($100 in chips) 
Seat 5: Jackso031117 ($97 in chips) 
Seat 6: Poker9803 ($100 in chips) 
Alinyr: posts small blind $0.50
Aescul@pius: posts big blind $1
Patttrick18: sits out 
kuhclemO: sits out 
*** HOLE CARDS ***
Jackso031117: folds 
Poker9803: folds 
Alinyr: folds 
Uncalled bet ($0.50) returned to Aescul@pius
Aescul@pius collected $1 from pot
Aescul@pius: doesn't show hand 
*** SUMMARY ***
Total pot $1 | Rake $0 
Seat 3: Patttrick18
Seat 4: kuhclemO
Seat 1: Alinyr (small blind) folded before Flop
Seat 2: Aescul@pius (big blind) collected ($1)
Seat 5: Jackso031117 folded before Flop (didn't bet)
Seat 6: Poker9803 (button) folded before Flop (didn't bet)



PokerStars Hand #254444466924:  Hold'em No Limit ($0.50/$1.00 USD) - 2025/01/19 8:58:44 WET [2025/01/19 3:58:44 ET]
Table 'Azalea III' 6-max Seat #1 is the button
Seat 4: kuhclemO ($100 in chips) is sitting out
Seat 1: Alinyr ($102.68 in chips) 
Seat 2: Aescul@pius ($100.50 in chips) 
Seat 3: Patttrick18 ($100 in chips) 
Seat 5: Jackso031117 ($97 in chips) 
Seat 6: Poker9803 ($100 in chips) 
Aescul@pius: posts small blind $0.50
Patttrick18: posts big blind $1
kuhclemO: sits out 
*** HOLE CARDS ***
Jackso031117: folds 
Poker9803: folds 
Alinyr: folds 
Aescul@pius: folds 
Uncalled bet ($0.50) returned to Patttrick18
Patttrick18 collected $1 from pot
*** SUMMARY ***
Total pot $1 | Rake $0 
Seat 4: kuhclemO
Seat 1: Alinyr (button) folded before Flop (didn't bet)
Seat 2: Aescul@pius (small blind) folded before Flop
Seat 3: Patttrick18 (big blind) collected ($1)
Seat 5: Jackso031117 folded before Flop (didn't bet)
Seat 6: Poker9803 folded before Flop (didn't bet)



PokerStars Hand #254444468191:  Hold'em No Limit ($0.50/$1.00 USD) - 2025/01/19 8:58:59 WET [2025/01/19 3:58:59 ET]
Table 'Azalea III' 6-max Seat #2 is the button
Seat 1: Alinyr ($102.68 in chips) 
Seat 2: Aescul@pius ($100 in chips) 
Seat 3: Patttrick18 ($100.50 in chips) 
Seat 4: kuhclemO ($100 in chips) 
Seat 5: Jackso031117 ($97 in chips) 
Seat 6: Poker9803 ($100 in chips) 
Patttrick18: posts small blind $0.50
kuhclemO: posts big blind $1
*** HOLE CARDS ***
Jackso031117: folds 
Poker9803: folds 
Alinyr: folds 
Aescul@pius: folds 
Patttrick18: raises $1 to $2
kuhclemO: raises $5 to $7
Patttrick18: folds 
Uncalled bet ($5) returned to kuhclemO
kuhclemO collected $4 from pot
kuhclemO: doesn't show hand 
*** SUMMARY ***
Total pot $4 | Rake $0 
Seat 1: Alinyr folded before Flop (didn't bet)
Seat 2: Aescul@pius (button) folded before Flop (didn't bet)
Seat 3: Patttrick18 (small blind) folded before Flop
Seat 4: kuhclemO (big blind) collected ($4)
Seat 5: Jackso031117 folded before Flop (didn't bet)
Seat 6: Poker9803 folded before Flop (didn't bet)



PokerStars Hand #254444470552:  Hold'em No Limit ($0.50/$1.00 USD) - 2025/01/19 8:59:28 WET [2025/01/19 3:59:28 ET]
Table 'Azalea III' 6-max Seat #3 is the button
Seat 1: Alinyr ($102.68 in chips) 
Seat 2: Aescul@pius ($100 in chips) 
Seat 3: Patttrick18 ($98.50 in chips) 
Seat 4: kuhclemO ($102 in chips) 
Seat 5: Jackso031117 ($97 in chips) 
Seat 6: Poker9803 ($100 in chips) 
kuhclemO: posts small blind $0.50
Jackso031117: posts big blind $1
*** HOLE CARDS ***
Poker9803: folds 
Alinyr: folds 
Aescul@pius: raises $1.20 to $2.20
Patttrick18: folds 
kuhclemO: folds 
Jackso031117: calls $1.20
*** FLOP *** [6h 8d Ks]
Jackso031117: checks 
Aescul@pius: bets $1.52
Jackso031117: calls $1.52
*** TURN *** [6h 8d Ks] [3s]
Jackso031117: checks 
Aescul@pius: bets $5.58
Jackso031117: folds 
Uncalled bet ($5.58) returned to Aescul@pius
Aescul@pius collected $7.54 from pot
Aescul@pius: doesn't show hand 
*** SUMMARY ***
Total pot $7.94 | Rake $0.40 
Board [6h 8d Ks 3s]
Seat 1: Alinyr folded before Flop (didn't bet)
Seat 2: Aescul@pius collected ($7.54)
Seat 3: Patttrick18 (button) folded before Flop (didn't bet)
Seat 4: kuhclemO (small blind) folded before Flop
Seat 5: Jackso031117 (big blind) folded on the Turn
Seat 6: Poker9803 folded before Flop (didn't bet)



PokerStars Hand #254444474911:  Hold'em No Limit ($0.50/$1.00 USD) - 2025/01/19 9:00:20 WET [2025/01/19 4:00:20 ET]
Table 'Azalea III' 6-max Seat #4 is the button
Seat 1: Alinyr ($102.68 in chips) 
Seat 2: Aescul@pius ($103.82 in chips) 
Seat 3: Patttrick18 ($98.50 in chips) 
Seat 4: kuhclemO ($101.50 in chips) 
Seat 5: Jackso031117 ($93.28 in chips) 
Seat 6: Poker9803 ($100 in chips) 
Jackso031117: posts small blind $0.50
Poker9803: posts big blind $1
*** HOLE CARDS ***
Alinyr: folds 
Aescul@pius: folds 
Patttrick18: folds 
kuhclemO: raises $1.50 to $2.50
Jackso031117: folds 
Poker9803: folds 
Uncalled bet ($1.50) returned to kuhclemO
kuhclemO collected $2.50 from pot
kuhclemO: doesn't show hand 
*** SUMMARY ***
Total pot $2.50 | Rake $0 
Seat 1: Alinyr folded before Flop (didn't bet)
Seat 2: Aescul@pius folded before Flop (didn't bet)
Seat 3: Patttrick18 folded before Flop (didn't bet)
Seat 4: kuhclemO (button) collected ($2.50)
Seat 5: Jackso031117 (small blind) folded before Flop
Seat 6: Poker9803 (big blind) folded before Flop



PokerStars Hand #254444477841:  Hold'em No Limit ($0.50/$1.00 USD) - 2025/01/19 9:00:53 WET [2025/01/19 4:00:53 ET]
Table 'Azalea III' 6-max Seat #5 is the button
Seat 1: Alinyr ($102.68 in chips) 
Seat 2: Aescul@pius ($103.82 in chips) 
Seat 3: Patttrick18 ($98.50 in chips) 
Seat 4: kuhclemO ($103 in chips) 
Seat 5: Jackso031117 ($92.78 in chips) 
Seat 6: Poker9803 ($100 in chips) 
Poker9803: posts small blind $0.50
Alinyr: posts big blind $1
*** HOLE CARDS ***
Aescul@pius: folds 
Patttrick18: folds 
kuhclemO: raises $1.50 to $2.50
Jackso031117: folds 
Poker9803: raises $9 to $11.50
Alinyr: raises $11.50 to $23
kuhclemO: folds 
Poker9803: calls $11.50
*** FLOP *** [8s 4h Kc]
Poker9803: checks 
Alinyr: bets $11.52
Poker9803: folds 
Uncalled bet ($11.52) returned to Alinyr
Alinyr collected $46.08 from pot
Alinyr: doesn't show hand 
*** SUMMARY ***
Total pot $48.50 | Rake $2.42 
Board [8s 4h Kc]
Seat 1: Alinyr (big blind) collected ($46.08)
Seat 2: Aescul@pius folded before Flop (didn't bet)
Seat 3: Patttrick18 folded before Flop (didn't bet)
Seat 4: kuhclemO folded before Flop
Seat 5: Jackso031117 (button) folded before Flop (didn't bet)
Seat 6: Poker9803 (small blind) folded on the Flop



PokerStars Hand #254444484754:  Hold'em No Limit ($0.50/$1.00 USD) - 2025/01/19 9:02:06 WET [2025/01/19 4:02:06 ET]
Table 'Azalea III' 6-max Seat #6 is the button
Seat 1: Alinyr ($125.76 in chips) 
Seat 2: Aescul@pius ($103.82 in chips) 
Seat 3: Patttrick18 ($98.50 in chips) 
Seat 4: kuhclemO ($100.50 in chips) 
Seat 5: Jackso031117 ($92.78 in chips) 
Seat 6: Poker9803 ($100 in chips) 
Alinyr: posts small blind $0.50
Aescul@pius: posts big blind $1
*** HOLE CARDS ***
Patttrick18: folds 
kuhclemO: folds 
Jackso031117: raises $1 to $2
Poker9803: folds 
Alinyr: folds 
Aescul@pius: folds 
Uncalled bet ($1) returned to Jackso031117
Jackso031117 collected $2.50 from pot
Jackso031117: doesn't show hand 
*** SUMMARY ***
Total pot $2.50 | Rake $0 
Seat 1: Alinyr (small blind) folded before Flop
Seat 2: Aescul@pius (big blind) folded before Flop
Seat 3: Patttrick18 folded before Flop (didn't bet)
Seat 4: kuhclemO folded before Flop (didn't bet)
Seat 5: Jackso031117 collected ($2.50)
Seat 6: Poker9803 (button) folded before Flop (didn't bet)



PokerStars Hand #254444485946:  Hold'em No Limit ($0.50/$1.00 USD) - 2025/01/19 9:02:18 WET [2025/01/19 4:02:18 ET]
Table 'Azalea III' 6-max Seat #1 is the button
Seat 1: Alinyr ($125.26 in chips) 
Seat 2: Aescul@pius ($102.82 in chips) 
Seat 3: Patttrick18 ($98.50 in chips) 
Seat 4: kuhclemO ($100.50 in chips) 
Seat 5: Jackso031117 ($94.28 in chips) 
Seat 6: Poker9803 ($100 in chips) 
Aescul@pius: posts small blind $0.50
Patttrick18: posts big blind $1
*** HOLE CARDS ***
kuhclemO: folds 
Jackso031117: folds 
Poker9803: folds 
Alinyr: raises $1.50 to $2.50
Aescul@pius: folds 
Patttrick18: folds 
Uncalled bet ($1.50) returned to Alinyr
Alinyr collected $2.50 from pot
Alinyr: doesn't show hand 
*** SUMMARY ***
Total pot $2.50 | Rake $0 
Seat 1: Alinyr (button) collected ($2.50)
Seat 2: Aescul@pius (small blind) folded before Flop
Seat 3: Patttrick18 (big blind) folded before Flop
Seat 4: kuhclemO folded before Flop (didn't bet)
Seat 5: Jackso031117 folded before Flop (didn't bet)
Seat 6: Poker9803 folded before Flop (didn't bet)



PokerStars Hand #254444487076:  Hold'em No Limit ($0.50/$1.00 USD) - 2025/01/19 9:02:30 WET [2025/01/19 4:02:30 ET]
Table 'Azalea III' 6-max Seat #2 is the button
Seat 4: kuhclemO ($100.50 in chips) is sitting out
Seat 1: Alinyr ($126.76 in chips) 
Seat 2: Aescul@pius ($102.32 in chips) 
Seat 3: Patttrick18 ($97.50 in chips) 
Seat 5: Jackso031117 ($94.28 in chips) 
Seat 6: Poker9803 ($100 in chips) 
Patttrick18: posts small blind $0.50
kuhclemO: is sitting out 
Jackso031117: posts big blind $1
*** HOLE CARDS ***
Poker9803: folds 
Alinyr: folds 
Aescul@pius: folds 
Patttrick18: calls $0.50
Jackso031117: checks 
*** FLOP *** [As 5d Tc]
Patttrick18: checks 
Jackso031117: checks 
*** TURN *** [As 5d Tc] [Qc]
Patttrick18: checks 
Jackso031117: checks 
*** RIVER *** [As 5d Tc Qc] [8d]
Patttrick18: checks 
Jackso031117: checks 
*** SHOW DOWN ***
Patttrick18: shows [Kd 6c] (high card Ace)
Jackso031117: shows [Ks 2d] (high card Ace)
Patttrick18 collected $0.95 from pot
Jackso031117 collected $0.95 from pot
*** SUMMARY ***
Total pot $2 | Rake $0.10 
Board [As 5d Tc Qc 8d]
Seat 4: kuhclemO
Seat 1: Alinyr folded before Flop (didn't bet)
Seat 2: Aescul@pius (button) folded before Flop (didn't bet)
Seat 3: Patttrick18 (small blind) showed [Kd 6c] and won ($0.95) with high card Ace
Seat 5: Jackso031117 (big blind) showed [Ks 2d] and won ($0.95) with high card Ace
Seat 6: Poker9803 folded before Flop (didn't bet)



PokerStars Hand #254444490061:  Hold'em No Limit ($0.50/$1.00 USD) - 2025/01/19 9:03:00 WET [2025/01/19 4:03:00 ET]
Table 'Azalea III' 6-max Seat #3 is the button
Seat 4: kuhclemO ($100.50 in chips) is sitting out
Seat 1: Alinyr ($126.76 in chips) 
Seat 2: Aescul@pius ($102.32 in chips) 
Seat 3: Patttrick18 ($97.45 in chips) 
Seat 5: Jackso031117 ($94.23 in chips) 
Seat 6: Poker9803 ($100 in chips) 
Jackso031117: posts small blind $0.50
Poker9803: posts big blind $1
*** HOLE CARDS ***
Alinyr: folds 
kuhclemO leaves the table
Aescul@pius: folds 
Patttrick18: calls $1
Jackso031117: folds 
Poker9803: raises $3.50 to $4.50
Patttrick18: calls $3.50
*** FLOP *** [5s Td 6s]
Poker9803: bets $2.98
Emily_GetMan joins the table at seat #4 
Patttrick18: folds 
Uncalled bet ($2.98) returned to Poker9803
Poker9803 collected $9.02 from pot
Poker9803: doesn't show hand 
*** SUMMARY ***
Total pot $9.50 | Rake $0.48 
Board [5s Td 6s]
Seat 4: kuhclemO
Seat 1: Alinyr folded before Flop (didn't bet)
Seat 2: Aescul@pius folded before Flop (didn't bet)
Seat 3: Patttrick18 (button) folded on the Flop
Seat 5: Jackso031117 (small blind) folded before Flop
Seat 6: Poker9803 (big blind) collected ($9.02)



PokerStars Hand #254444492990:  Hold'em No Limit ($0.50/$1.00 USD) - 2025/01/19 9:03:30 WET [2025/01/19 4:03:30 ET]
Table 'Azalea III' 6-max Seat #5 is the button
Seat 4: Emily_GetMan ($100 in chips) is sitting out
Seat 1: Alinyr ($126.76 in chips) 
Seat 2: Aescul@pius ($102.32 in chips) 
Seat 3: Patttrick18 ($92.95 in chips) 
Seat 5: Jackso031117 ($93.73 in chips) 
Seat 6: Poker9803 ($104.52 in chips) 
Poker9803: posts small blind $0.50
Alinyr: posts big blind $1
Emily_GetMan: sits out 
*** HOLE CARDS ***
Aescul@pius: folds 
Patttrick18: folds 
Jackso031117: raises $2 to $3
Poker9803: folds 
Alinyr: calls $2
*** FLOP *** [8s 3h Kh]
Alinyr: checks 
Jackso031117: bets $3.09
Alinyr: calls $3.09
*** TURN *** [8s 3h Kh] [Jh]
Alinyr: checks 
Jackso031117: bets $8
Alinyr: folds 
Uncalled bet ($8) returned to Jackso031117
Jackso031117 collected $12.05 from pot
Jackso031117: doesn't show hand 
*** SUMMARY ***
Total pot $12.68 | Rake $0.63 
Board [8s 3h Kh Jh]
Seat 4: Emily_GetMan
Seat 1: Alinyr (big blind) folded on the Turn
Seat 2: Aescul@pius folded before Flop (didn't bet)
Seat 3: Patttrick18 folded before Flop (didn't bet)
Seat 5: Jackso031117 (button) collected ($12.05)
Seat 6: Poker9803 (small blind) folded before Flop



PokerStars Hand #254444497488:  Hold'em No Limit ($0.50/$1.00 USD) - 2025/01/19 9:04:16 WET [2025/01/19 4:04:16 ET]
Table 'Azalea III' 6-max Seat #6 is the button
Seat 4: Emily_GetMan ($100 in chips) is sitting out
Seat 1: Alinyr ($120.67 in chips) 
Seat 2: Aescul@pius ($102.32 in chips) 
Seat 3: Patttrick18 ($92.95 in chips) 
Seat 5: Jackso031117 ($99.69 in chips) 
Seat 6: Poker9803 ($104.02 in chips) 
Alinyr: posts small blind $0.50
Aescul@pius: posts big blind $1
Emily_GetMan: sits out 
*** HOLE CARDS ***
Patttrick18: folds 
Jackso031117: folds 
Poker9803: raises $1.50 to $2.50
Alinyr: folds 
Aescul@pius: raises $9.50 to $12
Poker9803: folds 
Uncalled bet ($9.50) returned to Aescul@pius
Aescul@pius collected $5.50 from pot
Aescul@pius: doesn't show hand 
*** SUMMARY ***
Total pot $5.50 | Rake $0 
Seat 4: Emily_GetMan
Seat 1: Alinyr (small blind) folded before Flop
Seat 2: Aescul@pius (big blind) collected ($5.50)
Seat 3: Patttrick18 folded before Flop (didn't bet)
Seat 5: Jackso031117 folded before Flop (didn't bet)
Seat 6: Poker9803 (button) folded before Flop



PokerStars Hand #254444500735:  Hold'em No Limit ($0.50/$1.00 USD) - 2025/01/19 9:04:51 WET [2025/01/19 4:04:51 ET]
Table 'Azalea III' 6-max Seat #1 is the button
Seat 4: Emily_GetMan ($100 in chips) is sitting out
Seat 1: Alinyr ($120.17 in chips) 
Seat 2: Aescul@pius ($105.32 in chips) 
Seat 3: Patttrick18 ($92.95 in chips) 
Seat 5: Jackso031117 ($99.69 in chips) 
Seat 6: Poker9803 ($101.52 in chips) 
Aescul@pius: posts small blind $0.50
Patttrick18: posts big blind $1
Emily_GetMan: sits out 
*** HOLE CARDS ***
Jackso031117: folds 
Poker9803: folds 
Alinyr: folds 
Aescul@pius: folds 
Uncalled bet ($0.50) returned to Patttrick18
Patttrick18 collected $1 from pot
*** SUMMARY ***
Total pot $1 | Rake $0 
Seat 4: Emily_GetMan
Seat 1: Alinyr (button) folded before Flop (didn't bet)
Seat 2: Aescul@pius (small blind) folded before Flop
Seat 3: Patttrick18 (big blind) collected ($1)
Seat 5: Jackso031117 folded before Flop (didn't bet)
Seat 6: Poker9803 folded before Flop (didn't bet)



PokerStars Hand #254444501967:  Hold'em No Limit ($0.50/$1.00 USD) - 2025/01/19 9:05:03 WET [2025/01/19 4:05:03 ET]
Table 'Azalea III' 6-max Seat #2 is the button
Seat 1: Alinyr ($120.17 in chips) 
Seat 2: Aescul@pius ($104.82 in chips) 
Seat 3: Patttrick18 ($93.45 in chips) 
Seat 4: Emily_GetMan ($100 in chips) 
Seat 5: Jackso031117 ($99.69 in chips) 
Seat 6: Poker9803 ($101.52 in chips) 
Patttrick18: posts small blind $0.50
Emily_GetMan: posts big blind $1
*** HOLE CARDS ***
Jackso031117: folds 
Poker9803: folds 
Alinyr: raises $1.28 to $2.28
Aescul@pius: folds 
Patttrick18: folds 
Emily_GetMan: folds 
Uncalled bet ($1.28) returned to Alinyr
Alinyr collected $2.50 from pot
Alinyr: doesn't show hand 
*** SUMMARY ***
Total pot $2.50 | Rake $0 
Seat 1: Alinyr collected ($2.50)
Seat 2: Aescul@pius (button) folded before Flop (didn't bet)
Seat 3: Patttrick18 (small blind) folded before Flop
Seat 4: Emily_GetMan (big blind) folded before Flop
Seat 5: Jackso031117 folded before Flop (didn't bet)
Seat 6: Poker9803 folded before Flop (didn't bet)



PokerStars Hand #254444504772:  Hold'em No Limit ($0.50/$1.00 USD) - 2025/01/19 9:05:32 WET [2025/01/19 4:05:32 ET]
Table 'Azalea III' 6-max Seat #3 is the button
Seat 1: Alinyr ($121.67 in chips) 
Seat 2: Aescul@pius ($104.82 in chips) 
Seat 3: Patttrick18 ($92.95 in chips) 
Seat 4: Emily_GetMan ($100 in chips) 
Seat 5: Jackso031117 ($99.69 in chips) 
Seat 6: Poker9803 ($101.52 in chips) 
Emily_GetMan: posts small blind $0.50
Jackso031117: posts big blind $1
*** HOLE CARDS ***
Poker9803: folds 
Alinyr: folds 
Aescul@pius: folds 
Patttrick18: folds 
Emily_GetMan: folds 
Uncalled bet ($0.50) returned to Jackso031117
Jackso031117 collected $1 from pot
Jackso031117: doesn't show hand 
*** SUMMARY ***
Total pot $1 | Rake $0 
Seat 1: Alinyr folded before Flop (didn't bet)
Seat 2: Aescul@pius folded before Flop (didn't bet)
Seat 3: Patttrick18 (button) folded before Flop (didn't bet)
Seat 4: Emily_GetMan (small blind) folded before Flop
Seat 5: Jackso031117 (big blind) collected ($1)
Seat 6: Poker9803 folded before Flop (didn't bet)



PokerStars Hand #254444506523:  Hold'em No Limit ($0.50/$1.00 USD) - 2025/01/19 9:05:51 WET [2025/01/19 4:05:51 ET]
Table 'Azalea III' 6-max Seat #4 is the button
Seat 1: Alinyr ($121.67 in chips) 
Seat 2: Aescul@pius ($104.82 in chips) 
Seat 3: Patttrick18 ($92.95 in chips) 
Seat 4: Emily_GetMan ($100 in chips) 
Seat 5: Jackso031117 ($100.19 in chips) 
Seat 6: Poker9803 ($101.52 in chips) 
Jackso031117: posts small blind $0.50
Poker9803: posts big blind $1
*** HOLE CARDS ***
Alinyr: folds 
Aescul@pius: folds 
Patttrick18: raises $1 to $2
Emily_GetMan: raises $5 to $7
Jackso031117: folds 
Poker9803: folds 
Patttrick18: calls $5
*** FLOP *** [8h 6h 5d]
Patttrick18: bets $7.36
Emily_GetMan: calls $7.36
*** TURN *** [8h 6h 5d] [8s]
Patttrick18: bets $28.71
Emily_GetMan: calls $28.71
*** RIVER *** [8h 6h 5d 8s] [Kd]
Patttrick18: bets $49.88 and is all-in
Emily_GetMan: calls $49.88
*** SHOW DOWN ***
Patttrick18: shows [Ts Qc] (a pair of Eights)
Emily_GetMan: shows [Ac 5c] (two pair, Eights and Fives)
Emily_GetMan collected $184.90 from pot
*** SUMMARY ***
Total pot $187.40 | Rake $2.50 
Board [8h 6h 5d 8s Kd]
Seat 1: Alinyr folded before Flop (didn't bet)
Seat 2: Aescul@pius folded before Flop (didn't bet)
Seat 3: Patttrick18 showed [Ts Qc] and lost with a pair of Eights
Seat 4: Emily_GetMan (button) showed [Ac 5c] and won ($184.90) with two pair, Eights and Fives
Seat 5: Jackso031117 (small blind) folded before Flop
Seat 6: Poker9803 (big blind) folded before Flop



PokerStars Hand #254444514491:  Hold'em No Limit ($0.50/$1.00 USD) - 2025/01/19 9:07:13 WET [2025/01/19 4:07:13 ET]
Table 'Azalea III' 6-max Seat #5 is the button
Seat 3: Patttrick18 ($0 in chips) is sitting out
Seat 1: Alinyr ($121.67 in chips) 
Seat 2: Aescul@pius ($104.82 in chips) 
Seat 4: Emily_GetMan ($191.95 in chips) 
Seat 5: Jackso031117 ($99.69 in chips) 
Seat 6: Poker9803 ($100.52 in chips) 
Poker9803: posts small blind $0.50
Alinyr: posts big blind $1
*** HOLE CARDS ***
Aescul@pius: folds 
Emily_GetMan: raises $1 to $2
Patttrick18 leaves the table
Jackso031117: calls $2
Poker9803: folds 
Alinyr: folds 
*** FLOP *** [3c 4h Ks]
Burlica2013 joins the table at seat #3 
Emily_GetMan: bets $1.72
Jackso031117: folds 
Uncalled bet ($1.72) returned to Emily_GetMan
Emily_GetMan collected $5.22 from pot
Emily_GetMan: doesn't show hand 
*** SUMMARY ***
Total pot $5.50 | Rake $0.28 
Board [3c 4h Ks]
Seat 3: Patttrick18
Seat 1: Alinyr (big blind) folded before Flop
Seat 2: Aescul@pius folded before Flop (didn't bet)
Seat 4: Emily_GetMan collected ($5.22)
Seat 5: Jackso031117 (button) folded on the Flop
Seat 6: Poker9803 (small blind) folded before Flop



PokerStars Hand #254444516466:  Hold'em No Limit ($0.50/$1.00 USD) - 2025/01/19 9:07:33 WET [2025/01/19 4:07:33 ET]
Table 'Azalea III' 6-max Seat #6 is the button
Seat 3: Burlica2013 ($100 in chips) is sitting out
Seat 1: Alinyr ($120.67 in chips) 
Seat 2: Aescul@pius ($104.82 in chips) 
Seat 4: Emily_GetMan ($195.17 in chips) 
Seat 5: Jackso031117 ($97.69 in chips) 
Seat 6: Poker9803 ($100.02 in chips) 
Alinyr: posts small blind $0.50
Aescul@pius: posts big blind $1
Burlica2013: sits out 
*** HOLE CARDS ***
Emily_GetMan: raises $1 to $2
Jackso031117: calls $2
Poker9803: folds 
Alinyr: folds 
Aescul@pius: folds 
*** FLOP *** [5s Ad Ts]
Emily_GetMan: bets $3.45
Jackso031117: calls $3.45
*** TURN *** [5s Ad Ts] [Kd]
Emily_GetMan: checks 
Jackso031117: bets $7.70
Emily_GetMan: calls $7.70
*** RIVER *** [5s Ad Ts Kd] [Ac]
Emily_GetMan: checks 
Jackso031117: checks 
*** SHOW DOWN ***
Emily_GetMan: shows [Kc Qs] (two pair, Aces and Kings)
Jackso031117: mucks hand 
Emily_GetMan collected $26.41 from pot
*** SUMMARY ***
Total pot $27.80 | Rake $1.39 
Board [5s Ad Ts Kd Ac]
Seat 3: Burlica2013
Seat 1: Alinyr (small blind) folded before Flop
Seat 2: Aescul@pius (big blind) folded before Flop
Seat 4: Emily_GetMan showed [Kc Qs] and won ($26.41) with two pair, Aces and Kings
Seat 5: Jackso031117 mucked
Seat 6: Poker9803 (button) folded before Flop (didn't bet)



PokerStars Hand #254444521091:  Hold'em No Limit ($0.50/$1.00 USD) - 2025/01/19 9:08:22 WET [2025/01/19 4:08:22 ET]
Table 'Azalea III' 6-max Seat #1 is the button
Seat 1: Alinyr ($120.17 in chips) 
Seat 2: Aescul@pius ($103.82 in chips) 
Seat 3: Burlica2013 ($100 in chips) 
Seat 4: Emily_GetMan ($208.43 in chips) 
Seat 5: Jackso031117 ($84.54 in chips) 
Seat 6: Poker9803 ($100.02 in chips) 
Aescul@pius: posts small blind $0.50
Burlica2013: posts big blind $1
*** HOLE CARDS ***
Emily_GetMan: folds 
Jackso031117: folds 
Poker9803: raises $1.50 to $2.50
Alinyr: folds 
Aescul@pius: folds 
Burlica2013: folds 
Uncalled bet ($1.50) returned to Poker9803
Poker9803 collected $2.50 from pot
Poker9803: doesn't show hand 
*** SUMMARY ***
Total pot $2.50 | Rake $0 
Seat 1: Alinyr (button) folded before Flop (didn't bet)
Seat 2: Aescul@pius (small blind) folded before Flop
Seat 3: Burlica2013 (big blind) folded before Flop
Seat 4: Emily_GetMan folded before Flop (didn't bet)
Seat 5: Jackso031117 folded before Flop (didn't bet)
Seat 6: Poker9803 collected ($2.50)



PokerStars Hand #254444522249:  Hold'em No Limit ($0.50/$1.00 USD) - 2025/01/19 9:08:34 WET [2025/01/19 4:08:34 ET]
Table 'Azalea III' 6-max Seat #2 is the button
Seat 1: Alinyr ($120.17 in chips) 
Seat 2: Aescul@pius ($103.32 in chips) 
Seat 3: Burlica2013 ($100 in chips) 
Seat 4: Emily_GetMan ($208.43 in chips) 
Seat 5: Jackso031117 ($84.54 in chips) 
Seat 6: Poker9803 ($101.52 in chips) 
Burlica2013: posts small blind $0.50
Emily_GetMan: posts big blind $1
*** HOLE CARDS ***
Jackso031117: folds 
Poker9803: folds 
Alinyr: folds 
Aescul@pius: folds 
Burlica2013: folds 
Uncalled bet ($0.50) returned to Emily_GetMan
Emily_GetMan collected $1 from pot
Emily_GetMan: doesn't show hand 
*** SUMMARY ***
Total pot $1 | Rake $0 
Seat 1: Alinyr folded before Flop (didn't bet)
Seat 2: Aescul@pius (button) folded before Flop (didn't bet)
Seat 3: Burlica2013 (small blind) folded before Flop
Seat 4: Emily_GetMan (big blind) collected ($1)
Seat 5: Jackso031117 folded before Flop (didn't bet)
Seat 6: Poker9803 folded before Flop (didn't bet)



PokerStars Hand #254444524386:  Hold'em No Limit ($0.50/$1.00 USD) - 2025/01/19 9:08:56 WET [2025/01/19 4:08:56 ET]
Table 'Azalea III' 6-max Seat #3 is the button
Seat 1: Alinyr ($120.17 in chips) 
Seat 2: Aescul@pius ($103.32 in chips) 
Seat 3: Burlica2013 ($100 in chips) 
Seat 4: Emily_GetMan ($208.93 in chips) 
Seat 5: Jackso031117 ($84.54 in chips) 
Seat 6: Poker9803 ($101.52 in chips) 
Emily_GetMan: posts small blind $0.50
Jackso031117: posts big blind $1
*** HOLE CARDS ***
Poker9803: folds 
Alinyr: folds 
Aescul@pius: folds 
Burlica2013: raises $1.45 to $2.45
Emily_GetMan: folds 
Jackso031117: calls $1.45
*** FLOP *** [Ah 2d Kh]
Jackso031117: checks 
Burlica2013: bets $1.69
Jackso031117: calls $1.69
*** TURN *** [Ah 2d Kh] [Js]
Jackso031117: checks 
Burlica2013: checks 
*** RIVER *** [Ah 2d Kh Js] [2c]
Jackso031117: checks 
Burlica2013: checks 
*** SHOW DOWN ***
Jackso031117: shows [Ks 8h] (two pair, Kings and Deuces)
Burlica2013: mucks hand 
Jackso031117 collected $8.34 from pot
*** SUMMARY ***
Total pot $8.78 | Rake $0.44 
Board [Ah 2d Kh Js 2c]
Seat 1: Alinyr folded before Flop (didn't bet)
Seat 2: Aescul@pius folded before Flop (didn't bet)
Seat 3: Burlica2013 (button) mucked
Seat 4: Emily_GetMan (small blind) folded before Flop
Seat 5: Jackso031117 (big blind) showed [Ks 8h] and won ($8.34) with two pair, Kings and Deuces
Seat 6: Poker9803 folded before Flop (didn't bet)



PokerStars Hand #254444527220:  Hold'em No Limit ($0.50/$1.00 USD) - 2025/01/19 9:09:25 WET [2025/01/19 4:09:25 ET]
Table 'Azalea III' 6-max Seat #4 is the button
Seat 6: Poker9803 ($101.52 in chips) is sitting out
Seat 1: Alinyr ($120.17 in chips) 
Seat 2: Aescul@pius ($103.32 in chips) 
Seat 3: Burlica2013 ($100 in chips) 
Seat 4: Emily_GetMan ($208.43 in chips) 
Seat 5: Jackso031117 ($88.74 in chips) 
Jackso031117: posts small blind $0.50
Poker9803: is sitting out 
Alinyr: posts big blind $1
*** HOLE CARDS ***
Aescul@pius: folds 
Poker9803 leaves the table
Burlica2013: folds 
Emily_GetMan: folds 
Jackso031117: folds 
Uncalled bet ($0.50) returned to Alinyr
Alinyr collected $1 from pot
Alinyr: doesn't show hand 
*** SUMMARY ***
Total pot $1 | Rake $0 
Seat 6: Poker9803
Seat 1: Alinyr (big blind) collected ($1)
Seat 2: Aescul@pius folded before Flop (didn't bet)
Seat 3: Burlica2013 folded before Flop (didn't bet)
Seat 4: Emily_GetMan (button) folded before Flop (didn't bet)
Seat 5: Jackso031117 (small blind) folded before Flop



PokerStars Hand #254444528846:  Hold'em No Limit ($0.50/$1.00 USD) - 2025/01/19 9:09:41 WET [2025/01/19 4:09:41 ET]
Table 'Azalea III' 6-max Seat #5 is the button
Seat 1: Alinyr ($120.67 in chips) 
Seat 2: Aescul@pius ($103.32 in chips) 
Seat 3: Burlica2013 ($100 in chips) 
Seat 4: Emily_GetMan ($208.43 in chips) 
Seat 5: Jackso031117 ($88.24 in chips) 
Alinyr: posts small blind $0.50
Aescul@pius: posts big blind $1
*** HOLE CARDS ***
Burlica2013: raises $1.20 to $2.20
Emily_GetMan: folds 
Jackso031117: calls $2.20
Alinyr: folds 
Aescul@pius: folds 
*** FLOP *** [8h 3s Js]
Burlica2013: bets $1.85
Jackso031117: calls $1.85
*** TURN *** [8h 3s Js] [2s]
Burlica2013 has timed out
Burlica2013: checks 
Jackso031117: checks 
*** RIVER *** [8h 3s Js 2s] [7d]
Burlica2013: bets $6.84
Jackso031117: calls $6.84
*** SHOW DOWN ***
Burlica2013: shows [Kh Qh] (high card King)
Jackso031117: shows [9h 7c] (a pair of Sevens)
Jackso031117 collected $22.12 from pot
*** SUMMARY ***
Total pot $23.28 | Rake $1.16 
Board [8h 3s Js 2s 7d]
Seat 1: Alinyr (small blind) folded before Flop
Seat 2: Aescul@pius (big blind) folded before Flop
Seat 3: Burlica2013 showed [Kh Qh] and lost with high card King
Seat 4: Emily_GetMan folded before Flop (didn't bet)
Seat 5: Jackso031117 (button) showed [9h 7c] and won ($22.12) with a pair of Sevens



PokerStars Hand #254444536992:  Hold'em No Limit ($0.50/$1.00 USD) - 2025/01/19 9:11:04 WET [2025/01/19 4:11:04 ET]
Table 'Azalea III' 6-max Seat #1 is the button
Seat 1: Alinyr ($120.17 in chips) 
Seat 2: Aescul@pius ($102.32 in chips) 
Seat 3: Burlica2013 ($100 in chips) 
Seat 4: Emily_GetMan ($208.43 in chips) 
Seat 5: Jackso031117 ($99.47 in chips) 
Aescul@pius: posts small blind $0.50
Burlica2013: posts big blind $1
*** HOLE CARDS ***
Emily_GetMan: folds 
Jackso031117: folds 
Alinyr: folds 
Aescul@pius: raises $2 to $3
Burlica2013: calls $2
*** FLOP *** [9s 5c 8s]
Aescul@pius: checks 
Burlica2013: bets $1.88
Aescul@pius: calls $1.88
*** TURN *** [9s 5c 8s] [Qs]
Aescul@pius: checks 
Burlica2013: bets $6.95
Aescul@pius: calls $6.95
*** RIVER *** [9s 5c 8s Qs] [6s]
Aescul@pius: checks 
Burlica2013: checks 
*** SHOW DOWN ***
Aescul@pius: shows [Jc Tc] (a straight, Eight to Queen)
Burlica2013: shows [Ad 4s] (a flush, Queen high)
Burlica2013 collected $22.48 from pot
*** SUMMARY ***
Total pot $23.66 | Rake $1.18 
Board [9s 5c 8s Qs 6s]
Seat 1: Alinyr (button) folded before Flop (didn't bet)
Seat 2: Aescul@pius (small blind) showed [Jc Tc] and lost with a straight, Eight to Queen
Seat 3: Burlica2013 (big blind) showed [Ad 4s] and won ($22.48) with a flush, Queen high
Seat 4: Emily_GetMan folded before Flop (didn't bet)
Seat 5: Jackso031117 folded before Flop (didn't bet)



PokerStars Hand #254444546431:  Hold'em No Limit ($0.50/$1.00 USD) - 2025/01/19 9:12:40 WET [2025/01/19 4:12:40 ET]
Table 'Azalea III' 6-max Seat #2 is the button
Seat 1: Alinyr ($120.17 in chips) 
Seat 2: Aescul@pius ($100 in chips) 
Seat 3: Burlica2013 ($110.65 in chips) 
Seat 4: Emily_GetMan ($208.43 in chips) 
Seat 5: Jackso031117 ($99.47 in chips) 
Burlica2013: posts small blind $0.50
Emily_GetMan: posts big blind $1
*** HOLE CARDS ***
Jackso031117: folds 
Alinyr: raises $1.28 to $2.28
Aescul@pius: folds 
Burlica2013: folds 
Emily_GetMan: raises $10.22 to $12.50
Alinyr: folds 
Uncalled bet ($10.22) returned to Emily_GetMan
Emily_GetMan collected $5.06 from pot
Emily_GetMan: doesn't show hand 
*** SUMMARY ***
Total pot $5.06 | Rake $0 
Seat 1: Alinyr folded before Flop
Seat 2: Aescul@pius (button) folded before Flop (didn't bet)
Seat 3: Burlica2013 (small blind) folded before Flop
Seat 4: Emily_GetMan (big blind) collected ($5.06)
Seat 5: Jackso031117 folded before Flop (didn't bet)



PokerStars Hand #254444549632:  Hold'em No Limit ($0.50/$1.00 USD) - 2025/01/19 9:13:12 WET [2025/01/19 4:13:12 ET]
Table 'Azalea III' 6-max Seat #3 is the button
Seat 1: Alinyr ($117.89 in chips) 
Seat 2: Aescul@pius ($100 in chips) 
Seat 3: Burlica2013 ($110.15 in chips) 
Seat 4: Emily_GetMan ($211.21 in chips) 
Seat 5: Jackso031117 ($99.47 in chips) 
Emily_GetMan: posts small blind $0.50
Jackso031117: posts big blind $1
*** HOLE CARDS ***
Alinyr: raises $1.05 to $2.05
Aescul@pius: folds 
Burlica2013: folds 
Emily_GetMan: calls $1.55
Jackso031117: calls $1.05
*** FLOP *** [5c Qc Qh]
Emily_GetMan: checks 
Jackso031117: checks 
Alinyr: bets $1.93
Emily_GetMan: folds 
Jackso031117: folds 
Uncalled bet ($1.93) returned to Alinyr
Alinyr collected $5.84 from pot
Alinyr: doesn't show hand 
*** SUMMARY ***
Total pot $6.15 | Rake $0.31 
Board [5c Qc Qh]
Seat 1: Alinyr collected ($5.84)
Seat 2: Aescul@pius folded before Flop (didn't bet)
Seat 3: Burlica2013 (button) folded before Flop (didn't bet)
Seat 4: Emily_GetMan (small blind) folded on the Flop
Seat 5: Jackso031117 (big blind) folded on the Flop



PokerStars Hand #254444552781:  Hold'em No Limit ($0.50/$1.00 USD) - 2025/01/19 9:13:44 WET [2025/01/19 4:13:44 ET]
Table 'Azalea III' 6-max Seat #4 is the button
Seat 1: Alinyr ($121.68 in chips) is sitting out
Seat 2: Aescul@pius ($100 in chips) 
Seat 3: Burlica2013 ($110.15 in chips) 
Seat 4: Emily_GetMan ($209.16 in chips) 
Seat 5: Jackso031117 ($97.42 in chips) 
Jackso031117: posts small blind $0.50
Alinyr: is sitting out 
Aescul@pius: posts big blind $1
*** HOLE CARDS ***
Alinyr leaves the table
Burlica2013: raises $1.25 to $2.25
Emily_GetMan: folds 
Jackso031117: folds 
Aescul@pius: raises $8.75 to $11
Burlica2013: raises $13.64 to $24.64
Aescul@pius: folds 
Uncalled bet ($13.64) returned to Burlica2013
Burlica2013 collected $22.50 from pot
Burlica2013: doesn't show hand 
*** SUMMARY ***
Total pot $22.50 | Rake $0 
Seat 1: Alinyr
Seat 2: Aescul@pius (big blind) folded before Flop
Seat 3: Burlica2013 collected ($22.50)
Seat 4: Emily_GetMan (button) folded before Flop (didn't bet)
Seat 5: Jackso031117 (small blind) folded before Flop



PokerStars Hand #254444559886:  Hold'em No Limit ($0.50/$1.00 USD) - 2025/01/19 9:14:56 WET [2025/01/19 4:14:56 ET]
Table 'Azalea III' 6-max Seat #5 is the button
Seat 2: Aescul@pius ($100 in chips) 
Seat 3: Burlica2013 ($121.65 in chips) 
Seat 4: Emily_GetMan ($209.16 in chips) 
Seat 5: Jackso031117 ($96.92 in chips) 
Aescul@pius: posts small blind $0.50
Burlica2013: posts big blind $1
*** HOLE CARDS ***
Emily_GetMan: folds 
Jackso031117: folds 
Aescul@pius: raises $2 to $3
Burlica2013: raises $6 to $9
Aescul@pius: folds 
Uncalled bet ($6) returned to Burlica2013
Burlica2013 collected $6 from pot
Burlica2013: doesn't show hand 
*** SUMMARY ***
Total pot $6 | Rake $0 
Seat 2: Aescul@pius (small blind) folded before Flop
Seat 3: Burlica2013 (big blind) collected ($6)
Seat 4: Emily_GetMan folded before Flop (didn't bet)
Seat 5: Jackso031117 (button) folded before Flop (didn't bet)



PokerStars Hand #254444562318:  Hold'em No Limit ($0.50/$1.00 USD) - 2025/01/19 9:15:21 WET [2025/01/19 4:15:21 ET]
Table 'Azalea III' 6-max Seat #2 is the button
Seat 2: Aescul@pius ($100 in chips) 
Seat 3: Burlica2013 ($124.65 in chips) 
Seat 4: Emily_GetMan ($209.16 in chips) 
Seat 5: Jackso031117 ($96.92 in chips) 
Burlica2013: posts small blind $0.50
Emily_GetMan: posts big blind $1
*** HOLE CARDS ***
Jackso031117: raises $2 to $3
Aescul@pius: folds 
Burlica2013: folds 
Emily_GetMan: folds 
Uncalled bet ($2) returned to Jackso031117
Jackso031117 collected $2.50 from pot
Jackso031117: doesn't show hand 
*** SUMMARY ***
Total pot $2.50 | Rake $0 
Seat 2: Aescul@pius (button) folded before Flop (didn't bet)
Seat 3: Burlica2013 (small blind) folded before Flop
Seat 4: Emily_GetMan (big blind) folded before Flop
Seat 5: Jackso031117 collected ($2.50)



PokerStars Hand #254444563593:  Hold'em No Limit ($0.50/$1.00 USD) - 2025/01/19 9:15:34 WET [2025/01/19 4:15:34 ET]
Table 'Azalea III' 6-max Seat #4 is the button
Seat 3: Burlica2013 ($124.15 in chips) is sitting out
Seat 2: Aescul@pius ($100 in chips) 
Seat 4: Emily_GetMan ($208.16 in chips) 
Seat 5: Jackso031117 ($98.42 in chips) 
Jackso031117: posts small blind $0.50
Aescul@pius: posts big blind $1
*** HOLE CARDS ***
Emily_GetMan: folds 
Burlica2013 leaves the table
Jackso031117: folds 
Uncalled bet ($0.50) returned to Aescul@pius
Aescul@pius collected $1 from pot
Aescul@pius: doesn't show hand 
*** SUMMARY ***
Total pot $1 | Rake $0 
Seat 3: Burlica2013
Seat 2: Aescul@pius (big blind) collected ($1)
Seat 4: Emily_GetMan (button) folded before Flop (didn't bet)
Seat 5: Jackso031117 (small blind) folded before Flop



PokerStars Hand #254444564108:  Hold'em No Limit ($0.50/$1.00 USD) - 2025/01/19 9:15:40 WET [2025/01/19 4:15:40 ET]
Table 'Azalea III' 6-max Seat #5 is the button
Seat 2: Aescul@pius ($100.50 in chips) 
Seat 4: Emily_GetMan ($208.16 in chips) 
Seat 5: Jackso031117 ($97.92 in chips) 
Aescul@pius: posts small blind $0.50
Emily_GetMan: posts big blind $1
*** HOLE CARDS ***
Gluck35 joins the table at seat #6 
Burlica2013 joins the table at seat #1 
Jackso031117: folds 
Aescul@pius: folds 
Uncalled bet ($0.50) returned to Emily_GetMan
Emily_GetMan collected $1 from pot
Emily_GetMan: doesn't show hand 
*** SUMMARY ***
Total pot $1 | Rake $0 
Seat 2: Aescul@pius (small blind) folded before Flop
Seat 4: Emily_GetMan (big blind) collected ($1)
Seat 5: Jackso031117 (button) folded before Flop (didn't bet)



PokerStars Hand #254444565280:  Hold'em No Limit ($0.50/$1.00 USD) - 2025/01/19 9:15:52 WET [2025/01/19 4:15:52 ET]
Table 'Azalea III' 6-max Seat #2 is the button
Seat 1: Burlica2013 ($124.15 in chips) is sitting out
Seat 6: Gluck35 ($100 in chips) is sitting out
Seat 2: Aescul@pius ($100 in chips) 
Seat 4: Emily_GetMan ($208.66 in chips) 
Seat 5: Jackso031117 ($97.92 in chips) 
Emily_GetMan: posts small blind $0.50
Jackso031117: posts big blind $1
Gluck35: sits out 
Burlica2013: sits out 
*** HOLE CARDS ***
Aescul@pius: folds 
Emily_GetMan: folds 
Uncalled bet ($0.50) returned to Jackso031117
Jackso031117 collected $1 from pot
Jackso031117: doesn't show hand 
*** SUMMARY ***
Total pot $1 | Rake $0 
Seat 1: Burlica2013
Seat 6: Gluck35
Seat 2: Aescul@pius (button) folded before Flop (didn't bet)
Seat 4: Emily_GetMan (small blind) folded before Flop
Seat 5: Jackso031117 (big blind) collected ($1)



PokerStars Hand #254444565924:  Hold'em No Limit ($0.50/$1.00 USD) - 2025/01/19 9:15:58 WET [2025/01/19 4:15:58 ET]
Table 'Azalea III' 6-max Seat #4 is the button
Seat 1: Burlica2013 ($124.15 in chips) is sitting out
Seat 2: Aescul@pius ($100 in chips) 
Seat 4: Emily_GetMan ($208.16 in chips) 
Seat 5: Jackso031117 ($98.42 in chips) 
Seat 6: Gluck35 ($100 in chips) 
Jackso031117: posts small blind $0.50
Gluck35: posts big blind $1
Burlica2013: sits out 
*** HOLE CARDS ***
Aescul@pius: folds 
Emily_GetMan: raises $1.50 to $2.50
Jackso031117: folds 
Gluck35: folds 
Uncalled bet ($1.50) returned to Emily_GetMan
Emily_GetMan collected $2.50 from pot
Emily_GetMan: doesn't show hand 
*** SUMMARY ***
Total pot $2.50 | Rake $0 
Seat 1: Burlica2013
Seat 2: Aescul@pius folded before Flop (didn't bet)
Seat 4: Emily_GetMan (button) collected ($2.50)
Seat 5: Jackso031117 (small blind) folded before Flop
Seat 6: Gluck35 (big blind) folded before Flop



PokerStars Hand #254444567546:  Hold'em No Limit ($0.50/$1.00 USD) - 2025/01/19 9:16:15 WET [2025/01/19 4:16:15 ET]
Table 'Azalea III' 6-max Seat #5 is the button
Seat 1: Burlica2013 ($124.15 in chips) 
Seat 2: Aescul@pius ($100 in chips) 
Seat 4: Emily_GetMan ($209.66 in chips) 
Seat 5: Jackso031117 ($97.92 in chips) 
Seat 6: Gluck35 ($100 in chips) 
Gluck35: posts small blind $0.50
Burlica2013: posts big blind $1
*** HOLE CARDS ***
Aescul@pius: folds 
Emily_GetMan: raises $1 to $2
Jackso031117: folds 
Gluck35: folds 
Burlica2013: calls $1
*** FLOP *** [Td Jh Ts]
Burlica2013: checks 
Emily_GetMan: bets $1.41
Burlica2013: calls $1.41
*** TURN *** [Td Jh Ts] [Ks]
Burlica2013: checks 
Emily_GetMan: checks 
*** RIVER *** [Td Jh Ts Ks] [9d]
jeansebjj7 joins the table at seat #3 
Burlica2013: checks 
jeansebjj7 is disconnected 
Emily_GetMan: checks 
*** SHOW DOWN ***
Burlica2013: shows [9s Ah] (two pair, Tens and Nines)
Emily_GetMan: shows [8s Js] (two pair, Jacks and Tens)
Emily_GetMan collected $6.95 from pot
*** SUMMARY ***
Total pot $7.32 | Rake $0.37 
Board [Td Jh Ts Ks 9d]
Seat 1: Burlica2013 (big blind) showed [9s Ah] and lost with two pair, Tens and Nines
Seat 2: Aescul@pius folded before Flop (didn't bet)
Seat 4: Emily_GetMan showed [8s Js] and won ($6.95) with two pair, Jacks and Tens
Seat 5: Jackso031117 (button) folded before Flop (didn't bet)
Seat 6: Gluck35 (small blind) folded before Flop



PokerStars Hand #254444573949:  Hold'em No Limit ($0.50/$1.00 USD) - 2025/01/19 9:17:21 WET [2025/01/19 4:17:21 ET]
Table 'Azalea III' 6-max Seat #6 is the button
Seat 3: jeansebjj7 ($90.79 in chips) is sitting out
Seat 1: Burlica2013 ($120.74 in chips) 
Seat 2: Aescul@pius ($100 in chips) 
Seat 4: Emily_GetMan ($213.20 in chips) 
Seat 5: Jackso031117 ($97.92 in chips) 
Seat 6: Gluck35 ($100 in chips) 
Burlica2013: posts small blind $0.50
Aescul@pius: posts big blind $1
jeansebjj7: sits out 
*** HOLE CARDS ***
Emily_GetMan: folds 
Jackso031117: raises $2 to $3
Gluck35: folds 
Burlica2013: folds 
Aescul@pius: folds 
Uncalled bet ($2) returned to Jackso031117
Jackso031117 collected $2.50 from pot
Jackso031117: doesn't show hand 
*** SUMMARY ***
Total pot $2.50 | Rake $0 
Seat 3: jeansebjj7
Seat 1: Burlica2013 (small blind) folded before Flop
Seat 2: Aescul@pius (big blind) folded before Flop
Seat 4: Emily_GetMan folded before Flop (didn't bet)
Seat 5: Jackso031117 collected ($2.50)
Seat 6: Gluck35 (button) folded before Flop (didn't bet)



PokerStars Hand #254444575165:  Hold'em No Limit ($0.50/$1.00 USD) - 2025/01/19 9:17:34 WET [2025/01/19 4:17:34 ET]
Table 'Azalea III' 6-max Seat #1 is the button
Seat 1: Burlica2013 ($120.24 in chips) 
Seat 2: Aescul@pius ($100 in chips) 
Seat 3: jeansebjj7 ($90.79 in chips) 
Seat 4: Emily_GetMan ($213.20 in chips) 
Seat 5: Jackso031117 ($99.42 in chips) 
Seat 6: Gluck35 ($100 in chips) 
Aescul@pius: posts small blind $0.50
jeansebjj7: posts big blind $1
*** HOLE CARDS ***
Emily_GetMan: folds 
Jackso031117: raises $2 to $3
Gluck35: folds 
Burlica2013: folds 
Aescul@pius: folds 
jeansebjj7: calls $2
*** FLOP *** [Qc 2d Ad]
jeansebjj7: bets $3.09
Jackso031117: calls $3.09
*** TURN *** [Qc 2d Ad] [6d]
jeansebjj7: bets $6.03
Jackso031117: calls $6.03
*** RIVER *** [Qc 2d Ad 6d] [5h]
jeansebjj7: checks 
Jackso031117: checks 
*** SHOW DOWN ***
jeansebjj7: shows [Ah 3h] (a pair of Aces)
Jackso031117: shows [Qd Ac] (two pair, Aces and Queens)
Jackso031117 collected $23.50 from pot
*** SUMMARY ***
Total pot $24.74 | Rake $1.24 
Board [Qc 2d Ad 6d 5h]
Seat 1: Burlica2013 (button) folded before Flop (didn't bet)
Seat 2: Aescul@pius (small blind) folded before Flop
Seat 3: jeansebjj7 (big blind) showed [Ah 3h] and lost with a pair of Aces
Seat 4: Emily_GetMan folded before Flop (didn't bet)
Seat 5: Jackso031117 showed [Qd Ac] and won ($23.50) with two pair, Aces and Queens
Seat 6: Gluck35 folded before Flop (didn't bet)



PokerStars Hand #254444581453:  Hold'em No Limit ($0.50/$1.00 USD) - 2025/01/19 9:18:39 WET [2025/01/19 4:18:39 ET]
Table 'Azalea III' 6-max Seat #2 is the button
Seat 1: Burlica2013 ($120.24 in chips) 
Seat 2: Aescul@pius ($100 in chips) 
Seat 3: jeansebjj7 ($78.67 in chips) 
Seat 4: Emily_GetMan ($213.20 in chips) 
Seat 5: Jackso031117 ($110.80 in chips) 
Seat 6: Gluck35 ($100 in chips) 
jeansebjj7: posts small blind $0.50
Emily_GetMan: posts big blind $1
*** HOLE CARDS ***
Jackso031117: raises $2 to $3
Gluck35: folds 
Burlica2013: folds 
Aescul@pius: folds 
jeansebjj7: calls $2.50
Emily_GetMan: folds 
*** FLOP *** [2h 2c Qc]
jeansebjj7: checks 
Jackso031117: bets $3.33
jeansebjj7: folds 
Uncalled bet ($3.33) returned to Jackso031117
Jackso031117 collected $6.65 from pot
Jackso031117: doesn't show hand 
*** SUMMARY ***
Total pot $7 | Rake $0.35 
Board [2h 2c Qc]
Seat 1: Burlica2013 folded before Flop (didn't bet)
Seat 2: Aescul@pius (button) folded before Flop (didn't bet)
Seat 3: jeansebjj7 (small blind) folded on the Flop
Seat 4: Emily_GetMan (big blind) folded before Flop
Seat 5: Jackso031117 collected ($6.65)
Seat 6: Gluck35 folded before Flop (didn't bet)



PokerStars Hand #254444584843:  Hold'em No Limit ($0.50/$1.00 USD) - 2025/01/19 9:19:14 WET [2025/01/19 4:19:14 ET]
Table 'Azalea III' 6-max Seat #3 is the button
Seat 5: Jackso031117 ($114.45 in chips) is sitting out
Seat 1: Burlica2013 ($120.24 in chips) 
Seat 2: Aescul@pius ($100 in chips) 
Seat 3: jeansebjj7 ($75.67 in chips) 
Seat 4: Emily_GetMan ($212.20 in chips) 
Seat 6: Gluck35 ($100 in chips) 
Emily_GetMan: posts small blind $0.50
Gluck35: posts big blind $1
*** HOLE CARDS ***
Jackso031117 leaves the table
Burlica2013: folds 
vezis3 joins the table at seat #5 
Aescul@pius: folds 
jeansebjj7: folds 
Emily_GetMan: folds 
Uncalled bet ($0.50) returned to Gluck35
Gluck35 collected $1 from pot
Gluck35: doesn't show hand 
*** SUMMARY ***
Total pot $1 | Rake $0 
Seat 5: Jackso031117
Seat 1: Burlica2013 folded before Flop (didn't bet)
Seat 2: Aescul@pius folded before Flop (didn't bet)
Seat 3: jeansebjj7 (button) folded before Flop (didn't bet)
Seat 4: Emily_GetMan (small blind) folded before Flop
Seat 6: Gluck35 (big blind) collected ($1)



PokerStars Hand #254444586040:  Hold'em No Limit ($0.50/$1.00 USD) - 2025/01/19 9:19:26 WET [2025/01/19 4:19:26 ET]
Table 'Azalea III' 6-max Seat #4 is the button
Seat 5: vezis3 ($100 in chips) is sitting out
Seat 1: Burlica2013 ($120.24 in chips) 
Seat 2: Aescul@pius ($100 in chips) 
Seat 3: jeansebjj7 ($75.67 in chips) 
Seat 4: Emily_GetMan ($211.70 in chips) 
Seat 6: Gluck35 ($100.50 in chips) 
Gluck35: posts small blind $0.50
Burlica2013: posts big blind $1
*** HOLE CARDS ***
Aescul@pius: folds 
jeansebjj7: folds 
Emily_GetMan: folds 
Gluck35: folds 
Uncalled bet ($0.50) returned to Burlica2013
Burlica2013 collected $1 from pot
Burlica2013: doesn't show hand 
*** SUMMARY ***
Total pot $1 | Rake $0 
Seat 5: vezis3
Seat 1: Burlica2013 (big blind) collected ($1)
Seat 2: Aescul@pius folded before Flop (didn't bet)
Seat 3: jeansebjj7 folded before Flop (didn't bet)
Seat 4: Emily_GetMan (button) folded before Flop (didn't bet)
Seat 6: Gluck35 (small blind) folded before Flop



PokerStars Hand #254444587204:  Hold'em No Limit ($0.50/$1.00 USD) - 2025/01/19 9:19:39 WET [2025/01/19 4:19:39 ET]
Table 'Azalea III' 6-max Seat #6 is the button
Seat 5: vezis3 ($100 in chips) is sitting out
Seat 1: Burlica2013 ($120.74 in chips) 
Seat 2: Aescul@pius ($100 in chips) 
Seat 3: jeansebjj7 ($75.67 in chips) 
Seat 4: Emily_GetMan ($211.70 in chips) 
Seat 6: Gluck35 ($100 in chips) 
Burlica2013: posts small blind $0.50
Aescul@pius: posts big blind $1
vezis3: sits out 
*** HOLE CARDS ***
jeansebjj7: calls $1
Emily_GetMan: folds 
Gluck35: folds 
Burlica2013: raises $3 to $4
Aescul@pius: folds 
jeansebjj7: folds 
Uncalled bet ($3) returned to Burlica2013
Burlica2013 collected $3 from pot
Burlica2013: doesn't show hand 
*** SUMMARY ***
Total pot $3 | Rake $0 
Seat 5: vezis3
Seat 1: Burlica2013 (small blind) collected ($3)
Seat 2: Aescul@pius (big blind) folded before Flop
Seat 3: jeansebjj7 folded before Flop
Seat 4: Emily_GetMan folded before Flop (didn't bet)
Seat 6: Gluck35 (button) folded before Flop (didn't bet)



PokerStars Hand #254444589402:  Hold'em No Limit ($0.50/$1.00 USD) - 2025/01/19 9:20:01 WET [2025/01/19 4:20:01 ET]
Table 'Azalea III' 6-max Seat #1 is the button
Seat 5: vezis3 ($100 in chips) is sitting out
Seat 1: Burlica2013 ($122.74 in chips) 
Seat 2: Aescul@pius ($100 in chips) 
Seat 3: jeansebjj7 ($74.67 in chips) 
Seat 4: Emily_GetMan ($211.70 in chips) 
Seat 6: Gluck35 ($100 in chips) 
Aescul@pius: posts small blind $0.50
jeansebjj7: posts big blind $1
vezis3: sits out 
*** HOLE CARDS ***
Emily_GetMan: folds 
Gluck35: folds 
Emily_GetMan leaves the table
Burlica2013: raises $1.45 to $2.45
Aescul@pius: folds 
jeansebjj7: folds 
Uncalled bet ($1.45) returned to Burlica2013
Burlica2013 collected $2.50 from pot
Burlica2013: doesn't show hand 
Aescul@pius leaves the table
*** SUMMARY ***
Total pot $2.50 | Rake $0 
Seat 5: vezis3
Seat 1: Burlica2013 (button) collected ($2.50)
Seat 2: Aescul@pius (small blind) folded before Flop
Seat 3: jeansebjj7 (big blind) folded before Flop
Seat 4: Emily_GetMan folded before Flop (didn't bet)
Seat 6: Gluck35 folded before Flop (didn't bet)



PokerStars Hand #254444591569:  Hold'em No Limit ($0.50/$1.00 USD) - 2025/01/19 9:20:24 WET [2025/01/19 4:20:24 ET]
Table 'Azalea III' 6-max Seat #3 is the button
Seat 5: vezis3 ($100 in chips) is sitting out
Seat 1: Burlica2013 ($124.24 in chips) 
Seat 3: jeansebjj7 ($73.67 in chips) 
Seat 6: Gluck35 ($100 in chips) 
Gluck35: posts small blind $0.50
Burlica2013: posts big blind $1
*** HOLE CARDS ***
Aescul@pius joins the table at seat #4 
jeansebjj7: calls $1
Gluck35: raises $3.50 to $4.50
Burlica2013: folds 
jeansebjj7: folds 
Uncalled bet ($3.50) returned to Gluck35
Gluck35 collected $3 from pot
Gluck35: doesn't show hand 
*** SUMMARY ***
Total pot $3 | Rake $0 
Seat 5: vezis3
Seat 1: Burlica2013 (big blind) folded before Flop
Seat 3: jeansebjj7 (button) folded before Flop
Seat 6: Gluck35 (small blind) collected ($3)



PokerStars Hand #254444593262:  Hold'em No Limit ($0.50/$1.00 USD) - 2025/01/19 9:20:42 WET [2025/01/19 4:20:42 ET]
Table 'Azalea III' 6-max Seat #6 is the button
Seat 4: Aescul@pius ($100 in chips) is sitting out
Seat 5: vezis3 ($100 in chips) is sitting out
Seat 1: Burlica2013 ($123.24 in chips) 
Seat 3: jeansebjj7 ($72.67 in chips) 
Seat 6: Gluck35 ($102 in chips) 
Burlica2013: posts small blind $0.50
jeansebjj7: posts big blind $1
Aescul@pius: sits out 
vezis3: sits out 
*** HOLE CARDS ***
Gluck35: folds 
Burlica2013: folds 
Uncalled bet ($0.50) returned to jeansebjj7
jeansebjj7 collected $1 from pot
*** SUMMARY ***
Total pot $1 | Rake $0 
Seat 4: Aescul@pius
Seat 5: vezis3
Seat 1: Burlica2013 (small blind) folded before Flop
Seat 3: jeansebjj7 (big blind) collected ($1)
Seat 6: Gluck35 (button) folded before Flop (didn't bet)



PokerStars Hand #254444593861:  Hold'em No Limit ($0.50/$1.00 USD) - 2025/01/19 9:20:48 WET [2025/01/19 4:20:48 ET]
Table 'Azalea III' 6-max Seat #1 is the button
Seat 5: vezis3 ($100 in chips) is sitting out
Seat 1: Burlica2013 ($122.74 in chips) 
Seat 3: jeansebjj7 ($73.17 in chips) 
Seat 4: Aescul@pius ($100 in chips) 
Seat 6: Gluck35 ($102 in chips) 
jeansebjj7: posts small blind $0.50
Aescul@pius: posts big blind $1
vezis3: sits out 
*** HOLE CARDS ***
aoish30 joins the table at seat #2 
Gluck35: folds 
Burlica2013: folds 
jeansebjj7: folds 
Uncalled bet ($0.50) returned to Aescul@pius
Aescul@pius collected $1 from pot
Aescul@pius: doesn't show hand 
*** SUMMARY ***
Total pot $1 | Rake $0 
Seat 5: vezis3
Seat 1: Burlica2013 (button) folded before Flop (didn't bet)
Seat 3: jeansebjj7 (small blind) folded before Flop
Seat 4: Aescul@pius (big blind) collected ($1)
Seat 6: Gluck35 folded before Flop (didn't bet)



PokerStars Hand #254444595182:  Hold'em No Limit ($0.50/$1.00 USD) - 2025/01/19 9:21:02 WET [2025/01/19 4:21:02 ET]
Table 'Azalea III' 6-max Seat #3 is the button
Seat 2: aoish30 ($100 in chips) is sitting out
Seat 1: Burlica2013 ($122.74 in chips) 
Seat 3: jeansebjj7 ($72.67 in chips) 
Seat 4: Aescul@pius ($100.50 in chips) 
Seat 5: vezis3 ($100 in chips) 
Seat 6: Gluck35 ($102 in chips) 
Aescul@pius: posts small blind $0.50
vezis3: posts big blind $1
aoish30: sits out 
*** HOLE CARDS ***
Gluck35: raises $1.25 to $2.25
Burlica2013: folds 
jeansebjj7: calls $2.25
Aescul@pius: folds 
vezis3: folds 
*** FLOP *** [8s 4s 7c]
Gluck35: checks 
jeansebjj7: checks 
*** TURN *** [8s 4s 7c] [Jh]
Gluck35: checks 
jeansebjj7: checks 
*** RIVER *** [8s 4s 7c Jh] [Qd]
Gluck35: checks 
jeansebjj7: checks 
*** SHOW DOWN ***
Gluck35: shows [Ad 9d] (high card Ace)
jeansebjj7: mucks hand 
Gluck35 collected $5.70 from pot
*** SUMMARY ***
Total pot $6 | Rake $0.30 
Board [8s 4s 7c Jh Qd]
Seat 2: aoish30
Seat 1: Burlica2013 folded before Flop (didn't bet)
Seat 3: jeansebjj7 (button) mucked
Seat 4: Aescul@pius (small blind) folded before Flop
Seat 5: vezis3 (big blind) folded before Flop
Seat 6: Gluck35 showed [Ad 9d] and won ($5.70) with high card Ace



PokerStars Hand #254444599059:  Hold'em No Limit ($0.50/$1.00 USD) - 2025/01/19 9:21:42 WET [2025/01/19 4:21:42 ET]
Table 'Azalea III' 6-max Seat #4 is the button
Seat 2: aoish30 ($100 in chips) is sitting out
Seat 1: Burlica2013 ($122.74 in chips) 
Seat 3: jeansebjj7 ($70.42 in chips) 
Seat 4: Aescul@pius ($100 in chips) 
Seat 5: vezis3 ($100 in chips) 
Seat 6: Gluck35 ($105.45 in chips) 
vezis3: posts small blind $0.50
Gluck35: posts big blind $1
aoish30: sits out 
*** HOLE CARDS ***
Burlica2013: folds 
jeansebjj7: folds 
Aescul@pius: folds 
vezis3: raises $2 to $3
Gluck35: folds 
Uncalled bet ($2) returned to vezis3
vezis3 collected $2 from pot
vezis3: doesn't show hand 
*** SUMMARY ***
Total pot $2 | Rake $0 
Seat 2: aoish30
Seat 1: Burlica2013 folded before Flop (didn't bet)
Seat 3: jeansebjj7 folded before Flop (didn't bet)
Seat 4: Aescul@pius (button) folded before Flop (didn't bet)
Seat 5: vezis3 (small blind) collected ($2)
Seat 6: Gluck35 (big blind) folded before Flop



PokerStars Hand #254444601029:  Hold'em No Limit ($0.50/$1.00 USD) - 2025/01/19 9:22:02 WET [2025/01/19 4:22:02 ET]
Table 'Azalea III' 6-max Seat #5 is the button
Seat 2: aoish30 ($100 in chips) is sitting out
Seat 1: Burlica2013 ($122.74 in chips) 
Seat 3: jeansebjj7 ($70.42 in chips) 
Seat 4: Aescul@pius ($100 in chips) 
Seat 5: vezis3 ($101 in chips) 
Seat 6: Gluck35 ($104.45 in chips) 
Gluck35: posts small blind $0.50
Burlica2013: posts big blind $1
aoish30: sits out 
*** HOLE CARDS ***
jeansebjj7: calls $1
Aescul@pius: folds 
vezis3: folds 
Gluck35: folds 
Burlica2013: checks 
*** FLOP *** [Td As 9h]
Burlica2013: checks 
jeansebjj7: bets $2
Burlica2013: folds 
Uncalled bet ($2) returned to jeansebjj7
jeansebjj7 collected $2.38 from pot
*** SUMMARY ***
Total pot $2.50 | Rake $0.12 
Board [Td As 9h]
Seat 2: aoish30
Seat 1: Burlica2013 (big blind) folded on the Flop
Seat 3: jeansebjj7 collected ($2.38)
Seat 4: Aescul@pius folded before Flop (didn't bet)
Seat 5: vezis3 (button) folded before Flop (didn't bet)
Seat 6: Gluck35 (small blind) folded before Flop



PokerStars Hand #254444602931:  Hold'em No Limit ($0.50/$1.00 USD) - 2025/01/19 9:22:22 WET [2025/01/19 4:22:22 ET]
Table 'Azalea III' 6-max Seat #6 is the button
Seat 1: Burlica2013 ($121.74 in chips) 
Seat 2: aoish30 ($100 in chips) 
Seat 3: jeansebjj7 ($71.80 in chips) 
Seat 4: Aescul@pius ($100 in chips) 
Seat 5: vezis3 ($101 in chips) 
Seat 6: Gluck35 ($103.95 in chips) 
Burlica2013: posts small blind $0.50
aoish30: posts big blind $1
*** HOLE CARDS ***
jeansebjj7: calls $1
Aescul@pius: folds 
vezis3: folds 
Gluck35: raises $3 to $4
Burlica2013: folds 
aoish30: calls $3
jeansebjj7: calls $3
*** FLOP *** [9s 7s 5c]
aoish30: checks 
jeansebjj7: checks 
Gluck35: bets $7
aoish30: folds 
jeansebjj7: folds 
Uncalled bet ($7) returned to Gluck35
Gluck35 collected $11.88 from pot
Gluck35: doesn't show hand 
*** SUMMARY ***
Total pot $12.50 | Rake $0.62 
Board [9s 7s 5c]
Seat 1: Burlica2013 (small blind) folded before Flop
Seat 2: aoish30 (big blind) folded on the Flop
Seat 3: jeansebjj7 folded on the Flop
Seat 4: Aescul@pius folded before Flop (didn't bet)
Seat 5: vezis3 folded before Flop (didn't bet)
Seat 6: Gluck35 (button) collected ($11.88)



PokerStars Hand #254444607683:  Hold'em No Limit ($0.50/$1.00 USD) - 2025/01/19 9:23:11 WET [2025/01/19 4:23:11 ET]
Table 'Azalea III' 6-max Seat #1 is the button
Seat 1: Burlica2013 ($121.24 in chips) 
Seat 2: aoish30 ($100 in chips) 
Seat 3: jeansebjj7 ($67.80 in chips) 
Seat 4: Aescul@pius ($100 in chips) 
Seat 5: vezis3 ($101 in chips) 
Seat 6: Gluck35 ($111.83 in chips) 
aoish30: posts small blind $0.50
jeansebjj7: posts big blind $1
*** HOLE CARDS ***
Aescul@pius: raises $1 to $2
vezis3: folds 
Gluck35: folds 
Burlica2013: calls $2
aoish30: raises $11.50 to $13.50
jeansebjj7: folds 
Aescul@pius: folds 
Burlica2013: folds 
Uncalled bet ($11.50) returned to aoish30
aoish30 collected $7 from pot
aoish30: doesn't show hand 
*** SUMMARY ***
Total pot $7 | Rake $0 
Seat 1: Burlica2013 (button) folded before Flop
Seat 2: aoish30 (small blind) collected ($7)
Seat 3: jeansebjj7 (big blind) folded before Flop
Seat 4: Aescul@pius folded before Flop
Seat 5: vezis3 folded before Flop (didn't bet)
Seat 6: Gluck35 folded before Flop (didn't bet)



PokerStars Hand #254444611506:  Hold'em No Limit ($0.50/$1.00 USD) - 2025/01/19 9:23:50 WET [2025/01/19 4:23:50 ET]
Table 'Azalea III' 6-max Seat #2 is the button
Seat 1: Burlica2013 ($119.24 in chips) 
Seat 2: aoish30 ($105 in chips) 
Seat 3: jeansebjj7 ($66.80 in chips) 
Seat 4: Aescul@pius ($100 in chips) 
Seat 5: vezis3 ($101 in chips) 
Seat 6: Gluck35 ($111.83 in chips) 
jeansebjj7: posts small blind $0.50
Aescul@pius: posts big blind $1
*** HOLE CARDS ***
vezis3: folds 
Gluck35: raises $1.25 to $2.25
Burlica2013: folds 
aoish30: raises $5.40 to $7.65
jeansebjj7: folds 
Aescul@pius: folds 
Gluck35: folds 
Uncalled bet ($5.40) returned to aoish30
aoish30 collected $6 from pot
aoish30: doesn't show hand 
*** SUMMARY ***
Total pot $6 | Rake $0 
Seat 1: Burlica2013 folded before Flop (didn't bet)
Seat 2: aoish30 (button) collected ($6)
Seat 3: jeansebjj7 (small blind) folded before Flop
Seat 4: Aescul@pius (big blind) folded before Flop
Seat 5: vezis3 folded before Flop (didn't bet)
Seat 6: Gluck35 folded before Flop



PokerStars Hand #254444614683:  Hold'em No Limit ($0.50/$1.00 USD) - 2025/01/19 9:24:22 WET [2025/01/19 4:24:22 ET]
Table 'Azalea III' 6-max Seat #3 is the button
Seat 1: Burlica2013 ($119.24 in chips) 
Seat 2: aoish30 ($108.75 in chips) 
Seat 3: jeansebjj7 ($66.30 in chips) 
Seat 4: Aescul@pius ($100 in chips) 
Seat 5: vezis3 ($101 in chips) 
Seat 6: Gluck35 ($109.58 in chips) 
Aescul@pius: posts small blind $0.50
vezis3: posts big blind $1
*** HOLE CARDS ***
Gluck35: folds 
Burlica2013: raises $1.20 to $2.20
aoish30: folds 
jeansebjj7: folds 
Aescul@pius: folds 
vezis3: folds 
Uncalled bet ($1.20) returned to Burlica2013
Burlica2013 collected $2.50 from pot
Burlica2013: doesn't show hand 
*** SUMMARY ***
Total pot $2.50 | Rake $0 
Seat 1: Burlica2013 collected ($2.50)
Seat 2: aoish30 folded before Flop (didn't bet)
Seat 3: jeansebjj7 (button) folded before Flop (didn't bet)
Seat 4: Aescul@pius (small blind) folded before Flop
Seat 5: vezis3 (big blind) folded before Flop
Seat 6: Gluck35 folded before Flop (didn't bet)



PokerStars Hand #254444616223:  Hold'em No Limit ($0.50/$1.00 USD) - 2025/01/19 9:24:38 WET [2025/01/19 4:24:38 ET]
Table 'Azalea III' 6-max Seat #4 is the button
Seat 1: Burlica2013 ($120.74 in chips) 
Seat 2: aoish30 ($108.75 in chips) 
Seat 3: jeansebjj7 ($66.30 in chips) 
Seat 4: Aescul@pius ($100 in chips) 
Seat 5: vezis3 ($100 in chips) 
Seat 6: Gluck35 ($109.58 in chips) 
vezis3: posts small blind $0.50
Gluck35: posts big blind $1
*** HOLE CARDS ***
Burlica2013: folds 
aoish30: folds 
jeansebjj7: folds 
Aescul@pius: raises $1.50 to $2.50
vezis3: folds 
Gluck35: raises $9.10 to $11.60
Aescul@pius: folds 
Uncalled bet ($9.10) returned to Gluck35
Gluck35 collected $5.50 from pot
Gluck35: doesn't show hand 
*** SUMMARY ***
Total pot $5.50 | Rake $0 
Seat 1: Burlica2013 folded before Flop (didn't bet)
Seat 2: aoish30 folded before Flop (didn't bet)
Seat 3: jeansebjj7 folded before Flop (didn't bet)
Seat 4: Aescul@pius (button) folded before Flop
Seat 5: vezis3 (small blind) folded before Flop
Seat 6: Gluck35 (big blind) collected ($5.50)



PokerStars Hand #254444619526:  Hold'em No Limit ($0.50/$1.00 USD) - 2025/01/19 9:25:11 WET [2025/01/19 4:25:11 ET]
Table 'Azalea III' 6-max Seat #5 is the button
Seat 1: Burlica2013 ($120.74 in chips) 
Seat 2: aoish30 ($108.75 in chips) 
Seat 3: jeansebjj7 ($66.30 in chips) 
Seat 4: Aescul@pius ($100 in chips) 
Seat 5: vezis3 ($100 in chips) 
Seat 6: Gluck35 ($112.58 in chips) 
Gluck35: posts small blind $0.50
Burlica2013: posts big blind $1
*** HOLE CARDS ***
aoish30: folds 
jeansebjj7: folds 
Aescul@pius: raises $1.20 to $2.20
vezis3: raises $5.80 to $8
Gluck35: raises $14.50 to $22.50
Burlica2013: folds 
Aescul@pius: folds 
vezis3: folds 
Uncalled bet ($14.50) returned to Gluck35
Gluck35 collected $19.20 from pot
Gluck35: doesn't show hand 
*** SUMMARY ***
Total pot $19.20 | Rake $0 
Seat 1: Burlica2013 (big blind) folded before Flop
Seat 2: aoish30 folded before Flop (didn't bet)
Seat 3: jeansebjj7 folded before Flop (didn't bet)
Seat 4: Aescul@pius folded before Flop
Seat 5: vezis3 (button) folded before Flop
Seat 6: Gluck35 (small blind) collected ($19.20)



PokerStars Hand #254444624605:  Hold'em No Limit ($0.50/$1.00 USD) - 2025/01/19 9:26:02 WET [2025/01/19 4:26:02 ET]
Table 'Azalea III' 6-max Seat #6 is the button
Seat 1: Burlica2013 ($119.74 in chips) 
Seat 2: aoish30 ($108.75 in chips) 
Seat 3: jeansebjj7 ($66.30 in chips) 
Seat 4: Aescul@pius ($100 in chips) 
Seat 5: vezis3 ($100 in chips) 
Seat 6: Gluck35 ($123.78 in chips) 
Burlica2013: posts small blind $0.50
aoish30: posts big blind $1
*** HOLE CARDS ***
jeansebjj7: folds 
Aescul@pius: raises $1 to $2
vezis3: folds 
Gluck35: folds 
Burlica2013: folds 
aoish30: folds 
Uncalled bet ($1) returned to Aescul@pius
Aescul@pius collected $2.50 from pot
Aescul@pius: doesn't show hand 
*** SUMMARY ***
Total pot $2.50 | Rake $0 
Seat 1: Burlica2013 (small blind) folded before Flop
Seat 2: aoish30 (big blind) folded before Flop
Seat 3: jeansebjj7 folded before Flop (didn't bet)
Seat 4: Aescul@pius collected ($2.50)
Seat 5: vezis3 folded before Flop (didn't bet)
Seat 6: Gluck35 (button) folded before Flop (didn't bet)



PokerStars Hand #254444626556:  Hold'em No Limit ($0.50/$1.00 USD) - 2025/01/19 9:26:21 WET [2025/01/19 4:26:21 ET]
Table 'Azalea III' 6-max Seat #1 is the button
Seat 1: Burlica2013 ($119.24 in chips) 
Seat 2: aoish30 ($107.75 in chips) 
Seat 3: jeansebjj7 ($66.30 in chips) 
Seat 4: Aescul@pius ($101.50 in chips) 
Seat 5: vezis3 ($100 in chips) 
Seat 6: Gluck35 ($123.78 in chips) 
aoish30: posts small blind $0.50
jeansebjj7: posts big blind $1
*** HOLE CARDS ***
Aescul@pius: folds 
vezis3: raises $1 to $2
Gluck35: raises $4.83 to $6.83
Burlica2013: folds 
aoish30: folds 
jeansebjj7: raises $59.47 to $66.30 and is all-in
vezis3: folds 
Gluck35: folds 
Uncalled bet ($59.47) returned to jeansebjj7
jeansebjj7 collected $16.16 from pot
*** SUMMARY ***
Total pot $16.16 | Rake $0 
Seat 1: Burlica2013 (button) folded before Flop (didn't bet)
Seat 2: aoish30 (small blind) folded before Flop
Seat 3: jeansebjj7 (big blind) collected ($16.16)
Seat 4: Aescul@pius folded before Flop (didn't bet)
Seat 5: vezis3 folded before Flop
Seat 6: Gluck35 folded before Flop



PokerStars Hand #254444629484:  Hold'em No Limit ($0.50/$1.00 USD) - 2025/01/19 9:26:51 WET [2025/01/19 4:26:51 ET]
Table 'Azalea III' 6-max Seat #2 is the button
Seat 1: Burlica2013 ($119.24 in chips) 
Seat 2: aoish30 ($107.25 in chips) 
Seat 3: jeansebjj7 ($75.63 in chips) 
Seat 4: Aescul@pius ($101.50 in chips) 
Seat 5: vezis3 ($100 in chips) 
Seat 6: Gluck35 ($116.95 in chips) 
jeansebjj7: posts small blind $0.50
Aescul@pius: posts big blind $1
*** HOLE CARDS ***
vezis3: folds 
Gluck35: folds 
Burlica2013: folds 
aoish30: folds 
jeansebjj7: folds 
Uncalled bet ($0.50) returned to Aescul@pius
Aescul@pius collected $1 from pot
Aescul@pius: doesn't show hand 
*** SUMMARY ***
Total pot $1 | Rake $0 
Seat 1: Burlica2013 folded before Flop (didn't bet)
Seat 2: aoish30 (button) folded before Flop (didn't bet)
Seat 3: jeansebjj7 (small blind) folded before Flop
Seat 4: Aescul@pius (big blind) collected ($1)
Seat 5: vezis3 folded before Flop (didn't bet)
Seat 6: Gluck35 folded before Flop (didn't bet)



PokerStars Hand #254444630395:  Hold'em No Limit ($0.50/$1.00 USD) - 2025/01/19 9:27:00 WET [2025/01/19 4:27:00 ET]
Table 'Azalea III' 6-max Seat #3 is the button
Seat 1: Burlica2013 ($119.24 in chips) 
Seat 2: aoish30 ($107.25 in chips) 
Seat 3: jeansebjj7 ($75.13 in chips) 
Seat 4: Aescul@pius ($102 in chips) 
Seat 5: vezis3 ($100 in chips) 
Seat 6: Gluck35 ($116.95 in chips) 
Aescul@pius: posts small blind $0.50
vezis3: posts big blind $1
*** HOLE CARDS ***
Gluck35: raises $1.25 to $2.25
Burlica2013: folds 
aoish30: folds 
jeansebjj7: folds 
Aescul@pius: folds 
vezis3: folds 
Uncalled bet ($1.25) returned to Gluck35
Gluck35 collected $2.50 from pot
Gluck35: doesn't show hand 
*** SUMMARY ***
Total pot $2.50 | Rake $0 
Seat 1: Burlica2013 folded before Flop (didn't bet)
Seat 2: aoish30 folded before Flop (didn't bet)
Seat 3: jeansebjj7 (button) folded before Flop (didn't bet)
Seat 4: Aescul@pius (small blind) folded before Flop
Seat 5: vezis3 (big blind) folded before Flop
Seat 6: Gluck35 collected ($2.50)



PokerStars Hand #254444633475:  Hold'em No Limit ($0.50/$1.00 USD) - 2025/01/19 9:27:31 WET [2025/01/19 4:27:31 ET]
Table 'Azalea III' 6-max Seat #4 is the button
Seat 6: Gluck35 ($118.45 in chips) is sitting out
Seat 1: Burlica2013 ($119.24 in chips) 
Seat 2: aoish30 ($107.25 in chips) 
Seat 3: jeansebjj7 ($75.13 in chips) 
Seat 4: Aescul@pius ($101.50 in chips) 
Seat 5: vezis3 ($100 in chips) 
vezis3: posts small blind $0.50
Gluck35: is sitting out 
Burlica2013: posts big blind $1
*** HOLE CARDS ***
aoish30: raises $1.10 to $2.10
jeansebjj7: calls $2.10
Gluck35 leaves the table
Aescul@pius: raises $7.40 to $9.50
vezis3: folds 
Burlica2013: folds 
aoish30: folds 
jeansebjj7: folds 
Uncalled bet ($7.40) returned to Aescul@pius
Aescul@pius collected $7.80 from pot
Aescul@pius: doesn't show hand 
*** SUMMARY ***
Total pot $7.80 | Rake $0 
Seat 6: Gluck35
Seat 1: Burlica2013 (big blind) folded before Flop
Seat 2: aoish30 folded before Flop
Seat 3: jeansebjj7 folded before Flop
Seat 4: Aescul@pius (button) collected ($7.80)
Seat 5: vezis3 (small blind) folded before Flop



PokerStars Hand #254444636580:  Hold'em No Limit ($0.50/$1.00 USD) - 2025/01/19 9:28:01 WET [2025/01/19 4:28:01 ET]
Table 'Azalea III' 6-max Seat #5 is the button
Seat 1: Burlica2013 ($118.24 in chips) 
Seat 2: aoish30 ($105.15 in chips) 
Seat 3: jeansebjj7 ($73.03 in chips) 
Seat 4: Aescul@pius ($107.20 in chips) 
Seat 5: vezis3 ($100 in chips) 
Burlica2013: posts small blind $0.50
aoish30: posts big blind $1
*** HOLE CARDS ***
jeansebjj7: calls $1
Aescul@pius: folds 
vezis3: raises $3 to $4
Burlica2013: folds 
aoish30: folds 
gig.gyty joins the table at seat #6 
jeansebjj7: raises $69.03 to $73.03 and is all-in
vezis3: folds 
Uncalled bet ($69.03) returned to jeansebjj7
jeansebjj7 collected $9.50 from pot
*** SUMMARY ***
Total pot $9.50 | Rake $0 
Seat 1: Burlica2013 (small blind) folded before Flop
Seat 2: aoish30 (big blind) folded before Flop
Seat 3: jeansebjj7 collected ($9.50)
Seat 4: Aescul@pius folded before Flop (didn't bet)
Seat 5: vezis3 (button) folded before Flop



PokerStars Hand #254444690930:  Hold'em No Limit ($0.50/$1.00 USD) - 2025/01/19 9:36:46 WET [2025/01/19 4:36:46 ET]
Table 'Azalea III' 6-max Seat #6 is the button
Seat 1: Burlica2013 ($128.71 in chips) 
Seat 2: aoish30 ($100 in chips) 
Seat 3: jeansebjj7 ($68.96 in chips) 
Seat 4: Aescul@pius ($151.58 in chips) 
Seat 5: vezis3 ($100 in chips) 
Seat 6: gig.gyty ($100 in chips) 
Burlica2013: posts small blind $0.50
aoish30: posts big blind $1
*** HOLE CARDS ***
jeansebjj7: folds 
Aescul@pius: folds 
vezis3: folds 
gig.gyty: folds 
Burlica2013: raises $2 to $3
aoish30: folds 
Uncalled bet ($2) returned to Burlica2013
Burlica2013 collected $2 from pot
Burlica2013: doesn't show hand 
*** SUMMARY ***
Total pot $2 | Rake $0 
Seat 1: Burlica2013 (small blind) collected ($2)
Seat 2: aoish30 (big blind) folded before Flop
Seat 3: jeansebjj7 folded before Flop (didn't bet)
Seat 4: Aescul@pius folded before Flop (didn't bet)
Seat 5: vezis3 folded before Flop (didn't bet)
Seat 6: gig.gyty (button) folded before Flop (didn't bet)



PokerStars Hand #254444693110:  Hold'em No Limit ($0.50/$1.00 USD) - 2025/01/19 9:37:07 WET [2025/01/19 4:37:07 ET]
Table 'Azalea III' 6-max Seat #1 is the button
Seat 1: Burlica2013 ($129.71 in chips) 
Seat 2: aoish30 ($100 in chips) 
Seat 3: jeansebjj7 ($68.96 in chips) 
Seat 4: Aescul@pius ($151.58 in chips) 
Seat 5: vezis3 ($100 in chips) 
Seat 6: gig.gyty ($100 in chips) 
aoish30: posts small blind $0.50
jeansebjj7: posts big blind $1
*** HOLE CARDS ***
Aescul@pius: folds 
vezis3: raises $1.40 to $2.40
gig.gyty: folds 
Burlica2013: calls $2.40
aoish30: folds 
jeansebjj7: folds 
*** FLOP *** [3d As 7c]
vezis3: checks 
Burlica2013: checks 
*** TURN *** [3d As 7c] [Ad]
vezis3: bets $4.60
Burlica2013: calls $4.60
*** RIVER *** [3d As 7c Ad] [Jc]
vezis3: bets $4.86
Burlica2013: raises $18.33 to $23.19
vezis3: calls $18.33
*** SHOW DOWN ***
Burlica2013: shows [Jd Ah] (a full house, Aces full of Jacks)
vezis3: mucks hand 
Burlica2013 collected $59.38 from pot
*** SUMMARY ***
Total pot $61.88 | Rake $2.50 
Board [3d As 7c Ad Jc]
Seat 1: Burlica2013 (button) showed [Jd Ah] and won ($59.38) with a full house, Aces full of Jacks
Seat 2: aoish30 (small blind) folded before Flop
Seat 3: jeansebjj7 (big blind) folded before Flop
Seat 4: Aescul@pius folded before Flop (didn't bet)
Seat 5: vezis3 mucked
Seat 6: gig.gyty folded before Flop (didn't bet)



PokerStars Hand #254444699480:  Hold'em No Limit ($0.50/$1.00 USD) - 2025/01/19 9:38:09 WET [2025/01/19 4:38:09 ET]
Table 'Azalea III' 6-max Seat #2 is the button
Seat 1: Burlica2013 ($158.90 in chips) 
Seat 2: aoish30 ($100 in chips) 
Seat 3: jeansebjj7 ($67.96 in chips) 
Seat 4: Aescul@pius ($151.58 in chips) 
Seat 5: vezis3 ($100 in chips) 
Seat 6: gig.gyty ($100 in chips) 
jeansebjj7: posts small blind $0.50
Aescul@pius: posts big blind $1
*** HOLE CARDS ***
vezis3: folds 
gig.gyty: raises $1.25 to $2.25
Burlica2013: folds 
aoish30: folds 
jeansebjj7: folds 
Aescul@pius: folds 
Uncalled bet ($1.25) returned to gig.gyty
gig.gyty collected $2.50 from pot
gig.gyty: doesn't show hand 
*** SUMMARY ***
Total pot $2.50 | Rake $0 
Seat 1: Burlica2013 folded before Flop (didn't bet)
Seat 2: aoish30 (button) folded before Flop (didn't bet)
Seat 3: jeansebjj7 (small blind) folded before Flop
Seat 4: Aescul@pius (big blind) folded before Flop
Seat 5: vezis3 folded before Flop (didn't bet)
Seat 6: gig.gyty collected ($2.50)



PokerStars Hand #254444701709:  Hold'em No Limit ($0.50/$1.00 USD) - 2025/01/19 9:38:30 WET [2025/01/19 4:38:30 ET]
Table 'Azalea III' 6-max Seat #3 is the button
Seat 1: Burlica2013 ($158.90 in chips) 
Seat 2: aoish30 ($100 in chips) 
Seat 3: jeansebjj7 ($67.46 in chips) 
Seat 4: Aescul@pius ($150.58 in chips) 
Seat 5: vezis3 ($100 in chips) 
Seat 6: gig.gyty ($101.50 in chips) 
Aescul@pius: posts small blind $0.50
vezis3: posts big blind $1
*** HOLE CARDS ***
gig.gyty: folds 
Burlica2013: folds 
aoish30: raises $1.50 to $2.50
jeansebjj7: folds 
Aescul@pius: folds 
vezis3: calls $1.50
*** FLOP *** [Ts Qs 6c]
vezis3: checks 
aoish30: bets $1.72
vezis3: calls $1.72
*** TURN *** [Ts Qs 6c] [7h]
vezis3: checks 
aoish30: bets $6.37
vezis3: calls $6.37
*** RIVER *** [Ts Qs 6c 7h] [Js]
vezis3: checks 
aoish30: bets $20.60
vezis3: folds 
Uncalled bet ($20.60) returned to aoish30
aoish30 collected $20.60 from pot
aoish30: doesn't show hand 
*** SUMMARY ***
Total pot $21.68 | Rake $1.08 
Board [Ts Qs 6c 7h Js]
Seat 1: Burlica2013 folded before Flop (didn't bet)
Seat 2: aoish30 collected ($20.60)
Seat 3: jeansebjj7 (button) folded before Flop (didn't bet)
Seat 4: Aescul@pius (small blind) folded before Flop
Seat 5: vezis3 (big blind) folded on the River
Seat 6: gig.gyty folded before Flop (didn't bet)



PokerStars Hand #254444707317:  Hold'em No Limit ($0.50/$1.00 USD) - 2025/01/19 9:39:23 WET [2025/01/19 4:39:23 ET]
Table 'Azalea III' 6-max Seat #4 is the button
Seat 1: Burlica2013 ($158.90 in chips) 
Seat 2: aoish30 ($110.01 in chips) 
Seat 3: jeansebjj7 ($67.46 in chips) 
Seat 4: Aescul@pius ($150.08 in chips) 
Seat 5: vezis3 ($100 in chips) 
Seat 6: gig.gyty ($101.50 in chips) 
vezis3: posts small blind $0.50
gig.gyty: posts big blind $1
*** HOLE CARDS ***
Burlica2013: folds 
aoish30: folds 
jeansebjj7: folds 
Aescul@pius: folds 
vezis3: raises $2 to $3
gig.gyty: raises $6 to $9
vezis3: calls $6
*** FLOP *** [Ah 3h 4d]
vezis3: checks 
gig.gyty: checks 
*** TURN *** [Ah 3h 4d] [4s]
vezis3: checks 
gig.gyty: bets $11.10
vezis3: folds 
Uncalled bet ($11.10) returned to gig.gyty
gig.gyty collected $17.10 from pot
gig.gyty: doesn't show hand 
*** SUMMARY ***
Total pot $18 | Rake $0.90 
Board [Ah 3h 4d 4s]
Seat 1: Burlica2013 folded before Flop (didn't bet)
Seat 2: aoish30 folded before Flop (didn't bet)
Seat 3: jeansebjj7 folded before Flop (didn't bet)
Seat 4: Aescul@pius (button) folded before Flop (didn't bet)
Seat 5: vezis3 (small blind) folded on the Turn
Seat 6: gig.gyty (big blind) collected ($17.10)



PokerStars Hand #254444712782:  Hold'em No Limit ($0.50/$1.00 USD) - 2025/01/19 9:40:15 WET [2025/01/19 4:40:15 ET]
Table 'Azalea III' 6-max Seat #5 is the button
Seat 1: Burlica2013 ($158.90 in chips) 
Seat 2: aoish30 ($110.01 in chips) 
Seat 3: jeansebjj7 ($67.46 in chips) 
Seat 4: Aescul@pius ($150.08 in chips) 
Seat 5: vezis3 ($100 in chips) 
Seat 6: gig.gyty ($109.60 in chips) 
gig.gyty: posts small blind $0.50
Burlica2013: posts big blind $1
*** HOLE CARDS ***
aoish30: folds 
jeansebjj7: folds 
Aescul@pius: folds 
vezis3: raises $1.40 to $2.40
gig.gyty: folds 
Burlica2013: raises $9.60 to $12
vezis3: folds 
Uncalled bet ($9.60) returned to Burlica2013
Burlica2013 collected $5.30 from pot
Burlica2013: doesn't show hand 
*** SUMMARY ***
Total pot $5.30 | Rake $0 
Seat 1: Burlica2013 (big blind) collected ($5.30)
Seat 2: aoish30 folded before Flop (didn't bet)
Seat 3: jeansebjj7 folded before Flop (didn't bet)
Seat 4: Aescul@pius folded before Flop (didn't bet)
Seat 5: vezis3 (button) folded before Flop
Seat 6: gig.gyty (small blind) folded before Flop



PokerStars Hand #254444715082:  Hold'em No Limit ($0.50/$1.00 USD) - 2025/01/19 9:40:37 WET [2025/01/19 4:40:37 ET]
Table 'Azalea III' 6-max Seat #6 is the button
Seat 1: Burlica2013 ($161.80 in chips) 
Seat 2: aoish30 ($110.01 in chips) 
Seat 3: jeansebjj7 ($67.46 in chips) 
Seat 4: Aescul@pius ($150.08 in chips) 
Seat 5: vezis3 ($100 in chips) 
Seat 6: gig.gyty ($109.10 in chips) 
Burlica2013: posts small blind $0.50
aoish30: posts big blind $1
*** HOLE CARDS ***
jeansebjj7: folds 
Aescul@pius: folds 
vezis3: raises $1.40 to $2.40
gig.gyty: folds 
Burlica2013: folds 
aoish30: folds 
Uncalled bet ($1.40) returned to vezis3
vezis3 collected $2.50 from pot
vezis3: doesn't show hand 
*** SUMMARY ***
Total pot $2.50 | Rake $0 
Seat 1: Burlica2013 (small blind) folded before Flop
Seat 2: aoish30 (big blind) folded before Flop
Seat 3: jeansebjj7 folded before Flop (didn't bet)
Seat 4: Aescul@pius folded before Flop (didn't bet)
Seat 5: vezis3 collected ($2.50)
Seat 6: gig.gyty (button) folded before Flop (didn't bet)



PokerStars Hand #254444717107:  Hold'em No Limit ($0.50/$1.00 USD) - 2025/01/19 9:40:56 WET [2025/01/19 4:40:56 ET]
Table 'Azalea III' 6-max Seat #1 is the button
Seat 1: Burlica2013 ($161.30 in chips) 
Seat 2: aoish30 ($109.01 in chips) 
Seat 3: jeansebjj7 ($67.46 in chips) 
Seat 4: Aescul@pius ($150.08 in chips) 
Seat 5: vezis3 ($101.50 in chips) 
Seat 6: gig.gyty ($109.10 in chips) 
aoish30: posts small blind $0.50
jeansebjj7: posts big blind $1
*** HOLE CARDS ***
Aescul@pius: folds 
vezis3: folds 
gig.gyty: folds 
Burlica2013: folds 
aoish30: folds 
Uncalled bet ($0.50) returned to jeansebjj7
jeansebjj7 collected $1 from pot
*** SUMMARY ***
Total pot $1 | Rake $0 
Seat 1: Burlica2013 (button) folded before Flop (didn't bet)
Seat 2: aoish30 (small blind) folded before Flop
Seat 3: jeansebjj7 (big blind) collected ($1)
Seat 4: Aescul@pius folded before Flop (didn't bet)
Seat 5: vezis3 folded before Flop (didn't bet)
Seat 6: gig.gyty folded before Flop (didn't bet)



PokerStars Hand #254444718376:  Hold'em No Limit ($0.50/$1.00 USD) - 2025/01/19 9:41:08 WET [2025/01/19 4:41:08 ET]
Table 'Azalea III' 6-max Seat #2 is the button
Seat 1: Burlica2013 ($161.30 in chips) 
Seat 2: aoish30 ($108.51 in chips) 
Seat 3: jeansebjj7 ($67.96 in chips) 
Seat 4: Aescul@pius ($150.08 in chips) 
Seat 5: vezis3 ($101.50 in chips) 
Seat 6: gig.gyty ($109.10 in chips) 
jeansebjj7: posts small blind $0.50
Aescul@pius: posts big blind $1
*** HOLE CARDS ***
vezis3: folds 
gig.gyty: raises $1.25 to $2.25
Burlica2013: folds 
aoish30: raises $5.40 to $7.65
jeansebjj7: folds 
Aescul@pius: folds 
gig.gyty: raises $14.35 to $22
aoish30: calls $14.35
*** FLOP *** [7c 4h 9d]
gig.gyty: checks 
aoish30: checks 
*** TURN *** [7c 4h 9d] [4c]
gig.gyty: bets $14.26
aoish30: calls $14.26
*** RIVER *** [7c 4h 9d 4c] [3h]
gig.gyty: checks 
aoish30: bets $72.25 and is all-in
gig.gyty: calls $72.25
*** SHOW DOWN ***
aoish30: shows [Jh Ah] (a pair of Fours)
gig.gyty: shows [Ad Kd] (a pair of Fours - Ace+King kicker)
gig.gyty collected $216.02 from pot
*** SUMMARY ***
Total pot $218.52 | Rake $2.50 
Board [7c 4h 9d 4c 3h]
Seat 1: Burlica2013 folded before Flop (didn't bet)
Seat 2: aoish30 (button) showed [Jh Ah] and lost with a pair of Fours
Seat 3: jeansebjj7 (small blind) folded before Flop
Seat 4: Aescul@pius (big blind) folded before Flop
Seat 5: vezis3 folded before Flop (didn't bet)
Seat 6: gig.gyty showed [Ad Kd] and won ($216.02) with a pair of Fours



PokerStars Hand #254444726516:  Hold'em No Limit ($0.50/$1.00 USD) - 2025/01/19 9:42:24 WET [2025/01/19 4:42:24 ET]
Table 'Azalea III' 6-max Seat #3 is the button
Seat 1: Burlica2013 ($161.30 in chips) 
Seat 2: aoish30 ($100 in chips) 
Seat 3: jeansebjj7 ($67.46 in chips) 
Seat 4: Aescul@pius ($149.08 in chips) 
Seat 5: vezis3 ($101.50 in chips) 
Seat 6: gig.gyty ($216.61 in chips) 
Aescul@pius: posts small blind $0.50
vezis3: posts big blind $1
*** HOLE CARDS ***
gig.gyty: folds 
Burlica2013: folds 
aoish30: raises $1.50 to $2.50
jeansebjj7: calls $2.50
Aescul@pius: folds 
vezis3: raises $11.50 to $14
aoish30: folds 
jeansebjj7: folds 
Uncalled bet ($11.50) returned to vezis3
vezis3 collected $8 from pot
vezis3: doesn't show hand 
*** SUMMARY ***
Total pot $8 | Rake $0 
Seat 1: Burlica2013 folded before Flop (didn't bet)
Seat 2: aoish30 folded before Flop
Seat 3: jeansebjj7 (button) folded before Flop
Seat 4: Aescul@pius (small blind) folded before Flop
Seat 5: vezis3 (big blind) collected ($8)
Seat 6: gig.gyty folded before Flop (didn't bet)



PokerStars Hand #254444731186:  Hold'em No Limit ($0.50/$1.00 USD) - 2025/01/19 9:43:07 WET [2025/01/19 4:43:07 ET]
Table 'Azalea III' 6-max Seat #4 is the button
Seat 1: Burlica2013 ($161.30 in chips) 
Seat 2: aoish30 ($100 in chips) 
Seat 3: jeansebjj7 ($64.96 in chips) 
Seat 4: Aescul@pius ($148.58 in chips) 
Seat 5: vezis3 ($107 in chips) 
Seat 6: gig.gyty ($216.61 in chips) 
vezis3: posts small blind $0.50
gig.gyty: posts big blind $1
*** HOLE CARDS ***
Burlica2013: folds 
aoish30: folds 
jeansebjj7: folds 
Aescul@pius: raises $1.20 to $2.20
vezis3: folds 
gig.gyty: folds 
Uncalled bet ($1.20) returned to Aescul@pius
Aescul@pius collected $2.50 from pot
Aescul@pius: doesn't show hand 
*** SUMMARY ***
Total pot $2.50 | Rake $0 
Seat 1: Burlica2013 folded before Flop (didn't bet)
Seat 2: aoish30 folded before Flop (didn't bet)
Seat 3: jeansebjj7 folded before Flop (didn't bet)
Seat 4: Aescul@pius (button) collected ($2.50)
Seat 5: vezis3 (small blind) folded before Flop
Seat 6: gig.gyty (big blind) folded before Flop



PokerStars Hand #254444733259:  Hold'em No Limit ($0.50/$1.00 USD) - 2025/01/19 9:43:26 WET [2025/01/19 4:43:26 ET]
Table 'Azalea III' 6-max Seat #5 is the button
Seat 1: Burlica2013 ($161.30 in chips) 
Seat 2: aoish30 ($100 in chips) 
Seat 3: jeansebjj7 ($64.96 in chips) 
Seat 4: Aescul@pius ($150.08 in chips) 
Seat 5: vezis3 ($106.50 in chips) 
Seat 6: gig.gyty ($215.61 in chips) 
gig.gyty: posts small blind $0.50
Burlica2013: posts big blind $1
*** HOLE CARDS ***
aoish30: folds 
jeansebjj7: calls $1
Aescul@pius: raises $2.20 to $3.20
vezis3: folds 
gig.gyty: folds 
Burlica2013: folds 
jeansebjj7: calls $2.20
*** FLOP *** [Ad 6s 6d]
jeansebjj7: bets $61.76 and is all-in
Aescul@pius: folds 
Uncalled bet ($61.76) returned to jeansebjj7
jeansebjj7 collected $7.50 from pot
*** SUMMARY ***
Total pot $7.90 | Rake $0.40 
Board [Ad 6s 6d]
Seat 1: Burlica2013 (big blind) folded before Flop
Seat 2: aoish30 folded before Flop (didn't bet)
Seat 3: jeansebjj7 collected ($7.50)
Seat 4: Aescul@pius folded on the Flop
Seat 5: vezis3 (button) folded before Flop (didn't bet)
Seat 6: gig.gyty (small blind) folded before Flop



PokerStars Hand #254444737240:  Hold'em No Limit ($0.50/$1.00 USD) - 2025/01/19 9:44:03 WET [2025/01/19 4:44:03 ET]
Table 'Azalea III' 6-max Seat #6 is the button
Seat 1: Burlica2013 ($160.30 in chips) 
Seat 2: aoish30 ($100 in chips) 
Seat 3: jeansebjj7 ($69.26 in chips) 
Seat 4: Aescul@pius ($146.88 in chips) 
Seat 5: vezis3 ($106.50 in chips) 
Seat 6: gig.gyty ($215.11 in chips) 
Burlica2013: posts small blind $0.50
aoish30: posts big blind $1
*** HOLE CARDS ***
jeansebjj7: folds 
jeansebjj7 leaves the table
Aescul@pius: raises $1.20 to $2.20
vezis3: folds 
gig.gyty: raises $5.80 to $8
Burlica2013: folds 
aoish30: folds 
Aescul@pius: raises $14 to $22
vezis3 leaves the table
gig.gyty: calls $14
*** FLOP *** [3c 8c Ac]
Aescul@pius: checks 
gig.gyty: checks 
*** TURN *** [3c 8c Ac] [5c]
Aescul@pius: checks 
gig.gyty: checks 
*** RIVER *** [3c 8c Ac 5c] [9c]
Aescul@pius: bets $28.53
gig.gyty: folds 
Uncalled bet ($28.53) returned to Aescul@pius
Aescul@pius collected $43.22 from pot
Aescul@pius: doesn't show hand 
*** SUMMARY ***
Total pot $45.50 | Rake $2.28 
Board [3c 8c Ac 5c 9c]
Seat 1: Burlica2013 (small blind) folded before Flop
Seat 2: aoish30 (big blind) folded before Flop
Seat 3: jeansebjj7 folded before Flop (didn't bet)
Seat 4: Aescul@pius collected ($43.22)
Seat 5: vezis3 folded before Flop (didn't bet)
Seat 6: gig.gyty (button) folded on the River



PokerStars Hand #254444750647:  Hold'em No Limit ($0.50/$1.00 USD) - 2025/01/19 9:46:05 WET [2025/01/19 4:46:05 ET]
Table 'Azalea III' 6-max Seat #1 is the button
Seat 1: Burlica2013 ($159.80 in chips) 
Seat 2: aoish30 ($100 in chips) 
Seat 4: Aescul@pius ($168.10 in chips) 
Seat 6: gig.gyty ($193.11 in chips) 
aoish30: posts small blind $0.50
Aescul@pius: posts big blind $1
*** HOLE CARDS ***
gig.gyty: raises $1.25 to $2.25
Burlica2013: folds 
Burlica2013 leaves the table
aoish30: folds 
Aescul@pius: folds 
Uncalled bet ($1.25) returned to gig.gyty
gig.gyty collected $2.50 from pot
gig.gyty: doesn't show hand 
*** SUMMARY ***
Total pot $2.50 | Rake $0 
Seat 1: Burlica2013 (button) folded before Flop (didn't bet)
Seat 2: aoish30 (small blind) folded before Flop
Seat 4: Aescul@pius (big blind) folded before Flop
Seat 6: gig.gyty collected ($2.50)



