PokerStars Hand #254457068124:  Hold'em No Limit ($0.50/$1.00 USD) - 2025/01/19 22:06:10 WET [2025/01/19 17:06:10 ET]
Table 'Ohio IV' 6-max Seat #5 is the button
Seat 1: Xenicide ($100 in chips) 
Seat 2: nikalas22 ($100 in chips) 
Seat 5: Aleqseuka ($100 in chips) 
Xenicide: posts small blind $0.50
nikalas22: posts big blind $1
*** HOLE CARDS ***
Aleqseuka: raises $1.50 to $2.50
Xenicide: folds 
nikalas22: folds 
Uncalled bet ($1.50) returned to Aleqseuka
Aleqseuka collected $2.50 from pot
Aleqseuka: doesn't show hand 
*** SUMMARY ***
Total pot $2.50 | Rake $0 
Seat 1: Xenicide (small blind) folded before Flop
Seat 2: nikalas22 (big blind) folded before Flop
Seat 5: Aleqseuka (button) collected ($2.50)



PokerStars Hand #254457073579:  Hold'em No Limit ($0.50/$1.00 USD) - 2025/01/19 22:06:26 WET [2025/01/19 17:06:26 ET]
Table 'Ohio IV' 6-max Seat #1 is the button
Seat 1: Xenicide ($100 in chips) 
Seat 2: nikalas22 ($100 in chips) 
Seat 5: Aleqseuka ($101.50 in chips) 
nikalas22: posts small blind $0.50
Aleqseuka: posts big blind $1
*** HOLE CARDS ***
Xenicide: raises $1.25 to $2.25
nikalas22: folds 
Aleqseuka: calls $1.25
*** FLOP *** [8s 6d 7h]
Aleqseuka: checks 
Xenicide: checks 
*** TURN *** [8s 6d 7h] [Kd]
Aleqseuka: checks 
Xenicide: bets $7.13
Aleqseuka: folds 
Uncalled bet ($7.13) returned to Xenicide
Xenicide collected $4.75 from pot
*** SUMMARY ***
Total pot $5 | Rake $0.25 
Board [8s 6d 7h Kd]
Seat 1: Xenicide (button) collected ($4.75)
Seat 2: nikalas22 (small blind) folded before Flop
Seat 5: Aleqseuka (big blind) folded on the Turn



PokerStars Hand #254457093810:  Hold'em No Limit ($0.50/$1.00 USD) - 2025/01/19 22:07:21 WET [2025/01/19 17:07:21 ET]
Table 'Ohio IV' 6-max Seat #2 is the button
Seat 1: Xenicide ($102.50 in chips) 
Seat 2: nikalas22 ($100 in chips) 
Seat 5: Aleqseuka ($100 in chips) 
Aleqseuka: posts small blind $0.50
Xenicide: posts big blind $1
*** HOLE CARDS ***
nikalas22: folds 
Aleqseuka: folds 
Uncalled bet ($0.50) returned to Xenicide
Xenicide collected $1 from pot
*** SUMMARY ***
Total pot $1 | Rake $0 
Seat 1: Xenicide (big blind) collected ($1)
Seat 2: nikalas22 (button) folded before Flop (didn't bet)
Seat 5: Aleqseuka (small blind) folded before Flop



PokerStars Hand #254457096977:  Hold'em No Limit ($0.50/$1.00 USD) - 2025/01/19 22:07:30 WET [2025/01/19 17:07:30 ET]
Table 'Ohio IV' 6-max Seat #5 is the button
Seat 1: Xenicide ($103 in chips) 
Seat 2: nikalas22 ($100 in chips) 
Seat 5: Aleqseuka ($100 in chips) 
Xenicide: posts small blind $0.50
nikalas22: posts big blind $1
*** HOLE CARDS ***
Aleqseuka: folds 
Xenicide: raises $2.50 to $3.50
nikalas22: calls $2.50
*** FLOP *** [8h 9d As]
Xenicide: checks 
nikalas22: checks 
*** TURN *** [8h 9d As] [5s]
Xenicide: bets $13.20
nikalas22: folds 
Uncalled bet ($13.20) returned to Xenicide
Xenicide collected $6.65 from pot
*** SUMMARY ***
Total pot $7 | Rake $0.35 
Board [8h 9d As 5s]
Seat 1: Xenicide (small blind) collected ($6.65)
Seat 2: nikalas22 (big blind) folded on the Turn
Seat 5: Aleqseuka (button) folded before Flop (didn't bet)



PokerStars Hand #254457117784:  Hold'em No Limit ($0.50/$1.00 USD) - 2025/01/19 22:08:27 WET [2025/01/19 17:08:27 ET]
Table 'Ohio IV' 6-max Seat #1 is the button
Seat 1: Xenicide ($106.15 in chips) 
Seat 2: nikalas22 ($100 in chips) 
Seat 5: Aleqseuka ($100 in chips) 
nikalas22: posts small blind $0.50
Aleqseuka: posts big blind $1
*** HOLE CARDS ***
Xenicide: raises $1.25 to $2.25
nikalas22: folds 
Aleqseuka: calls $1.25
*** FLOP *** [3s Jd 9s]
Aleqseuka: checks 
Xenicide: bets $1.19
Aleqseuka: folds 
Uncalled bet ($1.19) returned to Xenicide
Xenicide collected $4.75 from pot
*** SUMMARY ***
Total pot $5 | Rake $0.25 
Board [3s Jd 9s]
Seat 1: Xenicide (button) collected ($4.75)
Seat 2: nikalas22 (small blind) folded before Flop
Seat 5: Aleqseuka (big blind) folded on the Flop



PokerStars Hand #254457129179:  Hold'em No Limit ($0.50/$1.00 USD) - 2025/01/19 22:08:58 WET [2025/01/19 17:08:58 ET]
Table 'Ohio IV' 6-max Seat #2 is the button
Seat 1: Xenicide ($108.65 in chips) 
Seat 2: nikalas22 ($100 in chips) 
Seat 5: Aleqseuka ($100 in chips) 
Aleqseuka: posts small blind $0.50
Xenicide: posts big blind $1
*** HOLE CARDS ***
nikalas22: folds 
Aleqseuka: folds 
Uncalled bet ($0.50) returned to Xenicide
Xenicide collected $1 from pot
Xenicide: doesn't show hand 
*** SUMMARY ***
Total pot $1 | Rake $0 
Seat 1: Xenicide (big blind) collected ($1)
Seat 2: nikalas22 (button) folded before Flop (didn't bet)
Seat 5: Aleqseuka (small blind) folded before Flop



PokerStars Hand #254457132014:  Hold'em No Limit ($0.50/$1.00 USD) - 2025/01/19 22:09:06 WET [2025/01/19 17:09:06 ET]
Table 'Ohio IV' 6-max Seat #5 is the button
Seat 1: Xenicide ($109.15 in chips) 
Seat 2: nikalas22 ($100 in chips) 
Seat 5: Aleqseuka ($100 in chips) 
Xenicide: posts small blind $0.50
nikalas22: posts big blind $1
*** HOLE CARDS ***
Aleqseuka: folds 
Xenicide: folds 
Uncalled bet ($0.50) returned to nikalas22
nikalas22 collected $1 from pot
nikalas22: doesn't show hand 
*** SUMMARY ***
Total pot $1 | Rake $0 
Seat 1: Xenicide (small blind) folded before Flop
Seat 2: nikalas22 (big blind) collected ($1)
Seat 5: Aleqseuka (button) folded before Flop (didn't bet)



PokerStars Hand #254457135577:  Hold'em No Limit ($0.50/$1.00 USD) - 2025/01/19 22:09:16 WET [2025/01/19 17:09:16 ET]
Table 'Ohio IV' 6-max Seat #1 is the button
Seat 1: Xenicide ($108.65 in chips) 
Seat 2: nikalas22 ($100.50 in chips) 
Seat 5: Aleqseuka ($100 in chips) 
nikalas22: posts small blind $0.50
Aleqseuka: posts big blind $1
*** HOLE CARDS ***
Xenicide: raises $1.25 to $2.25
nikalas22: folds 
Aleqseuka: raises $10.75 to $13
Zvst joins the table at seat #3 
saimon 945 joins the table at seat #6 
saimon 945 is disconnected 
vadjkeee joins the table at seat #4 
Xenicide: folds 
Uncalled bet ($10.75) returned to Aleqseuka
Aleqseuka collected $5 from pot
Aleqseuka: doesn't show hand 
*** SUMMARY ***
Total pot $5 | Rake $0 
Seat 1: Xenicide (button) folded before Flop
Seat 2: nikalas22 (small blind) folded before Flop
Seat 5: Aleqseuka (big blind) collected ($5)



PokerStars Hand #254457144269:  Hold'em No Limit ($0.50/$1.00 USD) - 2025/01/19 22:09:40 WET [2025/01/19 17:09:40 ET]
Table 'Ohio IV' 6-max Seat #2 is the button
Seat 3: Zvst ($100 in chips) is sitting out
Seat 4: vadjkeee ($100 in chips) is sitting out
Seat 1: Xenicide ($106.40 in chips) 
Seat 2: nikalas22 ($100 in chips) 
Seat 5: Aleqseuka ($102.75 in chips) 
Seat 6: saimon 945 ($40 in chips) 
Aleqseuka: posts small blind $0.50
saimon 945: posts big blind $1
*** HOLE CARDS ***
Xenicide: folds 
nikalas22: folds 
Aleqseuka: folds 
Uncalled bet ($0.50) returned to saimon 945
saimon 945 collected $1 from pot
*** SUMMARY ***
Total pot $1 | Rake $0 
Seat 3: Zvst
Seat 4: vadjkeee
Seat 1: Xenicide folded before Flop (didn't bet)
Seat 2: nikalas22 (button) folded before Flop (didn't bet)
Seat 5: Aleqseuka (small blind) folded before Flop
Seat 6: saimon 945 (big blind) collected ($1)



PokerStars Hand #254457146860:  Hold'em No Limit ($0.50/$1.00 USD) - 2025/01/19 22:09:48 WET [2025/01/19 17:09:48 ET]
Table 'Ohio IV' 6-max Seat #5 is the button
Seat 3: Zvst ($100 in chips) is sitting out
Seat 4: vadjkeee ($100 in chips) is sitting out
Seat 1: Xenicide ($106.40 in chips) 
Seat 2: nikalas22 ($100 in chips) 
Seat 5: Aleqseuka ($102.25 in chips) 
Seat 6: saimon 945 ($40.50 in chips) 
saimon 945: posts small blind $0.50
Xenicide: posts big blind $1
Zvst: sits out 
vadjkeee: sits out 
*** HOLE CARDS ***
nikalas22: raises $1.50 to $2.50
Aleqseuka: folds 
saimon 945: folds 
Xenicide: raises $7.50 to $10
nikalas22: folds 
Uncalled bet ($7.50) returned to Xenicide
Xenicide collected $5.50 from pot
*** SUMMARY ***
Total pot $5.50 | Rake $0 
Seat 3: Zvst
Seat 4: vadjkeee
Seat 1: Xenicide (big blind) collected ($5.50)
Seat 2: nikalas22 folded before Flop
Seat 5: Aleqseuka (button) folded before Flop (didn't bet)
Seat 6: saimon 945 (small blind) folded before Flop



PokerStars Hand #254457154804:  Hold'em No Limit ($0.50/$1.00 USD) - 2025/01/19 22:10:10 WET [2025/01/19 17:10:10 ET]
Table 'Ohio IV' 6-max Seat #6 is the button
Seat 3: Zvst ($100 in chips) is sitting out
Seat 4: vadjkeee ($100 in chips) is sitting out
Seat 1: Xenicide ($109.40 in chips) 
Seat 2: nikalas22 ($100 in chips) 
Seat 5: Aleqseuka ($102.25 in chips) 
Seat 6: saimon 945 ($40 in chips) 
Xenicide: posts small blind $0.50
nikalas22: posts big blind $1
Zvst: sits out 
vadjkeee: sits out 
*** HOLE CARDS ***
Aleqseuka: folds 
saimon 945: calls $1
Xenicide: folds 
nikalas22: checks 
*** FLOP *** [2h Ts 8c]
nikalas22: checks 
saimon 945: checks 
*** TURN *** [2h Ts 8c] [4c]
nikalas22: bets $3.57
saimon 945: calls $3.57
*** RIVER *** [2h Ts 8c 4c] [5c]
nikalas22: bets $6.87
saimon 945: folds 
Uncalled bet ($6.87) returned to nikalas22
nikalas22 collected $9.16 from pot
nikalas22: doesn't show hand 
*** SUMMARY ***
Total pot $9.64 | Rake $0.48 
Board [2h Ts 8c 4c 5c]
Seat 3: Zvst
Seat 4: vadjkeee
Seat 1: Xenicide (small blind) folded before Flop
Seat 2: nikalas22 (big blind) collected ($9.16)
Seat 5: Aleqseuka folded before Flop (didn't bet)
Seat 6: saimon 945 (button) folded on the River



PokerStars Hand #254457167579:  Hold'em No Limit ($0.50/$1.00 USD) - 2025/01/19 22:10:46 WET [2025/01/19 17:10:46 ET]
Table 'Ohio IV' 6-max Seat #1 is the button
Seat 4: vadjkeee ($100 in chips) is sitting out
Seat 1: Xenicide ($108.90 in chips) 
Seat 2: nikalas22 ($104.59 in chips) 
Seat 3: Zvst ($100 in chips) 
Seat 5: Aleqseuka ($102.25 in chips) 
Seat 6: saimon 945 ($35.43 in chips) 
nikalas22: posts small blind $0.50
Zvst: posts big blind $1
vadjkeee: sits out 
*** HOLE CARDS ***
Aleqseuka: folds 
saimon 945: folds 
Xenicide: raises $1.25 to $2.25
nikalas22: folds 
Zvst: folds 
Uncalled bet ($1.25) returned to Xenicide
Xenicide collected $2.50 from pot
*** SUMMARY ***
Total pot $2.50 | Rake $0 
Seat 4: vadjkeee
Seat 1: Xenicide (button) collected ($2.50)
Seat 2: nikalas22 (small blind) folded before Flop
Seat 3: Zvst (big blind) folded before Flop
Seat 5: Aleqseuka folded before Flop (didn't bet)
Seat 6: saimon 945 folded before Flop (didn't bet)



PokerStars Hand #254457175738:  Hold'em No Limit ($0.50/$1.00 USD) - 2025/01/19 22:11:08 WET [2025/01/19 17:11:08 ET]
Table 'Ohio IV' 6-max Seat #2 is the button
Seat 1: Xenicide ($110.40 in chips) 
Seat 2: nikalas22 ($104.09 in chips) 
Seat 3: Zvst ($100 in chips) 
Seat 4: vadjkeee ($100 in chips) 
Seat 5: Aleqseuka ($102.25 in chips) 
Seat 6: saimon 945 ($35.43 in chips) 
Zvst: posts small blind $0.50
vadjkeee: posts big blind $1
*** HOLE CARDS ***
Aleqseuka: folds 
saimon 945: folds 
Xenicide: raises $1 to $2
nikalas22: folds 
Zvst: folds 
vadjkeee: folds 
Uncalled bet ($1) returned to Xenicide
Xenicide collected $2.50 from pot
*** SUMMARY ***
Total pot $2.50 | Rake $0 
Seat 1: Xenicide collected ($2.50)
Seat 2: nikalas22 (button) folded before Flop (didn't bet)
Seat 3: Zvst (small blind) folded before Flop
Seat 4: vadjkeee (big blind) folded before Flop
Seat 5: Aleqseuka folded before Flop (didn't bet)
Seat 6: saimon 945 folded before Flop (didn't bet)



PokerStars Hand #254457181345:  Hold'em No Limit ($0.50/$1.00 USD) - 2025/01/19 22:11:24 WET [2025/01/19 17:11:24 ET]
Table 'Ohio IV' 6-max Seat #3 is the button
Seat 1: Xenicide ($111.90 in chips) 
Seat 2: nikalas22 ($104.09 in chips) 
Seat 3: Zvst ($100 in chips) 
Seat 4: vadjkeee ($100 in chips) 
Seat 5: Aleqseuka ($102.25 in chips) 
Seat 6: saimon 945 ($35.43 in chips) 
vadjkeee: posts small blind $0.50
Aleqseuka: posts big blind $1
*** HOLE CARDS ***
saimon 945: folds 
Xenicide: raises $1 to $2
nikalas22: folds 
Zvst: folds 
vadjkeee: folds 
Aleqseuka: calls $1
*** FLOP *** [3h 4s Ad]
Aleqseuka: bets $1.41
Xenicide: calls $1.41
*** TURN *** [3h 4s Ad] [8d]
Aleqseuka: bets $10.98
Xenicide: calls $10.98
*** RIVER *** [3h 4s Ad 8d] [Js]
Aleqseuka: checks 
Xenicide: checks 
*** SHOW DOWN ***
Aleqseuka: shows [7s 5s] (high card Ace)
Xenicide: shows [Qc Ah] (a pair of Aces)
Xenicide collected $27.82 from pot
*** SUMMARY ***
Total pot $29.28 | Rake $1.46 
Board [3h 4s Ad 8d Js]
Seat 1: Xenicide showed [Qc Ah] and won ($27.82) with a pair of Aces
Seat 2: nikalas22 folded before Flop (didn't bet)
Seat 3: Zvst (button) folded before Flop (didn't bet)
Seat 4: vadjkeee (small blind) folded before Flop
Seat 5: Aleqseuka (big blind) showed [7s 5s] and lost with high card Ace
Seat 6: saimon 945 folded before Flop (didn't bet)



PokerStars Hand #254457217829:  Hold'em No Limit ($0.50/$1.00 USD) - 2025/01/19 22:13:08 WET [2025/01/19 17:13:08 ET]
Table 'Ohio IV' 6-max Seat #4 is the button
Seat 1: Xenicide ($125.33 in chips) 
Seat 2: nikalas22 ($104.09 in chips) 
Seat 3: Zvst ($100 in chips) 
Seat 4: vadjkeee ($100 in chips) 
Seat 5: Aleqseuka ($100 in chips) 
Seat 6: saimon 945 ($35.43 in chips) 
Aleqseuka: posts small blind $0.50
saimon 945: posts big blind $1
*** HOLE CARDS ***
Xenicide: raises $1 to $2
nikalas22: folds 
Zvst: raises $6.50 to $8.50
vadjkeee: folds 
Aleqseuka: folds 
saimon 945: folds 
Xenicide: folds 
Uncalled bet ($6.50) returned to Zvst
Zvst collected $5.50 from pot
Zvst: doesn't show hand 
*** SUMMARY ***
Total pot $5.50 | Rake $0 
Seat 1: Xenicide folded before Flop
Seat 2: nikalas22 folded before Flop (didn't bet)
Seat 3: Zvst collected ($5.50)
Seat 4: vadjkeee (button) folded before Flop (didn't bet)
Seat 5: Aleqseuka (small blind) folded before Flop
Seat 6: saimon 945 (big blind) folded before Flop



PokerStars Hand #254457226868:  Hold'em No Limit ($0.50/$1.00 USD) - 2025/01/19 22:13:34 WET [2025/01/19 17:13:34 ET]
Table 'Ohio IV' 6-max Seat #5 is the button
Seat 1: Xenicide ($123.33 in chips) 
Seat 2: nikalas22 ($104.09 in chips) 
Seat 3: Zvst ($103.50 in chips) 
Seat 4: vadjkeee ($100 in chips) 
Seat 5: Aleqseuka ($100 in chips) 
Seat 6: saimon 945 ($34.43 in chips) 
saimon 945: posts small blind $0.50
Xenicide: posts big blind $1
*** HOLE CARDS ***
nikalas22: folds 
Zvst: folds 
vadjkeee: raises $1.50 to $2.50
Aleqseuka: folds 
saimon 945: folds 
Xenicide: calls $1.50
*** FLOP *** [6c 8h 8c]
Xenicide: checks 
vadjkeee: checks 
*** TURN *** [6c 8h 8c] [9s]
Xenicide: bets $6.52
vadjkeee: calls $6.52
*** RIVER *** [6c 8h 8c 9s] [5d]
Xenicide: bets $17.61
vadjkeee: folds 
Uncalled bet ($17.61) returned to Xenicide
Xenicide collected $17.61 from pot
Xenicide: doesn't show hand 
*** SUMMARY ***
Total pot $18.54 | Rake $0.93 
Board [6c 8h 8c 9s 5d]
Seat 1: Xenicide (big blind) collected ($17.61)
Seat 2: nikalas22 folded before Flop (didn't bet)
Seat 3: Zvst folded before Flop (didn't bet)
Seat 4: vadjkeee folded on the River
Seat 5: Aleqseuka (button) folded before Flop (didn't bet)
Seat 6: saimon 945 (small blind) folded before Flop



PokerStars Hand #254457258575:  Hold'em No Limit ($0.50/$1.00 USD) - 2025/01/19 22:15:04 WET [2025/01/19 17:15:04 ET]
Table 'Ohio IV' 6-max Seat #6 is the button
Seat 1: Xenicide ($131.92 in chips) 
Seat 2: nikalas22 ($104.09 in chips) 
Seat 3: Zvst ($103.50 in chips) 
Seat 4: vadjkeee ($100 in chips) 
Seat 5: Aleqseuka ($100 in chips) 
Seat 6: saimon 945 ($33.93 in chips) 
Xenicide: posts small blind $0.50
nikalas22: posts big blind $1
*** HOLE CARDS ***
Zvst: raises $1 to $2
vadjkeee: folds 
Aleqseuka: folds 
saimon 945: folds 
Xenicide: folds 
nikalas22: folds 
Uncalled bet ($1) returned to Zvst
Zvst collected $2.50 from pot
Zvst: doesn't show hand 
*** SUMMARY ***
Total pot $2.50 | Rake $0 
Seat 1: Xenicide (small blind) folded before Flop
Seat 2: nikalas22 (big blind) folded before Flop
Seat 3: Zvst collected ($2.50)
Seat 4: vadjkeee folded before Flop (didn't bet)
Seat 5: Aleqseuka folded before Flop (didn't bet)
Seat 6: saimon 945 (button) folded before Flop (didn't bet)



PokerStars Hand #254457268341:  Hold'em No Limit ($0.50/$1.00 USD) - 2025/01/19 22:15:31 WET [2025/01/19 17:15:31 ET]
Table 'Ohio IV' 6-max Seat #1 is the button
Seat 3: Zvst ($105 in chips) is sitting out
Seat 1: Xenicide ($131.42 in chips) 
Seat 2: nikalas22 ($103.09 in chips) 
Seat 4: vadjkeee ($100 in chips) 
Seat 5: Aleqseuka ($100 in chips) 
Seat 6: saimon 945 ($33.93 in chips) 
nikalas22: posts small blind $0.50
Zvst: is sitting out 
vadjkeee: posts big blind $1
*** HOLE CARDS ***
Aleqseuka: folds 
saimon 945: raises $1 to $2
Xenicide: folds 
Zvst leaves the table
nikalas22: folds 
vadjkeee: folds 
Uncalled bet ($1) returned to saimon 945
saimon 945 collected $2.50 from pot
*** SUMMARY ***
Total pot $2.50 | Rake $0 
Seat 3: Zvst
Seat 1: Xenicide (button) folded before Flop (didn't bet)
Seat 2: nikalas22 (small blind) folded before Flop
Seat 4: vadjkeee (big blind) folded before Flop
Seat 5: Aleqseuka folded before Flop (didn't bet)
Seat 6: saimon 945 collected ($2.50)



PokerStars Hand #254457275775:  Hold'em No Limit ($0.50/$1.00 USD) - 2025/01/19 22:15:53 WET [2025/01/19 17:15:53 ET]
Table 'Ohio IV' 6-max Seat #2 is the button
Seat 1: Xenicide ($131.42 in chips) 
Seat 2: nikalas22 ($102.59 in chips) 
Seat 4: vadjkeee ($100 in chips) 
Seat 5: Aleqseuka ($100 in chips) 
Seat 6: saimon 945 ($35.43 in chips) 
vadjkeee: posts small blind $0.50
Aleqseuka: posts big blind $1
*** HOLE CARDS ***
saimon 945: folds 
Xenicide: raises $1 to $2
nikalas22: folds 
salcri91 joins the table at seat #3 
vadjkeee: raises $9 to $11
Aleqseuka: folds 
Xenicide: raises $11 to $22
vadjkeee: folds 
Uncalled bet ($11) returned to Xenicide
Xenicide collected $23 from pot
*** SUMMARY ***
Total pot $23 | Rake $0 
Seat 1: Xenicide collected ($23)
Seat 2: nikalas22 (button) folded before Flop (didn't bet)
Seat 4: vadjkeee (small blind) folded before Flop
Seat 5: Aleqseuka (big blind) folded before Flop
Seat 6: saimon 945 folded before Flop (didn't bet)



PokerStars Hand #254457288824:  Hold'em No Limit ($0.50/$1.00 USD) - 2025/01/19 22:16:29 WET [2025/01/19 17:16:29 ET]
Table 'Ohio IV' 6-max Seat #4 is the button
Seat 1: Xenicide ($143.42 in chips) 
Seat 2: nikalas22 ($102.59 in chips) 
Seat 3: salcri91 ($96.05 in chips) 
Seat 4: vadjkeee ($100 in chips) 
Seat 5: Aleqseuka ($100 in chips) 
Seat 6: saimon 945 ($35.43 in chips) 
Aleqseuka: posts small blind $0.50
saimon 945: posts big blind $1
salcri91: posts big blind $1
*** HOLE CARDS ***
Xenicide: folds 
nikalas22: folds 
salcri91: checks 
vadjkeee: folds 
Aleqseuka: folds 
saimon 945: checks 
*** FLOP *** [4s 6c 2c]
saimon 945: bets $34.43 and is all-in
salcri91: folds 
Uncalled bet ($34.43) returned to saimon 945
saimon 945 collected $2.38 from pot
*** SUMMARY ***
Total pot $2.50 | Rake $0.12 
Board [4s 6c 2c]
Seat 1: Xenicide folded before Flop (didn't bet)
Seat 2: nikalas22 folded before Flop (didn't bet)
Seat 3: salcri91 folded on the Flop (didn't bet)
Seat 4: vadjkeee (button) folded before Flop (didn't bet)
Seat 5: Aleqseuka (small blind) folded before Flop
Seat 6: saimon 945 (big blind) collected ($2.38)



PokerStars Hand #254457302462:  Hold'em No Limit ($0.50/$1.00 USD) - 2025/01/19 22:17:08 WET [2025/01/19 17:17:08 ET]
Table 'Ohio IV' 6-max Seat #5 is the button
Seat 1: Xenicide ($143.42 in chips) 
Seat 2: nikalas22 ($102.59 in chips) 
Seat 3: salcri91 ($95.05 in chips) 
Seat 4: vadjkeee ($100 in chips) 
Seat 5: Aleqseuka ($100 in chips) 
Seat 6: saimon 945 ($36.81 in chips) 
saimon 945: posts small blind $0.50
Xenicide: posts big blind $1
*** HOLE CARDS ***
nikalas22: folds 
salcri91: folds 
vadjkeee: folds 
Aleqseuka: raises $1.50 to $2.50
saimon 945: calls $2
Xenicide: folds 
*** FLOP *** [3s Ks 2s]
saimon 945: checks 
Aleqseuka: checks 
*** TURN *** [3s Ks 2s] [8d]
saimon 945: bets $5.70
Aleqseuka: calls $5.70
*** RIVER *** [3s Ks 2s 8d] [5s]
saimon 945: checks 
Aleqseuka: checks 
*** SHOW DOWN ***
saimon 945: shows [Kc 7c] (a pair of Kings)
Aleqseuka: shows [Ad Ac] (a pair of Aces)
Aleqseuka collected $16.53 from pot
*** SUMMARY ***
Total pot $17.40 | Rake $0.87 
Board [3s Ks 2s 8d 5s]
Seat 1: Xenicide (big blind) folded before Flop
Seat 2: nikalas22 folded before Flop (didn't bet)
Seat 3: salcri91 folded before Flop (didn't bet)
Seat 4: vadjkeee folded before Flop (didn't bet)
Seat 5: Aleqseuka (button) showed [Ad Ac] and won ($16.53) with a pair of Aces
Seat 6: saimon 945 (small blind) showed [Kc 7c] and lost with a pair of Kings



PokerStars Hand #254457320599:  Hold'em No Limit ($0.50/$1.00 USD) - 2025/01/19 22:18:00 WET [2025/01/19 17:18:00 ET]
Table 'Ohio IV' 6-max Seat #6 is the button
Seat 1: Xenicide ($142.42 in chips) 
Seat 2: nikalas22 ($102.59 in chips) 
Seat 3: salcri91 ($95.05 in chips) 
Seat 4: vadjkeee ($100 in chips) 
Seat 5: Aleqseuka ($108.33 in chips) 
Seat 6: saimon 945 ($28.61 in chips) 
Xenicide: posts small blind $0.50
nikalas22: posts big blind $1
*** HOLE CARDS ***
salcri91: folds 
vadjkeee: folds 
Aleqseuka: folds 
saimon 945: raises $4 to $5
Xenicide: folds 
nikalas22: folds 
Uncalled bet ($4) returned to saimon 945
saimon 945 collected $2.50 from pot
*** SUMMARY ***
Total pot $2.50 | Rake $0 
Seat 1: Xenicide (small blind) folded before Flop
Seat 2: nikalas22 (big blind) folded before Flop
Seat 3: salcri91 folded before Flop (didn't bet)
Seat 4: vadjkeee folded before Flop (didn't bet)
Seat 5: Aleqseuka folded before Flop (didn't bet)
Seat 6: saimon 945 (button) collected ($2.50)



PokerStars Hand #254457326179:  Hold'em No Limit ($0.50/$1.00 USD) - 2025/01/19 22:18:16 WET [2025/01/19 17:18:16 ET]
Table 'Ohio IV' 6-max Seat #1 is the button
Seat 1: Xenicide ($141.92 in chips) 
Seat 2: nikalas22 ($101.59 in chips) 
Seat 3: salcri91 ($95.05 in chips) 
Seat 4: vadjkeee ($100 in chips) 
Seat 5: Aleqseuka ($108.33 in chips) 
Seat 6: saimon 945 ($30.11 in chips) 
nikalas22: posts small blind $0.50
salcri91: posts big blind $1
*** HOLE CARDS ***
vadjkeee: folds 
Aleqseuka: raises $1.35 to $2.35
saimon 945: folds 
Xenicide: folds 
nikalas22: folds 
salcri91: calls $1.35
*** FLOP *** [Js Tc 3h]
salcri91: checks 
Aleqseuka: checks 
*** TURN *** [Js Tc 3h] [Jh]
salcri91: checks 
Aleqseuka: bets $1.63
salcri91: folds 
Uncalled bet ($1.63) returned to Aleqseuka
Aleqseuka collected $4.94 from pot
Aleqseuka: doesn't show hand 
*** SUMMARY ***
Total pot $5.20 | Rake $0.26 
Board [Js Tc 3h Jh]
Seat 1: Xenicide (button) folded before Flop (didn't bet)
Seat 2: nikalas22 (small blind) folded before Flop
Seat 3: salcri91 (big blind) folded on the Turn
Seat 4: vadjkeee folded before Flop (didn't bet)
Seat 5: Aleqseuka collected ($4.94)
Seat 6: saimon 945 folded before Flop (didn't bet)



PokerStars Hand #254457339473:  Hold'em No Limit ($0.50/$1.00 USD) - 2025/01/19 22:18:54 WET [2025/01/19 17:18:54 ET]
Table 'Ohio IV' 6-max Seat #2 is the button
Seat 4: vadjkeee ($100 in chips) is sitting out
Seat 1: Xenicide ($141.92 in chips) 
Seat 2: nikalas22 ($101.09 in chips) 
Seat 3: salcri91 ($92.70 in chips) 
Seat 5: Aleqseuka ($110.92 in chips) 
Seat 6: saimon 945 ($30.11 in chips) 
salcri91: posts small blind $0.50
vadjkeee: is sitting out 
Aleqseuka: posts big blind $1
*** HOLE CARDS ***
saimon 945: folds 
Xenicide: folds 
nikalas22: folds 
salcri91: folds 
Uncalled bet ($0.50) returned to Aleqseuka
vadjkeee leaves the table
Aleqseuka collected $1 from pot
Aleqseuka: doesn't show hand 
*** SUMMARY ***
Total pot $1 | Rake $0 
Seat 4: vadjkeee
Seat 1: Xenicide folded before Flop (didn't bet)
Seat 2: nikalas22 (button) folded before Flop (didn't bet)
Seat 3: salcri91 (small blind) folded before Flop
Seat 5: Aleqseuka (big blind) collected ($1)
Seat 6: saimon 945 folded before Flop (didn't bet)



PokerStars Hand #254457342258:  Hold'em No Limit ($0.50/$1.00 USD) - 2025/01/19 22:19:02 WET [2025/01/19 17:19:02 ET]
Table 'Ohio IV' 6-max Seat #3 is the button
Seat 1: Xenicide ($141.92 in chips) 
Seat 2: nikalas22 ($101.09 in chips) 
Seat 3: salcri91 ($92.20 in chips) 
Seat 5: Aleqseuka ($111.42 in chips) 
Seat 6: saimon 945 ($30.11 in chips) 
Aleqseuka: posts small blind $0.50
saimon 945: posts big blind $1
*** HOLE CARDS ***
Xenicide: folds 
nikalas22: raises $1.50 to $2.50
PhoenixAssassin joins the table at seat #4 
salcri91: folds 
Aleqseuka: folds 
saimon 945: calls $1.50
*** FLOP *** [7s Th 7d]
saimon 945: checks 
nikalas22: checks 
*** TURN *** [7s Th 7d] [4s]
saimon 945: bets $5.22
nikalas22: folds 
Uncalled bet ($5.22) returned to saimon 945
saimon 945 collected $5.22 from pot
*** SUMMARY ***
Total pot $5.50 | Rake $0.28 
Board [7s Th 7d 4s]
Seat 1: Xenicide folded before Flop (didn't bet)
Seat 2: nikalas22 folded on the Turn
Seat 3: salcri91 (button) folded before Flop (didn't bet)
Seat 5: Aleqseuka (small blind) folded before Flop
Seat 6: saimon 945 (big blind) collected ($5.22)



PokerStars Hand #254457353809:  Hold'em No Limit ($0.50/$1.00 USD) - 2025/01/19 22:19:35 WET [2025/01/19 17:19:35 ET]
Table 'Ohio IV' 6-max Seat #5 is the button
Seat 4: PhoenixAssassin ($100 in chips) is sitting out
Seat 1: Xenicide ($141.92 in chips) 
Seat 2: nikalas22 ($100 in chips) 
Seat 3: salcri91 ($92.20 in chips) 
Seat 5: Aleqseuka ($110.92 in chips) 
Seat 6: saimon 945 ($32.83 in chips) 
saimon 945: posts small blind $0.50
Xenicide: posts big blind $1
PhoenixAssassin: sits out 
*** HOLE CARDS ***
nikalas22: folds 
salcri91: calls $1
Aleqseuka: raises $2 to $3
saimon 945: folds 
Xenicide: folds 
salcri91: calls $2
*** FLOP *** [8c Kc Tc]
salcri91: checks 
Aleqseuka: bets $1.78
salcri91: raises $1.78 to $3.56
Aleqseuka: folds 
Uncalled bet ($1.78) returned to salcri91
salcri91 collected $10.51 from pot
salcri91: doesn't show hand 
*** SUMMARY ***
Total pot $11.06 | Rake $0.55 
Board [8c Kc Tc]
Seat 4: PhoenixAssassin
Seat 1: Xenicide (big blind) folded before Flop
Seat 2: nikalas22 folded before Flop (didn't bet)
Seat 3: salcri91 collected ($10.51)
Seat 5: Aleqseuka (button) folded on the Flop
Seat 6: saimon 945 (small blind) folded before Flop



PokerStars Hand #254457370977:  Hold'em No Limit ($0.50/$1.00 USD) - 2025/01/19 22:20:24 WET [2025/01/19 17:20:24 ET]
Table 'Ohio IV' 6-max Seat #6 is the button
Seat 4: PhoenixAssassin ($100 in chips) is sitting out
Seat 1: Xenicide ($140.92 in chips) 
Seat 2: nikalas22 ($100 in chips) 
Seat 3: salcri91 ($97.93 in chips) 
Seat 5: Aleqseuka ($106.14 in chips) 
Seat 6: saimon 945 ($32.33 in chips) 
Xenicide: posts small blind $0.50
nikalas22: posts big blind $1
PhoenixAssassin: sits out 
*** HOLE CARDS ***
salcri91: calls $1
Aleqseuka: folds 
saimon 945: calls $1
Xenicide: calls $0.50
nikalas22: checks 
*** FLOP *** [2s Th Ad]
Xenicide: checks 
nikalas22: checks 
salcri91: bets $2.90
saimon 945: calls $2.90
Xenicide: folds 
nikalas22: folds 
*** TURN *** [2s Th Ad] [3s]
salcri91: bets $4.66
saimon 945: calls $4.66
*** RIVER *** [2s Th Ad 3s] [9s]
salcri91: bets $9.08
saimon 945: calls $9.08
*** SHOW DOWN ***
salcri91: shows [7c Ac] (a pair of Aces)
saimon 945: shows [8s Ah] (a pair of Aces - Ten+Nine+Eight kicker)
saimon 945 collected $35.42 from pot
*** SUMMARY ***
Total pot $37.28 | Rake $1.86 
Board [2s Th Ad 3s 9s]
Seat 4: PhoenixAssassin
Seat 1: Xenicide (small blind) folded on the Flop
Seat 2: nikalas22 (big blind) folded on the Flop
Seat 3: salcri91 showed [7c Ac] and lost with a pair of Aces
Seat 5: Aleqseuka folded before Flop (didn't bet)
Seat 6: saimon 945 (button) showed [8s Ah] and won ($35.42) with a pair of Aces



PokerStars Hand #254457394176:  Hold'em No Limit ($0.50/$1.00 USD) - 2025/01/19 22:21:31 WET [2025/01/19 17:21:31 ET]
Table 'Ohio IV' 6-max Seat #1 is the button
Seat 4: PhoenixAssassin ($100 in chips) is sitting out
Seat 1: Xenicide ($139.92 in chips) 
Seat 2: nikalas22 ($100 in chips) 
Seat 3: salcri91 ($80.29 in chips) 
Seat 5: Aleqseuka ($106.14 in chips) 
Seat 6: saimon 945 ($50.11 in chips) 
nikalas22: posts small blind $0.50
salcri91: posts big blind $1
PhoenixAssassin: sits out 
*** HOLE CARDS ***
Aleqseuka: folds 
saimon 945: calls $1
Xenicide: raises $3.50 to $4.50
nikalas22: folds 
salcri91: folds 
saimon 945: calls $3.50
*** FLOP *** [Js 6d 9c]
saimon 945: checks 
Xenicide: bets $2.50
saimon 945: calls $2.50
*** TURN *** [Js 6d 9c] [3s]
saimon 945: checks 
Xenicide: checks 
*** RIVER *** [Js 6d 9c 3s] [Qh]
saimon 945: checks 
Xenicide: bets $14.72
saimon 945: folds 
Uncalled bet ($14.72) returned to Xenicide
Xenicide collected $14.72 from pot
*** SUMMARY ***
Total pot $15.50 | Rake $0.78 
Board [Js 6d 9c 3s Qh]
Seat 4: PhoenixAssassin
Seat 1: Xenicide (button) collected ($14.72)
Seat 2: nikalas22 (small blind) folded before Flop
Seat 3: salcri91 (big blind) folded before Flop
Seat 5: Aleqseuka folded before Flop (didn't bet)
Seat 6: saimon 945 folded on the River



PokerStars Hand #254457419384:  Hold'em No Limit ($0.50/$1.00 USD) - 2025/01/19 22:22:42 WET [2025/01/19 17:22:42 ET]
Table 'Ohio IV' 6-max Seat #2 is the button
Seat 1: Xenicide ($147.64 in chips) 
Seat 2: nikalas22 ($100 in chips) 
Seat 3: salcri91 ($79.29 in chips) 
Seat 4: PhoenixAssassin ($100 in chips) 
Seat 5: Aleqseuka ($106.14 in chips) 
Seat 6: saimon 945 ($43.11 in chips) 
salcri91: posts small blind $0.50
PhoenixAssassin: posts big blind $1
*** HOLE CARDS ***
Aleqseuka: folds 
saimon 945: folds 
Xenicide: folds 
nikalas22: raises $1.50 to $2.50
salcri91: folds 
PhoenixAssassin: folds 
Uncalled bet ($1.50) returned to nikalas22
nikalas22 collected $2.50 from pot
nikalas22: doesn't show hand 
*** SUMMARY ***
Total pot $2.50 | Rake $0 
Seat 1: Xenicide folded before Flop (didn't bet)
Seat 2: nikalas22 (button) collected ($2.50)
Seat 3: salcri91 (small blind) folded before Flop
Seat 4: PhoenixAssassin (big blind) folded before Flop
Seat 5: Aleqseuka folded before Flop (didn't bet)
Seat 6: saimon 945 folded before Flop (didn't bet)



PokerStars Hand #254457425063:  Hold'em No Limit ($0.50/$1.00 USD) - 2025/01/19 22:22:58 WET [2025/01/19 17:22:58 ET]
Table 'Ohio IV' 6-max Seat #3 is the button
Seat 1: Xenicide ($147.64 in chips) 
Seat 2: nikalas22 ($101.50 in chips) 
Seat 3: salcri91 ($78.79 in chips) 
Seat 4: PhoenixAssassin ($100 in chips) 
Seat 5: Aleqseuka ($106.14 in chips) 
Seat 6: saimon 945 ($43.11 in chips) 
PhoenixAssassin: posts small blind $0.50
Aleqseuka: posts big blind $1
*** HOLE CARDS ***
saimon 945: calls $1
Xenicide: folds 
nikalas22: folds 
salcri91: raises $1 to $2
PhoenixAssassin: folds 
Aleqseuka: folds 
saimon 945: raises $6 to $8
salcri91: calls $6
*** FLOP *** [3h 2s As]
saimon 945: bets $35.11 and is all-in
salcri91: calls $35.11
*** TURN *** [3h 2s As] [Ts]
*** RIVER *** [3h 2s As Ts] [7d]
*** SHOW DOWN ***
saimon 945: shows [Tc 8c] (a pair of Tens)
salcri91: shows [3d 3s] (three of a kind, Threes)
salcri91 cashed out the hand for $82.88 | Cash Out Fee $1.69
*** SUMMARY ***
Total pot $87.72 | Rake $2.50 
Board [3h 2s As Ts 7d]
Seat 1: Xenicide folded before Flop (didn't bet)
Seat 2: nikalas22 folded before Flop (didn't bet)
Seat 3: salcri91 (button) showed [3d 3s] and won ($85.22) with three of a kind, Threes (pot not awarded as player cashed out)
Seat 4: PhoenixAssassin (small blind) folded before Flop
Seat 5: Aleqseuka (big blind) folded before Flop
Seat 6: saimon 945 showed [Tc 8c] and lost with a pair of Tens



PokerStars Hand #254457438256:  Hold'em No Limit ($0.50/$1.00 USD) - 2025/01/19 22:23:37 WET [2025/01/19 17:23:37 ET]
Table 'Ohio IV' 6-max Seat #4 is the button
Seat 6: saimon 945 ($0 in chips) is sitting out
Seat 1: Xenicide ($147.64 in chips) 
Seat 2: nikalas22 ($101.50 in chips) 
Seat 3: salcri91 ($118.56 in chips) 
Seat 4: PhoenixAssassin ($100 in chips) 
Seat 5: Aleqseuka ($105.14 in chips) 
Aleqseuka: posts small blind $0.50
Xenicide: posts big blind $1
*** HOLE CARDS ***
nikalas22: folds 
salcri91: folds 
PhoenixAssassin: folds 
Aleqseuka: raises $2 to $3
Xenicide: folds 
Uncalled bet ($2) returned to Aleqseuka
Aleqseuka collected $2 from pot
saimon 945 leaves the table
Aleqseuka: doesn't show hand 
*** SUMMARY ***
Total pot $2 | Rake $0 
Seat 6: saimon 945
Seat 1: Xenicide (big blind) folded before Flop
Seat 2: nikalas22 folded before Flop (didn't bet)
Seat 3: salcri91 folded before Flop (didn't bet)
Seat 4: PhoenixAssassin (button) folded before Flop (didn't bet)
Seat 5: Aleqseuka (small blind) collected ($2)



PokerStars Hand #254457445776:  Hold'em No Limit ($0.50/$1.00 USD) - 2025/01/19 22:23:58 WET [2025/01/19 17:23:58 ET]
Table 'Ohio IV' 6-max Seat #5 is the button
Seat 1: Xenicide ($146.64 in chips) 
Seat 2: nikalas22 ($101.50 in chips) 
Seat 3: salcri91 ($118.56 in chips) 
Seat 4: PhoenixAssassin ($100 in chips) 
Seat 5: Aleqseuka ($106.14 in chips) 
Xenicide: posts small blind $0.50
nikalas22: posts big blind $1
*** HOLE CARDS ***
salcri91: folds 
PhoenixAssassin: folds 
Aleqseuka: raises $1.50 to $2.50
AhmedAA1 joins the table at seat #6 
AhmedAA1 is disconnected 
Xenicide: raises $7 to $9.50
nikalas22: folds 
Aleqseuka: calls $7
*** FLOP *** [Kc Qs 8s]
Xenicide: bets $5.89
Aleqseuka: calls $5.89
*** TURN *** [Kc Qs 8s] [4s]
Xenicide: checks 
Aleqseuka: bets $9.96
Xenicide: folds 
Uncalled bet ($9.96) returned to Aleqseuka
Aleqseuka collected $30.19 from pot
Aleqseuka: doesn't show hand 
*** SUMMARY ***
Total pot $31.78 | Rake $1.59 
Board [Kc Qs 8s 4s]
Seat 1: Xenicide (small blind) folded on the Turn
Seat 2: nikalas22 (big blind) folded before Flop
Seat 3: salcri91 folded before Flop (didn't bet)
Seat 4: PhoenixAssassin folded before Flop (didn't bet)
Seat 5: Aleqseuka (button) collected ($30.19)



PokerStars Hand #254457482319:  Hold'em No Limit ($0.50/$1.00 USD) - 2025/01/19 22:25:45 WET [2025/01/19 17:25:45 ET]
Table 'Ohio IV' 6-max Seat #1 is the button
Seat 1: Xenicide ($131.25 in chips) 
Seat 2: nikalas22 ($100.50 in chips) 
Seat 3: salcri91 ($118.56 in chips) 
Seat 4: PhoenixAssassin ($100 in chips) 
Seat 5: Aleqseuka ($120.94 in chips) 
Seat 6: AhmedAA1 ($80 in chips) 
nikalas22: posts small blind $0.50
salcri91: posts big blind $1
AhmedAA1: posts big blind $1
*** HOLE CARDS ***
PhoenixAssassin: folds 
Aleqseuka: folds 
AhmedAA1: checks 
Xenicide: folds 
nikalas22: folds 
salcri91: checks 
*** FLOP *** [7d 4s 2d]
salcri91: checks 
AhmedAA1: checks 
*** TURN *** [7d 4s 2d] [3h]
salcri91: checks 
AhmedAA1: bets $2
salcri91: folds 
Uncalled bet ($2) returned to AhmedAA1
AhmedAA1 collected $2.38 from pot
*** SUMMARY ***
Total pot $2.50 | Rake $0.12 
Board [7d 4s 2d 3h]
Seat 1: Xenicide (button) folded before Flop (didn't bet)
Seat 2: nikalas22 (small blind) folded before Flop
Seat 3: salcri91 (big blind) folded on the Turn
Seat 4: PhoenixAssassin folded before Flop (didn't bet)
Seat 5: Aleqseuka folded before Flop (didn't bet)
Seat 6: AhmedAA1 collected ($2.38)



PokerStars Hand #254457491257:  Hold'em No Limit ($0.50/$1.00 USD) - 2025/01/19 22:26:11 WET [2025/01/19 17:26:11 ET]
Table 'Ohio IV' 6-max Seat #2 is the button
Seat 1: Xenicide ($131.25 in chips) 
Seat 2: nikalas22 ($100 in chips) 
Seat 3: salcri91 ($117.56 in chips) 
Seat 4: PhoenixAssassin ($100 in chips) 
Seat 5: Aleqseuka ($120.94 in chips) 
Seat 6: AhmedAA1 ($81.38 in chips) 
salcri91: posts small blind $0.50
PhoenixAssassin: posts big blind $1
*** HOLE CARDS ***
Aleqseuka: folds 
AhmedAA1: folds 
Xenicide: folds 
nikalas22: raises $1.50 to $2.50
salcri91: folds 
PhoenixAssassin: folds 
Uncalled bet ($1.50) returned to nikalas22
nikalas22 collected $2.50 from pot
nikalas22: doesn't show hand 
*** SUMMARY ***
Total pot $2.50 | Rake $0 
Seat 1: Xenicide folded before Flop (didn't bet)
Seat 2: nikalas22 (button) collected ($2.50)
Seat 3: salcri91 (small blind) folded before Flop
Seat 4: PhoenixAssassin (big blind) folded before Flop
Seat 5: Aleqseuka folded before Flop (didn't bet)
Seat 6: AhmedAA1 folded before Flop (didn't bet)



PokerStars Hand #254457501903:  Hold'em No Limit ($0.50/$1.00 USD) - 2025/01/19 22:26:41 WET [2025/01/19 17:26:41 ET]
Table 'Ohio IV' 6-max Seat #3 is the button
Seat 1: Xenicide ($131.25 in chips) 
Seat 2: nikalas22 ($101.50 in chips) 
Seat 3: salcri91 ($117.06 in chips) 
Seat 4: PhoenixAssassin ($100 in chips) 
Seat 5: Aleqseuka ($120.94 in chips) 
Seat 6: AhmedAA1 ($81.38 in chips) 
PhoenixAssassin: posts small blind $0.50
Aleqseuka: posts big blind $1
*** HOLE CARDS ***
AhmedAA1: calls $1
Xenicide: folds 
nikalas22: folds 
salcri91: folds 
PhoenixAssassin: folds 
Aleqseuka: checks 
*** FLOP *** [Jh 5h 8d]
Aleqseuka: checks 
AhmedAA1: checks 
*** TURN *** [Jh 5h 8d] [2s]
Aleqseuka: bets $1.31
AhmedAA1: calls $1.31
*** RIVER *** [Jh 5h 8d 2s] [4c]
Aleqseuka: bets $6.22
AhmedAA1: raises $7.22 to $13.44
Aleqseuka: folds 
Uncalled bet ($7.22) returned to AhmedAA1
AhmedAA1 collected $16.68 from pot
*** SUMMARY ***
Total pot $17.56 | Rake $0.88 
Board [Jh 5h 8d 2s 4c]
Seat 1: Xenicide folded before Flop (didn't bet)
Seat 2: nikalas22 folded before Flop (didn't bet)
Seat 3: salcri91 (button) folded before Flop (didn't bet)
Seat 4: PhoenixAssassin (small blind) folded before Flop
Seat 5: Aleqseuka (big blind) folded on the River
Seat 6: AhmedAA1 collected ($16.68)



PokerStars Hand #254457526137:  Hold'em No Limit ($0.50/$1.00 USD) - 2025/01/19 22:27:52 WET [2025/01/19 17:27:52 ET]
Table 'Ohio IV' 6-max Seat #4 is the button
Seat 1: Xenicide ($131.25 in chips) 
Seat 2: nikalas22 ($101.50 in chips) 
Seat 3: salcri91 ($117.06 in chips) 
Seat 4: PhoenixAssassin ($100 in chips) 
Seat 5: Aleqseuka ($112.41 in chips) 
Seat 6: AhmedAA1 ($89.53 in chips) 
Aleqseuka: posts small blind $0.50
AhmedAA1: posts big blind $1
*** HOLE CARDS ***
Xenicide: folds 
nikalas22: folds 
salcri91: raises $1 to $2
PhoenixAssassin: raises $5 to $7
Aleqseuka: folds 
AhmedAA1: folds 
salcri91: folds 
Uncalled bet ($5) returned to PhoenixAssassin
PhoenixAssassin collected $5.50 from pot
PhoenixAssassin: doesn't show hand 
*** SUMMARY ***
Total pot $5.50 | Rake $0 
Seat 1: Xenicide folded before Flop (didn't bet)
Seat 2: nikalas22 folded before Flop (didn't bet)
Seat 3: salcri91 folded before Flop
Seat 4: PhoenixAssassin (button) collected ($5.50)
Seat 5: Aleqseuka (small blind) folded before Flop
Seat 6: AhmedAA1 (big blind) folded before Flop



PokerStars Hand #254457533747:  Hold'em No Limit ($0.50/$1.00 USD) - 2025/01/19 22:28:15 WET [2025/01/19 17:28:15 ET]
Table 'Ohio IV' 6-max Seat #5 is the button
Seat 1: Xenicide ($131.25 in chips) 
Seat 2: nikalas22 ($101.50 in chips) 
Seat 3: salcri91 ($115.06 in chips) 
Seat 4: PhoenixAssassin ($103.50 in chips) 
Seat 5: Aleqseuka ($111.91 in chips) 
Seat 6: AhmedAA1 ($88.53 in chips) 
AhmedAA1: posts small blind $0.50
Xenicide: posts big blind $1
*** HOLE CARDS ***
nikalas22: folds 
salcri91: folds 
PhoenixAssassin: folds 
Aleqseuka: folds 
AhmedAA1: calls $0.50
Xenicide: raises $3.50 to $4.50
AhmedAA1: calls $3.50
*** FLOP *** [Qd 2s 3d]
AhmedAA1: checks 
Xenicide: bets $2.14
AhmedAA1: folds 
Uncalled bet ($2.14) returned to Xenicide
Xenicide collected $8.55 from pot
*** SUMMARY ***
Total pot $9 | Rake $0.45 
Board [Qd 2s 3d]
Seat 1: Xenicide (big blind) collected ($8.55)
Seat 2: nikalas22 folded before Flop (didn't bet)
Seat 3: salcri91 folded before Flop (didn't bet)
Seat 4: PhoenixAssassin folded before Flop (didn't bet)
Seat 5: Aleqseuka (button) folded before Flop (didn't bet)
Seat 6: AhmedAA1 (small blind) folded on the Flop



PokerStars Hand #254457551296:  Hold'em No Limit ($0.50/$1.00 USD) - 2025/01/19 22:29:06 WET [2025/01/19 17:29:06 ET]
Table 'Ohio IV' 6-max Seat #6 is the button
Seat 1: Xenicide ($135.30 in chips) 
Seat 2: nikalas22 ($101.50 in chips) 
Seat 3: salcri91 ($115.06 in chips) 
Seat 4: PhoenixAssassin ($103.50 in chips) 
Seat 5: Aleqseuka ($111.91 in chips) 
Seat 6: AhmedAA1 ($84.03 in chips) 
Xenicide: posts small blind $0.50
nikalas22: posts big blind $1
*** HOLE CARDS ***
salcri91: folds 
PhoenixAssassin: folds 
Aleqseuka: raises $1.50 to $2.50
AhmedAA1: calls $2.50
Xenicide: folds 
nikalas22: folds 
*** FLOP *** [Jc 4d Kd]
Aleqseuka: checks 
AhmedAA1: checks 
*** TURN *** [Jc 4d Kd] [3d]
Aleqseuka: checks 
AhmedAA1: bets $3
Aleqseuka: calls $3
*** RIVER *** [Jc 4d Kd 3d] [6d]
Aleqseuka: checks 
AhmedAA1: checks 
*** SHOW DOWN ***
Aleqseuka: shows [Js 7s] (a pair of Jacks)
AhmedAA1: shows [7d 8d] (a flush, King high)
AhmedAA1 collected $11.88 from pot
*** SUMMARY ***
Total pot $12.50 | Rake $0.62 
Board [Jc 4d Kd 3d 6d]
Seat 1: Xenicide (small blind) folded before Flop
Seat 2: nikalas22 (big blind) folded before Flop
Seat 3: salcri91 folded before Flop (didn't bet)
Seat 4: PhoenixAssassin folded before Flop (didn't bet)
Seat 5: Aleqseuka showed [Js 7s] and lost with a pair of Jacks
Seat 6: AhmedAA1 (button) showed [7d 8d] and won ($11.88) with a flush, King high



PokerStars Hand #254457575113:  Hold'em No Limit ($0.50/$1.00 USD) - 2025/01/19 22:30:15 WET [2025/01/19 17:30:15 ET]
Table 'Ohio IV' 6-max Seat #1 is the button
Seat 1: Xenicide ($134.80 in chips) 
Seat 2: nikalas22 ($100.50 in chips) 
Seat 3: salcri91 ($115.06 in chips) 
Seat 4: PhoenixAssassin ($103.50 in chips) 
Seat 5: Aleqseuka ($106.41 in chips) 
Seat 6: AhmedAA1 ($90.41 in chips) 
nikalas22: posts small blind $0.50
salcri91: posts big blind $1
*** HOLE CARDS ***
PhoenixAssassin: folds 
Aleqseuka: folds 
AhmedAA1: calls $1
Xenicide: folds 
nikalas22: folds 
salcri91: checks 
*** FLOP *** [Qs Kd 2s]
salcri91: checks 
AhmedAA1: checks 
*** TURN *** [Qs Kd 2s] [Th]
salcri91: checks 
AhmedAA1: checks 
*** RIVER *** [Qs Kd 2s Th] [Tc]
salcri91: checks 
AhmedAA1: checks 
*** SHOW DOWN ***
salcri91: shows [8h 4h] (a pair of Tens)
AhmedAA1: shows [3d Jh] (a pair of Tens - King+Queen+Jack kicker)
AhmedAA1 collected $2.38 from pot
*** SUMMARY ***
Total pot $2.50 | Rake $0.12 
Board [Qs Kd 2s Th Tc]
Seat 1: Xenicide (button) folded before Flop (didn't bet)
Seat 2: nikalas22 (small blind) folded before Flop
Seat 3: salcri91 (big blind) showed [8h 4h] and lost with a pair of Tens
Seat 4: PhoenixAssassin folded before Flop (didn't bet)
Seat 5: Aleqseuka folded before Flop (didn't bet)
Seat 6: AhmedAA1 showed [3d Jh] and won ($2.38) with a pair of Tens



PokerStars Hand #254457585998:  Hold'em No Limit ($0.50/$1.00 USD) - 2025/01/19 22:30:47 WET [2025/01/19 17:30:47 ET]
Table 'Ohio IV' 6-max Seat #2 is the button
Seat 1: Xenicide ($134.80 in chips) 
Seat 2: nikalas22 ($100 in chips) 
Seat 3: salcri91 ($114.06 in chips) 
Seat 4: PhoenixAssassin ($103.50 in chips) 
Seat 5: Aleqseuka ($106.41 in chips) 
Seat 6: AhmedAA1 ($91.79 in chips) 
salcri91: posts small blind $0.50
PhoenixAssassin: posts big blind $1
*** HOLE CARDS ***
Aleqseuka: folds 
AhmedAA1: folds 
Xenicide: folds 
nikalas22: folds 
AhmedAA1 leaves the table
Aleqseuka leaves the table
salcri91: calls $0.50
PhoenixAssassin: checks 
*** FLOP *** [4h 7d 3s]
salcri91: bets $1
PhoenixAssassin: folds 
Uncalled bet ($1) returned to salcri91
salcri91 collected $1.90 from pot
salcri91: doesn't show hand 
*** SUMMARY ***
Total pot $2 | Rake $0.10 
Board [4h 7d 3s]
Seat 1: Xenicide folded before Flop (didn't bet)
Seat 2: nikalas22 (button) folded before Flop (didn't bet)
Seat 3: salcri91 (small blind) collected ($1.90)
Seat 4: PhoenixAssassin (big blind) folded on the Flop
Seat 5: Aleqseuka folded before Flop (didn't bet)
Seat 6: AhmedAA1 folded before Flop (didn't bet)



PokerStars Hand #254457597069:  Hold'em No Limit ($0.50/$1.00 USD) - 2025/01/19 22:31:19 WET [2025/01/19 17:31:19 ET]
Table 'Ohio IV' 6-max Seat #3 is the button
Seat 1: Xenicide ($134.80 in chips) 
Seat 2: nikalas22 ($100 in chips) 
Seat 3: salcri91 ($114.96 in chips) 
Seat 4: PhoenixAssassin ($102.50 in chips) 
PhoenixAssassin: posts small blind $0.50
Xenicide: posts big blind $1
*** HOLE CARDS ***
nikalas22: folds 
salcri91 has timed out
salcri91: folds 
PhoenixAssassin: raises $2 to $3
Xenicide: folds 
Uncalled bet ($2) returned to PhoenixAssassin
PhoenixAssassin collected $2 from pot
PhoenixAssassin: doesn't show hand 
*** SUMMARY ***
Total pot $2 | Rake $0 
Seat 1: Xenicide (big blind) folded before Flop
Seat 2: nikalas22 folded before Flop (didn't bet)
Seat 3: salcri91 (button) folded before Flop (didn't bet)
Seat 4: PhoenixAssassin (small blind) collected ($2)



PokerStars Hand #254457609273:  Hold'em No Limit ($0.50/$1.00 USD) - 2025/01/19 22:31:55 WET [2025/01/19 17:31:55 ET]
Table 'Ohio IV' 6-max Seat #4 is the button
Seat 2: nikalas22 ($100 in chips) is sitting out
Seat 1: Xenicide ($133.80 in chips) 
Seat 3: salcri91 ($114.96 in chips) 
Seat 4: PhoenixAssassin ($103.50 in chips) 
Xenicide: posts small blind $0.50
nikalas22: is sitting out 
salcri91: posts big blind $1
*** HOLE CARDS ***
PhoenixAssassin: folds 
nikalas22 leaves the table
Xenicide: folds 
Uncalled bet ($0.50) returned to salcri91
salcri91 collected $1 from pot
salcri91: doesn't show hand 
*** SUMMARY ***
Total pot $1 | Rake $0 
Seat 2: nikalas22
Seat 1: Xenicide (small blind) folded before Flop
Seat 3: salcri91 (big blind) collected ($1)
Seat 4: PhoenixAssassin (button) folded before Flop (didn't bet)



PokerStars Hand #254457614586:  Hold'em No Limit ($0.50/$1.00 USD) - 2025/01/19 22:32:10 WET [2025/01/19 17:32:10 ET]
Table 'Ohio IV' 6-max Seat #3 is the button
Seat 4: PhoenixAssassin ($103.50 in chips) is sitting out
Seat 1: Xenicide ($133.30 in chips) 
Seat 3: salcri91 ($115.46 in chips) 
salcri91: posts small blind $0.50
PhoenixAssassin: is sitting out 
Xenicide: posts big blind $1
*** HOLE CARDS ***
salcri91: raises $2 to $3
PhoenixAssassin leaves the table
Xenicide: raises $7.50 to $10.50
salcri91: folds 
Uncalled bet ($7.50) returned to Xenicide
Xenicide collected $6 from pot
*** SUMMARY ***
Total pot $6 | Rake $0 
Seat 4: PhoenixAssassin
Seat 1: Xenicide (big blind) collected ($6)
Seat 3: salcri91 (button) (small blind) folded before Flop



