PokerStars Hand #254457530722:  Hold'em No Limit ($0.50/$1.00 USD) - 2025/01/19 22:28:06 WET [2025/01/19 17:28:06 ET]
Table 'Aquarius IV' 6-max Seat #1 is the button
Seat 1: CEPTT ($100 in chips) 
Seat 2: Manifestorr ($100 in chips) 
Seat 5: [FB]Voodoo ($100 in chips) 
Manifestorr: posts small blind $0.50
[FB]Voodoo: posts big blind $1
*** HOLE CARDS ***
CEPTT: raises $1.85 to $2.85
Manifestorr: folds 
[FB]Voodoo: folds 
Uncalled bet ($1.85) returned to CEPTT
CEPTT collected $2.50 from pot
CEPTT: doesn't show hand 
*** SUMMARY ***
Total pot $2.50 | Rake $0 
Seat 1: CEPTT (button) collected ($2.50)
Seat 2: Manifestorr (small blind) folded before Flop
Seat 5: [FB]Voodoo (big blind) folded before Flop



PokerStars Hand #254457535795:  Hold'em No Limit ($0.50/$1.00 USD) - 2025/01/19 22:28:21 WET [2025/01/19 17:28:21 ET]
Table 'Aquarius IV' 6-max Seat #2 is the button
Seat 1: CEPTT ($101.50 in chips) 
Seat 2: Manifestorr ($100 in chips) 
Seat 5: [FB]Voodoo ($100 in chips) 
[FB]Voodoo: posts small blind $0.50
CEPTT: posts big blind $1
*** HOLE CARDS ***
Manifestorr: folds 
[FB]Voodoo: folds 
Uncalled bet ($0.50) returned to CEPTT
CEPTT collected $1 from pot
CEPTT: doesn't show hand 
*** SUMMARY ***
Total pot $1 | Rake $0 
Seat 1: CEPTT (big blind) collected ($1)
Seat 2: Manifestorr (button) folded before Flop (didn't bet)
Seat 5: [FB]Voodoo (small blind) folded before Flop



PokerStars Hand #254457538357:  Hold'em No Limit ($0.50/$1.00 USD) - 2025/01/19 22:28:28 WET [2025/01/19 17:28:28 ET]
Table 'Aquarius IV' 6-max Seat #5 is the button
Seat 1: CEPTT ($102 in chips) 
Seat 2: Manifestorr ($100 in chips) 
Seat 5: [FB]Voodoo ($100 in chips) 
CEPTT: posts small blind $0.50
Manifestorr: posts big blind $1
*** HOLE CARDS ***
[FB]Voodoo: folds 
CEPTT: folds 
Uncalled bet ($0.50) returned to Manifestorr
Manifestorr collected $1 from pot
*** SUMMARY ***
Total pot $1 | Rake $0 
Seat 1: CEPTT (small blind) folded before Flop
Seat 2: Manifestorr (big blind) collected ($1)
Seat 5: [FB]Voodoo (button) folded before Flop (didn't bet)



PokerStars Hand #254457542086:  Hold'em No Limit ($0.50/$1.00 USD) - 2025/01/19 22:28:39 WET [2025/01/19 17:28:39 ET]
Table 'Aquarius IV' 6-max Seat #1 is the button
Seat 1: CEPTT ($101.50 in chips) 
Seat 2: Manifestorr ($100.50 in chips) 
Seat 5: [FB]Voodoo ($100 in chips) 
Manifestorr: posts small blind $0.50
[FB]Voodoo: posts big blind $1
*** HOLE CARDS ***
CEPTT: raises $1.85 to $2.85
Manifestorr: folds 
[FB]Voodoo: folds 
Uncalled bet ($1.85) returned to CEPTT
CEPTT collected $2.50 from pot
CEPTT: doesn't show hand 
*** SUMMARY ***
Total pot $2.50 | Rake $0 
Seat 1: CEPTT (button) collected ($2.50)
Seat 2: Manifestorr (small blind) folded before Flop
Seat 5: [FB]Voodoo (big blind) folded before Flop



PokerStars Hand #254457545024:  Hold'em No Limit ($0.50/$1.00 USD) - 2025/01/19 22:28:48 WET [2025/01/19 17:28:48 ET]
Table 'Aquarius IV' 6-max Seat #2 is the button
Seat 1: CEPTT ($103 in chips) 
Seat 2: Manifestorr ($100 in chips) 
Seat 5: [FB]Voodoo ($100 in chips) 
[FB]Voodoo: posts small blind $0.50
CEPTT: posts big blind $1
*** HOLE CARDS ***
Manifestorr: folds 
[FB]Voodoo: raises $2 to $3
CEPTT: folds 
Uncalled bet ($2) returned to [FB]Voodoo
[FB]Voodoo collected $2 from pot
[FB]Voodoo: doesn't show hand 
*** SUMMARY ***
Total pot $2 | Rake $0 
Seat 1: CEPTT (big blind) folded before Flop
Seat 2: Manifestorr (button) folded before Flop (didn't bet)
Seat 5: [FB]Voodoo (small blind) collected ($2)



PokerStars Hand #254457549225:  Hold'em No Limit ($0.50/$1.00 USD) - 2025/01/19 22:29:00 WET [2025/01/19 17:29:00 ET]
Table 'Aquarius IV' 6-max Seat #5 is the button
Seat 1: CEPTT ($102 in chips) 
Seat 2: Manifestorr ($100 in chips) 
Seat 5: [FB]Voodoo ($101 in chips) 
CEPTT: posts small blind $0.50
Manifestorr: posts big blind $1
*** HOLE CARDS ***
[FB]Voodoo: folds 
[FB]Voodoo leaves the table
CEPTT: raises $2 to $3
Manifestorr: folds 
Uncalled bet ($2) returned to CEPTT
CEPTT collected $2 from pot
CEPTT: doesn't show hand 
*** SUMMARY ***
Total pot $2 | Rake $0 
Seat 1: CEPTT (small blind) collected ($2)
Seat 2: Manifestorr (big blind) folded before Flop
Seat 5: [FB]Voodoo (button) folded before Flop (didn't bet)



PokerStars Hand #254457555090:  Hold'em No Limit ($0.50/$1.00 USD) - 2025/01/19 22:29:17 WET [2025/01/19 17:29:17 ET]
Table 'Aquarius IV' 6-max Seat #2 is the button
Seat 1: CEPTT ($103 in chips) 
Seat 2: Manifestorr ($100 in chips) 
Manifestorr: posts small blind $0.50
CEPTT: posts big blind $1
*** HOLE CARDS ***
Manifestorr: raises $1 to $2
CEPTT: folds 
Uncalled bet ($1) returned to Manifestorr
Manifestorr collected $2 from pot
*** SUMMARY ***
Total pot $2 | Rake $0 
Seat 1: CEPTT (big blind) folded before Flop
Seat 2: Manifestorr (button) (small blind) collected ($2)



PokerStars Hand #254457572000:  Hold'em No Limit ($0.50/$1.00 USD) - 2025/01/19 22:30:06 WET [2025/01/19 17:30:06 ET]
Table 'Aquarius IV' 6-max Seat #1 is the button
Seat 1: CEPTT ($102 in chips) 
Seat 2: Manifestorr ($101 in chips) 
CEPTT: posts small blind $0.50
Manifestorr: posts big blind $1
*** HOLE CARDS ***
CEPTT: folds 
Uncalled bet ($0.50) returned to Manifestorr
Manifestorr collected $1 from pot
*** SUMMARY ***
Total pot $1 | Rake $0 
Seat 1: CEPTT (button) (small blind) folded before Flop
Seat 2: Manifestorr (big blind) collected ($1)



