PokerStars Hand #254446920214:  Hold'em No Limit ($0.50/$1.00 USD) - 2025/01/19 13:53:20 WET [2025/01/19 8:53:20 ET]
Table 'Alstede III' 6-max Seat #1 is the button
Seat 1: mr.Jckpot ($100 in chips) 
Seat 2: Aescul@pius ($100 in chips) 
Seat 3: NikoPale ($100 in chips) 
Seat 4: yzuk ($100 in chips) 
Seat 5: emimeth ($50.87 in chips) 
Seat 6: nastja336 ($104 in chips) 
Aescul@pius: posts small blind $0.50
NikoPale: posts big blind $1
*** HOLE CARDS ***
yzuk: folds 
emimeth: calls $1
nastja336: folds 
mr.Jckpot: folds 
Aescul@pius: folds 
NikoPale: checks 
*** FLOP *** [8h Qs 6c]
NikoPale: bets $1
emimeth: calls $1
*** TURN *** [8h Qs 6c] [Jh]
NikoPale: checks 
emimeth: checks 
*** RIVER *** [8h Qs 6c Jh] [Qc]
NikoPale: checks 
emimeth: checks 
*** SHOW DOWN ***
NikoPale: shows [6h 3c] (two pair, Queens and Sixes)
emimeth: mucks hand 
NikoPale collected $4.28 from pot
*** SUMMARY ***
Total pot $4.50 | Rake $0.22 
Board [8h Qs 6c Jh Qc]
Seat 1: mr.Jckpot (button) folded before Flop (didn't bet)
Seat 2: Aescul@pius (small blind) folded before Flop
Seat 3: NikoPale (big blind) showed [6h 3c] and won ($4.28) with two pair, Queens and Sixes
Seat 4: yzuk folded before Flop (didn't bet)
Seat 5: emimeth mucked
Seat 6: nastja336 folded before Flop (didn't bet)



PokerStars Hand #254446926938:  Hold'em No Limit ($0.50/$1.00 USD) - 2025/01/19 13:53:54 WET [2025/01/19 8:53:54 ET]
Table 'Alstede III' 6-max Seat #2 is the button
Seat 1: mr.Jckpot ($100 in chips) 
Seat 2: Aescul@pius ($100 in chips) 
Seat 3: NikoPale ($102.28 in chips) 
Seat 4: yzuk ($100 in chips) 
Seat 5: emimeth ($48.87 in chips) 
Seat 6: nastja336 ($104 in chips) 
NikoPale: posts small blind $0.50
yzuk: posts big blind $1
*** HOLE CARDS ***
emimeth: calls $1
nastja336: folds 
mr.Jckpot: folds 
Aescul@pius: folds 
NikoPale: raises $4 to $5
yzuk: calls $4
emimeth: calls $4
*** FLOP *** [4d Kc 6h]
NikoPale: bets $4.70
yzuk: calls $4.70
emimeth: calls $4.70
*** TURN *** [4d Kc 6h] [2c]
NikoPale: checks 
yzuk: checks 
emimeth: checks 
*** RIVER *** [4d Kc 6h 2c] [7c]
NikoPale: checks 
yzuk: checks 
emimeth: checks 
*** SHOW DOWN ***
NikoPale: shows [Jc Js] (a pair of Jacks)
yzuk: mucks hand 
emimeth: mucks hand 
NikoPale collected $27.64 from pot
*** SUMMARY ***
Total pot $29.10 | Rake $1.46 
Board [4d Kc 6h 2c 7c]
Seat 1: mr.Jckpot folded before Flop (didn't bet)
Seat 2: Aescul@pius (button) folded before Flop (didn't bet)
Seat 3: NikoPale (small blind) showed [Jc Js] and won ($27.64) with a pair of Jacks
Seat 4: yzuk (big blind) mucked
Seat 5: emimeth mucked
Seat 6: nastja336 folded before Flop (didn't bet)



PokerStars Hand #254446939626:  Hold'em No Limit ($0.50/$1.00 USD) - 2025/01/19 13:54:58 WET [2025/01/19 8:54:58 ET]
Table 'Alstede III' 6-max Seat #3 is the button
Seat 1: mr.Jckpot ($100 in chips) 
Seat 2: Aescul@pius ($100 in chips) 
Seat 3: NikoPale ($120.22 in chips) 
Seat 4: yzuk ($100 in chips) 
Seat 5: emimeth ($39.17 in chips) 
Seat 6: nastja336 ($104 in chips) 
yzuk: posts small blind $0.50
emimeth: posts big blind $1
*** HOLE CARDS ***
nastja336: folds 
mr.Jckpot: raises $1.50 to $2.50
Aescul@pius: folds 
NikoPale: folds 
yzuk: folds 
emimeth: calls $1.50
*** FLOP *** [Kc Qc 6s]
emimeth: checks 
mr.Jckpot: bets $1.72
emimeth: folds 
Uncalled bet ($1.72) returned to mr.Jckpot
mr.Jckpot collected $5.22 from pot
mr.Jckpot: doesn't show hand 
*** SUMMARY ***
Total pot $5.50 | Rake $0.28 
Board [Kc Qc 6s]
Seat 1: mr.Jckpot collected ($5.22)
Seat 2: Aescul@pius folded before Flop (didn't bet)
Seat 3: NikoPale (button) folded before Flop (didn't bet)
Seat 4: yzuk (small blind) folded before Flop
Seat 5: emimeth (big blind) folded on the Flop
Seat 6: nastja336 folded before Flop (didn't bet)



PokerStars Hand #254446945078:  Hold'em No Limit ($0.50/$1.00 USD) - 2025/01/19 13:55:33 WET [2025/01/19 8:55:33 ET]
Table 'Alstede III' 6-max Seat #4 is the button
Seat 1: mr.Jckpot ($102.72 in chips) 
Seat 2: Aescul@pius ($100 in chips) 
Seat 3: NikoPale ($120.22 in chips) 
Seat 4: yzuk ($100 in chips) 
Seat 5: emimeth ($36.67 in chips) 
Seat 6: nastja336 ($104 in chips) 
emimeth: posts small blind $0.50
nastja336: posts big blind $1
*** HOLE CARDS ***
mr.Jckpot: folds 
Aescul@pius: folds 
NikoPale: raises $2 to $3
yzuk: folds 
emimeth: calls $2.50
nastja336: folds 
*** FLOP *** [9d Ks 4s]
emimeth: checks 
NikoPale: checks 
*** TURN *** [9d Ks 4s] [5h]
emimeth: checks 
NikoPale: bets $3.33
emimeth: folds 
Uncalled bet ($3.33) returned to NikoPale
NikoPale collected $6.65 from pot
NikoPale: doesn't show hand 
*** SUMMARY ***
Total pot $7 | Rake $0.35 
Board [9d Ks 4s 5h]
Seat 1: mr.Jckpot folded before Flop (didn't bet)
Seat 2: Aescul@pius folded before Flop (didn't bet)
Seat 3: NikoPale collected ($6.65)
Seat 4: yzuk (button) folded before Flop (didn't bet)
Seat 5: emimeth (small blind) folded on the Turn
Seat 6: nastja336 (big blind) folded before Flop



PokerStars Hand #254446950685:  Hold'em No Limit ($0.50/$1.00 USD) - 2025/01/19 13:56:11 WET [2025/01/19 8:56:11 ET]
Table 'Alstede III' 6-max Seat #5 is the button
Seat 1: mr.Jckpot ($102.72 in chips) 
Seat 2: Aescul@pius ($100 in chips) 
Seat 3: NikoPale ($123.87 in chips) 
Seat 4: yzuk ($100 in chips) 
Seat 5: emimeth ($33.67 in chips) 
Seat 6: nastja336 ($103 in chips) 
nastja336: posts small blind $0.50
mr.Jckpot: posts big blind $1
*** HOLE CARDS ***
Aescul@pius: folds 
NikoPale: folds 
yzuk: folds 
emimeth: calls $1
nastja336: folds 
mr.Jckpot: checks 
*** FLOP *** [Ks 5c Qs]
mr.Jckpot: checks 
emimeth: checks 
*** TURN *** [Ks 5c Qs] [Ac]
mr.Jckpot: checks 
emimeth: checks 
*** RIVER *** [Ks 5c Qs Ac] [Ts]
mr.Jckpot: checks 
emimeth: bets $4
mr.Jckpot: folds 
Uncalled bet ($4) returned to emimeth
emimeth collected $2.38 from pot
*** SUMMARY ***
Total pot $2.50 | Rake $0.12 
Board [Ks 5c Qs Ac Ts]
Seat 1: mr.Jckpot (big blind) folded on the River
Seat 2: Aescul@pius folded before Flop (didn't bet)
Seat 3: NikoPale folded before Flop (didn't bet)
Seat 4: yzuk folded before Flop (didn't bet)
Seat 5: emimeth (button) collected ($2.38)
Seat 6: nastja336 (small blind) folded before Flop



PokerStars Hand #254446955231:  Hold'em No Limit ($0.50/$1.00 USD) - 2025/01/19 13:56:41 WET [2025/01/19 8:56:41 ET]
Table 'Alstede III' 6-max Seat #6 is the button
Seat 1: mr.Jckpot ($101.72 in chips) 
Seat 2: Aescul@pius ($100 in chips) 
Seat 3: NikoPale ($123.87 in chips) 
Seat 4: yzuk ($100 in chips) 
Seat 5: emimeth ($35.05 in chips) 
Seat 6: nastja336 ($102.50 in chips) 
mr.Jckpot: posts small blind $0.50
Aescul@pius: posts big blind $1
*** HOLE CARDS ***
NikoPale: folds 
yzuk: folds 
emimeth: calls $1
nastja336: folds 
mr.Jckpot: folds 
Aescul@pius: checks 
*** FLOP *** [5s Qc Jh]
Aescul@pius: checks 
emimeth: checks 
*** TURN *** [5s Qc Jh] [7s]
Aescul@pius: checks 
emimeth: checks 
*** RIVER *** [5s Qc Jh 7s] [5h]
Aescul@pius: bets $2.14
emimeth: calls $2.14
*** SHOW DOWN ***
Aescul@pius: shows [5d 6d] (three of a kind, Fives)
emimeth: mucks hand 
Aescul@pius collected $6.44 from pot
*** SUMMARY ***
Total pot $6.78 | Rake $0.34 
Board [5s Qc Jh 7s 5h]
Seat 1: mr.Jckpot (small blind) folded before Flop
Seat 2: Aescul@pius (big blind) showed [5d 6d] and won ($6.44) with three of a kind, Fives
Seat 3: NikoPale folded before Flop (didn't bet)
Seat 4: yzuk folded before Flop (didn't bet)
Seat 5: emimeth mucked
Seat 6: nastja336 (button) folded before Flop (didn't bet)



PokerStars Hand #254446966234:  Hold'em No Limit ($0.50/$1.00 USD) - 2025/01/19 13:57:53 WET [2025/01/19 8:57:53 ET]
Table 'Alstede III' 6-max Seat #1 is the button
Seat 1: mr.Jckpot ($101.22 in chips) 
Seat 2: Aescul@pius ($103.30 in chips) 
Seat 3: NikoPale ($123.87 in chips) 
Seat 4: yzuk ($100 in chips) 
Seat 5: emimeth ($31.91 in chips) 
Seat 6: nastja336 ($102.50 in chips) 
Aescul@pius: posts small blind $0.50
NikoPale: posts big blind $1
*** HOLE CARDS ***
yzuk: folds 
emimeth: calls $1
nastja336: folds 
mr.Jckpot: raises $2.50 to $3.50
Aescul@pius: folds 
NikoPale: folds 
emimeth: folds 
Uncalled bet ($2.50) returned to mr.Jckpot
mr.Jckpot collected $3.50 from pot
mr.Jckpot: doesn't show hand 
*** SUMMARY ***
Total pot $3.50 | Rake $0 
Seat 1: mr.Jckpot (button) collected ($3.50)
Seat 2: Aescul@pius (small blind) folded before Flop
Seat 3: NikoPale (big blind) folded before Flop
Seat 4: yzuk folded before Flop (didn't bet)
Seat 5: emimeth folded before Flop
Seat 6: nastja336 folded before Flop (didn't bet)



PokerStars Hand #254446970275:  Hold'em No Limit ($0.50/$1.00 USD) - 2025/01/19 13:58:19 WET [2025/01/19 8:58:19 ET]
Table 'Alstede III' 6-max Seat #2 is the button
Seat 1: mr.Jckpot ($103.72 in chips) 
Seat 2: Aescul@pius ($102.80 in chips) 
Seat 3: NikoPale ($122.87 in chips) 
Seat 4: yzuk ($100 in chips) 
Seat 5: emimeth ($30.91 in chips) 
Seat 6: nastja336 ($102.50 in chips) 
NikoPale: posts small blind $0.50
yzuk: posts big blind $1
*** HOLE CARDS ***
emimeth: calls $1
nastja336: raises $3.50 to $4.50
mr.Jckpot: folds 
Aescul@pius: folds 
NikoPale: folds 
yzuk: folds 
emimeth: calls $3.50
*** FLOP *** [Kh 2c 6h]
emimeth: checks 
nastja336: bets $4.99
emimeth: folds 
Uncalled bet ($4.99) returned to nastja336
nastja336 collected $9.98 from pot
nastja336: doesn't show hand 
*** SUMMARY ***
Total pot $10.50 | Rake $0.52 
Board [Kh 2c 6h]
Seat 1: mr.Jckpot folded before Flop (didn't bet)
Seat 2: Aescul@pius (button) folded before Flop (didn't bet)
Seat 3: NikoPale (small blind) folded before Flop
Seat 4: yzuk (big blind) folded before Flop
Seat 5: emimeth folded on the Flop
Seat 6: nastja336 collected ($9.98)



PokerStars Hand #254446976517:  Hold'em No Limit ($0.50/$1.00 USD) - 2025/01/19 13:59:00 WET [2025/01/19 8:59:00 ET]
Table 'Alstede III' 6-max Seat #3 is the button
Seat 1: mr.Jckpot ($103.72 in chips) 
Seat 2: Aescul@pius ($102.80 in chips) 
Seat 3: NikoPale ($122.37 in chips) 
Seat 4: yzuk ($100 in chips) 
Seat 5: emimeth ($26.41 in chips) 
Seat 6: nastja336 ($107.98 in chips) 
yzuk: posts small blind $0.50
emimeth: posts big blind $1
*** HOLE CARDS ***
nastja336: folds 
mr.Jckpot: folds 
Aescul@pius: folds 
NikoPale: raises $2 to $3
yzuk: folds 
emimeth: calls $2
*** FLOP *** [4h 4s Ad]
emimeth: checks 
NikoPale: bets $3.09
emimeth: calls $3.09
*** TURN *** [4h 4s Ad] [Jh]
emimeth: checks 
NikoPale: checks 
*** RIVER *** [4h 4s Ad Jh] [8c]
emimeth: bets $10
NikoPale: folds 
Uncalled bet ($10) returned to emimeth
emimeth collected $12.05 from pot
*** SUMMARY ***
Total pot $12.68 | Rake $0.63 
Board [4h 4s Ad Jh 8c]
Seat 1: mr.Jckpot folded before Flop (didn't bet)
Seat 2: Aescul@pius folded before Flop (didn't bet)
Seat 3: NikoPale (button) folded on the River
Seat 4: yzuk (small blind) folded before Flop
Seat 5: emimeth (big blind) collected ($12.05)
Seat 6: nastja336 folded before Flop (didn't bet)



PokerStars Hand #254446982679:  Hold'em No Limit ($0.50/$1.00 USD) - 2025/01/19 13:59:40 WET [2025/01/19 8:59:40 ET]
Table 'Alstede III' 6-max Seat #4 is the button
Seat 1: mr.Jckpot ($103.72 in chips) 
Seat 2: Aescul@pius ($102.80 in chips) 
Seat 3: NikoPale ($116.28 in chips) 
Seat 4: yzuk ($100 in chips) 
Seat 5: emimeth ($32.37 in chips) 
Seat 6: nastja336 ($107.98 in chips) 
emimeth: posts small blind $0.50
nastja336: posts big blind $1
*** HOLE CARDS ***
mr.Jckpot: folds 
Aescul@pius: folds 
NikoPale: folds 
yzuk: raises $1.50 to $2.50
emimeth: calls $2
nastja336: folds 
*** FLOP *** [Tc Kc Kd]
emimeth: checks 
yzuk: checks 
*** TURN *** [Tc Kc Kd] [9d]
emimeth: bets $2
yzuk: folds 
Uncalled bet ($2) returned to emimeth
emimeth collected $5.70 from pot
*** SUMMARY ***
Total pot $6 | Rake $0.30 
Board [Tc Kc Kd 9d]
Seat 1: mr.Jckpot folded before Flop (didn't bet)
Seat 2: Aescul@pius folded before Flop (didn't bet)
Seat 3: NikoPale folded before Flop (didn't bet)
Seat 4: yzuk (button) folded on the Turn
Seat 5: emimeth (small blind) collected ($5.70)
Seat 6: nastja336 (big blind) folded before Flop



PokerStars Hand #254446990102:  Hold'em No Limit ($0.50/$1.00 USD) - 2025/01/19 14:00:27 WET [2025/01/19 9:00:27 ET]
Table 'Alstede III' 6-max Seat #5 is the button
Seat 1: mr.Jckpot ($103.72 in chips) 
Seat 2: Aescul@pius ($102.80 in chips) 
Seat 3: NikoPale ($116.28 in chips) 
Seat 4: yzuk ($100 in chips) 
Seat 5: emimeth ($35.57 in chips) 
Seat 6: nastja336 ($106.98 in chips) 
nastja336: posts small blind $0.50
mr.Jckpot: posts big blind $1
*** HOLE CARDS ***
Aescul@pius: folds 
NikoPale: raises $1.50 to $2.50
yzuk: folds 
emimeth: calls $2.50
nastja336: folds 
mr.Jckpot: calls $1.50
*** FLOP *** [9c 2d 9d]
mr.Jckpot: checks 
NikoPale: checks 
emimeth: checks 
*** TURN *** [9c 2d 9d] [Jh]
mr.Jckpot: checks 
NikoPale: bets $5.09
emimeth: folds 
mr.Jckpot: folds 
Uncalled bet ($5.09) returned to NikoPale
NikoPale collected $7.60 from pot
NikoPale: doesn't show hand 
*** SUMMARY ***
Total pot $8 | Rake $0.40 
Board [9c 2d 9d Jh]
Seat 1: mr.Jckpot (big blind) folded on the Turn
Seat 2: Aescul@pius folded before Flop (didn't bet)
Seat 3: NikoPale collected ($7.60)
Seat 4: yzuk folded before Flop (didn't bet)
Seat 5: emimeth (button) folded on the Turn
Seat 6: nastja336 (small blind) folded before Flop



PokerStars Hand #254446996339:  Hold'em No Limit ($0.50/$1.00 USD) - 2025/01/19 14:01:02 WET [2025/01/19 9:01:02 ET]
Table 'Alstede III' 6-max Seat #6 is the button
Seat 1: mr.Jckpot ($101.22 in chips) 
Seat 2: Aescul@pius ($102.80 in chips) 
Seat 3: NikoPale ($121.38 in chips) 
Seat 4: yzuk ($100 in chips) 
Seat 5: emimeth ($33.07 in chips) 
Seat 6: nastja336 ($106.48 in chips) 
mr.Jckpot: posts small blind $0.50
Aescul@pius: posts big blind $1
*** HOLE CARDS ***
NikoPale: folds 
yzuk: folds 
emimeth: calls $1
nastja336: raises $3 to $4
mr.Jckpot: folds 
Aescul@pius: folds 
emimeth: calls $3
*** FLOP *** [4d 3s Jd]
emimeth: checks 
nastja336: bets $2.98
emimeth: folds 
Uncalled bet ($2.98) returned to nastja336
nastja336 collected $9.02 from pot
nastja336: doesn't show hand 
*** SUMMARY ***
Total pot $9.50 | Rake $0.48 
Board [4d 3s Jd]
Seat 1: mr.Jckpot (small blind) folded before Flop
Seat 2: Aescul@pius (big blind) folded before Flop
Seat 3: NikoPale folded before Flop (didn't bet)
Seat 4: yzuk folded before Flop (didn't bet)
Seat 5: emimeth folded on the Flop
Seat 6: nastja336 (button) collected ($9.02)



PokerStars Hand #254447001806:  Hold'em No Limit ($0.50/$1.00 USD) - 2025/01/19 14:01:31 WET [2025/01/19 9:01:31 ET]
Table 'Alstede III' 6-max Seat #1 is the button
Seat 1: mr.Jckpot ($100.72 in chips) 
Seat 2: Aescul@pius ($101.80 in chips) 
Seat 3: NikoPale ($121.38 in chips) 
Seat 4: yzuk ($100 in chips) 
Seat 5: emimeth ($29.07 in chips) 
Seat 6: nastja336 ($111.50 in chips) 
Aescul@pius: posts small blind $0.50
NikoPale: posts big blind $1
*** HOLE CARDS ***
yzuk: folds 
emimeth: calls $1
nastja336: folds 
mr.Jckpot: folds 
Aescul@pius: folds 
NikoPale: checks 
*** FLOP *** [Qc Ac 5h]
NikoPale: checks 
emimeth: checks 
*** TURN *** [Qc Ac 5h] [Jc]
NikoPale: checks 
emimeth: bets $3
NikoPale: folds 
Uncalled bet ($3) returned to emimeth
emimeth collected $2.38 from pot
*** SUMMARY ***
Total pot $2.50 | Rake $0.12 
Board [Qc Ac 5h Jc]
Seat 1: mr.Jckpot (button) folded before Flop (didn't bet)
Seat 2: Aescul@pius (small blind) folded before Flop
Seat 3: NikoPale (big blind) folded on the Turn
Seat 4: yzuk folded before Flop (didn't bet)
Seat 5: emimeth collected ($2.38)
Seat 6: nastja336 folded before Flop (didn't bet)



PokerStars Hand #254447007731:  Hold'em No Limit ($0.50/$1.00 USD) - 2025/01/19 14:02:01 WET [2025/01/19 9:02:01 ET]
Table 'Alstede III' 6-max Seat #2 is the button
Seat 1: mr.Jckpot ($100.72 in chips) 
Seat 2: Aescul@pius ($101.30 in chips) 
Seat 3: NikoPale ($120.38 in chips) 
Seat 4: yzuk ($100 in chips) 
Seat 5: emimeth ($30.45 in chips) 
Seat 6: nastja336 ($111.50 in chips) 
NikoPale: posts small blind $0.50
yzuk: posts big blind $1
*** HOLE CARDS ***
emimeth: calls $1
nastja336: raises $4 to $5
mr.Jckpot: folds 
Aescul@pius: folds 
NikoPale: folds 
yzuk: folds 
emimeth: calls $4
*** FLOP *** [5d 5c Qc]
emimeth: checks 
nastja336: checks 
*** TURN *** [5d 5c Qc] [5s]
emimeth: checks 
nastja336: checks 
*** RIVER *** [5d 5c Qc 5s] [7h]
emimeth: bets $25.45 and is all-in
nastja336: folds 
Uncalled bet ($25.45) returned to emimeth
emimeth collected $10.92 from pot
*** SUMMARY ***
Total pot $11.50 | Rake $0.58 
Board [5d 5c Qc 5s 7h]
Seat 1: mr.Jckpot folded before Flop (didn't bet)
Seat 2: Aescul@pius (button) folded before Flop (didn't bet)
Seat 3: NikoPale (small blind) folded before Flop
Seat 4: yzuk (big blind) folded before Flop
Seat 5: emimeth collected ($10.92)
Seat 6: nastja336 folded on the River



PokerStars Hand #254447014512:  Hold'em No Limit ($0.50/$1.00 USD) - 2025/01/19 14:02:35 WET [2025/01/19 9:02:35 ET]
Table 'Alstede III' 6-max Seat #3 is the button
Seat 1: mr.Jckpot ($100.72 in chips) 
Seat 2: Aescul@pius ($101.30 in chips) 
Seat 3: NikoPale ($119.88 in chips) 
Seat 4: yzuk ($100 in chips) 
Seat 5: emimeth ($36.37 in chips) 
Seat 6: nastja336 ($106.50 in chips) 
yzuk: posts small blind $0.50
emimeth: posts big blind $1
*** HOLE CARDS ***
nastja336: folds 
mr.Jckpot: folds 
Aescul@pius: folds 
NikoPale: folds 
yzuk: raises $2 to $3
emimeth: calls $2
*** FLOP *** [8c 5d 4d]
yzuk: checks 
emimeth: checks 
*** TURN *** [8c 5d 4d] [5s]
yzuk: bets $1.94
emimeth: calls $1.94
*** RIVER *** [8c 5d 4d 5s] [3h]
yzuk: checks 
emimeth: checks 
*** SHOW DOWN ***
yzuk: shows [Ts Ad] (a pair of Fives)
emimeth: shows [4s Kd] (two pair, Fives and Fours)
emimeth collected $9.39 from pot
*** SUMMARY ***
Total pot $9.88 | Rake $0.49 
Board [8c 5d 4d 5s 3h]
Seat 1: mr.Jckpot folded before Flop (didn't bet)
Seat 2: Aescul@pius folded before Flop (didn't bet)
Seat 3: NikoPale (button) folded before Flop (didn't bet)
Seat 4: yzuk (small blind) showed [Ts Ad] and lost with a pair of Fives
Seat 5: emimeth (big blind) showed [4s Kd] and won ($9.39) with two pair, Fives and Fours
Seat 6: nastja336 folded before Flop (didn't bet)



PokerStars Hand #254447022046:  Hold'em No Limit ($0.50/$1.00 USD) - 2025/01/19 14:03:11 WET [2025/01/19 9:03:11 ET]
Table 'Alstede III' 6-max Seat #4 is the button
Seat 1: mr.Jckpot ($100.72 in chips) 
Seat 2: Aescul@pius ($101.30 in chips) 
Seat 3: NikoPale ($119.88 in chips) 
Seat 4: yzuk ($100 in chips) 
Seat 5: emimeth ($40.82 in chips) 
Seat 6: nastja336 ($106.50 in chips) 
emimeth: posts small blind $0.50
nastja336: posts big blind $1
*** HOLE CARDS ***
mr.Jckpot: raises $1.50 to $2.50
Aescul@pius: folds 
NikoPale: folds 
yzuk: folds 
emimeth: folds 
nastja336: folds 
Uncalled bet ($1.50) returned to mr.Jckpot
mr.Jckpot collected $2.50 from pot
mr.Jckpot: doesn't show hand 
*** SUMMARY ***
Total pot $2.50 | Rake $0 
Seat 1: mr.Jckpot collected ($2.50)
Seat 2: Aescul@pius folded before Flop (didn't bet)
Seat 3: NikoPale folded before Flop (didn't bet)
Seat 4: yzuk (button) folded before Flop (didn't bet)
Seat 5: emimeth (small blind) folded before Flop
Seat 6: nastja336 (big blind) folded before Flop



PokerStars Hand #254447024962:  Hold'em No Limit ($0.50/$1.00 USD) - 2025/01/19 14:03:25 WET [2025/01/19 9:03:25 ET]
Table 'Alstede III' 6-max Seat #5 is the button
Seat 1: mr.Jckpot ($102.22 in chips) 
Seat 2: Aescul@pius ($101.30 in chips) 
Seat 3: NikoPale ($119.88 in chips) 
Seat 4: yzuk ($100 in chips) 
Seat 5: emimeth ($40.32 in chips) 
Seat 6: nastja336 ($105.50 in chips) 
nastja336: posts small blind $0.50
mr.Jckpot: posts big blind $1
*** HOLE CARDS ***
Aescul@pius: folds 
NikoPale: folds 
yzuk: folds 
emimeth: calls $1
nastja336: folds 
mr.Jckpot: checks 
*** FLOP *** [3d Qd 2s]
mr.Jckpot: checks 
emimeth: checks 
*** TURN *** [3d Qd 2s] [Ts]
mr.Jckpot: checks 
emimeth: checks 
*** RIVER *** [3d Qd 2s Ts] [5d]
mr.Jckpot: checks 
emimeth: checks 
*** SHOW DOWN ***
mr.Jckpot: shows [5s Ad] (a pair of Fives)
emimeth: mucks hand 
mr.Jckpot collected $2.38 from pot
*** SUMMARY ***
Total pot $2.50 | Rake $0.12 
Board [3d Qd 2s Ts 5d]
Seat 1: mr.Jckpot (big blind) showed [5s Ad] and won ($2.38) with a pair of Fives
Seat 2: Aescul@pius folded before Flop (didn't bet)
Seat 3: NikoPale folded before Flop (didn't bet)
Seat 4: yzuk folded before Flop (didn't bet)
Seat 5: emimeth (button) mucked
Seat 6: nastja336 (small blind) folded before Flop



PokerStars Hand #254447029877:  Hold'em No Limit ($0.50/$1.00 USD) - 2025/01/19 14:03:48 WET [2025/01/19 9:03:48 ET]
Table 'Alstede III' 6-max Seat #6 is the button
Seat 1: mr.Jckpot ($103.60 in chips) 
Seat 2: Aescul@pius ($101.30 in chips) 
Seat 3: NikoPale ($119.88 in chips) 
Seat 4: yzuk ($100 in chips) 
Seat 5: emimeth ($39.32 in chips) 
Seat 6: nastja336 ($105 in chips) 
mr.Jckpot: posts small blind $0.50
Aescul@pius: posts big blind $1
*** HOLE CARDS ***
NikoPale: folds 
yzuk: folds 
emimeth: calls $1
nastja336: folds 
mr.Jckpot: folds 
Aescul@pius: raises $4 to $5
emimeth: calls $4
*** FLOP *** [As 7c 8c]
Aescul@pius: checks 
emimeth: checks 
*** TURN *** [As 7c 8c] [3s]
Aescul@pius: checks 
emimeth: checks 
*** RIVER *** [As 7c 8c 3s] [4d]
Aescul@pius: bets $6.82
emimeth: folds 
Uncalled bet ($6.82) returned to Aescul@pius
Aescul@pius collected $9.98 from pot
Aescul@pius: doesn't show hand 
*** SUMMARY ***
Total pot $10.50 | Rake $0.52 
Board [As 7c 8c 3s 4d]
Seat 1: mr.Jckpot (small blind) folded before Flop
Seat 2: Aescul@pius (big blind) collected ($9.98)
Seat 3: NikoPale folded before Flop (didn't bet)
Seat 4: yzuk folded before Flop (didn't bet)
Seat 5: emimeth folded on the River
Seat 6: nastja336 (button) folded before Flop (didn't bet)



PokerStars Hand #254447042883:  Hold'em No Limit ($0.50/$1.00 USD) - 2025/01/19 14:04:50 WET [2025/01/19 9:04:50 ET]
Table 'Alstede III' 6-max Seat #1 is the button
Seat 1: mr.Jckpot ($103.10 in chips) 
Seat 2: Aescul@pius ($106.28 in chips) 
Seat 3: NikoPale ($119.88 in chips) 
Seat 4: yzuk ($100 in chips) 
Seat 5: emimeth ($34.32 in chips) 
Seat 6: nastja336 ($105 in chips) 
Aescul@pius: posts small blind $0.50
NikoPale: posts big blind $1
*** HOLE CARDS ***
yzuk: folds 
emimeth: calls $1
nastja336: raises $3.50 to $4.50
mr.Jckpot: folds 
Aescul@pius: folds 
NikoPale: folds 
emimeth: calls $3.50
*** FLOP *** [Th Qh 8d]
emimeth: checks 
nastja336: checks 
*** TURN *** [Th Qh 8d] [8c]
emimeth: bets $4
nastja336: folds 
Uncalled bet ($4) returned to emimeth
emimeth collected $9.98 from pot
*** SUMMARY ***
Total pot $10.50 | Rake $0.52 
Board [Th Qh 8d 8c]
Seat 1: mr.Jckpot (button) folded before Flop (didn't bet)
Seat 2: Aescul@pius (small blind) folded before Flop
Seat 3: NikoPale (big blind) folded before Flop
Seat 4: yzuk folded before Flop (didn't bet)
Seat 5: emimeth collected ($9.98)
Seat 6: nastja336 folded on the Turn



PokerStars Hand #254447049398:  Hold'em No Limit ($0.50/$1.00 USD) - 2025/01/19 14:05:20 WET [2025/01/19 9:05:20 ET]
Table 'Alstede III' 6-max Seat #2 is the button
Seat 1: mr.Jckpot ($103.10 in chips) 
Seat 2: Aescul@pius ($105.78 in chips) 
Seat 3: NikoPale ($118.88 in chips) 
Seat 4: yzuk ($100 in chips) 
Seat 5: emimeth ($39.80 in chips) 
Seat 6: nastja336 ($100.50 in chips) 
NikoPale: posts small blind $0.50
yzuk: posts big blind $1
*** HOLE CARDS ***
emimeth: calls $1
nastja336: folds 
mr.Jckpot: folds 
Aescul@pius: folds 
NikoPale: raises $4 to $5
yzuk: folds 
emimeth: folds 
Uncalled bet ($4) returned to NikoPale
NikoPale collected $3 from pot
NikoPale: doesn't show hand 
*** SUMMARY ***
Total pot $3 | Rake $0 
Seat 1: mr.Jckpot folded before Flop (didn't bet)
Seat 2: Aescul@pius (button) folded before Flop (didn't bet)
Seat 3: NikoPale (small blind) collected ($3)
Seat 4: yzuk (big blind) folded before Flop
Seat 5: emimeth folded before Flop
Seat 6: nastja336 folded before Flop (didn't bet)



PokerStars Hand #254447053867:  Hold'em No Limit ($0.50/$1.00 USD) - 2025/01/19 14:05:41 WET [2025/01/19 9:05:41 ET]
Table 'Alstede III' 6-max Seat #3 is the button
Seat 1: mr.Jckpot ($103.10 in chips) 
Seat 2: Aescul@pius ($105.78 in chips) 
Seat 3: NikoPale ($120.88 in chips) 
Seat 4: yzuk ($100 in chips) 
Seat 5: emimeth ($38.80 in chips) 
Seat 6: nastja336 ($100.50 in chips) 
yzuk: posts small blind $0.50
emimeth: posts big blind $1
*** HOLE CARDS ***
nastja336: folds 
mr.Jckpot: folds 
Aescul@pius: folds 
NikoPale: folds 
yzuk: folds 
Uncalled bet ($0.50) returned to emimeth
emimeth collected $1 from pot
*** SUMMARY ***
Total pot $1 | Rake $0 
Seat 1: mr.Jckpot folded before Flop (didn't bet)
Seat 2: Aescul@pius folded before Flop (didn't bet)
Seat 3: NikoPale (button) folded before Flop (didn't bet)
Seat 4: yzuk (small blind) folded before Flop
Seat 5: emimeth (big blind) collected ($1)
Seat 6: nastja336 folded before Flop (didn't bet)



PokerStars Hand #254447058308:  Hold'em No Limit ($0.50/$1.00 USD) - 2025/01/19 14:06:01 WET [2025/01/19 9:06:01 ET]
Table 'Alstede III' 6-max Seat #4 is the button
Seat 1: mr.Jckpot ($103.10 in chips) 
Seat 2: Aescul@pius ($105.78 in chips) 
Seat 3: NikoPale ($120.88 in chips) 
Seat 4: yzuk ($100 in chips) 
Seat 5: emimeth ($39.30 in chips) 
Seat 6: nastja336 ($100.50 in chips) 
emimeth: posts small blind $0.50
nastja336: posts big blind $1
*** HOLE CARDS ***
mr.Jckpot: folds 
Aescul@pius: raises $1.20 to $2.20
NikoPale: folds 
yzuk: folds 
emimeth: calls $1.70
nastja336: folds 
*** FLOP *** [8h Qd Ac]
emimeth: checks 
Aescul@pius: bets $1.69
emimeth: folds 
Uncalled bet ($1.69) returned to Aescul@pius
Aescul@pius collected $5.13 from pot
Aescul@pius: doesn't show hand 
*** SUMMARY ***
Total pot $5.40 | Rake $0.27 
Board [8h Qd Ac]
Seat 1: mr.Jckpot folded before Flop (didn't bet)
Seat 2: Aescul@pius collected ($5.13)
Seat 3: NikoPale folded before Flop (didn't bet)
Seat 4: yzuk (button) folded before Flop (didn't bet)
Seat 5: emimeth (small blind) folded on the Flop
Seat 6: nastja336 (big blind) folded before Flop



PokerStars Hand #254447064494:  Hold'em No Limit ($0.50/$1.00 USD) - 2025/01/19 14:06:30 WET [2025/01/19 9:06:30 ET]
Table 'Alstede III' 6-max Seat #5 is the button
Seat 1: mr.Jckpot ($103.10 in chips) 
Seat 2: Aescul@pius ($108.71 in chips) 
Seat 3: NikoPale ($120.88 in chips) 
Seat 4: yzuk ($100 in chips) 
Seat 5: emimeth ($37.10 in chips) 
Seat 6: nastja336 ($100 in chips) 
nastja336: posts small blind $0.50
mr.Jckpot: posts big blind $1
*** HOLE CARDS ***
Aescul@pius: folds 
NikoPale: raises $2 to $3
yzuk: folds 
emimeth: calls $3
nastja336: folds 
mr.Jckpot: calls $2
*** FLOP *** [6h 8c 8h]
mr.Jckpot: checks 
NikoPale: checks 
emimeth: checks 
*** TURN *** [6h 8c 8h] [8d]
mr.Jckpot: bets $4.96
NikoPale: folds 
emimeth: calls $4.96
*** RIVER *** [6h 8c 8h 8d] [7s]
mr.Jckpot: bets $22.32
emimeth: folds 
Uncalled bet ($22.32) returned to mr.Jckpot
mr.Jckpot collected $18.45 from pot
mr.Jckpot: doesn't show hand 
*** SUMMARY ***
Total pot $19.42 | Rake $0.97 
Board [6h 8c 8h 8d 7s]
Seat 1: mr.Jckpot (big blind) collected ($18.45)
Seat 2: Aescul@pius folded before Flop (didn't bet)
Seat 3: NikoPale folded on the Turn
Seat 4: yzuk folded before Flop (didn't bet)
Seat 5: emimeth (button) folded on the River
Seat 6: nastja336 (small blind) folded before Flop



PokerStars Hand #254447072765:  Hold'em No Limit ($0.50/$1.00 USD) - 2025/01/19 14:07:09 WET [2025/01/19 9:07:09 ET]
Table 'Alstede III' 6-max Seat #6 is the button
Seat 1: mr.Jckpot ($113.59 in chips) 
Seat 2: Aescul@pius ($108.71 in chips) 
Seat 3: NikoPale ($117.88 in chips) 
Seat 4: yzuk ($100 in chips) 
Seat 5: emimeth ($29.14 in chips) 
Seat 6: nastja336 ($100 in chips) 
mr.Jckpot: posts small blind $0.50
Aescul@pius: posts big blind $1
*** HOLE CARDS ***
NikoPale: folds 
yzuk: folds 
emimeth: calls $1
nastja336: folds 
mr.Jckpot: folds 
Aescul@pius: checks 
*** FLOP *** [2d 3d Jh]
Aescul@pius: checks 
emimeth: checks 
*** TURN *** [2d 3d Jh] [Th]
Aescul@pius: checks 
emimeth: checks 
*** RIVER *** [2d 3d Jh Th] [Qh]
Aescul@pius: checks 
emimeth: checks 
*** SHOW DOWN ***
Aescul@pius: shows [Td 6s] (a pair of Tens)
emimeth: mucks hand 
Aescul@pius collected $2.38 from pot
*** SUMMARY ***
Total pot $2.50 | Rake $0.12 
Board [2d 3d Jh Th Qh]
Seat 1: mr.Jckpot (small blind) folded before Flop
Seat 2: Aescul@pius (big blind) showed [Td 6s] and won ($2.38) with a pair of Tens
Seat 3: NikoPale folded before Flop (didn't bet)
Seat 4: yzuk folded before Flop (didn't bet)
Seat 5: emimeth mucked
Seat 6: nastja336 (button) folded before Flop (didn't bet)



PokerStars Hand #254447081427:  Hold'em No Limit ($0.50/$1.00 USD) - 2025/01/19 14:07:50 WET [2025/01/19 9:07:50 ET]
Table 'Alstede III' 6-max Seat #1 is the button
Seat 1: mr.Jckpot ($113.09 in chips) 
Seat 2: Aescul@pius ($110.09 in chips) 
Seat 3: NikoPale ($117.88 in chips) 
Seat 4: yzuk ($100 in chips) 
Seat 5: emimeth ($28.14 in chips) 
Seat 6: nastja336 ($100 in chips) 
Aescul@pius: posts small blind $0.50
NikoPale: posts big blind $1
*** HOLE CARDS ***
yzuk: folds 
emimeth: folds 
nastja336: folds 
mr.Jckpot: folds 
emimeth leaves the table
Aescul@pius: raises $2 to $3
NikoPale: folds 
Uncalled bet ($2) returned to Aescul@pius
Aescul@pius collected $2 from pot
Aescul@pius: doesn't show hand 
*** SUMMARY ***
Total pot $2 | Rake $0 
Seat 1: mr.Jckpot (button) folded before Flop (didn't bet)
Seat 2: Aescul@pius (small blind) collected ($2)
Seat 3: NikoPale (big blind) folded before Flop
Seat 4: yzuk folded before Flop (didn't bet)
Seat 5: emimeth folded before Flop (didn't bet)
Seat 6: nastja336 folded before Flop (didn't bet)



PokerStars Hand #254447085158:  Hold'em No Limit ($0.50/$1.00 USD) - 2025/01/19 14:08:08 WET [2025/01/19 9:08:08 ET]
Table 'Alstede III' 6-max Seat #2 is the button
Seat 1: mr.Jckpot ($113.09 in chips) 
Seat 2: Aescul@pius ($111.09 in chips) 
Seat 3: NikoPale ($116.88 in chips) 
Seat 4: yzuk ($100 in chips) 
Seat 6: nastja336 ($100 in chips) 
NikoPale: posts small blind $0.50
yzuk: posts big blind $1
*** HOLE CARDS ***
nastja336: folds 
mr.Jckpot: folds 
Aescul@pius: folds 
Cositorto joins the table at seat #5 
NikoPale: raises $2 to $3
yzuk: folds 
Uncalled bet ($2) returned to NikoPale
NikoPale collected $2 from pot
NikoPale: doesn't show hand 
*** SUMMARY ***
Total pot $2 | Rake $0 
Seat 1: mr.Jckpot folded before Flop (didn't bet)
Seat 2: Aescul@pius (button) folded before Flop (didn't bet)
Seat 3: NikoPale (small blind) collected ($2)
Seat 4: yzuk (big blind) folded before Flop
Seat 6: nastja336 folded before Flop (didn't bet)



PokerStars Hand #254447087849:  Hold'em No Limit ($0.50/$1.00 USD) - 2025/01/19 14:08:21 WET [2025/01/19 9:08:21 ET]
Table 'Alstede III' 6-max Seat #3 is the button
Seat 1: mr.Jckpot ($113.09 in chips) 
Seat 2: Aescul@pius ($111.09 in chips) 
Seat 3: NikoPale ($117.88 in chips) 
Seat 4: yzuk ($100 in chips) 
Seat 5: Cositorto ($100 in chips) 
Seat 6: nastja336 ($100 in chips) 
yzuk: posts small blind $0.50
Cositorto: posts big blind $1
*** HOLE CARDS ***
nastja336: folds 
mr.Jckpot: folds 
nastja336 leaves the table
Aescul@pius: folds 
NikoPale: folds 
yzuk: raises $2 to $3
Gaita_toien joins the table at seat #6 
Cositorto: folds 
Uncalled bet ($2) returned to yzuk
yzuk collected $2 from pot
yzuk: doesn't show hand 
*** SUMMARY ***
Total pot $2 | Rake $0 
Seat 1: mr.Jckpot folded before Flop (didn't bet)
Seat 2: Aescul@pius folded before Flop (didn't bet)
Seat 3: NikoPale (button) folded before Flop (didn't bet)
Seat 4: yzuk (small blind) collected ($2)
Seat 5: Cositorto (big blind) folded before Flop
Seat 6: nastja336 folded before Flop (didn't bet)



PokerStars Hand #254447090791:  Hold'em No Limit ($0.50/$1.00 USD) - 2025/01/19 14:08:35 WET [2025/01/19 9:08:35 ET]
Table 'Alstede III' 6-max Seat #4 is the button
Seat 1: mr.Jckpot ($113.09 in chips) is sitting out
Seat 6: Gaita_toien ($100 in chips) is sitting out
Seat 2: Aescul@pius ($111.09 in chips) 
Seat 3: NikoPale ($117.88 in chips) 
Seat 4: yzuk ($101 in chips) 
Seat 5: Cositorto ($100 in chips) 
Cositorto: posts small blind $0.50
Gaita_toien: is sitting out 
mr.Jckpot: is sitting out 
Aescul@pius: posts big blind $1
*** HOLE CARDS ***
Gaita_toien leaves the table
NikoPale: folds 
mr.Jckpot leaves the table
yzuk: folds 
Cositorto: folds 
Uncalled bet ($0.50) returned to Aescul@pius
Aescul@pius collected $1 from pot
Aescul@pius: doesn't show hand 
*** SUMMARY ***
Total pot $1 | Rake $0 
Seat 1: mr.Jckpot
Seat 6: Gaita_toien
Seat 2: Aescul@pius (big blind) collected ($1)
Seat 3: NikoPale folded before Flop (didn't bet)
Seat 4: yzuk (button) folded before Flop (didn't bet)
Seat 5: Cositorto (small blind) folded before Flop



PokerStars Hand #254447093290:  Hold'em No Limit ($0.50/$1.00 USD) - 2025/01/19 14:08:46 WET [2025/01/19 9:08:46 ET]
Table 'Alstede III' 6-max Seat #2 is the button
Seat 3: NikoPale ($117.88 in chips) is sitting out
Seat 4: yzuk ($101 in chips) is sitting out
Seat 2: Aescul@pius ($111.59 in chips) 
Seat 5: Cositorto ($100 in chips) 
Aescul@pius: posts small blind $0.50
NikoPale: is sitting out 
yzuk: is sitting out 
Cositorto: posts big blind $1
*** HOLE CARDS ***
NikoPale leaves the table
Aescul@pius: folds 
Uncalled bet ($0.50) returned to Cositorto
Cositorto collected $1 from pot
Cositorto: doesn't show hand 
*** SUMMARY ***
Total pot $1 | Rake $0 
Seat 3: NikoPale
Seat 4: yzuk
Seat 2: Aescul@pius (button) (small blind) folded before Flop
Seat 5: Cositorto (big blind) collected ($1)



PokerStars Hand #254447152653:  Hold'em No Limit ($0.50/$1.00 USD) - 2025/01/19 14:13:31 WET [2025/01/19 9:13:31 ET]
Table 'Alstede III' 6-max Seat #6 is the button
Seat 2: Aescul@pius ($111.09 in chips) is sitting out
Seat 1: ka100pka527 ($80 in chips) 
Seat 6: active27 ($100 in chips) 
active27: posts small blind $0.50
ka100pka527: posts big blind $1
*** HOLE CARDS ***
Aescul@pius leaves the table
active27: raises $1.50 to $2.50
ka100pka527: folds 
Uncalled bet ($1.50) returned to active27
active27 collected $2 from pot
active27: doesn't show hand 
*** SUMMARY ***
Total pot $2 | Rake $0 
Seat 2: Aescul@pius
Seat 1: ka100pka527 (big blind) folded before Flop
Seat 6: active27 (button) (small blind) collected ($2)



PokerStars Hand #254447157896:  Hold'em No Limit ($0.50/$1.00 USD) - 2025/01/19 14:13:56 WET [2025/01/19 9:13:56 ET]
Table 'Alstede III' 6-max Seat #1 is the button
Seat 1: ka100pka527 ($100 in chips) 
Seat 6: active27 ($101 in chips) 
ka100pka527: posts small blind $0.50
active27: posts big blind $1
*** HOLE CARDS ***
ka100pka527: raises $1.50 to $2.50
active27: calls $1.50
*** FLOP *** [Tc 8s Th]
active27: checks 
ka100pka527: bets $3.17
active27: calls $3.17
*** TURN *** [Tc 8s Th] [Ts]
active27: checks 
ka100pka527: checks 
*** RIVER *** [Tc 8s Th Ts] [Ac]
active27: bets $7.39
ka100pka527: folds 
Uncalled bet ($7.39) returned to active27
ka100pka527 leaves the table
active27 collected $10.77 from pot
active27: doesn't show hand 
*** SUMMARY ***
Total pot $11.34 | Rake $0.57 
Board [Tc 8s Th Ts Ac]
Seat 1: ka100pka527 (button) (small blind) folded on the River
Seat 6: active27 (big blind) collected ($10.77)



