PokerStars Hand #254447511240:  Hold'em No Limit ($0.50/$1.00 USD) - 2025/01/19 14:41:35 WET [2025/01/19 9:41:35 ET]
Table 'Biela III' 6-max Seat #2 is the button
Seat 4: markyh213213 ($80 in chips) is sitting out
Seat 2: tintin641 ($100 in chips) 
Seat 5: Cositorto ($100 in chips) 
tintin641: posts small blind $0.50
Cositorto: posts big blind $1
*** HOLE CARDS ***
tintin641: raises $1.50 to $2.50
Cositorto: folds 
Uncalled bet ($1.50) returned to tintin641
tintin641 collected $2 from pot
tintin641: doesn't show hand 
*** SUMMARY ***
Total pot $2 | Rake $0 
Seat 4: markyh213213
Seat 2: tintin641 (button) (small blind) collected ($2)
Seat 5: Cositorto (big blind) folded before Flop



PokerStars Hand #254447514168:  Hold'em No Limit ($0.50/$1.00 USD) - 2025/01/19 14:41:48 WET [2025/01/19 9:41:48 ET]
Table 'Biela III' 6-max Seat #5 is the button
Seat 4: markyh213213 ($80 in chips) is sitting out
Seat 2: tintin641 ($101 in chips) 
Seat 5: Cositorto ($100 in chips) 
Cositorto: posts small blind $0.50
tintin641: posts big blind $1
*** HOLE CARDS ***
Cositorto: raises $2 to $3
tintin641: raises $9 to $12
Cositorto: folds 
Uncalled bet ($9) returned to tintin641
tintin641 collected $6 from pot
tintin641: doesn't show hand 
*** SUMMARY ***
Total pot $6 | Rake $0 
Seat 4: markyh213213
Seat 2: tintin641 (big blind) collected ($6)
Seat 5: Cositorto (button) (small blind) folded before Flop



PokerStars Hand #254447518142:  Hold'em No Limit ($0.50/$1.00 USD) - 2025/01/19 14:42:05 WET [2025/01/19 9:42:05 ET]
Table 'Biela III' 6-max Seat #2 is the button
Seat 4: markyh213213 ($80 in chips) is sitting out
Seat 2: tintin641 ($104 in chips) 
Seat 5: Cositorto ($100 in chips) 
tintin641: posts small blind $0.50
Cositorto: posts big blind $1
*** HOLE CARDS ***
tintin641: raises $1.50 to $2.50
Cositorto: folds 
Uncalled bet ($1.50) returned to tintin641
tintin641 collected $2 from pot
tintin641: doesn't show hand 
*** SUMMARY ***
Total pot $2 | Rake $0 
Seat 4: markyh213213
Seat 2: tintin641 (button) (small blind) collected ($2)
Seat 5: Cositorto (big blind) folded before Flop



PokerStars Hand #254447627143:  Hold'em No Limit ($0.50/$1.00 USD) - 2025/01/19 14:50:10 WET [2025/01/19 9:50:10 ET]
Table 'Biela III' 6-max Seat #3 is the button
Seat 1: Nicedaymybro ($100 in chips) 
Seat 2: IREQO ($100 in chips) 
Seat 3: AlexPinsk1 ($100 in chips) 
Seat 4: perketti ($102.39 in chips) 
Seat 5: Cositorto ($100 in chips) 
Seat 6: tintin641 ($113.50 in chips) 
perketti: posts small blind $0.50
Cositorto: posts big blind $1
*** HOLE CARDS ***
tintin641: raises $1.50 to $2.50
Nicedaymybro: folds 
IREQO: folds 
AlexPinsk1: folds 
perketti: folds 
Cositorto: folds 
Uncalled bet ($1.50) returned to tintin641
tintin641 collected $2.50 from pot
tintin641: doesn't show hand 
*** SUMMARY ***
Total pot $2.50 | Rake $0 
Seat 1: Nicedaymybro folded before Flop (didn't bet)
Seat 2: IREQO folded before Flop (didn't bet)
Seat 3: AlexPinsk1 (button) folded before Flop (didn't bet)
Seat 4: perketti (small blind) folded before Flop
Seat 5: Cositorto (big blind) folded before Flop
Seat 6: tintin641 collected ($2.50)



PokerStars Hand #254447630602:  Hold'em No Limit ($0.50/$1.00 USD) - 2025/01/19 14:50:26 WET [2025/01/19 9:50:26 ET]
Table 'Biela III' 6-max Seat #4 is the button
Seat 1: Nicedaymybro ($100 in chips) 
Seat 2: IREQO ($100 in chips) 
Seat 3: AlexPinsk1 ($100 in chips) 
Seat 4: perketti ($101.89 in chips) 
Seat 5: Cositorto ($100 in chips) 
Seat 6: tintin641 ($115 in chips) 
Cositorto: posts small blind $0.50
tintin641: posts big blind $1
*** HOLE CARDS ***
Nicedaymybro: folds 
IREQO: folds 
AlexPinsk1: folds 
perketti: raises $1 to $2
Cositorto: folds 
tintin641: folds 
Uncalled bet ($1) returned to perketti
perketti collected $2.50 from pot
perketti: doesn't show hand 
*** SUMMARY ***
Total pot $2.50 | Rake $0 
Seat 1: Nicedaymybro folded before Flop (didn't bet)
Seat 2: IREQO folded before Flop (didn't bet)
Seat 3: AlexPinsk1 folded before Flop (didn't bet)
Seat 4: perketti (button) collected ($2.50)
Seat 5: Cositorto (small blind) folded before Flop
Seat 6: tintin641 (big blind) folded before Flop



PokerStars Hand #254447634352:  Hold'em No Limit ($0.50/$1.00 USD) - 2025/01/19 14:50:42 WET [2025/01/19 9:50:42 ET]
Table 'Biela III' 6-max Seat #5 is the button
Seat 1: Nicedaymybro ($100 in chips) 
Seat 2: IREQO ($100 in chips) 
Seat 3: AlexPinsk1 ($100 in chips) 
Seat 4: perketti ($103.39 in chips) 
Seat 5: Cositorto ($100 in chips) 
Seat 6: tintin641 ($114 in chips) 
tintin641: posts small blind $0.50
Nicedaymybro: posts big blind $1
*** HOLE CARDS ***
IREQO: raises $1.50 to $2.50
AlexPinsk1: folds 
perketti: folds 
Cositorto: folds 
tintin641: folds 
Nicedaymybro: folds 
Uncalled bet ($1.50) returned to IREQO
IREQO collected $2.50 from pot
IREQO: doesn't show hand 
*** SUMMARY ***
Total pot $2.50 | Rake $0 
Seat 1: Nicedaymybro (big blind) folded before Flop
Seat 2: IREQO collected ($2.50)
Seat 3: AlexPinsk1 folded before Flop (didn't bet)
Seat 4: perketti folded before Flop (didn't bet)
Seat 5: Cositorto (button) folded before Flop (didn't bet)
Seat 6: tintin641 (small blind) folded before Flop



PokerStars Hand #254447640498:  Hold'em No Limit ($0.50/$1.00 USD) - 2025/01/19 14:51:09 WET [2025/01/19 9:51:09 ET]
Table 'Biela III' 6-max Seat #6 is the button
Seat 1: Nicedaymybro ($100 in chips) 
Seat 2: IREQO ($101.50 in chips) 
Seat 3: AlexPinsk1 ($100 in chips) 
Seat 4: perketti ($103.39 in chips) 
Seat 5: Cositorto ($100 in chips) 
Seat 6: tintin641 ($113.50 in chips) 
Nicedaymybro: posts small blind $0.50
IREQO: posts big blind $1
*** HOLE CARDS ***
AlexPinsk1: raises $1.50 to $2.50
perketti: folds 
Cositorto: folds 
tintin641: folds 
Nicedaymybro: folds 
IREQO: folds 
Uncalled bet ($1.50) returned to AlexPinsk1
AlexPinsk1 collected $2.50 from pot
AlexPinsk1: doesn't show hand 
*** SUMMARY ***
Total pot $2.50 | Rake $0 
Seat 1: Nicedaymybro (small blind) folded before Flop
Seat 2: IREQO (big blind) folded before Flop
Seat 3: AlexPinsk1 collected ($2.50)
Seat 4: perketti folded before Flop (didn't bet)
Seat 5: Cositorto folded before Flop (didn't bet)
Seat 6: tintin641 (button) folded before Flop (didn't bet)



PokerStars Hand #254447644188:  Hold'em No Limit ($0.50/$1.00 USD) - 2025/01/19 14:51:26 WET [2025/01/19 9:51:26 ET]
Table 'Biela III' 6-max Seat #1 is the button
Seat 1: Nicedaymybro ($100 in chips) 
Seat 2: IREQO ($100.50 in chips) 
Seat 3: AlexPinsk1 ($101.50 in chips) 
Seat 4: perketti ($103.39 in chips) 
Seat 5: Cositorto ($100 in chips) 
Seat 6: tintin641 ($113.50 in chips) 
IREQO: posts small blind $0.50
AlexPinsk1: posts big blind $1
*** HOLE CARDS ***
perketti: folds 
perketti leaves the table
Cositorto: folds 
tintin641: folds 
Nicedaymybro: folds 
BoyLoc0 joins the table at seat #4 
BoyLoc0 leaves the table
IREQO: raises $1.50 to $2.50
AlexPinsk1: calls $1.50
*** FLOP *** [Ah Qc 3d]
IREQO: checks 
AlexPinsk1: checks 
*** TURN *** [Ah Qc 3d] [Kc]
IREQO: checks 
AlexPinsk1: bets $1.57
IREQO: calls $1.57
*** RIVER *** [Ah Qc 3d Kc] [8d]
IREQO: checks 
AlexPinsk1: checks 
*** SHOW DOWN ***
IREQO: shows [6s Ad] (a pair of Aces)
AlexPinsk1: mucks hand 
IREQO collected $7.73 from pot
*** SUMMARY ***
Total pot $8.14 | Rake $0.41 
Board [Ah Qc 3d Kc 8d]
Seat 1: Nicedaymybro (button) folded before Flop (didn't bet)
Seat 2: IREQO (small blind) showed [6s Ad] and won ($7.73) with a pair of Aces
Seat 3: AlexPinsk1 (big blind) mucked
Seat 4: perketti folded before Flop (didn't bet)
Seat 5: Cositorto folded before Flop (didn't bet)
Seat 6: tintin641 folded before Flop (didn't bet)



PokerStars Hand #254447664555:  Hold'em No Limit ($0.50/$1.00 USD) - 2025/01/19 14:52:56 WET [2025/01/19 9:52:56 ET]
Table 'Biela III' 6-max Seat #2 is the button
Seat 1: Nicedaymybro ($100 in chips) 
Seat 2: IREQO ($104.16 in chips) 
Seat 3: AlexPinsk1 ($100 in chips) 
Seat 5: Cositorto ($100 in chips) 
Seat 6: tintin641 ($113.50 in chips) 
AlexPinsk1: posts small blind $0.50
Cositorto: posts big blind $1
*** HOLE CARDS ***
tintin641: raises $1.50 to $2.50
Nicedaymybro: folds 
IREQO: folds 
AlexPinsk1: folds 
Cositorto: calls $1.50
*** FLOP *** [8s Jd Jc]
Cositorto: checks 
tintin641: bets $1.72
Cositorto: raises $4.33 to $6.05
tintin641: calls $4.33
*** TURN *** [8s Jd Jc] [7s]
Cositorto: bets $5.52
tintin641: folds 
Uncalled bet ($5.52) returned to Cositorto
Cositorto collected $16.72 from pot
Cositorto: doesn't show hand 
*** SUMMARY ***
Total pot $17.60 | Rake $0.88 
Board [8s Jd Jc 7s]
Seat 1: Nicedaymybro folded before Flop (didn't bet)
Seat 2: IREQO (button) folded before Flop (didn't bet)
Seat 3: AlexPinsk1 (small blind) folded before Flop
Seat 5: Cositorto (big blind) collected ($16.72)
Seat 6: tintin641 folded on the Turn



PokerStars Hand #254447679965:  Hold'em No Limit ($0.50/$1.00 USD) - 2025/01/19 14:54:03 WET [2025/01/19 9:54:03 ET]
Table 'Biela III' 6-max Seat #3 is the button
Seat 1: Nicedaymybro ($100 in chips) 
Seat 2: IREQO ($104.16 in chips) 
Seat 3: AlexPinsk1 ($100 in chips) 
Seat 5: Cositorto ($108.17 in chips) 
Seat 6: tintin641 ($104.95 in chips) 
Cositorto: posts small blind $0.50
tintin641: posts big blind $1
*** HOLE CARDS ***
Nicedaymybro: folds 
IREQO: raises $1.50 to $2.50
AlexPinsk1: folds 
Nicedaymybro leaves the table
Cositorto: raises $8.75 to $11.25
tintin641: folds 
IREQO: calls $8.75
*** FLOP *** [4c 9h 5h]
Cositorto: checks 
IREQO: bets $6
riovaldivia joins the table at seat #1 
Burlica2013 joins the table at seat #4 
Cositorto: calls $6
*** TURN *** [4c 9h 5h] [Ts]
Cositorto: checks 
IREQO: checks 
*** RIVER *** [4c 9h 5h Ts] [4d]
Cositorto: bets $42.50
IREQO: folds 
Uncalled bet ($42.50) returned to Cositorto
Cositorto collected $33.72 from pot
Cositorto: doesn't show hand 
*** SUMMARY ***
Total pot $35.50 | Rake $1.78 
Board [4c 9h 5h Ts 4d]
Seat 1: Nicedaymybro folded before Flop (didn't bet)
Seat 2: IREQO folded on the River
Seat 3: AlexPinsk1 (button) folded before Flop (didn't bet)
Seat 5: Cositorto (small blind) collected ($33.72)
Seat 6: tintin641 (big blind) folded before Flop



PokerStars Hand #254447703590:  Hold'em No Limit ($0.50/$1.00 USD) - 2025/01/19 14:56:02 WET [2025/01/19 9:56:02 ET]
Table 'Biela III' 6-max Seat #5 is the button
Seat 4: Burlica2013 ($100 in chips) is sitting out
Seat 1: riovaldivia ($80 in chips) 
Seat 2: IREQO ($100 in chips) 
Seat 3: AlexPinsk1 ($100 in chips) 
Seat 5: Cositorto ($124.64 in chips) 
Seat 6: tintin641 ($103.95 in chips) 
tintin641: posts small blind $0.50
riovaldivia: posts big blind $1
Burlica2013: sits out 
*** HOLE CARDS ***
IREQO: folds 
AlexPinsk1: raises $1.50 to $2.50
Cositorto: folds 
tintin641: folds 
IREQO leaves the table
riovaldivia: calls $1.50
*** FLOP *** [Ks 7d 6s]
riovaldivia: bets $2.61
AlexPinsk1: folds 
Uncalled bet ($2.61) returned to riovaldivia
riovaldivia collected $5.22 from pot
riovaldivia: doesn't show hand 
*** SUMMARY ***
Total pot $5.50 | Rake $0.28 
Board [Ks 7d 6s]
Seat 4: Burlica2013
Seat 1: riovaldivia (big blind) collected ($5.22)
Seat 2: IREQO folded before Flop (didn't bet)
Seat 3: AlexPinsk1 folded on the Flop
Seat 5: Cositorto (button) folded before Flop (didn't bet)
Seat 6: tintin641 (small blind) folded before Flop



PokerStars Hand #254447709917:  Hold'em No Limit ($0.50/$1.00 USD) - 2025/01/19 14:56:38 WET [2025/01/19 9:56:38 ET]
Table 'Biela III' 6-max Seat #6 is the button
Seat 4: Burlica2013 ($100 in chips) is sitting out
Seat 1: riovaldivia ($82.72 in chips) 
Seat 3: AlexPinsk1 ($100 in chips) 
Seat 5: Cositorto ($124.64 in chips) 
Seat 6: tintin641 ($103.45 in chips) 
riovaldivia: posts small blind $0.50
AlexPinsk1: posts big blind $1
Burlica2013: sits out 
*** HOLE CARDS ***
Cositorto: folds 
tintin641: folds 
riovaldivia: calls $0.50
AlexPinsk1: checks 
*** FLOP *** [4d Qs Js]
raketkasix joins the table at seat #2 
riovaldivia: checks 
AlexPinsk1: checks 
*** TURN *** [4d Qs Js] [Kc]
riovaldivia: checks 
AlexPinsk1: bets $1.50
riovaldivia: folds 
Uncalled bet ($1.50) returned to AlexPinsk1
AlexPinsk1 collected $1.90 from pot
AlexPinsk1: doesn't show hand 
*** SUMMARY ***
Total pot $2 | Rake $0.10 
Board [4d Qs Js Kc]
Seat 4: Burlica2013
Seat 1: riovaldivia (small blind) folded on the Turn
Seat 3: AlexPinsk1 (big blind) collected ($1.90)
Seat 5: Cositorto folded before Flop (didn't bet)
Seat 6: tintin641 (button) folded before Flop (didn't bet)



PokerStars Hand #254447715104:  Hold'em No Limit ($0.50/$1.00 USD) - 2025/01/19 14:57:09 WET [2025/01/19 9:57:09 ET]
Table 'Biela III' 6-max Seat #1 is the button
Seat 2: raketkasix ($100 in chips) is sitting out
Seat 1: riovaldivia ($81.72 in chips) 
Seat 3: AlexPinsk1 ($100.90 in chips) 
Seat 4: Burlica2013 ($100 in chips) 
Seat 5: Cositorto ($124.64 in chips) 
Seat 6: tintin641 ($103.45 in chips) 
AlexPinsk1: posts small blind $0.50
Burlica2013: posts big blind $1
*** HOLE CARDS ***
Cositorto: raises $1 to $2
tintin641: folds 
riovaldivia: calls $2
AlexPinsk1: folds 
Burlica2013: calls $1
*** FLOP *** [Ad Jc Kh]
Burlica2013: checks 
Cositorto: checks 
riovaldivia: checks 
*** TURN *** [Ad Jc Kh] [4s]
Burlica2013: checks 
Cositorto: bets $3.09
riovaldivia: folds 
Burlica2013: folds 
Uncalled bet ($3.09) returned to Cositorto
Cositorto collected $6.18 from pot
Cositorto: doesn't show hand 
*** SUMMARY ***
Total pot $6.50 | Rake $0.32 
Board [Ad Jc Kh 4s]
Seat 2: raketkasix
Seat 1: riovaldivia (button) folded on the Turn
Seat 3: AlexPinsk1 (small blind) folded before Flop
Seat 4: Burlica2013 (big blind) folded on the Turn
Seat 5: Cositorto collected ($6.18)
Seat 6: tintin641 folded before Flop (didn't bet)



PokerStars Hand #254447725008:  Hold'em No Limit ($0.50/$1.00 USD) - 2025/01/19 14:58:07 WET [2025/01/19 9:58:07 ET]
Table 'Biela III' 6-max Seat #3 is the button
Seat 2: raketkasix ($100 in chips) is sitting out
Seat 1: riovaldivia ($79.72 in chips) 
Seat 3: AlexPinsk1 ($100.40 in chips) 
Seat 4: Burlica2013 ($100 in chips) 
Seat 5: Cositorto ($128.82 in chips) 
Seat 6: tintin641 ($103.45 in chips) 
Burlica2013: posts small blind $0.50
Cositorto: posts big blind $1
raketkasix: sits out 
*** HOLE CARDS ***
tintin641: folds 
riovaldivia: folds 
AlexPinsk1: folds 
Burlica2013: raises $2 to $3
Cositorto: raises $6 to $9
Burlica2013: folds 
Uncalled bet ($6) returned to Cositorto
Cositorto collected $6 from pot
Cositorto: doesn't show hand 
*** SUMMARY ***
Total pot $6 | Rake $0 
Seat 2: raketkasix
Seat 1: riovaldivia folded before Flop (didn't bet)
Seat 3: AlexPinsk1 (button) folded before Flop (didn't bet)
Seat 4: Burlica2013 (small blind) folded before Flop
Seat 5: Cositorto (big blind) collected ($6)
Seat 6: tintin641 folded before Flop (didn't bet)



PokerStars Hand #254447728441:  Hold'em No Limit ($0.50/$1.00 USD) - 2025/01/19 14:58:27 WET [2025/01/19 9:58:27 ET]
Table 'Biela III' 6-max Seat #4 is the button
Seat 2: raketkasix ($100 in chips) is sitting out
Seat 6: tintin641 ($103.45 in chips) is sitting out
Seat 1: riovaldivia ($79.72 in chips) 
Seat 3: AlexPinsk1 ($100.40 in chips) 
Seat 4: Burlica2013 ($100 in chips) 
Seat 5: Cositorto ($131.82 in chips) 
Cositorto: posts small blind $0.50
tintin641: is sitting out 
riovaldivia: posts big blind $1
raketkasix: sits out 
*** HOLE CARDS ***
tintin641 leaves the table
AlexPinsk1: folds 
Burlica2013: raises $1.45 to $2.45
Cositorto: folds 
riovaldivia: calls $1.45
*** FLOP *** [Td 7d 6s]
riovaldivia: checks 
Burlica2013: checks 
*** TURN *** [Td 7d 6s] [9c]
ka100pka527 joins the table at seat #6 
riovaldivia: checks 
Burlica2013: checks 
*** RIVER *** [Td 7d 6s 9c] [Kd]
riovaldivia: bets $2.57
Burlica2013: raises $10.43 to $13
riovaldivia: folds 
Uncalled bet ($10.43) returned to Burlica2013
Burlica2013 collected $10.01 from pot
Burlica2013: doesn't show hand 
*** SUMMARY ***
Total pot $10.54 | Rake $0.53 
Board [Td 7d 6s 9c Kd]
Seat 2: raketkasix
Seat 6: tintin641
Seat 1: riovaldivia (big blind) folded on the River
Seat 3: AlexPinsk1 folded before Flop (didn't bet)
Seat 4: Burlica2013 (button) collected ($10.01)
Seat 5: Cositorto (small blind) folded before Flop



PokerStars Hand #254447738954:  Hold'em No Limit ($0.50/$1.00 USD) - 2025/01/19 14:59:28 WET [2025/01/19 9:59:28 ET]
Table 'Biela III' 6-max Seat #5 is the button
Seat 6: ka100pka527 ($100 in chips) is sitting out
Seat 1: riovaldivia ($74.70 in chips) 
Seat 2: raketkasix ($100 in chips) 
Seat 3: AlexPinsk1 ($100.40 in chips) 
Seat 4: Burlica2013 ($104.99 in chips) 
Seat 5: Cositorto ($131.32 in chips) 
riovaldivia: posts small blind $0.50
raketkasix: posts big blind $1
*** HOLE CARDS ***
AlexPinsk1: folds 
Burlica2013: folds 
Cositorto: folds 
riovaldivia: folds 
Uncalled bet ($0.50) returned to raketkasix
raketkasix collected $1 from pot
raketkasix: doesn't show hand 
*** SUMMARY ***
Total pot $1 | Rake $0 
Seat 6: ka100pka527
Seat 1: riovaldivia (small blind) folded before Flop
Seat 2: raketkasix (big blind) collected ($1)
Seat 3: AlexPinsk1 folded before Flop (didn't bet)
Seat 4: Burlica2013 folded before Flop (didn't bet)
Seat 5: Cositorto (button) folded before Flop (didn't bet)



PokerStars Hand #254447740569:  Hold'em No Limit ($0.50/$1.00 USD) - 2025/01/19 14:59:38 WET [2025/01/19 9:59:38 ET]
Table 'Biela III' 6-max Seat #1 is the button
Seat 6: ka100pka527 ($100 in chips) is sitting out
Seat 1: riovaldivia ($74.20 in chips) 
Seat 2: raketkasix ($100.50 in chips) 
Seat 3: AlexPinsk1 ($100.40 in chips) 
Seat 4: Burlica2013 ($104.99 in chips) 
Seat 5: Cositorto ($131.32 in chips) 
raketkasix: posts small blind $0.50
AlexPinsk1: posts big blind $1
ka100pka527: sits out 
*** HOLE CARDS ***
Burlica2013: folds 
Cositorto: folds 
riovaldivia: calls $1
raketkasix: folds 
AlexPinsk1: checks 
*** FLOP *** [Ks 4h 5h]
raketkasix leaves the table
AlexPinsk1: checks 
riovaldivia: bets $2.38
AlexPinsk1: folds 
Uncalled bet ($2.38) returned to riovaldivia
riovaldivia collected $2.38 from pot
riovaldivia: doesn't show hand 
Pippa83 joins the table at seat #2 
*** SUMMARY ***
Total pot $2.50 | Rake $0.12 
Board [Ks 4h 5h]
Seat 6: ka100pka527
Seat 1: riovaldivia (button) collected ($2.38)
Seat 2: raketkasix (small blind) folded before Flop
Seat 3: AlexPinsk1 (big blind) folded on the Flop
Seat 4: Burlica2013 folded before Flop (didn't bet)
Seat 5: Cositorto folded before Flop (didn't bet)



PokerStars Hand #254447745701:  Hold'em No Limit ($0.50/$1.00 USD) - 2025/01/19 15:00:07 WET [2025/01/19 10:00:07 ET]
Table 'Biela III' 6-max Seat #3 is the button
Seat 2: Pippa83 ($100 in chips) is sitting out
Seat 6: ka100pka527 ($100 in chips) is sitting out
Seat 1: riovaldivia ($75.58 in chips) 
Seat 3: AlexPinsk1 ($100 in chips) 
Seat 4: Burlica2013 ($104.99 in chips) 
Seat 5: Cositorto ($131.32 in chips) 
Burlica2013: posts small blind $0.50
Cositorto: posts big blind $1
ka100pka527: sits out 
Pippa83: sits out 
*** HOLE CARDS ***
riovaldivia: folds 
AlexPinsk1: folds 
Burlica2013: folds 
Uncalled bet ($0.50) returned to Cositorto
Cositorto collected $1 from pot
Cositorto: doesn't show hand 
*** SUMMARY ***
Total pot $1 | Rake $0 
Seat 2: Pippa83
Seat 6: ka100pka527
Seat 1: riovaldivia folded before Flop (didn't bet)
Seat 3: AlexPinsk1 (button) folded before Flop (didn't bet)
Seat 4: Burlica2013 (small blind) folded before Flop
Seat 5: Cositorto (big blind) collected ($1)



PokerStars Hand #254447747867:  Hold'em No Limit ($0.50/$1.00 USD) - 2025/01/19 15:00:19 WET [2025/01/19 10:00:19 ET]
Table 'Biela III' 6-max Seat #4 is the button
Seat 2: Pippa83 ($100 in chips) is sitting out
Seat 1: riovaldivia ($75.58 in chips) 
Seat 3: AlexPinsk1 ($100 in chips) 
Seat 4: Burlica2013 ($104.49 in chips) 
Seat 5: Cositorto ($131.82 in chips) 
Seat 6: ka100pka527 ($100 in chips) 
Cositorto: posts small blind $0.50
ka100pka527: posts big blind $1
Pippa83: sits out 
*** HOLE CARDS ***
riovaldivia: calls $1
AlexPinsk1: folds 
Burlica2013: folds 
Cositorto: folds 
ka100pka527: raises $3.50 to $4.50
riovaldivia: calls $3.50
*** FLOP *** [4c 9s Qs]
ka100pka527: bets $4.87
riovaldivia: calls $4.87
*** TURN *** [4c 9s Qs] [Ad]
ka100pka527: bets $9.87
riovaldivia: folds 
Uncalled bet ($9.87) returned to ka100pka527
ka100pka527 collected $18.28 from pot
ka100pka527: doesn't show hand 
*** SUMMARY ***
Total pot $19.24 | Rake $0.96 
Board [4c 9s Qs Ad]
Seat 2: Pippa83
Seat 1: riovaldivia folded on the Turn
Seat 3: AlexPinsk1 folded before Flop (didn't bet)
Seat 4: Burlica2013 (button) folded before Flop (didn't bet)
Seat 5: Cositorto (small blind) folded before Flop
Seat 6: ka100pka527 (big blind) collected ($18.28)



PokerStars Hand #254447755958:  Hold'em No Limit ($0.50/$1.00 USD) - 2025/01/19 15:01:00 WET [2025/01/19 10:01:00 ET]
Table 'Biela III' 6-max Seat #5 is the button
Seat 2: Pippa83 ($100 in chips) is sitting out
Seat 1: riovaldivia ($66.21 in chips) 
Seat 3: AlexPinsk1 ($100 in chips) 
Seat 4: Burlica2013 ($104.49 in chips) 
Seat 5: Cositorto ($131.32 in chips) 
Seat 6: ka100pka527 ($108.91 in chips) 
ka100pka527: posts small blind $0.50
riovaldivia: posts big blind $1
Pippa83: sits out 
*** HOLE CARDS ***
AlexPinsk1: raises $1.50 to $2.50
Burlica2013: calls $2.50
Cositorto: folds 
ka100pka527: folds 
riovaldivia: folds 
*** FLOP *** [8s 6s Jh]
AlexPinsk1: checks 
Burlica2013: bets $2.04
AlexPinsk1: folds 
Uncalled bet ($2.04) returned to Burlica2013
Burlica2013 collected $6.18 from pot
Burlica2013: doesn't show hand 
*** SUMMARY ***
Total pot $6.50 | Rake $0.32 
Board [8s 6s Jh]
Seat 2: Pippa83
Seat 1: riovaldivia (big blind) folded before Flop
Seat 3: AlexPinsk1 folded on the Flop
Seat 4: Burlica2013 collected ($6.18)
Seat 5: Cositorto (button) folded before Flop (didn't bet)
Seat 6: ka100pka527 (small blind) folded before Flop



PokerStars Hand #254447763368:  Hold'em No Limit ($0.50/$1.00 USD) - 2025/01/19 15:01:33 WET [2025/01/19 10:01:33 ET]
Table 'Biela III' 6-max Seat #6 is the button
Seat 1: riovaldivia ($65.21 in chips) 
Seat 2: Pippa83 ($100 in chips) 
Seat 3: AlexPinsk1 ($100 in chips) 
Seat 4: Burlica2013 ($108.17 in chips) 
Seat 5: Cositorto ($131.32 in chips) 
Seat 6: ka100pka527 ($108.41 in chips) 
riovaldivia: posts small blind $0.50
Pippa83: posts big blind $1
*** HOLE CARDS ***
AlexPinsk1: raises $1.50 to $2.50
Burlica2013: folds 
Cositorto: folds 
ka100pka527: folds 
riovaldivia: calls $2
Pippa83: folds 
*** FLOP *** [6c 5s Ts]
riovaldivia: checks 
AlexPinsk1: bets $2.85
riovaldivia: folds 
Uncalled bet ($2.85) returned to AlexPinsk1
AlexPinsk1 collected $5.70 from pot
AlexPinsk1: doesn't show hand 
*** SUMMARY ***
Total pot $6 | Rake $0.30 
Board [6c 5s Ts]
Seat 1: riovaldivia (small blind) folded on the Flop
Seat 2: Pippa83 (big blind) folded before Flop
Seat 3: AlexPinsk1 collected ($5.70)
Seat 4: Burlica2013 folded before Flop (didn't bet)
Seat 5: Cositorto folded before Flop (didn't bet)
Seat 6: ka100pka527 (button) folded before Flop (didn't bet)



PokerStars Hand #254447769600:  Hold'em No Limit ($0.50/$1.00 USD) - 2025/01/19 15:02:00 WET [2025/01/19 10:02:00 ET]
Table 'Biela III' 6-max Seat #1 is the button
Seat 1: riovaldivia ($62.71 in chips) 
Seat 2: Pippa83 ($100 in chips) 
Seat 3: AlexPinsk1 ($103.20 in chips) 
Seat 4: Burlica2013 ($108.17 in chips) 
Seat 5: Cositorto ($131.32 in chips) 
Seat 6: ka100pka527 ($108.41 in chips) 
Pippa83: posts small blind $0.50
AlexPinsk1: posts big blind $1
*** HOLE CARDS ***
Burlica2013: folds 
Cositorto: raises $1 to $2
ka100pka527: folds 
riovaldivia: calls $2
Pippa83: raises $11 to $13
AlexPinsk1: folds 
Cositorto: calls $11
riovaldivia: calls $11
*** FLOP *** [3d As 6h]
Pippa83: bets $12.54
Cositorto: calls $12.54
riovaldivia: folds 
*** TURN *** [3d As 6h] [Kh]
Pippa83: bets $20.65
Cositorto: calls $20.65
*** RIVER *** [3d As 6h Kh] [8h]
Pippa83 has timed out
Pippa83: checks 
Cositorto: checks 
*** SHOW DOWN ***
Pippa83: shows [Qd Ad] (a pair of Aces)
Cositorto: shows [Ac Qc] (a pair of Aces)
Pippa83 collected $51.94 from pot
Cositorto collected $51.94 from pot
*** SUMMARY ***
Total pot $106.38 | Rake $2.50 
Board [3d As 6h Kh 8h]
Seat 1: riovaldivia (button) folded on the Flop
Seat 2: Pippa83 (small blind) showed [Qd Ad] and won ($51.94) with a pair of Aces
Seat 3: AlexPinsk1 (big blind) folded before Flop
Seat 4: Burlica2013 folded before Flop (didn't bet)
Seat 5: Cositorto showed [Ac Qc] and won ($51.94) with a pair of Aces
Seat 6: ka100pka527 folded before Flop (didn't bet)



PokerStars Hand #254447792183:  Hold'em No Limit ($0.50/$1.00 USD) - 2025/01/19 15:03:38 WET [2025/01/19 10:03:38 ET]
Table 'Biela III' 6-max Seat #2 is the button
Seat 1: riovaldivia ($49.71 in chips) 
Seat 2: Pippa83 ($105.75 in chips) 
Seat 3: AlexPinsk1 ($102.20 in chips) 
Seat 4: Burlica2013 ($108.17 in chips) 
Seat 5: Cositorto ($137.07 in chips) 
Seat 6: ka100pka527 ($108.41 in chips) 
AlexPinsk1: posts small blind $0.50
Burlica2013: posts big blind $1
*** HOLE CARDS ***
Cositorto: folds 
ka100pka527: folds 
riovaldivia: folds 
Pippa83: folds 
AlexPinsk1: raises $2 to $3
Burlica2013: folds 
Uncalled bet ($2) returned to AlexPinsk1
AlexPinsk1 collected $2 from pot
AlexPinsk1: doesn't show hand 
*** SUMMARY ***
Total pot $2 | Rake $0 
Seat 1: riovaldivia folded before Flop (didn't bet)
Seat 2: Pippa83 (button) folded before Flop (didn't bet)
Seat 3: AlexPinsk1 (small blind) collected ($2)
Seat 4: Burlica2013 (big blind) folded before Flop
Seat 5: Cositorto folded before Flop (didn't bet)
Seat 6: ka100pka527 folded before Flop (didn't bet)



PokerStars Hand #254447797566:  Hold'em No Limit ($0.50/$1.00 USD) - 2025/01/19 15:04:00 WET [2025/01/19 10:04:00 ET]
Table 'Biela III' 6-max Seat #3 is the button
Seat 1: riovaldivia ($49.71 in chips) 
Seat 2: Pippa83 ($105.75 in chips) 
Seat 3: AlexPinsk1 ($103.20 in chips) 
Seat 4: Burlica2013 ($107.17 in chips) 
Seat 5: Cositorto ($137.07 in chips) 
Seat 6: ka100pka527 ($108.41 in chips) 
Burlica2013: posts small blind $0.50
Cositorto: posts big blind $1
*** HOLE CARDS ***
ka100pka527: folds 
riovaldivia: raises $1 to $2
Pippa83: folds 
AlexPinsk1: folds 
Burlica2013: folds 
Cositorto: folds 
Uncalled bet ($1) returned to riovaldivia
riovaldivia collected $2.50 from pot
riovaldivia: doesn't show hand 
*** SUMMARY ***
Total pot $2.50 | Rake $0 
Seat 1: riovaldivia collected ($2.50)
Seat 2: Pippa83 folded before Flop (didn't bet)
Seat 3: AlexPinsk1 (button) folded before Flop (didn't bet)
Seat 4: Burlica2013 (small blind) folded before Flop
Seat 5: Cositorto (big blind) folded before Flop
Seat 6: ka100pka527 folded before Flop (didn't bet)



PokerStars Hand #254447802145:  Hold'em No Limit ($0.50/$1.00 USD) - 2025/01/19 15:04:19 WET [2025/01/19 10:04:19 ET]
Table 'Biela III' 6-max Seat #4 is the button
Seat 1: riovaldivia ($51.21 in chips) 
Seat 2: Pippa83 ($105.75 in chips) 
Seat 3: AlexPinsk1 ($103.20 in chips) 
Seat 4: Burlica2013 ($106.67 in chips) 
Seat 5: Cositorto ($136.07 in chips) 
Seat 6: ka100pka527 ($108.41 in chips) 
Cositorto: posts small blind $0.50
ka100pka527: posts big blind $1
*** HOLE CARDS ***
riovaldivia: calls $1
Pippa83: folds 
AlexPinsk1: folds 
Burlica2013: folds 
Cositorto: folds 
ka100pka527: checks 
*** FLOP *** [Tc Qc 9c]
ka100pka527: checks 
riovaldivia: checks 
*** TURN *** [Tc Qc 9c] [8h]
ka100pka527: checks 
riovaldivia: checks 
*** RIVER *** [Tc Qc 9c 8h] [7d]
ka100pka527: bets $1
riovaldivia: calls $1
*** SHOW DOWN ***
ka100pka527: shows [4c 6h] (a straight, Six to Ten)
riovaldivia: mucks hand 
ka100pka527 collected $4.28 from pot
*** SUMMARY ***
Total pot $4.50 | Rake $0.22 
Board [Tc Qc 9c 8h 7d]
Seat 1: riovaldivia mucked
Seat 2: Pippa83 folded before Flop (didn't bet)
Seat 3: AlexPinsk1 folded before Flop (didn't bet)
Seat 4: Burlica2013 (button) folded before Flop (didn't bet)
Seat 5: Cositorto (small blind) folded before Flop
Seat 6: ka100pka527 (big blind) showed [4c 6h] and won ($4.28) with a straight, Six to Ten



PokerStars Hand #254447811841:  Hold'em No Limit ($0.50/$1.00 USD) - 2025/01/19 15:04:59 WET [2025/01/19 10:04:59 ET]
Table 'Biela III' 6-max Seat #5 is the button
Seat 1: riovaldivia ($49.21 in chips) 
Seat 2: Pippa83 ($105.75 in chips) 
Seat 3: AlexPinsk1 ($103.20 in chips) 
Seat 4: Burlica2013 ($106.67 in chips) 
Seat 5: Cositorto ($135.57 in chips) 
Seat 6: ka100pka527 ($110.69 in chips) 
ka100pka527: posts small blind $0.50
riovaldivia: posts big blind $1
*** HOLE CARDS ***
Pippa83: folds 
AlexPinsk1: raises $1.50 to $2.50
Burlica2013: folds 
Cositorto: folds 
ka100pka527: folds 
riovaldivia: calls $1.50
*** FLOP *** [As 6d 9s]
riovaldivia: checks 
AlexPinsk1: checks 
*** TURN *** [As 6d 9s] [6h]
riovaldivia: bets $5.22
AlexPinsk1: folds 
Uncalled bet ($5.22) returned to riovaldivia
riovaldivia collected $5.22 from pot
riovaldivia: doesn't show hand 
*** SUMMARY ***
Total pot $5.50 | Rake $0.28 
Board [As 6d 9s 6h]
Seat 1: riovaldivia (big blind) collected ($5.22)
Seat 2: Pippa83 folded before Flop (didn't bet)
Seat 3: AlexPinsk1 folded on the Turn
Seat 4: Burlica2013 folded before Flop (didn't bet)
Seat 5: Cositorto (button) folded before Flop (didn't bet)
Seat 6: ka100pka527 (small blind) folded before Flop



PokerStars Hand #254447823098:  Hold'em No Limit ($0.50/$1.00 USD) - 2025/01/19 15:05:46 WET [2025/01/19 10:05:46 ET]
Table 'Biela III' 6-max Seat #6 is the button
Seat 1: riovaldivia ($51.93 in chips) 
Seat 2: Pippa83 ($105.75 in chips) 
Seat 3: AlexPinsk1 ($100.70 in chips) 
Seat 4: Burlica2013 ($106.67 in chips) 
Seat 5: Cositorto ($135.57 in chips) 
Seat 6: ka100pka527 ($110.19 in chips) 
riovaldivia: posts small blind $0.50
Pippa83: posts big blind $1
*** HOLE CARDS ***
AlexPinsk1: folds 
Burlica2013: folds 
Cositorto: raises $1 to $2
ka100pka527: folds 
riovaldivia: folds 
Pippa83: calls $1
*** FLOP *** [Ac 7s Qd]
Pippa83: checks 
Cositorto: bets $4.28
Pippa83: folds 
Uncalled bet ($4.28) returned to Cositorto
Cositorto collected $4.28 from pot
Cositorto: doesn't show hand 
*** SUMMARY ***
Total pot $4.50 | Rake $0.22 
Board [Ac 7s Qd]
Seat 1: riovaldivia (small blind) folded before Flop
Seat 2: Pippa83 (big blind) folded on the Flop
Seat 3: AlexPinsk1 folded before Flop (didn't bet)
Seat 4: Burlica2013 folded before Flop (didn't bet)
Seat 5: Cositorto collected ($4.28)
Seat 6: ka100pka527 (button) folded before Flop (didn't bet)



PokerStars Hand #254447831058:  Hold'em No Limit ($0.50/$1.00 USD) - 2025/01/19 15:06:19 WET [2025/01/19 10:06:19 ET]
Table 'Biela III' 6-max Seat #1 is the button
Seat 1: riovaldivia ($51.43 in chips) 
Seat 2: Pippa83 ($103.75 in chips) 
Seat 3: AlexPinsk1 ($100.70 in chips) 
Seat 4: Burlica2013 ($106.67 in chips) 
Seat 5: Cositorto ($137.85 in chips) 
Seat 6: ka100pka527 ($110.19 in chips) 
Pippa83: posts small blind $0.50
AlexPinsk1: posts big blind $1
*** HOLE CARDS ***
Burlica2013: raises $1.20 to $2.20
Cositorto: raises $4.80 to $7
ka100pka527: folds 
riovaldivia: calls $7
Pippa83: folds 
AlexPinsk1: folds 
Burlica2013: calls $4.80
*** FLOP *** [3h Kh Jc]
Burlica2013: checks 
Cositorto: bets $4.28
riovaldivia: calls $4.28
Burlica2013: raises $17.11 to $21.39
Cositorto: folds 
riovaldivia: folds 
Uncalled bet ($17.11) returned to Burlica2013
Burlica2013 collected $33.57 from pot
Burlica2013: doesn't show hand 
*** SUMMARY ***
Total pot $35.34 | Rake $1.77 
Board [3h Kh Jc]
Seat 1: riovaldivia (button) folded on the Flop
Seat 2: Pippa83 (small blind) folded before Flop
Seat 3: AlexPinsk1 (big blind) folded before Flop
Seat 4: Burlica2013 collected ($33.57)
Seat 5: Cositorto folded on the Flop
Seat 6: ka100pka527 folded before Flop (didn't bet)



PokerStars Hand #254447845140:  Hold'em No Limit ($0.50/$1.00 USD) - 2025/01/19 15:07:19 WET [2025/01/19 10:07:19 ET]
Table 'Biela III' 6-max Seat #2 is the button
Seat 1: riovaldivia ($40.15 in chips) 
Seat 2: Pippa83 ($103.25 in chips) 
Seat 3: AlexPinsk1 ($100 in chips) 
Seat 4: Burlica2013 ($128.96 in chips) 
Seat 5: Cositorto ($126.57 in chips) 
Seat 6: ka100pka527 ($110.19 in chips) 
AlexPinsk1: posts small blind $0.50
Burlica2013: posts big blind $1
*** HOLE CARDS ***
Cositorto: raises $1 to $2
ka100pka527: folds 
riovaldivia: raises $4 to $6
Pippa83: folds 
AlexPinsk1: folds 
Burlica2013: folds 
Cositorto: calls $4
*** FLOP *** [Qh 6c Jd]
Cositorto: checks 
riovaldivia: bets $34.15 and is all-in
Cositorto: folds 
Uncalled bet ($34.15) returned to riovaldivia
riovaldivia collected $12.82 from pot
riovaldivia: doesn't show hand 
*** SUMMARY ***
Total pot $13.50 | Rake $0.68 
Board [Qh 6c Jd]
Seat 1: riovaldivia collected ($12.82)
Seat 2: Pippa83 (button) folded before Flop (didn't bet)
Seat 3: AlexPinsk1 (small blind) folded before Flop
Seat 4: Burlica2013 (big blind) folded before Flop
Seat 5: Cositorto folded on the Flop
Seat 6: ka100pka527 folded before Flop (didn't bet)



PokerStars Hand #254447853958:  Hold'em No Limit ($0.50/$1.00 USD) - 2025/01/19 15:07:56 WET [2025/01/19 10:07:56 ET]
Table 'Biela III' 6-max Seat #3 is the button
Seat 1: riovaldivia ($46.97 in chips) 
Seat 2: Pippa83 ($103.25 in chips) 
Seat 3: AlexPinsk1 ($100 in chips) 
Seat 4: Burlica2013 ($127.96 in chips) 
Seat 5: Cositorto ($120.57 in chips) 
Seat 6: ka100pka527 ($110.19 in chips) 
Burlica2013: posts small blind $0.50
Cositorto: posts big blind $1
*** HOLE CARDS ***
ka100pka527: folds 
riovaldivia: calls $1
Pippa83: raises $2.50 to $3.50
AlexPinsk1: folds 
Burlica2013: folds 
Cositorto: calls $2.50
riovaldivia: raises $2.50 to $6
Pippa83: calls $2.50
Cositorto: calls $2.50
*** FLOP *** [2h 2d Kh]
Cositorto: checks 
riovaldivia: checks 
Pippa83: checks 
*** TURN *** [2h 2d Kh] [Tc]
Cositorto: checks 
riovaldivia: checks 
Pippa83: checks 
*** RIVER *** [2h 2d Kh Tc] [Ks]
Cositorto: checks 
riovaldivia: checks 
Pippa83: checks 
*** SHOW DOWN ***
Cositorto: shows [6c 7c] (two pair, Kings and Deuces)
riovaldivia: shows [9s 9c] (two pair, Kings and Nines)
Pippa83: mucks hand 
riovaldivia collected $17.58 from pot
*** SUMMARY ***
Total pot $18.50 | Rake $0.92 
Board [2h 2d Kh Tc Ks]
Seat 1: riovaldivia showed [9s 9c] and won ($17.58) with two pair, Kings and Nines
Seat 2: Pippa83 mucked
Seat 3: AlexPinsk1 (button) folded before Flop (didn't bet)
Seat 4: Burlica2013 (small blind) folded before Flop
Seat 5: Cositorto (big blind) showed [6c 7c] and lost with two pair, Kings and Deuces
Seat 6: ka100pka527 folded before Flop (didn't bet)



PokerStars Hand #254447873184:  Hold'em No Limit ($0.50/$1.00 USD) - 2025/01/19 15:09:17 WET [2025/01/19 10:09:17 ET]
Table 'Biela III' 6-max Seat #4 is the button
Seat 1: riovaldivia ($58.55 in chips) 
Seat 2: Pippa83 ($100 in chips) 
Seat 3: AlexPinsk1 ($100 in chips) 
Seat 4: Burlica2013 ($127.46 in chips) 
Seat 5: Cositorto ($114.57 in chips) 
Seat 6: ka100pka527 ($110.19 in chips) 
Cositorto: posts small blind $0.50
ka100pka527: posts big blind $1
*** HOLE CARDS ***
riovaldivia: calls $1
Pippa83: raises $2.50 to $3.50
AlexPinsk1: folds 
Burlica2013: folds 
Cositorto: folds 
ka100pka527: folds 
riovaldivia: raises $2.50 to $6
Pippa83: calls $2.50
*** FLOP *** [Kd As Jc]
riovaldivia: checks 
Pippa83: checks 
*** TURN *** [Kd As Jc] [7d]
riovaldivia: bets $6.41
Pippa83: calls $6.41
*** RIVER *** [Kd As Jc 7d] [3c]
riovaldivia: checks 
Pippa83: checks 
*** SHOW DOWN ***
riovaldivia: shows [Qd Qs] (a pair of Queens)
Pippa83: shows [Ad Tc] (a pair of Aces)
Pippa83 collected $25 from pot
*** SUMMARY ***
Total pot $26.32 | Rake $1.32 
Board [Kd As Jc 7d 3c]
Seat 1: riovaldivia showed [Qd Qs] and lost with a pair of Queens
Seat 2: Pippa83 showed [Ad Tc] and won ($25) with a pair of Aces
Seat 3: AlexPinsk1 folded before Flop (didn't bet)
Seat 4: Burlica2013 (button) folded before Flop (didn't bet)
Seat 5: Cositorto (small blind) folded before Flop
Seat 6: ka100pka527 (big blind) folded before Flop



PokerStars Hand #254447888665:  Hold'em No Limit ($0.50/$1.00 USD) - 2025/01/19 15:10:22 WET [2025/01/19 10:10:22 ET]
Table 'Biela III' 6-max Seat #5 is the button
Seat 1: riovaldivia ($46.14 in chips) 
Seat 2: Pippa83 ($112.59 in chips) 
Seat 3: AlexPinsk1 ($100 in chips) 
Seat 4: Burlica2013 ($127.46 in chips) 
Seat 5: Cositorto ($114.07 in chips) 
Seat 6: ka100pka527 ($109.19 in chips) 
ka100pka527: posts small blind $0.50
riovaldivia: posts big blind $1
*** HOLE CARDS ***
Pippa83: folds 
AlexPinsk1: folds 
Burlica2013: folds 
Cositorto: folds 
ka100pka527: calls $0.50
riovaldivia: checks 
*** FLOP *** [7d 4d 7h]
ka100pka527: bets $1.27
riovaldivia: folds 
Uncalled bet ($1.27) returned to ka100pka527
ka100pka527 collected $1.90 from pot
ka100pka527: doesn't show hand 
*** SUMMARY ***
Total pot $2 | Rake $0.10 
Board [7d 4d 7h]
Seat 1: riovaldivia (big blind) folded on the Flop
Seat 2: Pippa83 folded before Flop (didn't bet)
Seat 3: AlexPinsk1 folded before Flop (didn't bet)
Seat 4: Burlica2013 folded before Flop (didn't bet)
Seat 5: Cositorto (button) folded before Flop (didn't bet)
Seat 6: ka100pka527 (small blind) collected ($1.90)



PokerStars Hand #254447895791:  Hold'em No Limit ($0.50/$1.00 USD) - 2025/01/19 15:10:52 WET [2025/01/19 10:10:52 ET]
Table 'Biela III' 6-max Seat #6 is the button
Seat 1: riovaldivia ($45.14 in chips) 
Seat 2: Pippa83 ($112.59 in chips) 
Seat 3: AlexPinsk1 ($100 in chips) 
Seat 4: Burlica2013 ($127.46 in chips) 
Seat 5: Cositorto ($114.07 in chips) 
Seat 6: ka100pka527 ($110.09 in chips) 
riovaldivia: posts small blind $0.50
Pippa83: posts big blind $1
*** HOLE CARDS ***
AlexPinsk1: folds 
Burlica2013: folds 
Cositorto: folds 
ka100pka527: folds 
riovaldivia: folds 
Uncalled bet ($0.50) returned to Pippa83
Pippa83 collected $1 from pot
Pippa83: doesn't show hand 
*** SUMMARY ***
Total pot $1 | Rake $0 
Seat 1: riovaldivia (small blind) folded before Flop
Seat 2: Pippa83 (big blind) collected ($1)
Seat 3: AlexPinsk1 folded before Flop (didn't bet)
Seat 4: Burlica2013 folded before Flop (didn't bet)
Seat 5: Cositorto folded before Flop (didn't bet)
Seat 6: ka100pka527 (button) folded before Flop (didn't bet)



PokerStars Hand #254447898804:  Hold'em No Limit ($0.50/$1.00 USD) - 2025/01/19 15:11:04 WET [2025/01/19 10:11:04 ET]
Table 'Biela III' 6-max Seat #1 is the button
Seat 1: riovaldivia ($44.64 in chips) 
Seat 2: Pippa83 ($113.09 in chips) 
Seat 3: AlexPinsk1 ($100 in chips) 
Seat 4: Burlica2013 ($127.46 in chips) 
Seat 5: Cositorto ($114.07 in chips) 
Seat 6: ka100pka527 ($110.09 in chips) 
Pippa83: posts small blind $0.50
AlexPinsk1: posts big blind $1
*** HOLE CARDS ***
Burlica2013: folds 
Cositorto: raises $1 to $2
ka100pka527: folds 
riovaldivia: calls $2
Pippa83: folds 
AlexPinsk1: folds 
*** FLOP *** [8d Th 3s]
Cositorto: checks 
riovaldivia: checks 
*** TURN *** [8d Th 3s] [4d]
Cositorto: bets $4.59
riovaldivia: folds 
Uncalled bet ($4.59) returned to Cositorto
Cositorto collected $5.22 from pot
Cositorto: doesn't show hand 
*** SUMMARY ***
Total pot $5.50 | Rake $0.28 
Board [8d Th 3s 4d]
Seat 1: riovaldivia (button) folded on the Turn
Seat 2: Pippa83 (small blind) folded before Flop
Seat 3: AlexPinsk1 (big blind) folded before Flop
Seat 4: Burlica2013 folded before Flop (didn't bet)
Seat 5: Cositorto collected ($5.22)
Seat 6: ka100pka527 folded before Flop (didn't bet)



PokerStars Hand #254447906343:  Hold'em No Limit ($0.50/$1.00 USD) - 2025/01/19 15:11:35 WET [2025/01/19 10:11:35 ET]
Table 'Biela III' 6-max Seat #2 is the button
Seat 1: riovaldivia ($42.64 in chips) 
Seat 2: Pippa83 ($112.59 in chips) 
Seat 3: AlexPinsk1 ($100 in chips) 
Seat 4: Burlica2013 ($127.46 in chips) 
Seat 5: Cositorto ($117.29 in chips) 
Seat 6: ka100pka527 ($110.09 in chips) 
AlexPinsk1: posts small blind $0.50
Burlica2013: posts big blind $1
*** HOLE CARDS ***
Cositorto: folds 
ka100pka527: folds 
riovaldivia: folds 
Pippa83: raises $1.50 to $2.50
AlexPinsk1: folds 
riovaldivia leaves the table
Burlica2013: raises $9.50 to $12
Pippa83: folds 
Uncalled bet ($9.50) returned to Burlica2013
Burlica2013 collected $5.50 from pot
Burlica2013: doesn't show hand 
*** SUMMARY ***
Total pot $5.50 | Rake $0 
Seat 1: riovaldivia folded before Flop (didn't bet)
Seat 2: Pippa83 (button) folded before Flop
Seat 3: AlexPinsk1 (small blind) folded before Flop
Seat 4: Burlica2013 (big blind) collected ($5.50)
Seat 5: Cositorto folded before Flop (didn't bet)
Seat 6: ka100pka527 folded before Flop (didn't bet)



PokerStars Hand #254447914320:  Hold'em No Limit ($0.50/$1.00 USD) - 2025/01/19 15:12:08 WET [2025/01/19 10:12:08 ET]
Table 'Biela III' 6-max Seat #3 is the button
Seat 2: Pippa83 ($110.09 in chips) 
Seat 3: AlexPinsk1 ($100 in chips) 
Seat 4: Burlica2013 ($130.46 in chips) 
Seat 5: Cositorto ($117.29 in chips) 
Seat 6: ka100pka527 ($110.09 in chips) 
Burlica2013: posts small blind $0.50
Cositorto: posts big blind $1
*** HOLE CARDS ***
ka100pka527: folds 
Pippa83: raises $1.50 to $2.50
AlexPinsk1: folds 
Burlica2013: folds 
Cositorto: folds 
Uncalled bet ($1.50) returned to Pippa83
Pippa83 collected $2.50 from pot
Pippa83: doesn't show hand 
*** SUMMARY ***
Total pot $2.50 | Rake $0 
Seat 2: Pippa83 collected ($2.50)
Seat 3: AlexPinsk1 (button) folded before Flop (didn't bet)
Seat 4: Burlica2013 (small blind) folded before Flop
Seat 5: Cositorto (big blind) folded before Flop
Seat 6: ka100pka527 folded before Flop (didn't bet)



