PokerStars Hand #254450226887:  Hold'em No Limit ($0.50/$1.00 USD) - 2025/01/19 17:05:39 WET [2025/01/19 12:05:39 ET]
Table 'Pilcher III' 6-max Seat #5 is the button
Seat 2: imhungarian8 ($100 in chips) is sitting out
Seat 1: CichiChanMarian ($100 in chips) 
Seat 4: Iamwhoiam28 ($42.64 in chips) 
Seat 5: blistein ($100 in chips) 
Seat 6: Poker9803 ($100 in chips) 
Poker9803: posts small blind $0.50
CichiChanMarian: posts big blind $1
imhungarian8: sits out 
*** HOLE CARDS ***
Iamwhoiam28: raises $1 to $2
blistein: folds 
Poker9803: folds 
ka100pka527 joins the table at seat #3 
CichiChanMarian: calls $1
*** FLOP *** [2d 4d Js]
CichiChanMarian: checks 
Iamwhoiam28: checks 
*** TURN *** [2d 4d Js] [Ah]
CichiChanMarian: checks 
Iamwhoiam28: bets $2
CichiChanMarian: folds 
Uncalled bet ($2) returned to Iamwhoiam28
Iamwhoiam28 collected $4.28 from pot
*** SUMMARY ***
Total pot $4.50 | Rake $0.22 
Board [2d 4d Js Ah]
Seat 2: imhungarian8
Seat 1: CichiChanMarian (big blind) folded on the Turn
Seat 4: Iamwhoiam28 collected ($4.28)
Seat 5: blistein (button) folded before Flop (didn't bet)
Seat 6: Poker9803 (small blind) folded before Flop



PokerStars Hand #254450243736:  Hold'em No Limit ($0.50/$1.00 USD) - 2025/01/19 17:06:34 WET [2025/01/19 12:06:34 ET]
Table 'Pilcher III' 6-max Seat #6 is the button
Seat 3: ka100pka527 ($100 in chips) is sitting out
Seat 1: CichiChanMarian ($100 in chips) 
Seat 2: imhungarian8 ($100 in chips) 
Seat 4: Iamwhoiam28 ($44.92 in chips) 
Seat 5: blistein ($100 in chips) 
Seat 6: Poker9803 ($100 in chips) 
CichiChanMarian: posts small blind $0.50
imhungarian8: posts big blind $1
ka100pka527: sits out 
*** HOLE CARDS ***
Iamwhoiam28: raises $1 to $2
blistein: folds 
Poker9803: folds 
CichiChanMarian: calls $1.50
imhungarian8: folds 
*** FLOP *** [7c Js 3c]
CichiChanMarian: checks 
Iamwhoiam28: checks 
*** TURN *** [7c Js 3c] [7h]
CichiChanMarian: checks 
Iamwhoiam28: checks 
*** RIVER *** [7c Js 3c 7h] [4h]
CichiChanMarian: checks 
Iamwhoiam28: checks 
*** SHOW DOWN ***
CichiChanMarian: shows [8d Ad] (a pair of Sevens)
Iamwhoiam28: shows [3h Ah] (two pair, Sevens and Threes)
Iamwhoiam28 collected $4.75 from pot
*** SUMMARY ***
Total pot $5 | Rake $0.25 
Board [7c Js 3c 7h 4h]
Seat 3: ka100pka527
Seat 1: CichiChanMarian (small blind) showed [8d Ad] and lost with a pair of Sevens
Seat 2: imhungarian8 (big blind) folded before Flop
Seat 4: Iamwhoiam28 showed [3h Ah] and won ($4.75) with two pair, Sevens and Threes
Seat 5: blistein folded before Flop (didn't bet)
Seat 6: Poker9803 (button) folded before Flop (didn't bet)



PokerStars Hand #254450252118:  Hold'em No Limit ($0.50/$1.00 USD) - 2025/01/19 17:07:01 WET [2025/01/19 12:07:01 ET]
Table 'Pilcher III' 6-max Seat #1 is the button
Seat 1: CichiChanMarian ($100 in chips) 
Seat 2: imhungarian8 ($100 in chips) 
Seat 3: ka100pka527 ($100 in chips) 
Seat 4: Iamwhoiam28 ($47.67 in chips) 
Seat 5: blistein ($100 in chips) 
Seat 6: Poker9803 ($100 in chips) 
imhungarian8: posts small blind $0.50
ka100pka527: posts big blind $1
*** HOLE CARDS ***
Iamwhoiam28: folds 
blistein: raises $1.20 to $2.20
Poker9803: folds 
CichiChanMarian: folds 
imhungarian8: folds 
ka100pka527: folds 
Uncalled bet ($1.20) returned to blistein
blistein collected $2.50 from pot
blistein: doesn't show hand 
*** SUMMARY ***
Total pot $2.50 | Rake $0 
Seat 1: CichiChanMarian (button) folded before Flop (didn't bet)
Seat 2: imhungarian8 (small blind) folded before Flop
Seat 3: ka100pka527 (big blind) folded before Flop
Seat 4: Iamwhoiam28 folded before Flop (didn't bet)
Seat 5: blistein collected ($2.50)
Seat 6: Poker9803 folded before Flop (didn't bet)



PokerStars Hand #254450263256:  Hold'em No Limit ($0.50/$1.00 USD) - 2025/01/19 17:07:37 WET [2025/01/19 12:07:37 ET]
Table 'Pilcher III' 6-max Seat #2 is the button
Seat 1: CichiChanMarian ($100 in chips) 
Seat 2: imhungarian8 ($100 in chips) 
Seat 3: ka100pka527 ($100 in chips) 
Seat 4: Iamwhoiam28 ($47.67 in chips) 
Seat 5: blistein ($101.50 in chips) 
Seat 6: Poker9803 ($100 in chips) 
ka100pka527: posts small blind $0.50
Iamwhoiam28: posts big blind $1
*** HOLE CARDS ***
blistein: raises $1.20 to $2.20
Poker9803: folds 
CichiChanMarian: folds 
imhungarian8: folds 
ka100pka527: folds 
Iamwhoiam28: calls $1.20
*** FLOP *** [Jc 3d 7h]
Iamwhoiam28: checks 
blistein: bets $1.58
Iamwhoiam28: folds 
Uncalled bet ($1.58) returned to blistein
blistein collected $4.66 from pot
blistein: doesn't show hand 
*** SUMMARY ***
Total pot $4.90 | Rake $0.24 
Board [Jc 3d 7h]
Seat 1: CichiChanMarian folded before Flop (didn't bet)
Seat 2: imhungarian8 (button) folded before Flop (didn't bet)
Seat 3: ka100pka527 (small blind) folded before Flop
Seat 4: Iamwhoiam28 (big blind) folded on the Flop
Seat 5: blistein collected ($4.66)
Seat 6: Poker9803 folded before Flop (didn't bet)



PokerStars Hand #254450275603:  Hold'em No Limit ($0.50/$1.00 USD) - 2025/01/19 17:08:18 WET [2025/01/19 12:08:18 ET]
Table 'Pilcher III' 6-max Seat #3 is the button
Seat 1: CichiChanMarian ($100 in chips) 
Seat 2: imhungarian8 ($100 in chips) 
Seat 3: ka100pka527 ($100 in chips) 
Seat 4: Iamwhoiam28 ($45.47 in chips) 
Seat 5: blistein ($103.96 in chips) 
Seat 6: Poker9803 ($100 in chips) 
Iamwhoiam28: posts small blind $0.50
blistein: posts big blind $1
*** HOLE CARDS ***
Poker9803: folds 
CichiChanMarian: folds 
imhungarian8: folds 
ka100pka527: raises $1.50 to $2.50
Iamwhoiam28: folds 
blistein: folds 
Uncalled bet ($1.50) returned to ka100pka527
ka100pka527 collected $2.50 from pot
ka100pka527: doesn't show hand 
*** SUMMARY ***
Total pot $2.50 | Rake $0 
Seat 1: CichiChanMarian folded before Flop (didn't bet)
Seat 2: imhungarian8 folded before Flop (didn't bet)
Seat 3: ka100pka527 (button) collected ($2.50)
Seat 4: Iamwhoiam28 (small blind) folded before Flop
Seat 5: blistein (big blind) folded before Flop
Seat 6: Poker9803 folded before Flop (didn't bet)



PokerStars Hand #254450280811:  Hold'em No Limit ($0.50/$1.00 USD) - 2025/01/19 17:08:34 WET [2025/01/19 12:08:34 ET]
Table 'Pilcher III' 6-max Seat #4 is the button
Seat 1: CichiChanMarian ($100 in chips) 
Seat 2: imhungarian8 ($100 in chips) 
Seat 3: ka100pka527 ($101.50 in chips) 
Seat 4: Iamwhoiam28 ($44.97 in chips) 
Seat 5: blistein ($102.96 in chips) 
Seat 6: Poker9803 ($100 in chips) 
blistein: posts small blind $0.50
Poker9803: posts big blind $1
*** HOLE CARDS ***
CichiChanMarian: folds 
imhungarian8: folds 
ka100pka527: folds 
Iamwhoiam28: folds 
blistein: folds 
Uncalled bet ($0.50) returned to Poker9803
Poker9803 collected $1 from pot
Poker9803: doesn't show hand 
*** SUMMARY ***
Total pot $1 | Rake $0 
Seat 1: CichiChanMarian folded before Flop (didn't bet)
Seat 2: imhungarian8 folded before Flop (didn't bet)
Seat 3: ka100pka527 folded before Flop (didn't bet)
Seat 4: Iamwhoiam28 (button) folded before Flop (didn't bet)
Seat 5: blistein (small blind) folded before Flop
Seat 6: Poker9803 (big blind) collected ($1)



PokerStars Hand #254450284032:  Hold'em No Limit ($0.50/$1.00 USD) - 2025/01/19 17:08:45 WET [2025/01/19 12:08:45 ET]
Table 'Pilcher III' 6-max Seat #5 is the button
Seat 1: CichiChanMarian ($100 in chips) 
Seat 2: imhungarian8 ($100 in chips) 
Seat 3: ka100pka527 ($101.50 in chips) 
Seat 4: Iamwhoiam28 ($44.97 in chips) 
Seat 5: blistein ($102.46 in chips) 
Seat 6: Poker9803 ($100.50 in chips) 
Poker9803: posts small blind $0.50
CichiChanMarian: posts big blind $1
*** HOLE CARDS ***
imhungarian8: folds 
ka100pka527: folds 
Iamwhoiam28: folds 
blistein: folds 
Poker9803: raises $2.50 to $3.50
CichiChanMarian: folds 
Uncalled bet ($2.50) returned to Poker9803
Poker9803 collected $2 from pot
Poker9803: doesn't show hand 
*** SUMMARY ***
Total pot $2 | Rake $0 
Seat 1: CichiChanMarian (big blind) folded before Flop
Seat 2: imhungarian8 folded before Flop (didn't bet)
Seat 3: ka100pka527 folded before Flop (didn't bet)
Seat 4: Iamwhoiam28 folded before Flop (didn't bet)
Seat 5: blistein (button) folded before Flop (didn't bet)
Seat 6: Poker9803 (small blind) collected ($2)



PokerStars Hand #254450288464:  Hold'em No Limit ($0.50/$1.00 USD) - 2025/01/19 17:08:59 WET [2025/01/19 12:08:59 ET]
Table 'Pilcher III' 6-max Seat #6 is the button
Seat 1: CichiChanMarian ($100 in chips) 
Seat 2: imhungarian8 ($100 in chips) 
Seat 3: ka100pka527 ($101.50 in chips) 
Seat 4: Iamwhoiam28 ($44.97 in chips) 
Seat 5: blistein ($102.46 in chips) 
Seat 6: Poker9803 ($101.50 in chips) 
CichiChanMarian: posts small blind $0.50
imhungarian8: posts big blind $1
*** HOLE CARDS ***
ka100pka527: folds 
Iamwhoiam28: raises $1 to $2
blistein: folds 
Poker9803: folds 
CichiChanMarian: folds 
imhungarian8: folds 
Uncalled bet ($1) returned to Iamwhoiam28
Iamwhoiam28 collected $2.50 from pot
Iamwhoiam28: doesn't show hand 
*** SUMMARY ***
Total pot $2.50 | Rake $0 
Seat 1: CichiChanMarian (small blind) folded before Flop
Seat 2: imhungarian8 (big blind) folded before Flop
Seat 3: ka100pka527 folded before Flop (didn't bet)
Seat 4: Iamwhoiam28 collected ($2.50)
Seat 5: blistein folded before Flop (didn't bet)
Seat 6: Poker9803 (button) folded before Flop (didn't bet)



PokerStars Hand #254450291846:  Hold'em No Limit ($0.50/$1.00 USD) - 2025/01/19 17:09:11 WET [2025/01/19 12:09:11 ET]
Table 'Pilcher III' 6-max Seat #1 is the button
Seat 1: CichiChanMarian ($100 in chips) 
Seat 2: imhungarian8 ($100 in chips) 
Seat 3: ka100pka527 ($101.50 in chips) 
Seat 4: Iamwhoiam28 ($46.47 in chips) 
Seat 5: blistein ($102.46 in chips) 
Seat 6: Poker9803 ($101.50 in chips) 
imhungarian8: posts small blind $0.50
ka100pka527: posts big blind $1
*** HOLE CARDS ***
Iamwhoiam28: folds 
blistein: folds 
Poker9803: raises $1.50 to $2.50
CichiChanMarian: folds 
imhungarian8: folds 
ka100pka527: folds 
Uncalled bet ($1.50) returned to Poker9803
Poker9803 collected $2.50 from pot
Poker9803: doesn't show hand 
*** SUMMARY ***
Total pot $2.50 | Rake $0 
Seat 1: CichiChanMarian (button) folded before Flop (didn't bet)
Seat 2: imhungarian8 (small blind) folded before Flop
Seat 3: ka100pka527 (big blind) folded before Flop
Seat 4: Iamwhoiam28 folded before Flop (didn't bet)
Seat 5: blistein folded before Flop (didn't bet)
Seat 6: Poker9803 collected ($2.50)



PokerStars Hand #254450296639:  Hold'em No Limit ($0.50/$1.00 USD) - 2025/01/19 17:09:26 WET [2025/01/19 12:09:26 ET]
Table 'Pilcher III' 6-max Seat #2 is the button
Seat 1: CichiChanMarian ($100 in chips) 
Seat 2: imhungarian8 ($100 in chips) 
Seat 3: ka100pka527 ($100.50 in chips) 
Seat 4: Iamwhoiam28 ($46.47 in chips) 
Seat 5: blistein ($102.46 in chips) 
Seat 6: Poker9803 ($103 in chips) 
ka100pka527: posts small blind $0.50
Iamwhoiam28: posts big blind $1
*** HOLE CARDS ***
blistein: folds 
Poker9803: folds 
CichiChanMarian: folds 
imhungarian8: raises $1.50 to $2.50
ka100pka527: raises $8.50 to $11
Iamwhoiam28: folds 
imhungarian8: calls $8.50
*** FLOP *** [5d Qc Ad]
ka100pka527: bets $7.21
imhungarian8: folds 
Uncalled bet ($7.21) returned to ka100pka527
ka100pka527 collected $21.85 from pot
ka100pka527: doesn't show hand 
*** SUMMARY ***
Total pot $23 | Rake $1.15 
Board [5d Qc Ad]
Seat 1: CichiChanMarian folded before Flop (didn't bet)
Seat 2: imhungarian8 (button) folded on the Flop
Seat 3: ka100pka527 (small blind) collected ($21.85)
Seat 4: Iamwhoiam28 (big blind) folded before Flop
Seat 5: blistein folded before Flop (didn't bet)
Seat 6: Poker9803 folded before Flop (didn't bet)



PokerStars Hand #254450314938:  Hold'em No Limit ($0.50/$1.00 USD) - 2025/01/19 17:10:25 WET [2025/01/19 12:10:25 ET]
Table 'Pilcher III' 6-max Seat #3 is the button
Seat 1: CichiChanMarian ($100 in chips) 
Seat 2: imhungarian8 ($100 in chips) 
Seat 3: ka100pka527 ($111.35 in chips) 
Seat 4: Iamwhoiam28 ($45.47 in chips) 
Seat 5: blistein ($102.46 in chips) 
Seat 6: Poker9803 ($103 in chips) 
Iamwhoiam28: posts small blind $0.50
blistein: posts big blind $1
*** HOLE CARDS ***
Poker9803: folds 
CichiChanMarian: folds 
imhungarian8: folds 
ka100pka527: folds 
Iamwhoiam28: raises $1 to $2
blistein: calls $1
*** FLOP *** [Ad 5h 9d]
Iamwhoiam28: bets $2
blistein: folds 
Uncalled bet ($2) returned to Iamwhoiam28
Iamwhoiam28 collected $3.80 from pot
*** SUMMARY ***
Total pot $4 | Rake $0.20 
Board [Ad 5h 9d]
Seat 1: CichiChanMarian folded before Flop (didn't bet)
Seat 2: imhungarian8 folded before Flop (didn't bet)
Seat 3: ka100pka527 (button) folded before Flop (didn't bet)
Seat 4: Iamwhoiam28 (small blind) collected ($3.80)
Seat 5: blistein (big blind) folded on the Flop
Seat 6: Poker9803 folded before Flop (didn't bet)



PokerStars Hand #254450324003:  Hold'em No Limit ($0.50/$1.00 USD) - 2025/01/19 17:10:54 WET [2025/01/19 12:10:54 ET]
Table 'Pilcher III' 6-max Seat #4 is the button
Seat 1: CichiChanMarian ($100 in chips) 
Seat 2: imhungarian8 ($100 in chips) 
Seat 3: ka100pka527 ($111.35 in chips) 
Seat 4: Iamwhoiam28 ($47.27 in chips) 
Seat 5: blistein ($100.46 in chips) 
Seat 6: Poker9803 ($103 in chips) 
blistein: posts small blind $0.50
Poker9803: posts big blind $1
*** HOLE CARDS ***
CichiChanMarian: folds 
imhungarian8: folds 
ka100pka527: raises $1.50 to $2.50
Iamwhoiam28: calls $2.50
blistein: folds 
Poker9803: folds 
*** FLOP *** [Qd 4d Qh]
ka100pka527: bets $2.04
Iamwhoiam28: calls $2.04
*** TURN *** [Qd 4d Qh] [Kd]
ka100pka527: checks 
Iamwhoiam28: checks 
*** RIVER *** [Qd 4d Qh Kd] [2c]
ka100pka527: checks 
Iamwhoiam28: checks 
*** SHOW DOWN ***
ka100pka527: shows [Kh Td] (two pair, Kings and Queens)
Iamwhoiam28: mucks hand 
ka100pka527 collected $10.05 from pot
*** SUMMARY ***
Total pot $10.58 | Rake $0.53 
Board [Qd 4d Qh Kd 2c]
Seat 1: CichiChanMarian folded before Flop (didn't bet)
Seat 2: imhungarian8 folded before Flop (didn't bet)
Seat 3: ka100pka527 showed [Kh Td] and won ($10.05) with two pair, Kings and Queens
Seat 4: Iamwhoiam28 (button) mucked
Seat 5: blistein (small blind) folded before Flop
Seat 6: Poker9803 (big blind) folded before Flop



PokerStars Hand #254450346731:  Hold'em No Limit ($0.50/$1.00 USD) - 2025/01/19 17:12:05 WET [2025/01/19 12:12:05 ET]
Table 'Pilcher III' 6-max Seat #5 is the button
Seat 1: CichiChanMarian ($100 in chips) 
Seat 2: imhungarian8 ($100 in chips) 
Seat 3: ka100pka527 ($116.86 in chips) 
Seat 4: Iamwhoiam28 ($42.73 in chips) 
Seat 5: blistein ($100 in chips) 
Seat 6: Poker9803 ($102 in chips) 
Poker9803: posts small blind $0.50
CichiChanMarian: posts big blind $1
*** HOLE CARDS ***
imhungarian8: raises $1 to $2
ka100pka527: calls $2
Iamwhoiam28: calls $2
blistein: folds 
Poker9803: folds 
CichiChanMarian: folds 
*** FLOP *** [Qc 4s 2s]
imhungarian8: bets $3.56
ka100pka527: folds 
Iamwhoiam28: calls $3.56
*** TURN *** [Qc 4s 2s] [2d]
imhungarian8: checks 
Iamwhoiam28: bets $6.95
imhungarian8: calls $6.95
*** RIVER *** [Qc 4s 2s 2d] [Jc]
imhungarian8: checks 
Iamwhoiam28: bets $30.22 and is all-in
imhungarian8: calls $30.22
*** SHOW DOWN ***
Iamwhoiam28: shows [5h 4d] (two pair, Fours and Deuces)
imhungarian8: shows [Ac Qs] (two pair, Queens and Deuces)
imhungarian8 collected $86.46 from pot
*** SUMMARY ***
Total pot $88.96 | Rake $2.50 
Board [Qc 4s 2s 2d Jc]
Seat 1: CichiChanMarian (big blind) folded before Flop
Seat 2: imhungarian8 showed [Ac Qs] and won ($86.46) with two pair, Queens and Deuces
Seat 3: ka100pka527 folded on the Flop
Seat 4: Iamwhoiam28 showed [5h 4d] and lost with two pair, Fours and Deuces
Seat 5: blistein (button) folded before Flop (didn't bet)
Seat 6: Poker9803 (small blind) folded before Flop



PokerStars Hand #254450368998:  Hold'em No Limit ($0.50/$1.00 USD) - 2025/01/19 17:13:14 WET [2025/01/19 12:13:14 ET]
Table 'Pilcher III' 6-max Seat #6 is the button
Seat 1: CichiChanMarian ($100 in chips) 
Seat 2: imhungarian8 ($143.73 in chips) 
Seat 3: ka100pka527 ($114.86 in chips) 
Seat 5: blistein ($100 in chips) 
Seat 6: Poker9803 ($101.50 in chips) 
CichiChanMarian: posts small blind $0.50
imhungarian8: posts big blind $1
*** HOLE CARDS ***
ka100pka527: folds 
blistein: folds 
Poker9803: folds 
ka100pka527 leaves the table
blistein leaves the table
CichiChanMarian: folds 
Uncalled bet ($0.50) returned to imhungarian8
imhungarian8 collected $1 from pot
imhungarian8: doesn't show hand 
*** SUMMARY ***
Total pot $1 | Rake $0 
Seat 1: CichiChanMarian (small blind) folded before Flop
Seat 2: imhungarian8 (big blind) collected ($1)
Seat 3: ka100pka527 folded before Flop (didn't bet)
Seat 5: blistein folded before Flop (didn't bet)
Seat 6: Poker9803 (button) folded before Flop (didn't bet)



PokerStars Hand #254450373901:  Hold'em No Limit ($0.50/$1.00 USD) - 2025/01/19 17:13:30 WET [2025/01/19 12:13:30 ET]
Table 'Pilcher III' 6-max Seat #2 is the button
Seat 6: Poker9803 ($101.50 in chips) is sitting out
Seat 1: CichiChanMarian ($100 in chips) 
Seat 2: imhungarian8 ($144.23 in chips) 
imhungarian8: posts small blind $0.50
Poker9803: is sitting out 
CichiChanMarian: posts big blind $1
*** HOLE CARDS ***
Poker9803 leaves the table
imhungarian8: folds 
Uncalled bet ($0.50) returned to CichiChanMarian
CichiChanMarian collected $1 from pot
CichiChanMarian: doesn't show hand 
*** SUMMARY ***
Total pot $1 | Rake $0 
Seat 6: Poker9803
Seat 1: CichiChanMarian (big blind) collected ($1)
Seat 2: imhungarian8 (button) (small blind) folded before Flop



