PokerStars Hand #254459063545:  Hold'em No Limit ($0.50/$1.00 USD) - 2025/01/19 23:57:35 WET [2025/01/19 18:57:35 ET]
Table 'Bernardina III' 6-max Seat #5 is the button
Seat 3: nikalas22 ($102.25 in chips) is sitting out
Seat 1: ImaPeppaPig ($100 in chips) 
Seat 5: uuzka ($100 in chips) 
uuzka: posts small blind $0.50
ImaPeppaPig: posts big blind $1
*** HOLE CARDS ***
uuzka: folds 
Uncalled bet ($0.50) returned to ImaPeppaPig
ImaPeppaPig collected $1 from pot
ImaPeppaPig: doesn't show hand 
*** SUMMARY ***
Total pot $1 | Rake $0 
Seat 3: nikalas22
Seat 1: ImaPeppaPig (big blind) collected ($1)
Seat 5: uuzka (button) (small blind) folded before Flop



PokerStars Hand #254459064815:  Hold'em No Limit ($0.50/$1.00 USD) - 2025/01/19 23:57:43 WET [2025/01/19 18:57:43 ET]
Table 'Bernardina III' 6-max Seat #1 is the button
Seat 3: nikalas22 ($102.25 in chips) is sitting out
Seat 1: ImaPeppaPig ($100.50 in chips) 
Seat 5: uuzka ($100 in chips) 
ImaPeppaPig: posts small blind $0.50
uuzka: posts big blind $1
*** HOLE CARDS ***
ImaPeppaPig: raises $1.50 to $2.50
uuzka: folds 
Uncalled bet ($1.50) returned to ImaPeppaPig
ImaPeppaPig collected $2 from pot
ImaPeppaPig: doesn't show hand 
*** SUMMARY ***
Total pot $2 | Rake $0 
Seat 3: nikalas22
Seat 1: ImaPeppaPig (button) (small blind) collected ($2)
Seat 5: uuzka (big blind) folded before Flop



PokerStars Hand #254459067114:  Hold'em No Limit ($0.50/$1.00 USD) - 2025/01/19 23:57:58 WET [2025/01/19 18:57:58 ET]
Table 'Bernardina III' 6-max Seat #5 is the button
Seat 1: ImaPeppaPig ($101.50 in chips) 
Seat 3: nikalas22 ($102.25 in chips) 
Seat 5: uuzka ($100 in chips) 
ImaPeppaPig: posts small blind $0.50
nikalas22: posts big blind $1
*** HOLE CARDS ***
uuzka: folds 
ImaPeppaPig: raises $2 to $3
nikalas22: folds 
Uncalled bet ($2) returned to ImaPeppaPig
ImaPeppaPig collected $2 from pot
ImaPeppaPig: doesn't show hand 
*** SUMMARY ***
Total pot $2 | Rake $0 
Seat 1: ImaPeppaPig (small blind) collected ($2)
Seat 3: nikalas22 (big blind) folded before Flop
Seat 5: uuzka (button) folded before Flop (didn't bet)



PokerStars Hand #254459069143:  Hold'em No Limit ($0.50/$1.00 USD) - 2025/01/19 23:58:10 WET [2025/01/19 18:58:10 ET]
Table 'Bernardina III' 6-max Seat #1 is the button
Seat 1: ImaPeppaPig ($102.50 in chips) 
Seat 3: nikalas22 ($101.25 in chips) 
Seat 5: uuzka ($100 in chips) 
nikalas22: posts small blind $0.50
uuzka: posts big blind $1
*** HOLE CARDS ***
ImaPeppaPig: raises $1.50 to $2.50
nikalas22: folds 
uuzka: folds 
Uncalled bet ($1.50) returned to ImaPeppaPig
ImaPeppaPig collected $2.50 from pot
ImaPeppaPig: doesn't show hand 
*** SUMMARY ***
Total pot $2.50 | Rake $0 
Seat 1: ImaPeppaPig (button) collected ($2.50)
Seat 3: nikalas22 (small blind) folded before Flop
Seat 5: uuzka (big blind) folded before Flop



PokerStars Hand #254459071882:  Hold'em No Limit ($0.50/$1.00 USD) - 2025/01/19 23:58:27 WET [2025/01/19 18:58:27 ET]
Table 'Bernardina III' 6-max Seat #3 is the button
Seat 1: ImaPeppaPig ($104 in chips) 
Seat 3: nikalas22 ($100.75 in chips) 
Seat 5: uuzka ($100 in chips) 
uuzka: posts small blind $0.50
ImaPeppaPig: posts big blind $1
*** HOLE CARDS ***
nikalas22: folds 
uuzka: folds 
Uncalled bet ($0.50) returned to ImaPeppaPig
ImaPeppaPig collected $1 from pot
ImaPeppaPig: doesn't show hand 
*** SUMMARY ***
Total pot $1 | Rake $0 
Seat 1: ImaPeppaPig (big blind) collected ($1)
Seat 3: nikalas22 (button) folded before Flop (didn't bet)
Seat 5: uuzka (small blind) folded before Flop



PokerStars Hand #254459074675:  Hold'em No Limit ($0.50/$1.00 USD) - 2025/01/19 23:58:44 WET [2025/01/19 18:58:44 ET]
Table 'Bernardina III' 6-max Seat #5 is the button
Seat 1: ImaPeppaPig ($104.50 in chips) 
Seat 3: nikalas22 ($100.75 in chips) 
Seat 5: uuzka ($100 in chips) 
ImaPeppaPig: posts small blind $0.50
nikalas22: posts big blind $1
*** HOLE CARDS ***
uuzka: raises $1.50 to $2.50
ImaPeppaPig: folds 
nikalas22: folds 
Uncalled bet ($1.50) returned to uuzka
uuzka collected $2.50 from pot
uuzka: doesn't show hand 
*** SUMMARY ***
Total pot $2.50 | Rake $0 
Seat 1: ImaPeppaPig (small blind) folded before Flop
Seat 3: nikalas22 (big blind) folded before Flop
Seat 5: uuzka (button) collected ($2.50)



PokerStars Hand #254459077041:  Hold'em No Limit ($0.50/$1.00 USD) - 2025/01/19 23:58:58 WET [2025/01/19 18:58:58 ET]
Table 'Bernardina III' 6-max Seat #1 is the button
Seat 1: ImaPeppaPig ($104 in chips) 
Seat 3: nikalas22 ($100 in chips) 
Seat 5: uuzka ($101.50 in chips) 
nikalas22: posts small blind $0.50
uuzka: posts big blind $1
*** HOLE CARDS ***
ImaPeppaPig: folds 
nikalas22: folds 
Uncalled bet ($0.50) returned to uuzka
uuzka collected $1 from pot
uuzka: doesn't show hand 
*** SUMMARY ***
Total pot $1 | Rake $0 
Seat 1: ImaPeppaPig (button) folded before Flop (didn't bet)
Seat 3: nikalas22 (small blind) folded before Flop
Seat 5: uuzka (big blind) collected ($1)



PokerStars Hand #254459078647:  Hold'em No Limit ($0.50/$1.00 USD) - 2025/01/19 23:59:08 WET [2025/01/19 18:59:08 ET]
Table 'Bernardina III' 6-max Seat #3 is the button
Seat 1: ImaPeppaPig ($104 in chips) 
Seat 3: nikalas22 ($100 in chips) 
Seat 5: uuzka ($102 in chips) 
uuzka: posts small blind $0.50
ImaPeppaPig: posts big blind $1
*** HOLE CARDS ***
nikalas22: raises $1.50 to $2.50
uuzka: folds 
ImaPeppaPig: calls $1.50
*** FLOP *** [6c 4d 3d]
ImaPeppaPig: bets $1.62
nikalas22: folds 
Uncalled bet ($1.62) returned to ImaPeppaPig
ImaPeppaPig collected $5.22 from pot
ImaPeppaPig: doesn't show hand 
*** SUMMARY ***
Total pot $5.50 | Rake $0.28 
Board [6c 4d 3d]
Seat 1: ImaPeppaPig (big blind) collected ($5.22)
Seat 3: nikalas22 (button) folded on the Flop
Seat 5: uuzka (small blind) folded before Flop



PokerStars Hand #254459082849:  Hold'em No Limit ($0.50/$1.00 USD) - 2025/01/19 23:59:33 WET [2025/01/19 18:59:33 ET]
Table 'Bernardina III' 6-max Seat #5 is the button
Seat 1: ImaPeppaPig ($106.72 in chips) 
Seat 3: nikalas22 ($100 in chips) 
Seat 5: uuzka ($101.50 in chips) 
ImaPeppaPig: posts small blind $0.50
nikalas22: posts big blind $1
*** HOLE CARDS ***
uuzka: folds 
ImaPeppaPig: raises $2 to $3
nikalas22: folds 
Uncalled bet ($2) returned to ImaPeppaPig
ImaPeppaPig collected $2 from pot
ImaPeppaPig: doesn't show hand 
*** SUMMARY ***
Total pot $2 | Rake $0 
Seat 1: ImaPeppaPig (small blind) collected ($2)
Seat 3: nikalas22 (big blind) folded before Flop
Seat 5: uuzka (button) folded before Flop (didn't bet)



PokerStars Hand #254459084605:  Hold'em No Limit ($0.50/$1.00 USD) - 2025/01/19 23:59:44 WET [2025/01/19 18:59:44 ET]
Table 'Bernardina III' 6-max Seat #1 is the button
Seat 1: ImaPeppaPig ($107.72 in chips) 
Seat 3: nikalas22 ($100 in chips) 
Seat 5: uuzka ($101.50 in chips) 
nikalas22: posts small blind $0.50
uuzka: posts big blind $1
*** HOLE CARDS ***
ImaPeppaPig: folds 
nikalas22: raises $2 to $3
uuzka: raises $6 to $9
nikalas22: folds 
Uncalled bet ($6) returned to uuzka
uuzka collected $6 from pot
uuzka: doesn't show hand 
*** SUMMARY ***
Total pot $6 | Rake $0 
Seat 1: ImaPeppaPig (button) folded before Flop (didn't bet)
Seat 3: nikalas22 (small blind) folded before Flop
Seat 5: uuzka (big blind) collected ($6)



PokerStars Hand #254459088974:  Hold'em No Limit ($0.50/$1.00 USD) - 2025/01/19 0:00:10 WET [2025/01/19 19:00:10 ET]
Table 'Bernardina III' 6-max Seat #3 is the button
Seat 1: ImaPeppaPig ($107.72 in chips) 
Seat 3: nikalas22 ($100 in chips) 
Seat 5: uuzka ($104.50 in chips) 
uuzka: posts small blind $0.50
ImaPeppaPig: posts big blind $1
*** HOLE CARDS ***
nikalas22: folds 
uuzka: folds 
Uncalled bet ($0.50) returned to ImaPeppaPig
ImaPeppaPig collected $1 from pot
ImaPeppaPig: doesn't show hand 
*** SUMMARY ***
Total pot $1 | Rake $0 
Seat 1: ImaPeppaPig (big blind) collected ($1)
Seat 3: nikalas22 (button) folded before Flop (didn't bet)
Seat 5: uuzka (small blind) folded before Flop



PokerStars Hand #254459090407:  Hold'em No Limit ($0.50/$1.00 USD) - 2025/01/19 0:00:18 WET [2025/01/19 19:00:18 ET]
Table 'Bernardina III' 6-max Seat #5 is the button
Seat 1: ImaPeppaPig ($108.22 in chips) 
Seat 3: nikalas22 ($100 in chips) 
Seat 5: uuzka ($104 in chips) 
ImaPeppaPig: posts small blind $0.50
nikalas22: posts big blind $1
*** HOLE CARDS ***
uuzka: folds 
ImaPeppaPig: raises $2 to $3
nikalas22: folds 
Uncalled bet ($2) returned to ImaPeppaPig
ImaPeppaPig collected $2 from pot
ImaPeppaPig: doesn't show hand 
*** SUMMARY ***
Total pot $2 | Rake $0 
Seat 1: ImaPeppaPig (small blind) collected ($2)
Seat 3: nikalas22 (big blind) folded before Flop
Seat 5: uuzka (button) folded before Flop (didn't bet)



PokerStars Hand #254459094773:  Hold'em No Limit ($0.50/$1.00 USD) - 2025/01/19 0:00:42 WET [2025/01/19 19:00:42 ET]
Table 'Bernardina III' 6-max Seat #1 is the button
Seat 1: ImaPeppaPig ($109.22 in chips) 
Seat 3: nikalas22 ($100 in chips) 
Seat 5: uuzka ($104 in chips) 
nikalas22: posts small blind $0.50
uuzka: posts big blind $1
*** HOLE CARDS ***
ImaPeppaPig: folds 
nikalas22: folds 
Uncalled bet ($0.50) returned to uuzka
uuzka collected $1 from pot
uuzka: doesn't show hand 
*** SUMMARY ***
Total pot $1 | Rake $0 
Seat 1: ImaPeppaPig (button) folded before Flop (didn't bet)
Seat 3: nikalas22 (small blind) folded before Flop
Seat 5: uuzka (big blind) collected ($1)



PokerStars Hand #254459100317:  Hold'em No Limit ($0.50/$1.00 USD) - 2025/01/19 0:01:10 WET [2025/01/19 19:01:10 ET]
Table 'Bernardina III' 6-max Seat #5 is the button
Seat 1: ImaPeppaPig ($109.22 in chips) is sitting out
Seat 3: nikalas22 ($100 in chips) 
Seat 5: uuzka ($104.50 in chips) 
uuzka: posts small blind $0.50
nikalas22: posts big blind $1
*** HOLE CARDS ***
uuzka: raises $1 to $2
nikalas22: calls $1
*** FLOP *** [Kd 7c 3s]
nikalas22: checks 
uuzka: bets $1.10
nikalas22: calls $1.10
*** TURN *** [Kd 7c 3s] [Qh]
nikalas22: checks 
uuzka: checks 
*** RIVER *** [Kd 7c 3s Qh] [Jc]
nikalas22: checks 
uuzka: bets $4.33
nikalas22: folds 
Uncalled bet ($4.33) returned to uuzka
uuzka collected $5.89 from pot
uuzka: doesn't show hand 
*** SUMMARY ***
Total pot $6.20 | Rake $0.31 
Board [Kd 7c 3s Qh Jc]
Seat 1: ImaPeppaPig
Seat 3: nikalas22 (big blind) folded on the River
Seat 5: uuzka (button) (small blind) collected ($5.89)



PokerStars Hand #254459114290:  Hold'em No Limit ($0.50/$1.00 USD) - 2025/01/19 0:02:11 WET [2025/01/19 19:02:11 ET]
Table 'Bernardina III' 6-max Seat #3 is the button
Seat 1: ImaPeppaPig ($109.22 in chips) is sitting out
Seat 3: nikalas22 ($100 in chips) 
Seat 5: uuzka ($107.29 in chips) 
nikalas22: posts small blind $0.50
uuzka: posts big blind $1
*** HOLE CARDS ***
nikalas22: raises $1.50 to $2.50
uuzka: folds 
Uncalled bet ($1.50) returned to nikalas22
nikalas22 collected $2 from pot
nikalas22: doesn't show hand 
uuzka leaves the table
*** SUMMARY ***
Total pot $2 | Rake $0 
Seat 1: ImaPeppaPig
Seat 3: nikalas22 (button) (small blind) collected ($2)
Seat 5: uuzka (big blind) folded before Flop



