PokerStars Hand #254451795416:  Hold'em No Limit ($0.50/$1.00 USD) - 2025/01/19 18:01:33 WET [2025/01/19 13:01:33 ET]
Table 'Amelia IV' 6-max Seat #6 is the button
Seat 1: The magic MD ($27.26 in chips) 
Seat 2: blistein ($100 in chips) 
Seat 3: poyashameli ($99.18 in chips) 
Seat 4: Evelexy1 ($108.92 in chips) 
Seat 5: sta$igk ($100 in chips) 
Seat 6: Gjeneral66 ($24.21 in chips) 
The magic MD: posts small blind $0.50
blistein: posts big blind $1
*** HOLE CARDS ***
poyashameli: folds 
Evelexy1: folds 
sta$igk: raises $1.50 to $2.50
Gjeneral66: calls $2.50
The magic MD: calls $2
blistein: folds 
*** FLOP *** [2d 2h 8s]
The magic MD: checks 
sta$igk: checks 
Gjeneral66: checks 
*** TURN *** [2d 2h 8s] [6s]
The magic MD: checks 
sta$igk: checks 
Gjeneral66: checks 
*** RIVER *** [2d 2h 8s 6s] [Jd]
The magic MD: checks 
sta$igk: bets $6.06
Gjeneral66: folds 
The magic MD: folds 
Uncalled bet ($6.06) returned to sta$igk
sta$igk collected $8.08 from pot
sta$igk: doesn't show hand 
*** SUMMARY ***
Total pot $8.50 | Rake $0.42 
Board [2d 2h 8s 6s Jd]
Seat 1: The magic MD (small blind) folded on the River
Seat 2: blistein (big blind) folded before Flop
Seat 3: poyashameli folded before Flop (didn't bet)
Seat 4: Evelexy1 folded before Flop (didn't bet)
Seat 5: sta$igk collected ($8.08)
Seat 6: Gjeneral66 (button) folded on the River



PokerStars Hand #254451812390:  Hold'em No Limit ($0.50/$1.00 USD) - 2025/01/19 18:02:25 WET [2025/01/19 13:02:25 ET]
Table 'Amelia IV' 6-max Seat #1 is the button
Seat 1: The magic MD ($24.76 in chips) 
Seat 2: blistein ($100 in chips) 
Seat 3: poyashameli ($99.18 in chips) 
Seat 4: Evelexy1 ($108.92 in chips) 
Seat 5: sta$igk ($105.58 in chips) 
Seat 6: Gjeneral66 ($21.71 in chips) 
blistein: posts small blind $0.50
poyashameli: posts big blind $1
*** HOLE CARDS ***
Evelexy1: folds 
sta$igk: folds 
Gjeneral66: folds 
The magic MD: raises $2 to $3
blistein: folds 
poyashameli: calls $2
*** FLOP *** [6s Kc Jd]
poyashameli: checks 
The magic MD: bets $3.09
poyashameli: calls $3.09
*** TURN *** [6s Kc Jd] [Jh]
poyashameli: checks 
The magic MD: checks 
*** RIVER *** [6s Kc Jd Jh] [As]
poyashameli: bets $12.05
The magic MD: raises $6.62 to $18.67 and is all-in
poyashameli: calls $6.62
*** SHOW DOWN ***
The magic MD: shows [Ad Ac] (a full house, Aces full of Jacks)
poyashameli: shows [Qs Ts] (a straight, Ten to Ace)
The magic MD collected $47.52 from pot
Evelexy1 leaves the table
*** SUMMARY ***
Total pot $50.02 | Rake $2.50 
Board [6s Kc Jd Jh As]
Seat 1: The magic MD (button) showed [Ad Ac] and won ($47.52) with a full house, Aces full of Jacks
Seat 2: blistein (small blind) folded before Flop
Seat 3: poyashameli (big blind) showed [Qs Ts] and lost with a straight, Ten to Ace
Seat 4: Evelexy1 folded before Flop (didn't bet)
Seat 5: sta$igk folded before Flop (didn't bet)
Seat 6: Gjeneral66 folded before Flop (didn't bet)



PokerStars Hand #254451829799:  Hold'em No Limit ($0.50/$1.00 USD) - 2025/01/19 18:03:19 WET [2025/01/19 13:03:19 ET]
Table 'Amelia IV' 6-max Seat #2 is the button
Seat 5: sta$igk ($105.58 in chips) is sitting out
Seat 1: The magic MD ($47.52 in chips) 
Seat 2: blistein ($100 in chips) 
Seat 3: poyashameli ($74.42 in chips) 
Seat 6: Gjeneral66 ($21.71 in chips) 
poyashameli: posts small blind $0.50
sta$igk: is sitting out 
Gjeneral66: posts big blind $1
*** HOLE CARDS ***
sta$igk leaves the table
The magic MD: folds 
blistein: folds 
poyashameli: folds 
Uncalled bet ($0.50) returned to Gjeneral66
Gjeneral66 collected $1 from pot
ka100pka527 joins the table at seat #5 
*** SUMMARY ***
Total pot $1 | Rake $0 
Seat 5: sta$igk
Seat 1: The magic MD folded before Flop (didn't bet)
Seat 2: blistein (button) folded before Flop (didn't bet)
Seat 3: poyashameli (small blind) folded before Flop
Seat 6: Gjeneral66 (big blind) collected ($1)



PokerStars Hand #254451833943:  Hold'em No Limit ($0.50/$1.00 USD) - 2025/01/19 18:03:31 WET [2025/01/19 13:03:31 ET]
Table 'Amelia IV' 6-max Seat #3 is the button
Seat 5: ka100pka527 ($10 in chips) is sitting out
Seat 1: The magic MD ($47.52 in chips) 
Seat 2: blistein ($100 in chips) 
Seat 3: poyashameli ($85.08 in chips) 
Seat 6: Gjeneral66 ($22.21 in chips) 
Gjeneral66: posts small blind $0.50
The magic MD: posts big blind $1
*** HOLE CARDS ***
blistein: raises $1.30 to $2.30
poyashameli: folds 
Gjeneral66: folds 
Pippa83 joins the table at seat #4 
The magic MD: folds 
Uncalled bet ($1.30) returned to blistein
blistein collected $2.50 from pot
blistein: doesn't show hand 
*** SUMMARY ***
Total pot $2.50 | Rake $0 
Seat 5: ka100pka527
Seat 1: The magic MD (big blind) folded before Flop
Seat 2: blistein collected ($2.50)
Seat 3: poyashameli (button) folded before Flop (didn't bet)
Seat 6: Gjeneral66 (small blind) folded before Flop



PokerStars Hand #254451840622:  Hold'em No Limit ($0.50/$1.00 USD) - 2025/01/19 18:03:50 WET [2025/01/19 13:03:50 ET]
Table 'Amelia IV' 6-max Seat #6 is the button
Seat 2: blistein ($101.50 in chips) is sitting out
Seat 4: Pippa83 ($100 in chips) is sitting out
Seat 5: ka100pka527 ($100 in chips) is sitting out
Seat 1: The magic MD ($46.52 in chips) 
Seat 3: poyashameli ($85.08 in chips) 
Seat 6: Gjeneral66 ($21.71 in chips) 
The magic MD: posts small blind $0.50
blistein: is sitting out 
poyashameli: posts big blind $1
Pippa83: sits out 
ka100pka527: sits out 
*** HOLE CARDS ***
blistein leaves the table
Gjeneral66: folds 
The magic MD: folds 
Uncalled bet ($0.50) returned to poyashameli
poyashameli collected $1 from pot
*** SUMMARY ***
Total pot $1 | Rake $0 
Seat 2: blistein
Seat 4: Pippa83
Seat 5: ka100pka527
Seat 1: The magic MD (small blind) folded before Flop
Seat 3: poyashameli (big blind) collected ($1)
Seat 6: Gjeneral66 (button) folded before Flop (didn't bet)



PokerStars Hand #254451843026:  Hold'em No Limit ($0.50/$1.00 USD) - 2025/01/19 18:03:58 WET [2025/01/19 13:03:58 ET]
Table 'Amelia IV' 6-max Seat #1 is the button
Seat 5: ka100pka527 ($100 in chips) is sitting out
Seat 1: The magic MD ($46.02 in chips) 
Seat 3: poyashameli ($85.58 in chips) 
Seat 4: Pippa83 ($100 in chips) 
Seat 6: Gjeneral66 ($21.71 in chips) 
poyashameli: posts small blind $0.50
Pippa83: posts big blind $1
ka100pka527: sits out 
*** HOLE CARDS ***
Gjeneral66: folds 
The magic MD: raises $1 to $2
poyashameli: folds 
Pippa83: calls $1
*** FLOP *** [4c 5d 8s]
Pippa83: checks 
The magic MD: bets $2.14
Pippa83: folds 
Uncalled bet ($2.14) returned to The magic MD
The magic MD collected $4.28 from pot
*** SUMMARY ***
Total pot $4.50 | Rake $0.22 
Board [4c 5d 8s]
Seat 5: ka100pka527
Seat 1: The magic MD (button) collected ($4.28)
Seat 3: poyashameli (small blind) folded before Flop
Seat 4: Pippa83 (big blind) folded on the Flop
Seat 6: Gjeneral66 folded before Flop (didn't bet)



PokerStars Hand #254451848721:  Hold'em No Limit ($0.50/$1.00 USD) - 2025/01/19 18:04:14 WET [2025/01/19 13:04:14 ET]
Table 'Amelia IV' 6-max Seat #3 is the button
Seat 1: The magic MD ($48.30 in chips) 
Seat 3: poyashameli ($85.08 in chips) 
Seat 4: Pippa83 ($100 in chips) 
Seat 5: ka100pka527 ($100 in chips) 
Seat 6: Gjeneral66 ($21.71 in chips) 
Pippa83: posts small blind $0.50
ka100pka527: posts big blind $1
*** HOLE CARDS ***
Gjeneral66: folds 
The magic MD: folds 
poyashameli: folds 
Pippa83: raises $2 to $3
RAidakCo joins the table at seat #2 
ka100pka527: folds 
Uncalled bet ($2) returned to Pippa83
Pippa83 collected $2 from pot
Pippa83: doesn't show hand 
*** SUMMARY ***
Total pot $2 | Rake $0 
Seat 1: The magic MD folded before Flop (didn't bet)
Seat 3: poyashameli (button) folded before Flop (didn't bet)
Seat 4: Pippa83 (small blind) collected ($2)
Seat 5: ka100pka527 (big blind) folded before Flop
Seat 6: Gjeneral66 folded before Flop (didn't bet)



PokerStars Hand #254451855602:  Hold'em No Limit ($0.50/$1.00 USD) - 2025/01/19 18:04:34 WET [2025/01/19 13:04:34 ET]
Table 'Amelia IV' 6-max Seat #4 is the button
Seat 2: RAidakCo ($100 in chips) is sitting out
Seat 1: The magic MD ($48.30 in chips) 
Seat 3: poyashameli ($85.08 in chips) 
Seat 4: Pippa83 ($101 in chips) 
Seat 5: ka100pka527 ($100 in chips) 
Seat 6: Gjeneral66 ($21.71 in chips) 
ka100pka527: posts small blind $0.50
Gjeneral66: posts big blind $1
RAidakCo: sits out 
*** HOLE CARDS ***
The magic MD: folds 
poyashameli: folds 
Pippa83: folds 
ka100pka527: folds 
Uncalled bet ($0.50) returned to Gjeneral66
Gjeneral66 collected $1 from pot
*** SUMMARY ***
Total pot $1 | Rake $0 
Seat 2: RAidakCo
Seat 1: The magic MD folded before Flop (didn't bet)
Seat 3: poyashameli folded before Flop (didn't bet)
Seat 4: Pippa83 (button) folded before Flop (didn't bet)
Seat 5: ka100pka527 (small blind) folded before Flop
Seat 6: Gjeneral66 (big blind) collected ($1)



PokerStars Hand #254451864159:  Hold'em No Limit ($0.50/$1.00 USD) - 2025/01/19 18:04:57 WET [2025/01/19 13:04:57 ET]
Table 'Amelia IV' 6-max Seat #5 is the button
Seat 2: RAidakCo ($100 in chips) is sitting out
Seat 1: The magic MD ($48.30 in chips) 
Seat 3: poyashameli ($85.08 in chips) 
Seat 4: Pippa83 ($101 in chips) 
Seat 5: ka100pka527 ($100 in chips) 
Seat 6: Gjeneral66 ($22.21 in chips) 
Gjeneral66: posts small blind $0.50
The magic MD: posts big blind $1
RAidakCo: sits out 
*** HOLE CARDS ***
poyashameli: folds 
Pippa83: folds 
ka100pka527: raises $1.50 to $2.50
Gjeneral66: raises $7.50 to $10
The magic MD: folds 
ka100pka527: raises $22 to $32
Gjeneral66: calls $12.21 and is all-in
Uncalled bet ($9.79) returned to ka100pka527
*** FLOP *** [8h 3s 9c]
*** TURN *** [8h 3s 9c] [2d]
*** RIVER *** [8h 3s 9c 2d] [9h]
*** SHOW DOWN ***
Gjeneral66: shows [8s Ac] (two pair, Nines and Eights)
ka100pka527: shows [Qd Ah] (a pair of Nines)
Gjeneral66 collected $43.15 from pot
*** SUMMARY ***
Total pot $45.42 | Rake $2.27 
Board [8h 3s 9c 2d 9h]
Seat 2: RAidakCo
Seat 1: The magic MD (big blind) folded before Flop
Seat 3: poyashameli folded before Flop (didn't bet)
Seat 4: Pippa83 folded before Flop (didn't bet)
Seat 5: ka100pka527 (button) showed [Qd Ah] and lost with a pair of Nines
Seat 6: Gjeneral66 (small blind) showed [8s Ac] and won ($43.15) with two pair, Nines and Eights



PokerStars Hand #254451877102:  Hold'em No Limit ($0.50/$1.00 USD) - 2025/01/19 18:05:35 WET [2025/01/19 13:05:35 ET]
Table 'Amelia IV' 6-max Seat #6 is the button
Seat 1: The magic MD ($47.30 in chips) 
Seat 2: RAidakCo ($100 in chips) 
Seat 3: poyashameli ($85.08 in chips) 
Seat 4: Pippa83 ($101 in chips) 
Seat 5: ka100pka527 ($100 in chips) 
Seat 6: Gjeneral66 ($43.15 in chips) 
The magic MD: posts small blind $0.50
RAidakCo: posts big blind $1
*** HOLE CARDS ***
poyashameli: folds 
Pippa83: raises $1.20 to $2.20
ka100pka527: folds 
Gjeneral66: folds 
The magic MD: folds 
RAidakCo: folds 
Uncalled bet ($1.20) returned to Pippa83
Pippa83 collected $2.50 from pot
Pippa83: doesn't show hand 
*** SUMMARY ***
Total pot $2.50 | Rake $0 
Seat 1: The magic MD (small blind) folded before Flop
Seat 2: RAidakCo (big blind) folded before Flop
Seat 3: poyashameli folded before Flop (didn't bet)
Seat 4: Pippa83 collected ($2.50)
Seat 5: ka100pka527 folded before Flop (didn't bet)
Seat 6: Gjeneral66 (button) folded before Flop (didn't bet)



PokerStars Hand #254451883999:  Hold'em No Limit ($0.50/$1.00 USD) - 2025/01/19 18:05:54 WET [2025/01/19 13:05:54 ET]
Table 'Amelia IV' 6-max Seat #1 is the button
Seat 1: The magic MD ($46.80 in chips) 
Seat 2: RAidakCo ($100 in chips) 
Seat 3: poyashameli ($85.08 in chips) 
Seat 4: Pippa83 ($102.50 in chips) 
Seat 5: ka100pka527 ($100 in chips) 
Seat 6: Gjeneral66 ($43.15 in chips) 
RAidakCo: posts small blind $0.50
poyashameli: posts big blind $1
*** HOLE CARDS ***
Pippa83: folds 
ka100pka527: folds 
Gjeneral66: folds 
The magic MD: folds 
RAidakCo: raises $2 to $3
poyashameli: raises $6 to $9
RAidakCo: calls $6
*** FLOP *** [2d 4d 8c]
RAidakCo: checks 
poyashameli: bets $17.10
RAidakCo: folds 
Uncalled bet ($17.10) returned to poyashameli
poyashameli collected $17.10 from pot
*** SUMMARY ***
Total pot $18 | Rake $0.90 
Board [2d 4d 8c]
Seat 1: The magic MD (button) folded before Flop (didn't bet)
Seat 2: RAidakCo (small blind) folded on the Flop
Seat 3: poyashameli (big blind) collected ($17.10)
Seat 4: Pippa83 folded before Flop (didn't bet)
Seat 5: ka100pka527 folded before Flop (didn't bet)
Seat 6: Gjeneral66 folded before Flop (didn't bet)



PokerStars Hand #254451903134:  Hold'em No Limit ($0.50/$1.00 USD) - 2025/01/19 18:06:49 WET [2025/01/19 13:06:49 ET]
Table 'Amelia IV' 6-max Seat #2 is the button
Seat 1: The magic MD ($46.80 in chips) 
Seat 2: RAidakCo ($100 in chips) 
Seat 3: poyashameli ($93.18 in chips) 
Seat 4: Pippa83 ($102.50 in chips) 
Seat 5: ka100pka527 ($100 in chips) 
Seat 6: Gjeneral66 ($43.15 in chips) 
poyashameli: posts small blind $0.50
Pippa83: posts big blind $1
*** HOLE CARDS ***
ka100pka527: folds 
Gjeneral66: folds 
The magic MD: folds 
RAidakCo: raises $1.50 to $2.50
poyashameli: folds 
Pippa83: folds 
Uncalled bet ($1.50) returned to RAidakCo
RAidakCo collected $2.50 from pot
RAidakCo: doesn't show hand 
*** SUMMARY ***
Total pot $2.50 | Rake $0 
Seat 1: The magic MD folded before Flop (didn't bet)
Seat 2: RAidakCo (button) collected ($2.50)
Seat 3: poyashameli (small blind) folded before Flop
Seat 4: Pippa83 (big blind) folded before Flop
Seat 5: ka100pka527 folded before Flop (didn't bet)
Seat 6: Gjeneral66 folded before Flop (didn't bet)



PokerStars Hand #254451910621:  Hold'em No Limit ($0.50/$1.00 USD) - 2025/01/19 18:07:09 WET [2025/01/19 13:07:09 ET]
Table 'Amelia IV' 6-max Seat #3 is the button
Seat 1: The magic MD ($46.80 in chips) 
Seat 2: RAidakCo ($101.50 in chips) 
Seat 3: poyashameli ($92.68 in chips) 
Seat 4: Pippa83 ($101.50 in chips) 
Seat 5: ka100pka527 ($100 in chips) 
Seat 6: Gjeneral66 ($43.15 in chips) 
Pippa83: posts small blind $0.50
ka100pka527: posts big blind $1
*** HOLE CARDS ***
Gjeneral66: folds 
The magic MD: folds 
RAidakCo: raises $1.20 to $2.20
poyashameli: folds 
Pippa83: folds 
ka100pka527: calls $1.20
*** FLOP *** [Kd Jh 9s]
ka100pka527: checks 
RAidakCo: bets $3.50
ka100pka527: calls $3.50
*** TURN *** [Kd Jh 9s] [3c]
ka100pka527: checks 
RAidakCo: bets $8.48
ka100pka527: calls $8.48
*** RIVER *** [Kd Jh 9s 3c] [6d]
ka100pka527: checks 
RAidakCo: checks 
*** SHOW DOWN ***
ka100pka527: shows [4c Kc] (a pair of Kings)
RAidakCo: mucks hand 
ka100pka527 collected $27.42 from pot
*** SUMMARY ***
Total pot $28.86 | Rake $1.44 
Board [Kd Jh 9s 3c 6d]
Seat 1: The magic MD folded before Flop (didn't bet)
Seat 2: RAidakCo mucked
Seat 3: poyashameli (button) folded before Flop (didn't bet)
Seat 4: Pippa83 (small blind) folded before Flop
Seat 5: ka100pka527 (big blind) showed [4c Kc] and won ($27.42) with a pair of Kings
Seat 6: Gjeneral66 folded before Flop (didn't bet)



PokerStars Hand #254451947339:  Hold'em No Limit ($0.50/$1.00 USD) - 2025/01/19 18:08:54 WET [2025/01/19 13:08:54 ET]
Table 'Amelia IV' 6-max Seat #4 is the button
Seat 1: The magic MD ($46.80 in chips) 
Seat 2: RAidakCo ($100 in chips) 
Seat 3: poyashameli ($92.68 in chips) 
Seat 4: Pippa83 ($101 in chips) 
Seat 5: ka100pka527 ($113.24 in chips) 
Seat 6: Gjeneral66 ($43.15 in chips) 
ka100pka527: posts small blind $0.50
Gjeneral66: posts big blind $1
*** HOLE CARDS ***
The magic MD: folds 
RAidakCo: raises $1.20 to $2.20
poyashameli: folds 
Pippa83: folds 
ka100pka527: raises $8.80 to $11
Gjeneral66: folds 
RAidakCo: calls $8.80
*** FLOP *** [Js 8d 7c]
ka100pka527: checks 
RAidakCo: bets $7.21
ka100pka527: folds 
Uncalled bet ($7.21) returned to RAidakCo
RAidakCo collected $21.85 from pot
RAidakCo: doesn't show hand 
*** SUMMARY ***
Total pot $23 | Rake $1.15 
Board [Js 8d 7c]
Seat 1: The magic MD folded before Flop (didn't bet)
Seat 2: RAidakCo collected ($21.85)
Seat 3: poyashameli folded before Flop (didn't bet)
Seat 4: Pippa83 (button) folded before Flop (didn't bet)
Seat 5: ka100pka527 (small blind) folded on the Flop
Seat 6: Gjeneral66 (big blind) folded before Flop



PokerStars Hand #254451964969:  Hold'em No Limit ($0.50/$1.00 USD) - 2025/01/19 18:09:44 WET [2025/01/19 13:09:44 ET]
Table 'Amelia IV' 6-max Seat #5 is the button
Seat 1: The magic MD ($46.80 in chips) 
Seat 2: RAidakCo ($110.85 in chips) 
Seat 3: poyashameli ($92.68 in chips) 
Seat 4: Pippa83 ($101 in chips) 
Seat 5: ka100pka527 ($102.24 in chips) 
Seat 6: Gjeneral66 ($42.15 in chips) 
Gjeneral66: posts small blind $0.50
The magic MD: posts big blind $1
*** HOLE CARDS ***
RAidakCo: folds 
poyashameli: folds 
Pippa83: folds 
ka100pka527: folds 
Gjeneral66: raises $2 to $3
The magic MD: calls $2
*** FLOP *** [6h Tc 9c]
Gjeneral66: bets $1.98
The magic MD: calls $1.98
*** TURN *** [6h Tc 9c] [7s]
Gjeneral66: checks 
The magic MD: bets $4.73
Gjeneral66: calls $4.73
*** RIVER *** [6h Tc 9c 7s] [Qc]
Gjeneral66: checks 
The magic MD: checks 
*** SHOW DOWN ***
Gjeneral66: shows [Kc 9d] (a pair of Nines)
The magic MD: shows [8h 8d] (a straight, Six to Ten)
The magic MD collected $18.45 from pot
*** SUMMARY ***
Total pot $19.42 | Rake $0.97 
Board [6h Tc 9c 7s Qc]
Seat 1: The magic MD (big blind) showed [8h 8d] and won ($18.45) with a straight, Six to Ten
Seat 2: RAidakCo folded before Flop (didn't bet)
Seat 3: poyashameli folded before Flop (didn't bet)
Seat 4: Pippa83 folded before Flop (didn't bet)
Seat 5: ka100pka527 (button) folded before Flop (didn't bet)
Seat 6: Gjeneral66 (small blind) showed [Kc 9d] and lost with a pair of Nines



PokerStars Hand #254451987602:  Hold'em No Limit ($0.50/$1.00 USD) - 2025/01/19 18:10:48 WET [2025/01/19 13:10:48 ET]
Table 'Amelia IV' 6-max Seat #6 is the button
Seat 1: The magic MD ($55.54 in chips) 
Seat 2: RAidakCo ($110.85 in chips) 
Seat 3: poyashameli ($92.68 in chips) 
Seat 4: Pippa83 ($101 in chips) 
Seat 5: ka100pka527 ($102.24 in chips) 
Seat 6: Gjeneral66 ($32.44 in chips) 
The magic MD: posts small blind $0.50
RAidakCo: posts big blind $1
*** HOLE CARDS ***
poyashameli: folds 
Pippa83: raises $1.20 to $2.20
ka100pka527: folds 
Gjeneral66: calls $2.20
The magic MD: folds 
RAidakCo: folds 
*** FLOP *** [7h 8c 3c]
Pippa83: bets $1.12
Gjeneral66: calls $1.12
*** TURN *** [7h 8c 3c] [2d]
Pippa83: bets $3
Gjeneral66: raises $6.87 to $9.87
Pippa83: folds 
Uncalled bet ($6.87) returned to Gjeneral66
Gjeneral66 collected $13.43 from pot
*** SUMMARY ***
Total pot $14.14 | Rake $0.71 
Board [7h 8c 3c 2d]
Seat 1: The magic MD (small blind) folded before Flop
Seat 2: RAidakCo (big blind) folded before Flop
Seat 3: poyashameli folded before Flop (didn't bet)
Seat 4: Pippa83 folded on the Turn
Seat 5: ka100pka527 folded before Flop (didn't bet)
Seat 6: Gjeneral66 (button) collected ($13.43)



PokerStars Hand #254452006871:  Hold'em No Limit ($0.50/$1.00 USD) - 2025/01/19 18:11:42 WET [2025/01/19 13:11:42 ET]
Table 'Amelia IV' 6-max Seat #1 is the button
Seat 1: The magic MD ($55.04 in chips) 
Seat 2: RAidakCo ($109.85 in chips) 
Seat 3: poyashameli ($92.68 in chips) 
Seat 4: Pippa83 ($100 in chips) 
Seat 5: ka100pka527 ($102.24 in chips) 
Seat 6: Gjeneral66 ($39.55 in chips) 
RAidakCo: posts small blind $0.50
poyashameli: posts big blind $1
*** HOLE CARDS ***
Pippa83: raises $1.20 to $2.20
ka100pka527: folds 
Gjeneral66: folds 
Gjeneral66 leaves the table
The magic MD: folds 
RAidakCo: folds 
poyashameli: folds 
Uncalled bet ($1.20) returned to Pippa83
michasia joins the table at seat #6 
Pippa83 collected $2.50 from pot
Pippa83: doesn't show hand 
*** SUMMARY ***
Total pot $2.50 | Rake $0 
Seat 1: The magic MD (button) folded before Flop (didn't bet)
Seat 2: RAidakCo (small blind) folded before Flop
Seat 3: poyashameli (big blind) folded before Flop
Seat 4: Pippa83 collected ($2.50)
Seat 5: ka100pka527 folded before Flop (didn't bet)
Seat 6: Gjeneral66 folded before Flop (didn't bet)



PokerStars Hand #254452012433:  Hold'em No Limit ($0.50/$1.00 USD) - 2025/01/19 18:11:58 WET [2025/01/19 13:11:58 ET]
Table 'Amelia IV' 6-max Seat #2 is the button
Seat 6: michasia ($100 in chips) is sitting out
Seat 1: The magic MD ($55.04 in chips) 
Seat 2: RAidakCo ($109.35 in chips) 
Seat 3: poyashameli ($91.68 in chips) 
Seat 4: Pippa83 ($101.50 in chips) 
Seat 5: ka100pka527 ($102.24 in chips) 
poyashameli: posts small blind $0.50
Pippa83: posts big blind $1
michasia: sits out 
*** HOLE CARDS ***
ka100pka527: folds 
The magic MD: folds 
RAidakCo: raises $1.50 to $2.50
poyashameli: calls $2
Pippa83: calls $1.50
*** FLOP *** [Jc 2d 7h]
poyashameli: checks 
Pippa83: checks 
RAidakCo: bets $5.34
poyashameli: folds 
Pippa83: folds 
Uncalled bet ($5.34) returned to RAidakCo
RAidakCo collected $7.12 from pot
RAidakCo: doesn't show hand 
*** SUMMARY ***
Total pot $7.50 | Rake $0.38 
Board [Jc 2d 7h]
Seat 6: michasia
Seat 1: The magic MD folded before Flop (didn't bet)
Seat 2: RAidakCo (button) collected ($7.12)
Seat 3: poyashameli (small blind) folded on the Flop
Seat 4: Pippa83 (big blind) folded on the Flop
Seat 5: ka100pka527 folded before Flop (didn't bet)



PokerStars Hand #254452027898:  Hold'em No Limit ($0.50/$1.00 USD) - 2025/01/19 18:12:41 WET [2025/01/19 13:12:41 ET]
Table 'Amelia IV' 6-max Seat #3 is the button
Seat 5: ka100pka527 ($102.24 in chips) is sitting out
Seat 1: The magic MD ($55.04 in chips) 
Seat 2: RAidakCo ($113.97 in chips) 
Seat 3: poyashameli ($89.18 in chips) 
Seat 4: Pippa83 ($100 in chips) 
Seat 6: michasia ($100 in chips) 
Pippa83: posts small blind $0.50
ka100pka527: is sitting out 
michasia: posts big blind $1
*** HOLE CARDS ***
The magic MD: raises $2 to $3
RAidakCo: folds 
poyashameli: calls $3
Pippa83: folds 
michasia: folds 
*** FLOP *** [7d 9d Jd]
The magic MD: bets $7.12
poyashameli: folds 
Uncalled bet ($7.12) returned to The magic MD
The magic MD collected $7.12 from pot
*** SUMMARY ***
Total pot $7.50 | Rake $0.38 
Board [7d 9d Jd]
Seat 5: ka100pka527
Seat 1: The magic MD collected ($7.12)
Seat 2: RAidakCo folded before Flop (didn't bet)
Seat 3: poyashameli (button) folded on the Flop
Seat 4: Pippa83 (small blind) folded before Flop
Seat 6: michasia (big blind) folded before Flop



PokerStars Hand #254452111051:  Hold'em No Limit ($0.50/$1.00 USD) - 2025/01/19 18:16:34 WET [2025/01/19 13:16:34 ET]
Table 'Amelia IV' 6-max Seat #6 is the button
Seat 3: poyashameli ($89.36 in chips) is sitting out
Seat 1: The magic MD ($61.06 in chips) 
Seat 2: Iseedora ($100 in chips) 
Seat 4: Pippa83 ($100 in chips) 
Seat 5: Guitarchin09 ($12.68 in chips) 
Seat 6: michasia ($100 in chips) 
The magic MD: posts small blind $0.50
Iseedora: posts big blind $1
*** HOLE CARDS ***
Pippa83: raises $1.20 to $2.20
Guitarchin09: calls $2.20
michasia: folds 
The magic MD: calls $1.70
Iseedora: folds 
*** FLOP *** [Qc 6s 2d]
The magic MD: checks 
Pippa83: checks 
Guitarchin09: bets $10.48 and is all-in
The magic MD: calls $10.48
Pippa83: folds 
*** TURN *** [Qc 6s 2d] [7h]
*** RIVER *** [Qc 6s 2d 7h] [Kh]
*** SHOW DOWN ***
The magic MD: shows [Qh Ah] (a pair of Queens)
Guitarchin09: shows [2c As] (a pair of Deuces)
The magic MD cashed out the hand for $24.36 | Cash Out Fee $0.50
*** SUMMARY ***
Total pot $28.56 | Rake $1.43 
Board [Qc 6s 2d 7h Kh]
Seat 3: poyashameli
Seat 1: The magic MD (small blind) showed [Qh Ah] and won ($27.13) with a pair of Queens (pot not awarded as player cashed out)
Seat 2: Iseedora (big blind) folded before Flop
Seat 4: Pippa83 folded on the Flop
Seat 5: Guitarchin09 showed [2c As] and lost with a pair of Deuces
Seat 6: michasia (button) folded before Flop (didn't bet)



PokerStars Hand #254452130969:  Hold'em No Limit ($0.50/$1.00 USD) - 2025/01/19 18:17:29 WET [2025/01/19 13:17:29 ET]
Table 'Amelia IV' 6-max Seat #1 is the button
Seat 3: poyashameli ($89.36 in chips) is sitting out
Seat 5: Guitarchin09 ($0 in chips) is sitting out
Seat 1: The magic MD ($72.74 in chips) 
Seat 2: Iseedora ($100 in chips) 
Seat 4: Pippa83 ($100 in chips) 
Seat 6: michasia ($100 in chips) 
Iseedora: posts small blind $0.50
Pippa83: posts big blind $1
*** HOLE CARDS ***
michasia: folds 
The magic MD: raises $1 to $2
Iseedora: folds 
Pippa83: folds 
Uncalled bet ($1) returned to The magic MD
The magic MD collected $2.50 from pot
*** SUMMARY ***
Total pot $2.50 | Rake $0 
Seat 3: poyashameli
Seat 5: Guitarchin09
Seat 1: The magic MD (button) collected ($2.50)
Seat 2: Iseedora (small blind) folded before Flop
Seat 4: Pippa83 (big blind) folded before Flop
Seat 6: michasia folded before Flop (didn't bet)



PokerStars Hand #254452135122:  Hold'em No Limit ($0.50/$1.00 USD) - 2025/01/19 18:17:41 WET [2025/01/19 13:17:41 ET]
Table 'Amelia IV' 6-max Seat #2 is the button
Seat 3: poyashameli ($89.36 in chips) is sitting out
Seat 1: The magic MD ($74.24 in chips) 
Seat 2: Iseedora ($100 in chips) 
Seat 4: Pippa83 ($100 in chips) 
Seat 5: Guitarchin09 ($10 in chips) 
Seat 6: michasia ($100 in chips) 
Pippa83: posts small blind $0.50
Guitarchin09: posts big blind $1
*** HOLE CARDS ***
michasia: folds 
The magic MD: folds 
The magic MD leaves the table
Iseedora: folds 
Pippa83: folds 
Uncalled bet ($0.50) returned to Guitarchin09
Guitarchin09 collected $1 from pot
Guitarchin09: doesn't show hand 
*** SUMMARY ***
Total pot $1 | Rake $0 
Seat 3: poyashameli
Seat 1: The magic MD folded before Flop (didn't bet)
Seat 2: Iseedora (button) folded before Flop (didn't bet)
Seat 4: Pippa83 (small blind) folded before Flop
Seat 5: Guitarchin09 (big blind) collected ($1)
Seat 6: michasia folded before Flop (didn't bet)



PokerStars Hand #254452140366:  Hold'em No Limit ($0.50/$1.00 USD) - 2025/01/19 18:17:56 WET [2025/01/19 13:17:56 ET]
Table 'Amelia IV' 6-max Seat #4 is the button
Seat 3: poyashameli ($89.36 in chips) is sitting out
Seat 2: Iseedora ($100 in chips) 
Seat 4: Pippa83 ($100 in chips) 
Seat 5: Guitarchin09 ($10.50 in chips) 
Seat 6: michasia ($100 in chips) 
Guitarchin09: posts small blind $0.50
michasia: posts big blind $1
*** HOLE CARDS ***
Iseedora: raises $1.20 to $2.20
Pippa83: folds 
BrilliantDawn84 joins the table at seat #1 
Guitarchin09: raises $8.30 to $10.50 and is all-in
michasia: folds 
Iseedora: folds 
Uncalled bet ($8.30) returned to Guitarchin09
Guitarchin09 collected $5.40 from pot
Guitarchin09: doesn't show hand 
*** SUMMARY ***
Total pot $5.40 | Rake $0 
Seat 3: poyashameli
Seat 2: Iseedora folded before Flop
Seat 4: Pippa83 (button) folded before Flop (didn't bet)
Seat 5: Guitarchin09 (small blind) collected ($5.40)
Seat 6: michasia (big blind) folded before Flop



PokerStars Hand #254452147708:  Hold'em No Limit ($0.50/$1.00 USD) - 2025/01/19 18:18:16 WET [2025/01/19 13:18:16 ET]
Table 'Amelia IV' 6-max Seat #5 is the button
Seat 3: poyashameli ($89.36 in chips) is sitting out
Seat 1: BrilliantDawn84 ($100 in chips) 
Seat 2: Iseedora ($100 in chips) 
Seat 4: Pippa83 ($100 in chips) 
Seat 5: Guitarchin09 ($13.70 in chips) 
Seat 6: michasia ($100 in chips) 
michasia: posts small blind $0.50
BrilliantDawn84: posts big blind $1
*** HOLE CARDS ***
Iseedora: raises $1.20 to $2.20
Pippa83: folds 
Guitarchin09: calls $2.20
michasia: folds 
BrilliantDawn84: folds 
*** FLOP *** [Ad 7d Jh]
Iseedora: checks 
Guitarchin09: bets $2.80
Iseedora: folds 
Uncalled bet ($2.80) returned to Guitarchin09
Guitarchin09 collected $5.60 from pot
Guitarchin09: doesn't show hand 
*** SUMMARY ***
Total pot $5.90 | Rake $0.30 
Board [Ad 7d Jh]
Seat 3: poyashameli
Seat 1: BrilliantDawn84 (big blind) folded before Flop
Seat 2: Iseedora folded on the Flop
Seat 4: Pippa83 folded before Flop (didn't bet)
Seat 5: Guitarchin09 (button) collected ($5.60)
Seat 6: michasia (small blind) folded before Flop



PokerStars Hand #254452158300:  Hold'em No Limit ($0.50/$1.00 USD) - 2025/01/19 18:18:46 WET [2025/01/19 13:18:46 ET]
Table 'Amelia IV' 6-max Seat #6 is the button
Seat 3: poyashameli ($89.36 in chips) is sitting out
Seat 1: BrilliantDawn84 ($99 in chips) 
Seat 2: Iseedora ($100 in chips) 
Seat 4: Pippa83 ($100 in chips) 
Seat 5: Guitarchin09 ($17.10 in chips) 
Seat 6: michasia ($100 in chips) 
BrilliantDawn84: posts small blind $0.50
Iseedora: posts big blind $1
*** HOLE CARDS ***
Pippa83: raises $1.20 to $2.20
Guitarchin09: folds 
michasia: folds 
BrilliantDawn84: calls $1.70
Iseedora: folds 
*** FLOP *** [2h As 5c]
BrilliantDawn84: checks 
Pippa83: bets $1.03
BrilliantDawn84: calls $1.03
*** TURN *** [2h As 5c] [Qh]
BrilliantDawn84: checks 
Pippa83: checks 
*** RIVER *** [2h As 5c Qh] [3s]
BrilliantDawn84: bets $9
Pippa83: folds 
Uncalled bet ($9) returned to BrilliantDawn84
BrilliantDawn84 collected $7.09 from pot
BrilliantDawn84: doesn't show hand 
*** SUMMARY ***
Total pot $7.46 | Rake $0.37 
Board [2h As 5c Qh 3s]
Seat 3: poyashameli
Seat 1: BrilliantDawn84 (small blind) collected ($7.09)
Seat 2: Iseedora (big blind) folded before Flop
Seat 4: Pippa83 folded on the River
Seat 5: Guitarchin09 folded before Flop (didn't bet)
Seat 6: michasia (button) folded before Flop (didn't bet)



PokerStars Hand #254452173499:  Hold'em No Limit ($0.50/$1.00 USD) - 2025/01/19 18:19:29 WET [2025/01/19 13:19:29 ET]
Table 'Amelia IV' 6-max Seat #1 is the button
Seat 3: poyashameli ($89.36 in chips) is sitting out
Seat 1: BrilliantDawn84 ($102.86 in chips) 
Seat 2: Iseedora ($100 in chips) 
Seat 4: Pippa83 ($100 in chips) 
Seat 5: Guitarchin09 ($17.10 in chips) 
Seat 6: michasia ($100 in chips) 
Iseedora: posts small blind $0.50
Pippa83: posts big blind $1
*** HOLE CARDS ***
Guitarchin09: folds 
michasia: raises $1.80 to $2.80
BrilliantDawn84: folds 
Iseedora: folds 
Pippa83: calls $1.80
*** FLOP *** [8h Td 4s]
Pippa83: checks 
michasia: bets $1.91
Pippa83: folds 
Uncalled bet ($1.91) returned to michasia
michasia collected $5.80 from pot
michasia: doesn't show hand 
*** SUMMARY ***
Total pot $6.10 | Rake $0.30 
Board [8h Td 4s]
Seat 3: poyashameli
Seat 1: BrilliantDawn84 (button) folded before Flop (didn't bet)
Seat 2: Iseedora (small blind) folded before Flop
Seat 4: Pippa83 (big blind) folded on the Flop
Seat 5: Guitarchin09 folded before Flop (didn't bet)
Seat 6: michasia collected ($5.80)



PokerStars Hand #254452192690:  Hold'em No Limit ($0.50/$1.00 USD) - 2025/01/19 18:20:23 WET [2025/01/19 13:20:23 ET]
Table 'Amelia IV' 6-max Seat #2 is the button
Seat 3: poyashameli ($89.36 in chips) is sitting out
Seat 1: BrilliantDawn84 ($102.86 in chips) 
Seat 2: Iseedora ($100 in chips) 
Seat 4: Pippa83 ($100 in chips) 
Seat 5: Guitarchin09 ($17.10 in chips) 
Seat 6: michasia ($103 in chips) 
Pippa83: posts small blind $0.50
Guitarchin09: posts big blind $1
*** HOLE CARDS ***
michasia: folds 
BrilliantDawn84: folds 
Iseedora: folds 
Pippa83: folds 
Uncalled bet ($0.50) returned to Guitarchin09
Guitarchin09 collected $1 from pot
Guitarchin09: doesn't show hand 
*** SUMMARY ***
Total pot $1 | Rake $0 
Seat 3: poyashameli
Seat 1: BrilliantDawn84 folded before Flop (didn't bet)
Seat 2: Iseedora (button) folded before Flop (didn't bet)
Seat 4: Pippa83 (small blind) folded before Flop
Seat 5: Guitarchin09 (big blind) collected ($1)
Seat 6: michasia folded before Flop (didn't bet)



PokerStars Hand #254452195933:  Hold'em No Limit ($0.50/$1.00 USD) - 2025/01/19 18:20:32 WET [2025/01/19 13:20:32 ET]
Table 'Amelia IV' 6-max Seat #4 is the button
Seat 3: poyashameli ($89.36 in chips) is sitting out
Seat 1: BrilliantDawn84 ($102.86 in chips) 
Seat 2: Iseedora ($100 in chips) 
Seat 4: Pippa83 ($100 in chips) 
Seat 5: Guitarchin09 ($17.60 in chips) 
Seat 6: michasia ($103 in chips) 
Guitarchin09: posts small blind $0.50
michasia: posts big blind $1
*** HOLE CARDS ***
BrilliantDawn84: folds 
Iseedora: folds 
Pippa83: raises $1.50 to $2.50
Guitarchin09: folds 
michasia: folds 
Uncalled bet ($1.50) returned to Pippa83
Pippa83 collected $2.50 from pot
Pippa83: doesn't show hand 
*** SUMMARY ***
Total pot $2.50 | Rake $0 
Seat 3: poyashameli
Seat 1: BrilliantDawn84 folded before Flop (didn't bet)
Seat 2: Iseedora folded before Flop (didn't bet)
Seat 4: Pippa83 (button) collected ($2.50)
Seat 5: Guitarchin09 (small blind) folded before Flop
Seat 6: michasia (big blind) folded before Flop



PokerStars Hand #254452201997:  Hold'em No Limit ($0.50/$1.00 USD) - 2025/01/19 18:20:49 WET [2025/01/19 13:20:49 ET]
Table 'Amelia IV' 6-max Seat #5 is the button
Seat 3: poyashameli ($89.36 in chips) is sitting out
Seat 1: BrilliantDawn84 ($102.86 in chips) 
Seat 2: Iseedora ($100 in chips) 
Seat 4: Pippa83 ($101.50 in chips) 
Seat 5: Guitarchin09 ($17.10 in chips) 
Seat 6: michasia ($102 in chips) 
michasia: posts small blind $0.50
BrilliantDawn84: posts big blind $1
*** HOLE CARDS ***
Iseedora: folds 
Pippa83: raises $1.50 to $2.50
Guitarchin09: folds 
michasia: folds 
BrilliantDawn84: folds 
Uncalled bet ($1.50) returned to Pippa83
Pippa83 collected $2.50 from pot
Pippa83: doesn't show hand 
*** SUMMARY ***
Total pot $2.50 | Rake $0 
Seat 3: poyashameli
Seat 1: BrilliantDawn84 (big blind) folded before Flop
Seat 2: Iseedora folded before Flop (didn't bet)
Seat 4: Pippa83 collected ($2.50)
Seat 5: Guitarchin09 (button) folded before Flop (didn't bet)
Seat 6: michasia (small blind) folded before Flop



PokerStars Hand #254452207373:  Hold'em No Limit ($0.50/$1.00 USD) - 2025/01/19 18:21:04 WET [2025/01/19 13:21:04 ET]
Table 'Amelia IV' 6-max Seat #6 is the button
Seat 3: poyashameli ($89.36 in chips) is sitting out
Seat 1: BrilliantDawn84 ($101.86 in chips) 
Seat 2: Iseedora ($100 in chips) 
Seat 4: Pippa83 ($103 in chips) 
Seat 5: Guitarchin09 ($17.10 in chips) 
Seat 6: michasia ($101.50 in chips) 
BrilliantDawn84: posts small blind $0.50
Iseedora: posts big blind $1
*** HOLE CARDS ***
Pippa83: folds 
Guitarchin09: folds 
michasia: folds 
BrilliantDawn84: folds 
Uncalled bet ($0.50) returned to Iseedora
Iseedora collected $1 from pot
Iseedora: doesn't show hand 
*** SUMMARY ***
Total pot $1 | Rake $0 
Seat 3: poyashameli
Seat 1: BrilliantDawn84 (small blind) folded before Flop
Seat 2: Iseedora (big blind) collected ($1)
Seat 4: Pippa83 folded before Flop (didn't bet)
Seat 5: Guitarchin09 folded before Flop (didn't bet)
Seat 6: michasia (button) folded before Flop (didn't bet)



PokerStars Hand #254452212347:  Hold'em No Limit ($0.50/$1.00 USD) - 2025/01/19 18:21:18 WET [2025/01/19 13:21:18 ET]
Table 'Amelia IV' 6-max Seat #1 is the button
Seat 3: poyashameli ($89.36 in chips) is sitting out
Seat 1: BrilliantDawn84 ($101.36 in chips) 
Seat 2: Iseedora ($100.50 in chips) 
Seat 4: Pippa83 ($103 in chips) 
Seat 5: Guitarchin09 ($17.10 in chips) 
Seat 6: michasia ($101.50 in chips) 
Iseedora: posts small blind $0.50
Pippa83: posts big blind $1
*** HOLE CARDS ***
Guitarchin09: folds 
michasia: raises $1.80 to $2.80
BrilliantDawn84: folds 
Iseedora: folds 
Pippa83: calls $1.80
*** FLOP *** [Tc Jd 5s]
Pippa83: checks 
michasia: checks 
*** TURN *** [Tc Jd 5s] [Ts]
Pippa83: bets $8.70
michasia: folds 
Uncalled bet ($8.70) returned to Pippa83
Pippa83 collected $5.80 from pot
Pippa83: doesn't show hand 
*** SUMMARY ***
Total pot $6.10 | Rake $0.30 
Board [Tc Jd 5s Ts]
Seat 3: poyashameli
Seat 1: BrilliantDawn84 (button) folded before Flop (didn't bet)
Seat 2: Iseedora (small blind) folded before Flop
Seat 4: Pippa83 (big blind) collected ($5.80)
Seat 5: Guitarchin09 folded before Flop (didn't bet)
Seat 6: michasia folded on the Turn



PokerStars Hand #254452225519:  Hold'em No Limit ($0.50/$1.00 USD) - 2025/01/19 18:21:54 WET [2025/01/19 13:21:54 ET]
Table 'Amelia IV' 6-max Seat #2 is the button
Seat 3: poyashameli ($89.36 in chips) is sitting out
Seat 1: BrilliantDawn84 ($101.36 in chips) 
Seat 2: Iseedora ($100 in chips) 
Seat 4: Pippa83 ($106 in chips) 
Seat 5: Guitarchin09 ($17.10 in chips) 
Seat 6: michasia ($100 in chips) 
Pippa83: posts small blind $0.50
Guitarchin09: posts big blind $1
*** HOLE CARDS ***
michasia: folds 
BrilliantDawn84: folds 
Iseedora: folds 
Pippa83: raises $2 to $3
Guitarchin09: calls $2
*** FLOP *** [Ad Ac Ts]
Pippa83: bets $1.14
Guitarchin09: folds 
Uncalled bet ($1.14) returned to Pippa83
Pippa83 collected $5.70 from pot
Pippa83: doesn't show hand 
*** SUMMARY ***
Total pot $6 | Rake $0.30 
Board [Ad Ac Ts]
Seat 3: poyashameli
Seat 1: BrilliantDawn84 folded before Flop (didn't bet)
Seat 2: Iseedora (button) folded before Flop (didn't bet)
Seat 4: Pippa83 (small blind) collected ($5.70)
Seat 5: Guitarchin09 (big blind) folded on the Flop
Seat 6: michasia folded before Flop (didn't bet)



PokerStars Hand #254452233646:  Hold'em No Limit ($0.50/$1.00 USD) - 2025/01/19 18:22:17 WET [2025/01/19 13:22:17 ET]
Table 'Amelia IV' 6-max Seat #4 is the button
Seat 3: poyashameli ($89.36 in chips) is sitting out
Seat 1: BrilliantDawn84 ($101.36 in chips) 
Seat 2: Iseedora ($100 in chips) 
Seat 4: Pippa83 ($108.70 in chips) 
Seat 5: Guitarchin09 ($14.10 in chips) 
Seat 6: michasia ($100 in chips) 
Guitarchin09: posts small blind $0.50
michasia: posts big blind $1
poyashameli: sits out 
*** HOLE CARDS ***
BrilliantDawn84: raises $1.50 to $2.50
Iseedora: folds 
Pippa83: folds 
Guitarchin09: calls $2
michasia: folds 
*** FLOP *** [8h 5d 7d]
Guitarchin09: checks 
BrilliantDawn84: bets $3.11
Guitarchin09: calls $3.11
*** TURN *** [8h 5d 7d] [8s]
Guitarchin09: checks 
BrilliantDawn84: bets $9
Guitarchin09: folds 
Uncalled bet ($9) returned to BrilliantDawn84
BrilliantDawn84 collected $11.61 from pot
BrilliantDawn84: doesn't show hand 
*** SUMMARY ***
Total pot $12.22 | Rake $0.61 
Board [8h 5d 7d 8s]
Seat 3: poyashameli
Seat 1: BrilliantDawn84 collected ($11.61)
Seat 2: Iseedora folded before Flop (didn't bet)
Seat 4: Pippa83 (button) folded before Flop (didn't bet)
Seat 5: Guitarchin09 (small blind) folded on the Turn
Seat 6: michasia (big blind) folded before Flop



PokerStars Hand #254452249051:  Hold'em No Limit ($0.50/$1.00 USD) - 2025/01/19 18:23:00 WET [2025/01/19 13:23:00 ET]
Table 'Amelia IV' 6-max Seat #5 is the button
Seat 3: poyashameli ($89.36 in chips) is sitting out
Seat 1: BrilliantDawn84 ($107.36 in chips) 
Seat 2: Iseedora ($100 in chips) 
Seat 4: Pippa83 ($108.70 in chips) 
Seat 5: Guitarchin09 ($8.49 in chips) 
Seat 6: michasia ($100 in chips) 
michasia: posts small blind $0.50
BrilliantDawn84: posts big blind $1
poyashameli: sits out 
*** HOLE CARDS ***
Iseedora: folds 
Pippa83: raises $1.50 to $2.50
Guitarchin09: folds 
michasia: folds 
BrilliantDawn84: folds 
Uncalled bet ($1.50) returned to Pippa83
Pippa83 collected $2.50 from pot
Pippa83: doesn't show hand 
*** SUMMARY ***
Total pot $2.50 | Rake $0 
Seat 3: poyashameli
Seat 1: BrilliantDawn84 (big blind) folded before Flop
Seat 2: Iseedora folded before Flop (didn't bet)
Seat 4: Pippa83 collected ($2.50)
Seat 5: Guitarchin09 (button) folded before Flop (didn't bet)
Seat 6: michasia (small blind) folded before Flop



PokerStars Hand #254452254251:  Hold'em No Limit ($0.50/$1.00 USD) - 2025/01/19 18:23:15 WET [2025/01/19 13:23:15 ET]
Table 'Amelia IV' 6-max Seat #6 is the button
Seat 3: poyashameli ($89.36 in chips) is sitting out
Seat 1: BrilliantDawn84 ($106.36 in chips) 
Seat 2: Iseedora ($100 in chips) 
Seat 4: Pippa83 ($110.20 in chips) 
Seat 5: Guitarchin09 ($8.49 in chips) 
Seat 6: michasia ($100 in chips) 
BrilliantDawn84: posts small blind $0.50
Iseedora: posts big blind $1
poyashameli: sits out 
*** HOLE CARDS ***
Pippa83: folds 
Guitarchin09: folds 
michasia: folds 
BrilliantDawn84: folds 
Uncalled bet ($0.50) returned to Iseedora
Iseedora collected $1 from pot
Iseedora: doesn't show hand 
*** SUMMARY ***
Total pot $1 | Rake $0 
Seat 3: poyashameli
Seat 1: BrilliantDawn84 (small blind) folded before Flop
Seat 2: Iseedora (big blind) collected ($1)
Seat 4: Pippa83 folded before Flop (didn't bet)
Seat 5: Guitarchin09 folded before Flop (didn't bet)
Seat 6: michasia (button) folded before Flop (didn't bet)



PokerStars Hand #254452258028:  Hold'em No Limit ($0.50/$1.00 USD) - 2025/01/19 18:23:25 WET [2025/01/19 13:23:25 ET]
Table 'Amelia IV' 6-max Seat #1 is the button
Seat 1: BrilliantDawn84 ($105.86 in chips) 
Seat 2: Iseedora ($100.50 in chips) 
Seat 3: poyashameli ($89.36 in chips) 
Seat 4: Pippa83 ($110.20 in chips) 
Seat 5: Guitarchin09 ($8.49 in chips) 
Seat 6: michasia ($100 in chips) 
Iseedora: posts small blind $0.50
poyashameli: posts big blind $1
*** HOLE CARDS ***
Pippa83: folds 
Guitarchin09: folds 
michasia: folds 
BrilliantDawn84: folds 
Iseedora: raises $2 to $3
poyashameli: folds 
Uncalled bet ($2) returned to Iseedora
Iseedora collected $2 from pot
Iseedora: doesn't show hand 
*** SUMMARY ***
Total pot $2 | Rake $0 
Seat 1: BrilliantDawn84 (button) folded before Flop (didn't bet)
Seat 2: Iseedora (small blind) collected ($2)
Seat 3: poyashameli (big blind) folded before Flop
Seat 4: Pippa83 folded before Flop (didn't bet)
Seat 5: Guitarchin09 folded before Flop (didn't bet)
Seat 6: michasia folded before Flop (didn't bet)



PokerStars Hand #254452263894:  Hold'em No Limit ($0.50/$1.00 USD) - 2025/01/19 18:23:42 WET [2025/01/19 13:23:42 ET]
Table 'Amelia IV' 6-max Seat #2 is the button
Seat 1: BrilliantDawn84 ($105.86 in chips) 
Seat 2: Iseedora ($101.50 in chips) 
Seat 3: poyashameli ($88.36 in chips) 
Seat 4: Pippa83 ($110.20 in chips) 
Seat 5: Guitarchin09 ($8.49 in chips) 
Seat 6: michasia ($100 in chips) 
poyashameli: posts small blind $0.50
Pippa83: posts big blind $1
*** HOLE CARDS ***
Guitarchin09: folds 
michasia: folds 
BrilliantDawn84: folds 
Iseedora: raises $1.50 to $2.50
poyashameli: folds 
Pippa83: raises $9.50 to $12
Iseedora: calls $9.50
*** FLOP *** [4c Js Qs]
Pippa83: bets $7.68
Iseedora: calls $7.68
*** TURN *** [4c Js Qs] [9h]
Pippa83: bets $16.50
Iseedora: folds 
Uncalled bet ($16.50) returned to Pippa83
Pippa83 collected $37.87 from pot
Pippa83: doesn't show hand 
*** SUMMARY ***
Total pot $39.86 | Rake $1.99 
Board [4c Js Qs 9h]
Seat 1: BrilliantDawn84 folded before Flop (didn't bet)
Seat 2: Iseedora (button) folded on the Turn
Seat 3: poyashameli (small blind) folded before Flop
Seat 4: Pippa83 (big blind) collected ($37.87)
Seat 5: Guitarchin09 folded before Flop (didn't bet)
Seat 6: michasia folded before Flop (didn't bet)



PokerStars Hand #254452298152:  Hold'em No Limit ($0.50/$1.00 USD) - 2025/01/19 18:25:17 WET [2025/01/19 13:25:17 ET]
Table 'Amelia IV' 6-max Seat #3 is the button
Seat 1: BrilliantDawn84 ($105.86 in chips) 
Seat 2: Iseedora ($100 in chips) 
Seat 3: poyashameli ($87.86 in chips) 
Seat 4: Pippa83 ($128.39 in chips) 
Seat 5: Guitarchin09 ($8.49 in chips) 
Seat 6: michasia ($100 in chips) 
Pippa83: posts small blind $0.50
Guitarchin09: posts big blind $1
*** HOLE CARDS ***
michasia: folds 
BrilliantDawn84: raises $1.50 to $2.50
Iseedora: folds 
poyashameli: folds 
Pippa83: folds 
Guitarchin09: calls $1.50
*** FLOP *** [Qs Th 6c]
Guitarchin09: checks 
BrilliantDawn84: bets $2.50
Guitarchin09: folds 
Uncalled bet ($2.50) returned to BrilliantDawn84
BrilliantDawn84 collected $5.22 from pot
BrilliantDawn84: doesn't show hand 
*** SUMMARY ***
Total pot $5.50 | Rake $0.28 
Board [Qs Th 6c]
Seat 1: BrilliantDawn84 collected ($5.22)
Seat 2: Iseedora folded before Flop (didn't bet)
Seat 3: poyashameli (button) folded before Flop (didn't bet)
Seat 4: Pippa83 (small blind) folded before Flop
Seat 5: Guitarchin09 (big blind) folded on the Flop
Seat 6: michasia folded before Flop (didn't bet)



PokerStars Hand #254452308406:  Hold'em No Limit ($0.50/$1.00 USD) - 2025/01/19 18:25:45 WET [2025/01/19 13:25:45 ET]
Table 'Amelia IV' 6-max Seat #4 is the button
Seat 1: BrilliantDawn84 ($108.58 in chips) 
Seat 2: Iseedora ($100 in chips) 
Seat 3: poyashameli ($87.86 in chips) 
Seat 4: Pippa83 ($127.89 in chips) 
Seat 5: Guitarchin09 ($5.99 in chips) 
Seat 6: michasia ($100 in chips) 
Guitarchin09: posts small blind $0.50
michasia: posts big blind $1
*** HOLE CARDS ***
BrilliantDawn84: folds 
Iseedora: folds 
poyashameli: raises $1 to $2
Pippa83: folds 
Guitarchin09: calls $1.50
michasia: folds 
*** FLOP *** [9h Ac 5h]
Guitarchin09: checks 
poyashameli: checks 
*** TURN *** [9h Ac 5h] [Kc]
Guitarchin09: checks 
poyashameli: checks 
*** RIVER *** [9h Ac 5h Kc] [5c]
Guitarchin09: bets $3.99 and is all-in
poyashameli: folds 
Uncalled bet ($3.99) returned to Guitarchin09
Guitarchin09 collected $4.75 from pot
Guitarchin09: doesn't show hand 
*** SUMMARY ***
Total pot $5 | Rake $0.25 
Board [9h Ac 5h Kc 5c]
Seat 1: BrilliantDawn84 folded before Flop (didn't bet)
Seat 2: Iseedora folded before Flop (didn't bet)
Seat 3: poyashameli folded on the River
Seat 4: Pippa83 (button) folded before Flop (didn't bet)
Seat 5: Guitarchin09 (small blind) collected ($4.75)
Seat 6: michasia (big blind) folded before Flop



PokerStars Hand #254452321910:  Hold'em No Limit ($0.50/$1.00 USD) - 2025/01/19 18:26:23 WET [2025/01/19 13:26:23 ET]
Table 'Amelia IV' 6-max Seat #5 is the button
Seat 1: BrilliantDawn84 ($108.58 in chips) 
Seat 2: Iseedora ($100 in chips) 
Seat 3: poyashameli ($85.86 in chips) 
Seat 4: Pippa83 ($127.89 in chips) 
Seat 5: Guitarchin09 ($8.74 in chips) 
Seat 6: michasia ($100 in chips) 
michasia: posts small blind $0.50
BrilliantDawn84: posts big blind $1
*** HOLE CARDS ***
Iseedora: folds 
poyashameli: raises $2 to $3
Pippa83: folds 
Guitarchin09: calls $3
michasia: raises $11.50 to $14.50
BrilliantDawn84: raises $16.50 to $31
poyashameli: raises $54.86 to $85.86 and is all-in
Guitarchin09: calls $5.74 and is all-in
michasia: folds 
BrilliantDawn84: calls $54.86
*** FLOP *** [Td 7s 2d]
*** TURN *** [Td 7s 2d] [9d]
*** RIVER *** [Td 7s 2d 9d] [5h]
*** SHOW DOWN ***
BrilliantDawn84: shows [Ac As] (a pair of Aces)
poyashameli: shows [Kd Ah] (high card Ace)
Guitarchin09: shows [Kc Qs] (high card King)
BrilliantDawn84 cashed out the hand for $174.22 | Cash Out Fee $3.56
*** SUMMARY ***
Total pot $194.96 Main pot $33.21. Side pot $159.25. | Rake $2.50 
Board [Td 7s 2d 9d 5h]
Seat 1: BrilliantDawn84 (big blind) showed [Ac As] and won ($192.46) with a pair of Aces (pot not awarded as player cashed out)
Seat 2: Iseedora folded before Flop (didn't bet)
Seat 3: poyashameli showed [Kd Ah] and lost with high card Ace
Seat 4: Pippa83 folded before Flop (didn't bet)
Seat 5: Guitarchin09 (button) showed [Kc Qs] and lost with high card King
Seat 6: michasia (small blind) folded before Flop



PokerStars Hand #254452342900:  Hold'em No Limit ($0.50/$1.00 USD) - 2025/01/19 18:27:22 WET [2025/01/19 13:27:22 ET]
Table 'Amelia IV' 6-max Seat #6 is the button
Seat 3: poyashameli ($0 in chips) is sitting out
Seat 5: Guitarchin09 ($0 in chips) is sitting out
Seat 1: BrilliantDawn84 ($196.94 in chips) 
Seat 2: Iseedora ($100 in chips) 
Seat 4: Pippa83 ($127.89 in chips) 
Seat 6: michasia ($100 in chips) 
BrilliantDawn84: posts small blind $0.50
Iseedora: posts big blind $1
*** HOLE CARDS ***
Pippa83: folds 
michasia: folds 
Guitarchin09 leaves the table
BrilliantDawn84: folds 
Uncalled bet ($0.50) returned to Iseedora
Iseedora collected $1 from pot
Iseedora: doesn't show hand 
*** SUMMARY ***
Total pot $1 | Rake $0 
Seat 3: poyashameli
Seat 5: Guitarchin09
Seat 1: BrilliantDawn84 (small blind) folded before Flop
Seat 2: Iseedora (big blind) collected ($1)
Seat 4: Pippa83 folded before Flop (didn't bet)
Seat 6: michasia (button) folded before Flop (didn't bet)



PokerStars Hand #254452348548:  Hold'em No Limit ($0.50/$1.00 USD) - 2025/01/19 18:27:38 WET [2025/01/19 13:27:38 ET]
Table 'Amelia IV' 6-max Seat #1 is the button
Seat 3: poyashameli ($0 in chips) is sitting out
Seat 1: BrilliantDawn84 ($196.44 in chips) 
Seat 2: Iseedora ($100.50 in chips) 
Seat 4: Pippa83 ($127.89 in chips) 
Seat 6: michasia ($100 in chips) 
Iseedora: posts small blind $0.50
Pippa83: posts big blind $1
*** HOLE CARDS ***
poyashameli leaves the table
michasia: raises $1.80 to $2.80
BrilliantDawn84: folds 
Iseedora: folds 
Pippa83: folds 
Uncalled bet ($1.80) returned to michasia
michasia collected $2.50 from pot
michasia: doesn't show hand 
*** SUMMARY ***
Total pot $2.50 | Rake $0 
Seat 3: poyashameli
Seat 1: BrilliantDawn84 (button) folded before Flop (didn't bet)
Seat 2: Iseedora (small blind) folded before Flop
Seat 4: Pippa83 (big blind) folded before Flop
Seat 6: michasia collected ($2.50)



PokerStars Hand #254452356303:  Hold'em No Limit ($0.50/$1.00 USD) - 2025/01/19 18:27:59 WET [2025/01/19 13:27:59 ET]
Table 'Amelia IV' 6-max Seat #2 is the button
Seat 6: michasia ($101.50 in chips) is sitting out
Seat 1: BrilliantDawn84 ($196.44 in chips) 
Seat 2: Iseedora ($100 in chips) 
Seat 4: Pippa83 ($126.89 in chips) 
Pippa83: posts small blind $0.50
michasia: is sitting out 
BrilliantDawn84: posts big blind $1
*** HOLE CARDS ***
michasia leaves the table
Iseedora: folds 
UnRRRReal joins the table at seat #5 
Pippa83: raises $2 to $3
BrilliantDawn84: folds 
Uncalled bet ($2) returned to Pippa83
Pippa83 collected $2 from pot
Pippa83: doesn't show hand 
*** SUMMARY ***
Total pot $2 | Rake $0 
Seat 6: michasia
Seat 1: BrilliantDawn84 (big blind) folded before Flop
Seat 2: Iseedora (button) folded before Flop (didn't bet)
Seat 4: Pippa83 (small blind) collected ($2)



PokerStars Hand #254452361333:  Hold'em No Limit ($0.50/$1.00 USD) - 2025/01/19 18:28:13 WET [2025/01/19 13:28:13 ET]
Table 'Amelia IV' 6-max Seat #4 is the button
Seat 5: UnRRRReal ($100 in chips) is sitting out
Seat 1: BrilliantDawn84 ($195.44 in chips) 
Seat 2: Iseedora ($100 in chips) 
Seat 4: Pippa83 ($127.89 in chips) 
BrilliantDawn84: posts small blind $0.50
Iseedora: posts big blind $1
*** HOLE CARDS ***
Pippa83: raises $1.50 to $2.50
BrilliantDawn84: folds 
Iseedora: folds 
Uncalled bet ($1.50) returned to Pippa83
Pippa83 collected $2.50 from pot
Pippa83: doesn't show hand 
*** SUMMARY ***
Total pot $2.50 | Rake $0 
Seat 5: UnRRRReal
Seat 1: BrilliantDawn84 (small blind) folded before Flop
Seat 2: Iseedora (big blind) folded before Flop
Seat 4: Pippa83 (button) collected ($2.50)



PokerStars Hand #254452366929:  Hold'em No Limit ($0.50/$1.00 USD) - 2025/01/19 18:28:29 WET [2025/01/19 13:28:29 ET]
Table 'Amelia IV' 6-max Seat #1 is the button
Seat 4: Pippa83 ($129.39 in chips) is sitting out
Seat 1: BrilliantDawn84 ($194.94 in chips) 
Seat 2: Iseedora ($100 in chips) 
Seat 5: UnRRRReal ($100 in chips) 
Iseedora: posts small blind $0.50
Pippa83: is sitting out 
UnRRRReal: posts big blind $1
*** HOLE CARDS ***
BrilliantDawn84: folds 
Iseedora: raises $2 to $3
Pippa83 leaves the table
UnRRRReal: calls $2
*** FLOP *** [7s Jc 7h]
Iseedora: checks 
UnRRRReal: bets $2.96
Iseedora: folds 
Uncalled bet ($2.96) returned to UnRRRReal
UnRRRReal collected $5.70 from pot
UnRRRReal: doesn't show hand 
*** SUMMARY ***
Total pot $6 | Rake $0.30 
Board [7s Jc 7h]
Seat 4: Pippa83
Seat 1: BrilliantDawn84 (button) folded before Flop (didn't bet)
Seat 2: Iseedora (small blind) folded on the Flop
Seat 5: UnRRRReal (big blind) collected ($5.70)



PokerStars Hand #254452381892:  Hold'em No Limit ($0.50/$1.00 USD) - 2025/01/19 18:29:11 WET [2025/01/19 13:29:11 ET]
Table 'Amelia IV' 6-max Seat #2 is the button
Seat 1: BrilliantDawn84 ($194.94 in chips) 
Seat 2: Iseedora ($100 in chips) 
Seat 5: UnRRRReal ($102.70 in chips) 
UnRRRReal: posts small blind $0.50
BrilliantDawn84: posts big blind $1
*** HOLE CARDS ***
Iseedora: folds 
UnRRRReal: raises $2 to $3
BrilliantDawn84: folds 
Uncalled bet ($2) returned to UnRRRReal
UnRRRReal collected $2 from pot
UnRRRReal: doesn't show hand 
*** SUMMARY ***
Total pot $2 | Rake $0 
Seat 1: BrilliantDawn84 (big blind) folded before Flop
Seat 2: Iseedora (button) folded before Flop (didn't bet)
Seat 5: UnRRRReal (small blind) collected ($2)



PokerStars Hand #254452385115:  Hold'em No Limit ($0.50/$1.00 USD) - 2025/01/19 18:29:20 WET [2025/01/19 13:29:20 ET]
Table 'Amelia IV' 6-max Seat #1 is the button
Seat 2: Iseedora ($100 in chips) is sitting out
Seat 1: BrilliantDawn84 ($193.94 in chips) 
Seat 5: UnRRRReal ($103.70 in chips) 
BrilliantDawn84: posts small blind $0.50
Iseedora: is sitting out 
UnRRRReal: posts big blind $1
*** HOLE CARDS ***
BrilliantDawn84: folds 
Uncalled bet ($0.50) returned to UnRRRReal
UnRRRReal collected $1 from pot
UnRRRReal: doesn't show hand 
BrilliantDawn84 leaves the table
*** SUMMARY ***
Total pot $1 | Rake $0 
Seat 2: Iseedora
Seat 1: BrilliantDawn84 (button) (small blind) folded before Flop
Seat 5: UnRRRReal (big blind) collected ($1)



