PokerStars Hand #254460124759:  Hold'em No Limit ($0.50/$1.00 USD) - 2025/01/19 1:25:01 WET [2025/01/19 20:25:01 ET]
Table 'Thiele II' 6-max Seat #1 is the button
Seat 1: nikalas22 ($145.82 in chips) 
Seat 4: handbrake333 ($100 in chips) 
nikalas22: posts small blind $0.50
handbrake333: posts big blind $1
*** HOLE CARDS ***
Rysiff joins the table at seat #2 
Sadyhov V.V. joins the table at seat #5 
nikalas22: raises $1.50 to $2.50
handbrake333: folds 
Uncalled bet ($1.50) returned to nikalas22
nikalas22 collected $2 from pot
nikalas22: doesn't show hand 
*** SUMMARY ***
Total pot $2 | Rake $0 
Seat 1: nikalas22 (button) (small blind) collected ($2)
Seat 4: handbrake333 (big blind) folded before Flop



PokerStars Hand #254460126208:  Hold'em No Limit ($0.50/$1.00 USD) - 2025/01/19 1:25:09 WET [2025/01/19 20:25:09 ET]
Table 'Thiele II' 6-max Seat #4 is the button
Seat 5: Sadyhov V.V. ($100 in chips) is sitting out
Seat 1: nikalas22 ($146.82 in chips) 
Seat 2: Rysiff ($100 in chips) 
Seat 4: handbrake333 ($100 in chips) 
nikalas22: posts small blind $0.50
Rysiff: posts big blind $1
*** HOLE CARDS ***
handbrake333: folds 
nikalas22: raises $2 to $3
Sadyhov V.V. leaves the table
Rysiff: calls $2
*** FLOP *** [8h 3d Ah]
nikalas22: bets $1.71
Rysiff: folds 
Uncalled bet ($1.71) returned to nikalas22
nikalas22 collected $5.70 from pot
nikalas22: doesn't show hand 
*** SUMMARY ***
Total pot $6 | Rake $0.30 
Board [8h 3d Ah]
Seat 5: Sadyhov V.V.
Seat 1: nikalas22 (small blind) collected ($5.70)
Seat 2: Rysiff (big blind) folded on the Flop
Seat 4: handbrake333 (button) folded before Flop (didn't bet)



PokerStars Hand #254460130710:  Hold'em No Limit ($0.50/$1.00 USD) - 2025/01/19 1:25:34 WET [2025/01/19 20:25:34 ET]
Table 'Thiele II' 6-max Seat #1 is the button
Seat 1: nikalas22 ($149.52 in chips) 
Seat 2: Rysiff ($100 in chips) 
Seat 4: handbrake333 ($100 in chips) 
Rysiff: posts small blind $0.50
handbrake333: posts big blind $1
*** HOLE CARDS ***
nikalas22: raises $1.50 to $2.50
Rysiff: folds 
handbrake333: folds 
Uncalled bet ($1.50) returned to nikalas22
nikalas22 collected $2.50 from pot
nikalas22: doesn't show hand 
*** SUMMARY ***
Total pot $2.50 | Rake $0 
Seat 1: nikalas22 (button) collected ($2.50)
Seat 2: Rysiff (small blind) folded before Flop
Seat 4: handbrake333 (big blind) folded before Flop



PokerStars Hand #254460134855:  Hold'em No Limit ($0.50/$1.00 USD) - 2025/01/19 1:25:57 WET [2025/01/19 20:25:57 ET]
Table 'Thiele II' 6-max Seat #2 is the button
Seat 1: nikalas22 ($151.02 in chips) 
Seat 2: Rysiff ($100 in chips) 
Seat 4: handbrake333 ($100 in chips) 
handbrake333: posts small blind $0.50
nikalas22: posts big blind $1
*** HOLE CARDS ***
Rysiff: folds 
handbrake333: folds 
Uncalled bet ($0.50) returned to nikalas22
Rysiff leaves the table
nikalas22 collected $1 from pot
nikalas22: doesn't show hand 
*** SUMMARY ***
Total pot $1 | Rake $0 
Seat 1: nikalas22 (big blind) collected ($1)
Seat 2: Rysiff (button) folded before Flop (didn't bet)
Seat 4: handbrake333 (small blind) folded before Flop



PokerStars Hand #254459944474:  Hold'em No Limit ($0.50/$1.00 USD) - 2025/01/19 1:08:11 WET [2025/01/19 20:08:11 ET]
Table 'Thiele II' 6-max Seat #4 is the button
Seat 1: nikalas22 ($100 in chips) 
Seat 4: Manifestorr ($100 in chips) 
Seat 5: NISIY ($100 in chips) 
NISIY: posts small blind $0.50
nikalas22: posts big blind $1
*** HOLE CARDS ***
Manifestorr: folds 
NISIY: folds 
Uncalled bet ($0.50) returned to nikalas22
nikalas22 collected $1 from pot
nikalas22: doesn't show hand 
*** SUMMARY ***
Total pot $1 | Rake $0 
Seat 1: nikalas22 (big blind) collected ($1)
Seat 4: Manifestorr (button) folded before Flop (didn't bet)
Seat 5: NISIY (small blind) folded before Flop



PokerStars Hand #254459945674:  Hold'em No Limit ($0.50/$1.00 USD) - 2025/01/19 1:08:17 WET [2025/01/19 20:08:17 ET]
Table 'Thiele II' 6-max Seat #5 is the button
Seat 1: nikalas22 ($100.50 in chips) 
Seat 4: Manifestorr ($100 in chips) 
Seat 5: NISIY ($100 in chips) 
nikalas22: posts small blind $0.50
Manifestorr: posts big blind $1
*** HOLE CARDS ***
NISIY: raises $1.50 to $2.50
nikalas22: folds 
Manifestorr: folds 
Uncalled bet ($1.50) returned to NISIY
NISIY collected $2.50 from pot
NISIY: doesn't show hand 
*** SUMMARY ***
Total pot $2.50 | Rake $0 
Seat 1: nikalas22 (small blind) folded before Flop
Seat 4: Manifestorr (big blind) folded before Flop
Seat 5: NISIY (button) collected ($2.50)



PokerStars Hand #254459947667:  Hold'em No Limit ($0.50/$1.00 USD) - 2025/01/19 1:08:28 WET [2025/01/19 20:08:28 ET]
Table 'Thiele II' 6-max Seat #1 is the button
Seat 1: nikalas22 ($100 in chips) 
Seat 4: Manifestorr ($100 in chips) 
Seat 5: NISIY ($101.50 in chips) 
Manifestorr: posts small blind $0.50
NISIY: posts big blind $1
*** HOLE CARDS ***
nikalas22: raises $1.50 to $2.50
Manifestorr: raises $8.50 to $11
NISIY: folds 
nikalas22: calls $8.50
*** FLOP *** [Qc 4h 4s]
Manifestorr: bets $7.26
nikalas22: folds 
Uncalled bet ($7.26) returned to Manifestorr
Manifestorr collected $22 from pot
*** SUMMARY ***
Total pot $23 | Rake $1 
Board [Qc 4h 4s]
Seat 1: nikalas22 (button) folded on the Flop
Seat 4: Manifestorr (small blind) collected ($22)
Seat 5: NISIY (big blind) folded before Flop



PokerStars Hand #254459952764:  Hold'em No Limit ($0.50/$1.00 USD) - 2025/01/19 1:08:55 WET [2025/01/19 20:08:55 ET]
Table 'Thiele II' 6-max Seat #4 is the button
Seat 1: nikalas22 ($100 in chips) 
Seat 4: Manifestorr ($111 in chips) 
Seat 5: NISIY ($100.50 in chips) 
NISIY: posts small blind $0.50
nikalas22: posts big blind $1
*** HOLE CARDS ***
Manifestorr: raises $1.20 to $2.20
NISIY: folds 
nikalas22: folds 
Uncalled bet ($1.20) returned to Manifestorr
Manifestorr collected $2.50 from pot
*** SUMMARY ***
Total pot $2.50 | Rake $0 
Seat 1: nikalas22 (big blind) folded before Flop
Seat 4: Manifestorr (button) collected ($2.50)
Seat 5: NISIY (small blind) folded before Flop



PokerStars Hand #254459954735:  Hold'em No Limit ($0.50/$1.00 USD) - 2025/01/19 1:09:06 WET [2025/01/19 20:09:06 ET]
Table 'Thiele II' 6-max Seat #5 is the button
Seat 1: nikalas22 ($100 in chips) 
Seat 4: Manifestorr ($112.50 in chips) 
Seat 5: NISIY ($100 in chips) 
nikalas22: posts small blind $0.50
Manifestorr: posts big blind $1
*** HOLE CARDS ***
NISIY: folds 
nikalas22: raises $2 to $3
Manifestorr: folds 
Uncalled bet ($2) returned to nikalas22
nikalas22 collected $2 from pot
nikalas22: doesn't show hand 
*** SUMMARY ***
Total pot $2 | Rake $0 
Seat 1: nikalas22 (small blind) collected ($2)
Seat 4: Manifestorr (big blind) folded before Flop
Seat 5: NISIY (button) folded before Flop (didn't bet)



PokerStars Hand #254459958076:  Hold'em No Limit ($0.50/$1.00 USD) - 2025/01/19 1:09:24 WET [2025/01/19 20:09:24 ET]
Table 'Thiele II' 6-max Seat #1 is the button
Seat 1: nikalas22 ($101 in chips) 
Seat 4: Manifestorr ($111.50 in chips) 
Seat 5: NISIY ($100 in chips) 
Manifestorr: posts small blind $0.50
NISIY: posts big blind $1
*** HOLE CARDS ***
nikalas22: folds 
Manifestorr: raises $2 to $3
NISIY: raises $6 to $9
Manifestorr: folds 
Uncalled bet ($6) returned to NISIY
NISIY collected $6 from pot
NISIY: doesn't show hand 
*** SUMMARY ***
Total pot $6 | Rake $0 
Seat 1: nikalas22 (button) folded before Flop (didn't bet)
Seat 4: Manifestorr (small blind) folded before Flop
Seat 5: NISIY (big blind) collected ($6)



PokerStars Hand #254459960413:  Hold'em No Limit ($0.50/$1.00 USD) - 2025/01/19 1:09:36 WET [2025/01/19 20:09:36 ET]
Table 'Thiele II' 6-max Seat #4 is the button
Seat 1: nikalas22 ($101 in chips) 
Seat 4: Manifestorr ($108.50 in chips) 
Seat 5: NISIY ($103 in chips) 
NISIY: posts small blind $0.50
nikalas22: posts big blind $1
*** HOLE CARDS ***
Manifestorr: folds 
NISIY: raises $2 to $3
nikalas22: calls $2
*** FLOP *** [2s 9d 8h]
NISIY: bets $1.88
nikalas22: calls $1.88
*** TURN *** [2s 9d 8h] [9s]
NISIY: checks 
nikalas22: bets $6.95
NISIY: calls $6.95
*** RIVER *** [2s 9d 8h 9s] [9h]
NISIY: checks 
nikalas22: bets $33.99
NISIY: calls $33.99
*** SHOW DOWN ***
nikalas22: shows [7c 9c] (four of a kind, Nines)
NISIY: mucks hand 
nikalas22 collected $90.64 from pot
*** SUMMARY ***
Total pot $91.64 | Rake $1 
Board [2s 9d 8h 9s 9h]
Seat 1: nikalas22 (big blind) showed [7c 9c] and won ($90.64) with four of a kind, Nines
Seat 4: Manifestorr (button) folded before Flop (didn't bet)
Seat 5: NISIY (small blind) mucked



PokerStars Hand #254459967311:  Hold'em No Limit ($0.50/$1.00 USD) - 2025/01/19 1:10:14 WET [2025/01/19 20:10:14 ET]
Table 'Thiele II' 6-max Seat #1 is the button
Seat 4: Manifestorr ($108.50 in chips) is sitting out
Seat 1: nikalas22 ($145.82 in chips) 
Seat 5: NISIY ($100 in chips) 
nikalas22: posts small blind $0.50
Manifestorr: is sitting out 
NISIY: posts big blind $1
*** HOLE CARDS ***
Manifestorr leaves the table
nikalas22: raises $1.50 to $2.50
NISIY: calls $1.50
*** FLOP *** [9h 2c As]
NISIY: checks 
nikalas22: checks 
*** TURN *** [9h 2c As] [8h]
NISIY: bets $3.56
nikalas22: folds 
Uncalled bet ($3.56) returned to NISIY
NISIY collected $4.75 from pot
NISIY: doesn't show hand 
*** SUMMARY ***
Total pot $5 | Rake $0.25 
Board [9h 2c As 8h]
Seat 4: Manifestorr
Seat 1: nikalas22 (button) (small blind) folded on the Turn
Seat 5: NISIY (big blind) collected ($4.75)



PokerStars Hand #254459970767:  Hold'em No Limit ($0.50/$1.00 USD) - 2025/01/19 1:10:33 WET [2025/01/19 20:10:33 ET]
Table 'Thiele II' 6-max Seat #5 is the button
Seat 1: nikalas22 ($143.32 in chips) 
Seat 5: NISIY ($102.25 in chips) 
NISIY: posts small blind $0.50
nikalas22: posts big blind $1
*** HOLE CARDS ***
NISIY: raises $1.50 to $2.50
nikalas22: raises $8.50 to $11
NISIY: folds 
Uncalled bet ($8.50) returned to nikalas22
nikalas22 collected $5 from pot
nikalas22: doesn't show hand 
*** SUMMARY ***
Total pot $5 | Rake $0 
Seat 1: nikalas22 (big blind) collected ($5)
Seat 5: NISIY (button) (small blind) folded before Flop



PokerStars Hand #254460714297:  Hold'em No Limit ($0.50/$1.00 USD) - 2025/01/19 2:33:53 WET [2025/01/19 21:33:53 ET]
Table 'Thiele II' 6-max Seat #3 is the button
Seat 1: m0nTTu ($80 in chips) 
Seat 2: fataleggs13 ($50 in chips) 
Seat 3: rrrro ($100 in chips) 
Seat 4: I TAKE IT 85 ($100 in chips) 
Seat 5: Carlos3750 ($40 in chips) 
Seat 6: Espada Fish ($100 in chips) 
I TAKE IT 85: posts small blind $0.50
Carlos3750: posts big blind $1
*** HOLE CARDS ***
Espada Fish: folds 
m0nTTu: folds 
fataleggs13: raises $1.20 to $2.20
rrrro: raises $4.80 to $7
I TAKE IT 85: folds 
Carlos3750: folds 
fataleggs13: folds 
Uncalled bet ($4.80) returned to rrrro
rrrro collected $5.90 from pot
rrrro: doesn't show hand 
*** SUMMARY ***
Total pot $5.90 | Rake $0 
Seat 1: m0nTTu folded before Flop (didn't bet)
Seat 2: fataleggs13 folded before Flop
Seat 3: rrrro (button) collected ($5.90)
Seat 4: I TAKE IT 85 (small blind) folded before Flop
Seat 5: Carlos3750 (big blind) folded before Flop
Seat 6: Espada Fish folded before Flop (didn't bet)



PokerStars Hand #254460719278:  Hold'em No Limit ($0.50/$1.00 USD) - 2025/01/19 2:34:22 WET [2025/01/19 21:34:22 ET]
Table 'Thiele II' 6-max Seat #4 is the button
Seat 1: m0nTTu ($80 in chips) 
Seat 2: fataleggs13 ($75 in chips) 
Seat 3: rrrro ($103.70 in chips) 
Seat 4: I TAKE IT 85 ($100 in chips) 
Seat 5: Carlos3750 ($39 in chips) 
Seat 6: Espada Fish ($100 in chips) 
Carlos3750: posts small blind $0.50
Espada Fish: posts big blind $1
*** HOLE CARDS ***
m0nTTu: raises $1.50 to $2.50
fataleggs13: folds 
rrrro: folds 
I TAKE IT 85: folds 
Carlos3750: calls $2
Espada Fish: folds 
*** FLOP *** [6s Kd 7s]
Carlos3750: checks 
m0nTTu: checks 
*** TURN *** [6s Kd 7s] [Js]
Carlos3750: checks 
m0nTTu: bets $1.88
Carlos3750: calls $1.88
*** RIVER *** [6s Kd 7s Js] [8d]
Carlos3750: checks 
m0nTTu: checks 
*** SHOW DOWN ***
Carlos3750: shows [8c Jc] (two pair, Jacks and Eights)
m0nTTu: mucks hand 
Carlos3750 collected $9.27 from pot
*** SUMMARY ***
Total pot $9.76 | Rake $0.49 
Board [6s Kd 7s Js 8d]
Seat 1: m0nTTu mucked
Seat 2: fataleggs13 folded before Flop (didn't bet)
Seat 3: rrrro folded before Flop (didn't bet)
Seat 4: I TAKE IT 85 (button) folded before Flop (didn't bet)
Seat 5: Carlos3750 (small blind) showed [8c Jc] and won ($9.27) with two pair, Jacks and Eights
Seat 6: Espada Fish (big blind) folded before Flop



PokerStars Hand #254460727869:  Hold'em No Limit ($0.50/$1.00 USD) - 2025/01/19 2:35:10 WET [2025/01/19 21:35:10 ET]
Table 'Thiele II' 6-max Seat #5 is the button
Seat 1: m0nTTu ($75.62 in chips) 
Seat 2: fataleggs13 ($75 in chips) 
Seat 3: rrrro ($103.70 in chips) 
Seat 4: I TAKE IT 85 ($100 in chips) 
Seat 5: Carlos3750 ($43.89 in chips) 
Seat 6: Espada Fish ($100 in chips) 
Espada Fish: posts small blind $0.50
m0nTTu: posts big blind $1
*** HOLE CARDS ***
fataleggs13: folds 
rrrro: folds 
I TAKE IT 85: folds 
Carlos3750: calls $1
Espada Fish: folds 
m0nTTu: checks 
*** FLOP *** [2d Ad 8s]
m0nTTu: bets $1
Carlos3750: folds 
Uncalled bet ($1) returned to m0nTTu
m0nTTu collected $2.38 from pot
m0nTTu: doesn't show hand 
*** SUMMARY ***
Total pot $2.50 | Rake $0.12 
Board [2d Ad 8s]
Seat 1: m0nTTu (big blind) collected ($2.38)
Seat 2: fataleggs13 folded before Flop (didn't bet)
Seat 3: rrrro folded before Flop (didn't bet)
Seat 4: I TAKE IT 85 folded before Flop (didn't bet)
Seat 5: Carlos3750 (button) folded on the Flop
Seat 6: Espada Fish (small blind) folded before Flop



PokerStars Hand #254460731603:  Hold'em No Limit ($0.50/$1.00 USD) - 2025/01/19 2:35:31 WET [2025/01/19 21:35:31 ET]
Table 'Thiele II' 6-max Seat #6 is the button
Seat 1: m0nTTu ($77 in chips) 
Seat 2: fataleggs13 ($75 in chips) 
Seat 3: rrrro ($103.70 in chips) 
Seat 4: I TAKE IT 85 ($100 in chips) 
Seat 5: Carlos3750 ($42.89 in chips) 
Seat 6: Espada Fish ($100 in chips) 
m0nTTu: posts small blind $0.50
fataleggs13: posts big blind $1
*** HOLE CARDS ***
rrrro: folds 
I TAKE IT 85: folds 
Carlos3750: folds 
Espada Fish: raises $1.50 to $2.50
m0nTTu: folds 
fataleggs13: calls $1.50
*** FLOP *** [Kd Qd Qh]
fataleggs13: checks 
Espada Fish: bets $1.72
fataleggs13: folds 
Uncalled bet ($1.72) returned to Espada Fish
Espada Fish collected $5.22 from pot
Espada Fish: doesn't show hand 
*** SUMMARY ***
Total pot $5.50 | Rake $0.28 
Board [Kd Qd Qh]
Seat 1: m0nTTu (small blind) folded before Flop
Seat 2: fataleggs13 (big blind) folded on the Flop
Seat 3: rrrro folded before Flop (didn't bet)
Seat 4: I TAKE IT 85 folded before Flop (didn't bet)
Seat 5: Carlos3750 folded before Flop (didn't bet)
Seat 6: Espada Fish (button) collected ($5.22)



PokerStars Hand #254460737780:  Hold'em No Limit ($0.50/$1.00 USD) - 2025/01/19 2:36:06 WET [2025/01/19 21:36:06 ET]
Table 'Thiele II' 6-max Seat #1 is the button
Seat 1: m0nTTu ($100 in chips) 
Seat 2: fataleggs13 ($75 in chips) 
Seat 3: rrrro ($103.70 in chips) 
Seat 4: I TAKE IT 85 ($100 in chips) 
Seat 5: Carlos3750 ($42.89 in chips) 
Seat 6: Espada Fish ($102.72 in chips) 
fataleggs13: posts small blind $0.50
rrrro: posts big blind $1
*** HOLE CARDS ***
I TAKE IT 85: folds 
Carlos3750: calls $1
Espada Fish: folds 
m0nTTu: raises $3.50 to $4.50
fataleggs13: folds 
rrrro: folds 
Carlos3750: calls $3.50
*** FLOP *** [3c 5c Jc]
Carlos3750: checks 
m0nTTu: bets $1.70
Carlos3750: calls $1.70
*** TURN *** [3c 5c Jc] [Td]
Carlos3750: checks 
m0nTTu: bets $10
Carlos3750: folds 
Uncalled bet ($10) returned to m0nTTu
m0nTTu collected $13.20 from pot
m0nTTu: doesn't show hand 
*** SUMMARY ***
Total pot $13.90 | Rake $0.70 
Board [3c 5c Jc Td]
Seat 1: m0nTTu (button) collected ($13.20)
Seat 2: fataleggs13 (small blind) folded before Flop
Seat 3: rrrro (big blind) folded before Flop
Seat 4: I TAKE IT 85 folded before Flop (didn't bet)
Seat 5: Carlos3750 folded on the Turn
Seat 6: Espada Fish folded before Flop (didn't bet)



PokerStars Hand #254460747798:  Hold'em No Limit ($0.50/$1.00 USD) - 2025/01/19 2:37:05 WET [2025/01/19 21:37:05 ET]
Table 'Thiele II' 6-max Seat #2 is the button
Seat 1: m0nTTu ($107 in chips) 
Seat 2: fataleggs13 ($75 in chips) 
Seat 3: rrrro ($102.70 in chips) 
Seat 4: I TAKE IT 85 ($100 in chips) 
Seat 5: Carlos3750 ($36.69 in chips) 
Seat 6: Espada Fish ($102.72 in chips) 
rrrro: posts small blind $0.50
I TAKE IT 85: posts big blind $1
*** HOLE CARDS ***
Carlos3750: folds 
Espada Fish: folds 
m0nTTu: folds 
fataleggs13: folds 
rrrro: folds 
Uncalled bet ($0.50) returned to I TAKE IT 85
I TAKE IT 85 collected $1 from pot
I TAKE IT 85: doesn't show hand 
*** SUMMARY ***
Total pot $1 | Rake $0 
Seat 1: m0nTTu folded before Flop (didn't bet)
Seat 2: fataleggs13 (button) folded before Flop (didn't bet)
Seat 3: rrrro (small blind) folded before Flop
Seat 4: I TAKE IT 85 (big blind) collected ($1)
Seat 5: Carlos3750 folded before Flop (didn't bet)
Seat 6: Espada Fish folded before Flop (didn't bet)



PokerStars Hand #254460750552:  Hold'em No Limit ($0.50/$1.00 USD) - 2025/01/19 2:37:22 WET [2025/01/19 21:37:22 ET]
Table 'Thiele II' 6-max Seat #3 is the button
Seat 1: m0nTTu ($107 in chips) 
Seat 2: fataleggs13 ($75 in chips) 
Seat 3: rrrro ($102.20 in chips) 
Seat 4: I TAKE IT 85 ($100.50 in chips) 
Seat 5: Carlos3750 ($36.69 in chips) 
Seat 6: Espada Fish ($102.72 in chips) 
I TAKE IT 85: posts small blind $0.50
Carlos3750: posts big blind $1
*** HOLE CARDS ***
Espada Fish: folds 
m0nTTu: raises $1.50 to $2.50
fataleggs13: folds 
rrrro: folds 
I TAKE IT 85: folds 
Carlos3750: calls $1.50
*** FLOP *** [Ah Kd 9c]
Carlos3750: bets $1
m0nTTu: raises $3.61 to $4.61
Carlos3750: calls $3.61
*** TURN *** [Ah Kd 9c] [3d]
Carlos3750: bets $9
m0nTTu: raises $21 to $30
Carlos3750: calls $20.58 and is all-in
Uncalled bet ($0.42) returned to m0nTTu
*** RIVER *** [Ah Kd 9c 3d] [Kh]
*** SHOW DOWN ***
Carlos3750: shows [7s Ks] (three of a kind, Kings)
m0nTTu: shows [Ad Jd] (two pair, Aces and Kings)
Carlos3750 cashed out the hand for $6.36 | Cash Out Fee $0.13
*** SUMMARY ***
Total pot $73.88 | Rake $2.50 
Board [Ah Kd 9c 3d Kh]
Seat 1: m0nTTu showed [Ad Jd] and lost with two pair, Aces and Kings
Seat 2: fataleggs13 folded before Flop (didn't bet)
Seat 3: rrrro (button) folded before Flop (didn't bet)
Seat 4: I TAKE IT 85 (small blind) folded before Flop
Seat 5: Carlos3750 (big blind) showed [7s Ks] and won ($71.38) with three of a kind, Kings (pot not awarded as player cashed out)
Seat 6: Espada Fish folded before Flop (didn't bet)



PokerStars Hand #254460762504:  Hold'em No Limit ($0.50/$1.00 USD) - 2025/01/19 2:38:39 WET [2025/01/19 21:38:39 ET]
Table 'Thiele II' 6-max Seat #4 is the button
Seat 1: m0nTTu ($70.31 in chips) 
Seat 2: fataleggs13 ($75 in chips) 
Seat 3: rrrro ($102.20 in chips) 
Seat 4: I TAKE IT 85 ($100 in chips) 
Seat 5: Carlos3750 ($6.36 in chips) 
Seat 6: Espada Fish ($102.72 in chips) 
Carlos3750: posts small blind $0.50
Espada Fish: posts big blind $1
*** HOLE CARDS ***
m0nTTu: folds 
fataleggs13: folds 
rrrro: folds 
I TAKE IT 85: folds 
Carlos3750: folds 
Uncalled bet ($0.50) returned to Espada Fish
Carlos3750 leaves the table
Espada Fish collected $1 from pot
Espada Fish: doesn't show hand 
50CandyJoe joins the table at seat #5 
*** SUMMARY ***
Total pot $1 | Rake $0 
Seat 1: m0nTTu folded before Flop (didn't bet)
Seat 2: fataleggs13 folded before Flop (didn't bet)
Seat 3: rrrro folded before Flop (didn't bet)
Seat 4: I TAKE IT 85 (button) folded before Flop (didn't bet)
Seat 5: Carlos3750 (small blind) folded before Flop
Seat 6: Espada Fish (big blind) collected ($1)



PokerStars Hand #254460765932:  Hold'em No Limit ($0.50/$1.00 USD) - 2025/01/19 2:39:01 WET [2025/01/19 21:39:01 ET]
Table 'Thiele II' 6-max Seat #6 is the button
Seat 5: 50CandyJoe ($100 in chips) is sitting out
Seat 1: m0nTTu ($70.31 in chips) 
Seat 2: fataleggs13 ($75 in chips) 
Seat 3: rrrro ($102.20 in chips) 
Seat 4: I TAKE IT 85 ($100 in chips) 
Seat 6: Espada Fish ($103.22 in chips) 
m0nTTu: posts small blind $0.50
fataleggs13: posts big blind $1
50CandyJoe: sits out 
*** HOLE CARDS ***
rrrro: folds 
I TAKE IT 85: folds 
Espada Fish: folds 
m0nTTu: folds 
Uncalled bet ($0.50) returned to fataleggs13
fataleggs13 collected $1 from pot
fataleggs13: doesn't show hand 
50CandyJoe leaves the table
*** SUMMARY ***
Total pot $1 | Rake $0 
Seat 5: 50CandyJoe
Seat 1: m0nTTu (small blind) folded before Flop
Seat 2: fataleggs13 (big blind) collected ($1)
Seat 3: rrrro folded before Flop (didn't bet)
Seat 4: I TAKE IT 85 folded before Flop (didn't bet)
Seat 6: Espada Fish (button) folded before Flop (didn't bet)



PokerStars Hand #254460768482:  Hold'em No Limit ($0.50/$1.00 USD) - 2025/01/19 2:39:18 WET [2025/01/19 21:39:18 ET]
Table 'Thiele II' 6-max Seat #1 is the button
Seat 1: m0nTTu ($100 in chips) 
Seat 2: fataleggs13 ($75.50 in chips) 
Seat 3: rrrro ($102.20 in chips) 
Seat 4: I TAKE IT 85 ($100 in chips) 
Seat 6: Espada Fish ($103.22 in chips) 
fataleggs13: posts small blind $0.50
rrrro: posts big blind $1
*** HOLE CARDS ***
I TAKE IT 85: folds 
Pumuking joins the table at seat #5 
Espada Fish: raises $1.20 to $2.20
m0nTTu: folds 
Pumuking leaves the table
fataleggs13: folds 
rrrro: calls $1.20
*** FLOP *** [3c 8s Ac]
rrrro: checks 
Espada Fish: checks 
*** TURN *** [3c 8s Ac] [4d]
I TAKE IT 85 leaves the table
rrrro: checks 
Espada Fish: bets $3.50
rrrro: folds 
Uncalled bet ($3.50) returned to Espada Fish
Espada Fish collected $4.66 from pot
Espada Fish: doesn't show hand 
*** SUMMARY ***
Total pot $4.90 | Rake $0.24 
Board [3c 8s Ac 4d]
Seat 1: m0nTTu (button) folded before Flop (didn't bet)
Seat 2: fataleggs13 (small blind) folded before Flop
Seat 3: rrrro (big blind) folded on the Turn
Seat 4: I TAKE IT 85 folded before Flop (didn't bet)
Seat 6: Espada Fish collected ($4.66)



PokerStars Hand #254460788706:  Hold'em No Limit ($0.50/$1.00 USD) - 2025/01/19 2:41:35 WET [2025/01/19 21:41:35 ET]
Table 'Thiele II' 6-max Seat #3 is the button
Seat 3: rrrro ($100 in chips) 
Seat 6: I TAKE IT 85 ($100 in chips) 
rrrro: posts small blind $0.50
I TAKE IT 85: posts big blind $1
*** HOLE CARDS ***
rrrro: raises $1.50 to $2.50
I TAKE IT 85: calls $1.50
*** FLOP *** [Qc Js 5h]
I TAKE IT 85: checks 
rrrro: bets $1.19
I TAKE IT 85: calls $1.19
*** TURN *** [Qc Js 5h] [2s]
I TAKE IT 85: checks 
rrrro: checks 
*** RIVER *** [Qc Js 5h 2s] [2d]
I TAKE IT 85: bets $10.52
rrrro: calls $10.52
*** SHOW DOWN ***
I TAKE IT 85: shows [Qd 4d] (two pair, Queens and Deuces)
rrrro: mucks hand 
I TAKE IT 85 collected $27.42 from pot
*** SUMMARY ***
Total pot $28.42 | Rake $1 
Board [Qc Js 5h 2s 2d]
Seat 3: rrrro (button) (small blind) mucked
Seat 6: I TAKE IT 85 (big blind) showed [Qd 4d] and won ($27.42) with two pair, Queens and Deuces



PokerStars Hand #254460799982:  Hold'em No Limit ($0.50/$1.00 USD) - 2025/01/19 2:42:52 WET [2025/01/19 21:42:52 ET]
Table 'Thiele II' 6-max Seat #6 is the button
Seat 3: rrrro ($100 in chips) 
Seat 6: I TAKE IT 85 ($113.21 in chips) 
I TAKE IT 85: posts small blind $0.50
rrrro: posts big blind $1
*** HOLE CARDS ***
I TAKE IT 85: raises $1.50 to $2.50
rrrro: calls $1.50
*** FLOP *** [7h 5s Qs]
rrrro: checks 
I TAKE IT 85: bets $1.80
rrrro: folds 
Uncalled bet ($1.80) returned to I TAKE IT 85
I TAKE IT 85 collected $4.75 from pot
I TAKE IT 85: doesn't show hand 
*** SUMMARY ***
Total pot $5 | Rake $0.25 
Board [7h 5s Qs]
Seat 3: rrrro (big blind) folded on the Flop
Seat 6: I TAKE IT 85 (button) (small blind) collected ($4.75)



PokerStars Hand #254460803661:  Hold'em No Limit ($0.50/$1.00 USD) - 2025/01/19 2:43:18 WET [2025/01/19 21:43:18 ET]
Table 'Thiele II' 6-max Seat #3 is the button
Seat 3: rrrro ($100 in chips) 
Seat 6: I TAKE IT 85 ($115.46 in chips) 
rrrro: posts small blind $0.50
I TAKE IT 85: posts big blind $1
*** HOLE CARDS ***
rrrro: raises $1.50 to $2.50
I TAKE IT 85: folds 
Uncalled bet ($1.50) returned to rrrro
rrrro collected $2 from pot
rrrro: doesn't show hand 
*** SUMMARY ***
Total pot $2 | Rake $0 
Seat 3: rrrro (button) (small blind) collected ($2)
Seat 6: I TAKE IT 85 (big blind) folded before Flop



PokerStars Hand #254460805062:  Hold'em No Limit ($0.50/$1.00 USD) - 2025/01/19 2:43:27 WET [2025/01/19 21:43:27 ET]
Table 'Thiele II' 6-max Seat #6 is the button
Seat 3: rrrro ($101 in chips) 
Seat 6: I TAKE IT 85 ($114.46 in chips) 
I TAKE IT 85: posts small blind $0.50
rrrro: posts big blind $1
*** HOLE CARDS ***
I TAKE IT 85: raises $1.50 to $2.50
rrrro: raises $7.50 to $10
I TAKE IT 85: folds 
Uncalled bet ($7.50) returned to rrrro
rrrro collected $5 from pot
rrrro: doesn't show hand 
*** SUMMARY ***
Total pot $5 | Rake $0 
Seat 3: rrrro (big blind) collected ($5)
Seat 6: I TAKE IT 85 (button) (small blind) folded before Flop



PokerStars Hand #254460807081:  Hold'em No Limit ($0.50/$1.00 USD) - 2025/01/19 2:43:40 WET [2025/01/19 21:43:40 ET]
Table 'Thiele II' 6-max Seat #3 is the button
Seat 3: rrrro ($103.50 in chips) 
Seat 6: I TAKE IT 85 ($111.96 in chips) 
rrrro: posts small blind $0.50
I TAKE IT 85: posts big blind $1
*** HOLE CARDS ***
rrrro: folds 
Uncalled bet ($0.50) returned to I TAKE IT 85
I TAKE IT 85 collected $1 from pot
I TAKE IT 85: doesn't show hand 
*** SUMMARY ***
Total pot $1 | Rake $0 
Seat 3: rrrro (button) (small blind) folded before Flop
Seat 6: I TAKE IT 85 (big blind) collected ($1)



PokerStars Hand #254460807979:  Hold'em No Limit ($0.50/$1.00 USD) - 2025/01/19 2:43:47 WET [2025/01/19 21:43:47 ET]
Table 'Thiele II' 6-max Seat #6 is the button
Seat 3: rrrro ($103 in chips) 
Seat 6: I TAKE IT 85 ($112.46 in chips) 
I TAKE IT 85: posts small blind $0.50
rrrro: posts big blind $1
*** HOLE CARDS ***
I TAKE IT 85: raises $1.50 to $2.50
rrrro: folds 
Uncalled bet ($1.50) returned to I TAKE IT 85
I TAKE IT 85 collected $2 from pot
I TAKE IT 85: doesn't show hand 
*** SUMMARY ***
Total pot $2 | Rake $0 
Seat 3: rrrro (big blind) folded before Flop
Seat 6: I TAKE IT 85 (button) (small blind) collected ($2)



PokerStars Hand #254460810151:  Hold'em No Limit ($0.50/$1.00 USD) - 2025/01/19 2:44:02 WET [2025/01/19 21:44:02 ET]
Table 'Thiele II' 6-max Seat #3 is the button
Seat 3: rrrro ($102 in chips) 
Seat 6: I TAKE IT 85 ($113.46 in chips) 
rrrro: posts small blind $0.50
I TAKE IT 85: posts big blind $1
*** HOLE CARDS ***
rrrro: raises $1.50 to $2.50
I TAKE IT 85: folds 
Uncalled bet ($1.50) returned to rrrro
rrrro collected $2 from pot
rrrro: doesn't show hand 
*** SUMMARY ***
Total pot $2 | Rake $0 
Seat 3: rrrro (button) (small blind) collected ($2)
Seat 6: I TAKE IT 85 (big blind) folded before Flop



PokerStars Hand #254460811506:  Hold'em No Limit ($0.50/$1.00 USD) - 2025/01/19 2:44:11 WET [2025/01/19 21:44:11 ET]
Table 'Thiele II' 6-max Seat #6 is the button
Seat 3: rrrro ($103 in chips) 
Seat 6: I TAKE IT 85 ($112.46 in chips) 
I TAKE IT 85: posts small blind $0.50
rrrro: posts big blind $1
*** HOLE CARDS ***
I TAKE IT 85: raises $1.50 to $2.50
rrrro: folds 
Uncalled bet ($1.50) returned to I TAKE IT 85
I TAKE IT 85 collected $2 from pot
I TAKE IT 85: doesn't show hand 
*** SUMMARY ***
Total pot $2 | Rake $0 
Seat 3: rrrro (big blind) folded before Flop
Seat 6: I TAKE IT 85 (button) (small blind) collected ($2)



PokerStars Hand #254460812549:  Hold'em No Limit ($0.50/$1.00 USD) - 2025/01/19 2:44:18 WET [2025/01/19 21:44:18 ET]
Table 'Thiele II' 6-max Seat #3 is the button
Seat 3: rrrro ($102 in chips) 
Seat 6: I TAKE IT 85 ($113.46 in chips) 
rrrro: posts small blind $0.50
I TAKE IT 85: posts big blind $1
*** HOLE CARDS ***
rrrro: folds 
Uncalled bet ($0.50) returned to I TAKE IT 85
I TAKE IT 85 collected $1 from pot
I TAKE IT 85: doesn't show hand 
*** SUMMARY ***
Total pot $1 | Rake $0 
Seat 3: rrrro (button) (small blind) folded before Flop
Seat 6: I TAKE IT 85 (big blind) collected ($1)



PokerStars Hand #254460813835:  Hold'em No Limit ($0.50/$1.00 USD) - 2025/01/19 2:44:27 WET [2025/01/19 21:44:27 ET]
Table 'Thiele II' 6-max Seat #6 is the button
Seat 3: rrrro ($101.50 in chips) 
Seat 6: I TAKE IT 85 ($113.96 in chips) 
I TAKE IT 85: posts small blind $0.50
rrrro: posts big blind $1
*** HOLE CARDS ***
I TAKE IT 85: raises $1.50 to $2.50
rrrro: calls $1.50
*** FLOP *** [5d 6h Ad]
rrrro: checks 
I TAKE IT 85: checks 
*** TURN *** [5d 6h Ad] [2d]
rrrro: checks 
I TAKE IT 85: checks 
*** RIVER *** [5d 6h Ad 2d] [Kc]
rrrro: bets $9.50
I TAKE IT 85: folds 
Uncalled bet ($9.50) returned to rrrro
rrrro collected $4.75 from pot
rrrro: doesn't show hand 
*** SUMMARY ***
Total pot $5 | Rake $0.25 
Board [5d 6h Ad 2d Kc]
Seat 3: rrrro (big blind) collected ($4.75)
Seat 6: I TAKE IT 85 (button) (small blind) folded on the River



PokerStars Hand #254460820156:  Hold'em No Limit ($0.50/$1.00 USD) - 2025/01/19 2:45:11 WET [2025/01/19 21:45:11 ET]
Table 'Thiele II' 6-max Seat #3 is the button
Seat 3: rrrro ($103.75 in chips) 
Seat 6: I TAKE IT 85 ($111.46 in chips) 
rrrro: posts small blind $0.50
I TAKE IT 85: posts big blind $1
*** HOLE CARDS ***
rrrro: raises $1.50 to $2.50
I TAKE IT 85: folds 
Uncalled bet ($1.50) returned to rrrro
rrrro collected $2 from pot
rrrro: doesn't show hand 
*** SUMMARY ***
Total pot $2 | Rake $0 
Seat 3: rrrro (button) (small blind) collected ($2)
Seat 6: I TAKE IT 85 (big blind) folded before Flop



PokerStars Hand #254460821575:  Hold'em No Limit ($0.50/$1.00 USD) - 2025/01/19 2:45:20 WET [2025/01/19 21:45:20 ET]
Table 'Thiele II' 6-max Seat #6 is the button
Seat 3: rrrro ($104.75 in chips) 
Seat 6: I TAKE IT 85 ($110.46 in chips) 
I TAKE IT 85: posts small blind $0.50
rrrro: posts big blind $1
*** HOLE CARDS ***
I TAKE IT 85: folds 
Uncalled bet ($0.50) returned to rrrro
rrrro collected $1 from pot
rrrro: doesn't show hand 
*** SUMMARY ***
Total pot $1 | Rake $0 
Seat 3: rrrro (big blind) collected ($1)
Seat 6: I TAKE IT 85 (button) (small blind) folded before Flop



PokerStars Hand #254460822710:  Hold'em No Limit ($0.50/$1.00 USD) - 2025/01/19 2:45:29 WET [2025/01/19 21:45:29 ET]
Table 'Thiele II' 6-max Seat #3 is the button
Seat 3: rrrro ($105.25 in chips) 
Seat 6: I TAKE IT 85 ($109.96 in chips) 
rrrro: posts small blind $0.50
I TAKE IT 85: posts big blind $1
*** HOLE CARDS ***
rrrro: raises $1.50 to $2.50
I TAKE IT 85: folds 
Uncalled bet ($1.50) returned to rrrro
rrrro collected $2 from pot
rrrro: doesn't show hand 
*** SUMMARY ***
Total pot $2 | Rake $0 
Seat 3: rrrro (button) (small blind) collected ($2)
Seat 6: I TAKE IT 85 (big blind) folded before Flop



PokerStars Hand #254460824509:  Hold'em No Limit ($0.50/$1.00 USD) - 2025/01/19 2:45:41 WET [2025/01/19 21:45:41 ET]
Table 'Thiele II' 6-max Seat #6 is the button
Seat 3: rrrro ($106.25 in chips) 
Seat 6: I TAKE IT 85 ($108.96 in chips) 
I TAKE IT 85: posts small blind $0.50
rrrro: posts big blind $1
*** HOLE CARDS ***
I TAKE IT 85: raises $1.50 to $2.50
rrrro: calls $1.50
*** FLOP *** [6c 5d 3d]
rrrro: checks 
I TAKE IT 85: checks 
*** TURN *** [6c 5d 3d] [Ks]
rrrro: checks 
I TAKE IT 85: checks 
*** RIVER *** [6c 5d 3d Ks] [4d]
rrrro: bets $3.56
I TAKE IT 85: folds 
Uncalled bet ($3.56) returned to rrrro
rrrro collected $4.75 from pot
rrrro: doesn't show hand 
*** SUMMARY ***
Total pot $5 | Rake $0.25 
Board [6c 5d 3d Ks 4d]
Seat 3: rrrro (big blind) collected ($4.75)
Seat 6: I TAKE IT 85 (button) (small blind) folded on the River



PokerStars Hand #254460831249:  Hold'em No Limit ($0.50/$1.00 USD) - 2025/01/19 2:46:28 WET [2025/01/19 21:46:28 ET]
Table 'Thiele II' 6-max Seat #3 is the button
Seat 3: rrrro ($108.50 in chips) 
Seat 6: I TAKE IT 85 ($106.46 in chips) 
rrrro: posts small blind $0.50
I TAKE IT 85: posts big blind $1
*** HOLE CARDS ***
rrrro: raises $1.50 to $2.50
I TAKE IT 85: folds 
Uncalled bet ($1.50) returned to rrrro
rrrro collected $2 from pot
rrrro: doesn't show hand 
*** SUMMARY ***
Total pot $2 | Rake $0 
Seat 3: rrrro (button) (small blind) collected ($2)
Seat 6: I TAKE IT 85 (big blind) folded before Flop



PokerStars Hand #254460871693:  Hold'em No Limit ($0.50/$1.00 USD) - 2025/01/19 2:51:12 WET [2025/01/19 21:51:12 ET]
Table 'Thiele II' 6-max Seat #4 is the button
Seat 3: Haalleluja ($100 in chips) 
Seat 4: Eredar5 ($100 in chips) 
Seat 6: I TAKE IT 85 ($105.46 in chips) 
I TAKE IT 85: posts small blind $0.50
Haalleluja: posts big blind $1
*** HOLE CARDS ***
Eredar5: folds 
I TAKE IT 85: raises $2 to $3
Haalleluja: calls $2
*** FLOP *** [Ks 5c 6h]
I TAKE IT 85: checks 
Haalleluja: checks 
*** TURN *** [Ks 5c 6h] [4d]
I TAKE IT 85: checks 
Haalleluja: checks 
*** RIVER *** [Ks 5c 6h 4d] [2s]
I TAKE IT 85: checks 
Haalleluja: checks 
*** SHOW DOWN ***
I TAKE IT 85: shows [Ah 8d] (high card Ace)
Haalleluja: mucks hand 
sutata joins the table at seat #5 
I TAKE IT 85 collected $5.70 from pot
*** SUMMARY ***
Total pot $6 | Rake $0.30 
Board [Ks 5c 6h 4d 2s]
Seat 3: Haalleluja (big blind) mucked
Seat 4: Eredar5 (button) folded before Flop (didn't bet)
Seat 6: I TAKE IT 85 (small blind) showed [Ah 8d] and won ($5.70) with high card Ace



PokerStars Hand #254460877079:  Hold'em No Limit ($0.50/$1.00 USD) - 2025/01/19 2:51:50 WET [2025/01/19 21:51:50 ET]
Table 'Thiele II' 6-max Seat #6 is the button
Seat 4: Eredar5 ($100 in chips) is sitting out
Seat 3: Haalleluja ($97 in chips) 
Seat 5: sutata ($100 in chips) 
Seat 6: I TAKE IT 85 ($108.16 in chips) 
Haalleluja: posts small blind $0.50
Eredar5: is sitting out 
sutata: posts big blind $1
*** HOLE CARDS ***
I TAKE IT 85: raises $1 to $2
Haalleluja: folds 
sutata: folds 
Uncalled bet ($1) returned to I TAKE IT 85
I TAKE IT 85 collected $2.50 from pot
I TAKE IT 85: doesn't show hand 
Eredar5 leaves the table
*** SUMMARY ***
Total pot $2.50 | Rake $0 
Seat 4: Eredar5
Seat 3: Haalleluja (small blind) folded before Flop
Seat 5: sutata (big blind) folded before Flop
Seat 6: I TAKE IT 85 (button) collected ($2.50)



PokerStars Hand #254460878479:  Hold'em No Limit ($0.50/$1.00 USD) - 2025/01/19 2:51:59 WET [2025/01/19 21:51:59 ET]
Table 'Thiele II' 6-max Seat #3 is the button
Seat 3: Haalleluja ($96.50 in chips) 
Seat 5: sutata ($100 in chips) 
Seat 6: I TAKE IT 85 ($109.66 in chips) 
sutata: posts small blind $0.50
rrrro joins the table at seat #1 
I TAKE IT 85: posts big blind $1
*** HOLE CARDS ***
Espada Fish joins the table at seat #2 
Haalleluja: folds 
Pumuking joins the table at seat #4 
sutata: folds 
Uncalled bet ($0.50) returned to I TAKE IT 85
I TAKE IT 85 collected $1 from pot
I TAKE IT 85: doesn't show hand 
*** SUMMARY ***
Total pot $1 | Rake $0 
Seat 3: Haalleluja (button) folded before Flop (didn't bet)
Seat 5: sutata (small blind) folded before Flop
Seat 6: I TAKE IT 85 (big blind) collected ($1)



PokerStars Hand #254460879870:  Hold'em No Limit ($0.50/$1.00 USD) - 2025/01/19 2:52:09 WET [2025/01/19 21:52:09 ET]
Table 'Thiele II' 6-max Seat #5 is the button
Seat 2: Espada Fish ($105.68 in chips) is sitting out
Seat 4: Pumuking ($100 in chips) is sitting out
Seat 1: rrrro ($109.50 in chips) 
Seat 3: Haalleluja ($96.50 in chips) 
Seat 5: sutata ($100 in chips) 
Seat 6: I TAKE IT 85 ($110.16 in chips) 
I TAKE IT 85: posts small blind $0.50
rrrro: posts big blind $1
Espada Fish: sits out 
Pumuking: sits out 
*** HOLE CARDS ***
Haalleluja: folds 
sutata: folds 
I TAKE IT 85: folds 
Uncalled bet ($0.50) returned to rrrro
rrrro collected $1 from pot
rrrro: doesn't show hand 
*** SUMMARY ***
Total pot $1 | Rake $0 
Seat 2: Espada Fish
Seat 4: Pumuking
Seat 1: rrrro (big blind) collected ($1)
Seat 3: Haalleluja folded before Flop (didn't bet)
Seat 5: sutata (button) folded before Flop (didn't bet)
Seat 6: I TAKE IT 85 (small blind) folded before Flop



PokerStars Hand #254460881206:  Hold'em No Limit ($0.50/$1.00 USD) - 2025/01/19 2:52:19 WET [2025/01/19 21:52:19 ET]
Table 'Thiele II' 6-max Seat #6 is the button
Seat 4: Pumuking ($100 in chips) is sitting out
Seat 1: rrrro ($110 in chips) 
Seat 2: Espada Fish ($105.68 in chips) 
Seat 3: Haalleluja ($96.50 in chips) 
Seat 5: sutata ($100 in chips) 
Seat 6: I TAKE IT 85 ($109.66 in chips) 
rrrro: posts small blind $0.50
Espada Fish: posts big blind $1
Pumuking: sits out 
*** HOLE CARDS ***
Haalleluja: folds 
sutata: raises $1.50 to $2.50
I TAKE IT 85: folds 
rrrro: folds 
Espada Fish: folds 
Uncalled bet ($1.50) returned to sutata
sutata collected $2.50 from pot
sutata: doesn't show hand 
*** SUMMARY ***
Total pot $2.50 | Rake $0 
Seat 4: Pumuking
Seat 1: rrrro (small blind) folded before Flop
Seat 2: Espada Fish (big blind) folded before Flop
Seat 3: Haalleluja folded before Flop (didn't bet)
Seat 5: sutata collected ($2.50)
Seat 6: I TAKE IT 85 (button) folded before Flop (didn't bet)



PokerStars Hand #254460883158:  Hold'em No Limit ($0.50/$1.00 USD) - 2025/01/19 2:52:32 WET [2025/01/19 21:52:32 ET]
Table 'Thiele II' 6-max Seat #1 is the button
Seat 4: Pumuking ($100 in chips) is sitting out
Seat 1: rrrro ($109.50 in chips) 
Seat 2: Espada Fish ($104.68 in chips) 
Seat 3: Haalleluja ($96.50 in chips) 
Seat 5: sutata ($101.50 in chips) 
Seat 6: I TAKE IT 85 ($109.66 in chips) 
Espada Fish: posts small blind $0.50
Haalleluja: posts big blind $1
Pumuking: sits out 
*** HOLE CARDS ***
sutata: folds 
I TAKE IT 85: raises $1.05 to $2.05
rrrro: raises $4.45 to $6.50
Espada Fish: folds 
Haalleluja: folds 
I TAKE IT 85: calls $4.45
*** FLOP *** [5c 4s 3h]
I TAKE IT 85: checks 
rrrro: bets $6.89
I TAKE IT 85: raises $13.78 to $20.67
rrrro: folds 
Uncalled bet ($13.78) returned to I TAKE IT 85
I TAKE IT 85 collected $26.87 from pot
I TAKE IT 85: doesn't show hand 
*** SUMMARY ***
Total pot $28.28 | Rake $1.41 
Board [5c 4s 3h]
Seat 4: Pumuking
Seat 1: rrrro (button) folded on the Flop
Seat 2: Espada Fish (small blind) folded before Flop
Seat 3: Haalleluja (big blind) folded before Flop
Seat 5: sutata folded before Flop (didn't bet)
Seat 6: I TAKE IT 85 collected ($26.87)



PokerStars Hand #254460891698:  Hold'em No Limit ($0.50/$1.00 USD) - 2025/01/19 2:53:33 WET [2025/01/19 21:53:33 ET]
Table 'Thiele II' 6-max Seat #2 is the button
Seat 1: rrrro ($100 in chips) 
Seat 2: Espada Fish ($104.18 in chips) 
Seat 3: Haalleluja ($95.50 in chips) 
Seat 4: Pumuking ($100 in chips) 
Seat 5: sutata ($101.50 in chips) 
Seat 6: I TAKE IT 85 ($123.14 in chips) 
Haalleluja: posts small blind $0.50
Pumuking: posts big blind $1
*** HOLE CARDS ***
sutata: folds 
I TAKE IT 85: folds 
rrrro: raises $1.30 to $2.30
Espada Fish: folds 
Haalleluja: folds 
Pumuking: calls $1.30
*** FLOP *** [Qc Jc 8c]
Pumuking: checks 
rrrro: bets $1.21
Pumuking: folds 
Uncalled bet ($1.21) returned to rrrro
rrrro collected $4.84 from pot
rrrro: doesn't show hand 
*** SUMMARY ***
Total pot $5.10 | Rake $0.26 
Board [Qc Jc 8c]
Seat 1: rrrro collected ($4.84)
Seat 2: Espada Fish (button) folded before Flop (didn't bet)
Seat 3: Haalleluja (small blind) folded before Flop
Seat 4: Pumuking (big blind) folded on the Flop
Seat 5: sutata folded before Flop (didn't bet)
Seat 6: I TAKE IT 85 folded before Flop (didn't bet)



PokerStars Hand #254460894789:  Hold'em No Limit ($0.50/$1.00 USD) - 2025/01/19 2:53:55 WET [2025/01/19 21:53:55 ET]
Table 'Thiele II' 6-max Seat #3 is the button
Seat 1: rrrro ($102.54 in chips) 
Seat 2: Espada Fish ($104.18 in chips) 
Seat 3: Haalleluja ($95 in chips) 
Seat 4: Pumuking ($100 in chips) 
Seat 5: sutata ($101.50 in chips) 
Seat 6: I TAKE IT 85 ($123.14 in chips) 
Pumuking: posts small blind $0.50
sutata: posts big blind $1
*** HOLE CARDS ***
I TAKE IT 85: raises $1.05 to $2.05
rrrro: folds 
Espada Fish: folds 
Haalleluja: folds 
Pumuking: folds 
sutata: folds 
Uncalled bet ($1.05) returned to I TAKE IT 85
I TAKE IT 85 collected $2.50 from pot
I TAKE IT 85: doesn't show hand 
*** SUMMARY ***
Total pot $2.50 | Rake $0 
Seat 1: rrrro folded before Flop (didn't bet)
Seat 2: Espada Fish folded before Flop (didn't bet)
Seat 3: Haalleluja (button) folded before Flop (didn't bet)
Seat 4: Pumuking (small blind) folded before Flop
Seat 5: sutata (big blind) folded before Flop
Seat 6: I TAKE IT 85 collected ($2.50)



PokerStars Hand #254460897143:  Hold'em No Limit ($0.50/$1.00 USD) - 2025/01/19 2:54:11 WET [2025/01/19 21:54:11 ET]
Table 'Thiele II' 6-max Seat #4 is the button
Seat 6: I TAKE IT 85 ($124.64 in chips) is sitting out
Seat 1: rrrro ($102.54 in chips) 
Seat 2: Espada Fish ($104.18 in chips) 
Seat 3: Haalleluja ($95 in chips) 
Seat 4: Pumuking ($100 in chips) 
Seat 5: sutata ($100.50 in chips) 
sutata: posts small blind $0.50
I TAKE IT 85: is sitting out 
rrrro: posts big blind $1
*** HOLE CARDS ***
Espada Fish: raises $1.20 to $2.20
Haalleluja: folds 
Pumuking: folds 
sutata: folds 
rrrro: calls $1.20
*** FLOP *** [2s Jc Ah]
rrrro: checks 
Espada Fish: checks 
*** TURN *** [2s Jc Ah] [As]
I TAKE IT 85 leaves the table
rrrro: checks 
Espada Fish: checks 
*** RIVER *** [2s Jc Ah As] [Kd]
rrrro: checks 
Espada Fish: checks 
*** SHOW DOWN ***
rrrro: shows [4h 4d] (two pair, Aces and Fours)
Espada Fish: shows [Jd Qd] (two pair, Aces and Jacks)
Espada Fish collected $4.66 from pot
*** SUMMARY ***
Total pot $4.90 | Rake $0.24 
Board [2s Jc Ah As Kd]
Seat 6: I TAKE IT 85
Seat 1: rrrro (big blind) showed [4h 4d] and lost with two pair, Aces and Fours
Seat 2: Espada Fish showed [Jd Qd] and won ($4.66) with two pair, Aces and Jacks
Seat 3: Haalleluja folded before Flop (didn't bet)
Seat 4: Pumuking (button) folded before Flop (didn't bet)
Seat 5: sutata (small blind) folded before Flop



PokerStars Hand #254460904741:  Hold'em No Limit ($0.50/$1.00 USD) - 2025/01/19 2:55:06 WET [2025/01/19 21:55:06 ET]
Table 'Thiele II' 6-max Seat #5 is the button
Seat 2: Espada Fish ($106.64 in chips) is sitting out
Seat 1: rrrro ($100.34 in chips) 
Seat 3: Haalleluja ($95 in chips) 
Seat 4: Pumuking ($100 in chips) 
Seat 5: sutata ($100 in chips) 
rrrro: posts small blind $0.50
Espada Fish: is sitting out 
Haalleluja: posts big blind $1
*** HOLE CARDS ***
Pumuking: folds 
Xenicide joins the table at seat #6 
sutata: raises $2 to $3
Espada Fish leaves the table
rrrro: folds 
Haalleluja: folds 
Uncalled bet ($2) returned to sutata
sutata collected $2.50 from pot
sutata: doesn't show hand 
*** SUMMARY ***
Total pot $2.50 | Rake $0 
Seat 2: Espada Fish
Seat 1: rrrro (small blind) folded before Flop
Seat 3: Haalleluja (big blind) folded before Flop
Seat 4: Pumuking folded before Flop (didn't bet)
Seat 5: sutata (button) collected ($2.50)



PokerStars Hand #254460905879:  Hold'em No Limit ($0.50/$1.00 USD) - 2025/01/19 2:55:16 WET [2025/01/19 21:55:16 ET]
Table 'Thiele II' 6-max Seat #1 is the button
Seat 6: Xenicide ($100 in chips) is sitting out
Seat 1: rrrro ($100 in chips) 
Seat 3: Haalleluja ($94 in chips) 
Seat 4: Pumuking ($100 in chips) 
Seat 5: sutata ($101.50 in chips) 
Haalleluja: posts small blind $0.50
Pumuking: posts big blind $1
Xenicide: sits out 
*** HOLE CARDS ***
sutata: raises $1.50 to $2.50
rrrro: folds 
Haalleluja: folds 
Pumuking: raises $9.50 to $12
sutata: folds 
Uncalled bet ($9.50) returned to Pumuking
Pumuking collected $5.50 from pot
Pumuking: doesn't show hand 
*** SUMMARY ***
Total pot $5.50 | Rake $0 
Seat 6: Xenicide
Seat 1: rrrro (button) folded before Flop (didn't bet)
Seat 3: Haalleluja (small blind) folded before Flop
Seat 4: Pumuking (big blind) collected ($5.50)
Seat 5: sutata folded before Flop



PokerStars Hand #254460907629:  Hold'em No Limit ($0.50/$1.00 USD) - 2025/01/19 2:55:32 WET [2025/01/19 21:55:32 ET]
Table 'Thiele II' 6-max Seat #3 is the button
Seat 6: Xenicide ($100 in chips) is sitting out
Seat 1: rrrro ($100 in chips) 
Seat 3: Haalleluja ($93.50 in chips) 
Seat 4: Pumuking ($103 in chips) 
Seat 5: sutata ($100 in chips) 
Pumuking: posts small blind $0.50
sutata: posts big blind $1
Xenicide: sits out 
*** HOLE CARDS ***
rrrro: folds 
Haalleluja: raises $1.50 to $2.50
Pumuking: folds 
sutata: folds 
Uncalled bet ($1.50) returned to Haalleluja
Haalleluja collected $2.50 from pot
*** SUMMARY ***
Total pot $2.50 | Rake $0 
Seat 6: Xenicide
Seat 1: rrrro folded before Flop (didn't bet)
Seat 3: Haalleluja (button) collected ($2.50)
Seat 4: Pumuking (small blind) folded before Flop
Seat 5: sutata (big blind) folded before Flop



PokerStars Hand #254460909435:  Hold'em No Limit ($0.50/$1.00 USD) - 2025/01/19 2:55:48 WET [2025/01/19 21:55:48 ET]
Table 'Thiele II' 6-max Seat #4 is the button
Seat 1: rrrro ($100 in chips) 
Seat 3: Haalleluja ($100 in chips) 
Seat 4: Pumuking ($102.50 in chips) 
Seat 5: sutata ($100 in chips) 
Seat 6: Xenicide ($100 in chips) 
sutata: posts small blind $0.50
Xenicide: posts big blind $1
*** HOLE CARDS ***
rrrro: raises $1 to $2
Haalleluja: folds 
Pumuking: folds 
sutata: folds 
Xenicide: calls $1
*** FLOP *** [8c 9s 6h]
Xenicide: bets $1.33
rrrro: raises $4.65 to $5.98
Xenicide: folds 
Uncalled bet ($4.65) returned to rrrro
rrrro collected $6.80 from pot
rrrro: doesn't show hand 
*** SUMMARY ***
Total pot $7.16 | Rake $0.36 
Board [8c 9s 6h]
Seat 1: rrrro collected ($6.80)
Seat 3: Haalleluja folded before Flop (didn't bet)
Seat 4: Pumuking (button) folded before Flop (didn't bet)
Seat 5: sutata (small blind) folded before Flop
Seat 6: Xenicide (big blind) folded on the Flop



PokerStars Hand #254460915754:  Hold'em No Limit ($0.50/$1.00 USD) - 2025/01/19 2:56:45 WET [2025/01/19 21:56:45 ET]
Table 'Thiele II' 6-max Seat #5 is the button
Seat 1: rrrro ($103.47 in chips) 
Seat 3: Haalleluja ($100 in chips) 
Seat 4: Pumuking ($102.50 in chips) 
Seat 5: sutata ($100 in chips) 
Seat 6: Xenicide ($100 in chips) 
Xenicide: posts small blind $0.50
rrrro: posts big blind $1
*** HOLE CARDS ***
Haalleluja: folds 
Pumuking: folds 
sutata: folds 
Xenicide: folds 
Uncalled bet ($0.50) returned to rrrro
rrrro collected $1 from pot
rrrro: doesn't show hand 
*** SUMMARY ***
Total pot $1 | Rake $0 
Seat 1: rrrro (big blind) collected ($1)
Seat 3: Haalleluja folded before Flop (didn't bet)
Seat 4: Pumuking folded before Flop (didn't bet)
Seat 5: sutata (button) folded before Flop (didn't bet)
Seat 6: Xenicide (small blind) folded before Flop



PokerStars Hand #254460916699:  Hold'em No Limit ($0.50/$1.00 USD) - 2025/01/19 2:56:54 WET [2025/01/19 21:56:54 ET]
Table 'Thiele II' 6-max Seat #6 is the button
Seat 1: rrrro ($103.97 in chips) 
Seat 3: Haalleluja ($100 in chips) 
Seat 4: Pumuking ($102.50 in chips) 
Seat 5: sutata ($100 in chips) 
Seat 6: Xenicide ($100 in chips) 
rrrro: posts small blind $0.50
Haalleluja: posts big blind $1
*** HOLE CARDS ***
Pumuking: raises $1.25 to $2.25
sutata: folds 
Xenicide: folds 
rrrro: folds 
Haalleluja: folds 
Uncalled bet ($1.25) returned to Pumuking
Pumuking collected $2.50 from pot
Pumuking: doesn't show hand 
*** SUMMARY ***
Total pot $2.50 | Rake $0 
Seat 1: rrrro (small blind) folded before Flop
Seat 3: Haalleluja (big blind) folded before Flop
Seat 4: Pumuking collected ($2.50)
Seat 5: sutata folded before Flop (didn't bet)
Seat 6: Xenicide (button) folded before Flop (didn't bet)



PokerStars Hand #254460918260:  Hold'em No Limit ($0.50/$1.00 USD) - 2025/01/19 2:57:07 WET [2025/01/19 21:57:07 ET]
Table 'Thiele II' 6-max Seat #1 is the button
Seat 1: rrrro ($103.47 in chips) 
Seat 3: Haalleluja ($99 in chips) 
Seat 4: Pumuking ($104 in chips) 
Seat 5: sutata ($100 in chips) 
Seat 6: Xenicide ($100 in chips) 
Haalleluja: posts small blind $0.50
Pumuking: posts big blind $1
*** HOLE CARDS ***
sutata: raises $1.50 to $2.50
Xenicide: folds 
rrrro: folds 
Haalleluja: folds 
Pumuking: raises $9.50 to $12
sutata: calls $9.50
*** FLOP *** [5h 8c Js]
Pumuking: checks 
sutata: checks 
*** TURN *** [5h 8c Js] [Qd]
Pumuking: bets $9.31
sutata: calls $9.31
*** RIVER *** [5h 8c Js Qd] [5d]
Pumuking: checks 
sutata: checks 
*** SHOW DOWN ***
Pumuking: shows [As Kc] (a pair of Fives)
sutata: shows [Ac Kh] (a pair of Fives)
Pumuking collected $20.48 from pot
sutata collected $20.48 from pot
*** SUMMARY ***
Total pot $43.12 | Rake $2.16 
Board [5h 8c Js Qd 5d]
Seat 1: rrrro (button) folded before Flop (didn't bet)
Seat 3: Haalleluja (small blind) folded before Flop
Seat 4: Pumuking (big blind) showed [As Kc] and won ($20.48) with a pair of Fives
Seat 5: sutata showed [Ac Kh] and won ($20.48) with a pair of Fives
Seat 6: Xenicide folded before Flop (didn't bet)



PokerStars Hand #254460953490:  Hold'em No Limit ($0.50/$1.00 USD) - 2025/01/19 3:02:27 WET [2025/01/19 22:02:27 ET]
Table 'Thiele II' 6-max Seat #1 is the button
Seat 2: Jt0709 ($91.40 in chips) is sitting out
Seat 1: rrrro ($106.97 in chips) 
Seat 3: Haalleluja ($95.50 in chips) 
Seat 4: Pumuking ($100.17 in chips) 
Seat 5: sutata ($100 in chips) 
Seat 6: Xenicide ($103.72 in chips) 
Haalleluja: posts small blind $0.50
Pumuking: posts big blind $1
*** HOLE CARDS ***
sutata: folds 
Xenicide: folds 
rrrro: folds 
Haalleluja: raises $2 to $3
Pumuking: raises $6 to $9
Haalleluja: calls $6
*** FLOP *** [Ah Tc Jc]
Haalleluja: bets $9
Pumuking: calls $9
*** TURN *** [Ah Tc Jc] [8s]
Haalleluja: checks 
Pumuking: bets $22.91
Haalleluja: folds 
Uncalled bet ($22.91) returned to Pumuking
Pumuking collected $34.20 from pot
Pumuking: doesn't show hand 
*** SUMMARY ***
Total pot $36 | Rake $1.80 
Board [Ah Tc Jc 8s]
Seat 2: Jt0709
Seat 1: rrrro (button) folded before Flop (didn't bet)
Seat 3: Haalleluja (small blind) folded on the Turn
Seat 4: Pumuking (big blind) collected ($34.20)
Seat 5: sutata folded before Flop (didn't bet)
Seat 6: Xenicide folded before Flop (didn't bet)



PokerStars Hand #254460961234:  Hold'em No Limit ($0.50/$1.00 USD) - 2025/01/19 3:03:29 WET [2025/01/19 22:03:29 ET]
Table 'Thiele II' 6-max Seat #3 is the button
Seat 1: rrrro ($106.97 in chips) 
Seat 2: Jt0709 ($91.40 in chips) 
Seat 3: Haalleluja ($77.50 in chips) 
Seat 4: Pumuking ($116.37 in chips) 
Seat 5: sutata ($100 in chips) 
Seat 6: Xenicide ($103.72 in chips) 
Pumuking: posts small blind $0.50
sutata: posts big blind $1
Jt0709: posts big blind $1
*** HOLE CARDS ***
Xenicide: folds 
rrrro: folds 
Jt0709: checks 
Haalleluja: folds 
Pumuking: raises $3.50 to $4.50
sutata: folds 
Jt0709: folds 
Uncalled bet ($3.50) returned to Pumuking
Pumuking collected $3 from pot
Pumuking: doesn't show hand 
*** SUMMARY ***
Total pot $3 | Rake $0 
Seat 1: rrrro folded before Flop (didn't bet)
Seat 2: Jt0709 folded before Flop (didn't bet)
Seat 3: Haalleluja (button) folded before Flop (didn't bet)
Seat 4: Pumuking (small blind) collected ($3)
Seat 5: sutata (big blind) folded before Flop
Seat 6: Xenicide folded before Flop (didn't bet)



PokerStars Hand #254460964506:  Hold'em No Limit ($0.50/$1.00 USD) - 2025/01/19 3:03:54 WET [2025/01/19 22:03:54 ET]
Table 'Thiele II' 6-max Seat #4 is the button
Seat 1: rrrro ($106.97 in chips) 
Seat 2: Jt0709 ($90.40 in chips) 
Seat 3: Haalleluja ($77.50 in chips) 
Seat 4: Pumuking ($118.37 in chips) 
Seat 5: sutata ($100 in chips) 
Seat 6: Xenicide ($103.72 in chips) 
sutata: posts small blind $0.50
Xenicide: posts big blind $1
*** HOLE CARDS ***
rrrro: folds 
Jt0709: folds 
Haalleluja: folds 
Pumuking: raises $1.50 to $2.50
sutata: folds 
Xenicide: folds 
Uncalled bet ($1.50) returned to Pumuking
Pumuking collected $2.50 from pot
Pumuking: doesn't show hand 
*** SUMMARY ***
Total pot $2.50 | Rake $0 
Seat 1: rrrro folded before Flop (didn't bet)
Seat 2: Jt0709 folded before Flop (didn't bet)
Seat 3: Haalleluja folded before Flop (didn't bet)
Seat 4: Pumuking (button) collected ($2.50)
Seat 5: sutata (small blind) folded before Flop
Seat 6: Xenicide (big blind) folded before Flop



PokerStars Hand #254460967132:  Hold'em No Limit ($0.50/$1.00 USD) - 2025/01/19 3:04:15 WET [2025/01/19 22:04:15 ET]
Table 'Thiele II' 6-max Seat #5 is the button
Seat 1: rrrro ($106.97 in chips) is sitting out
Seat 2: Jt0709 ($90.40 in chips) 
Seat 3: Haalleluja ($77.50 in chips) 
Seat 4: Pumuking ($119.87 in chips) 
Seat 5: sutata ($100 in chips) 
Seat 6: Xenicide ($102.72 in chips) 
Xenicide: posts small blind $0.50
rrrro: is sitting out 
Jt0709: posts big blind $1
*** HOLE CARDS ***
Haalleluja: folds 
Pumuking: folds 
sutata: folds 
Xenicide: folds 
Uncalled bet ($0.50) returned to Jt0709
Jt0709 collected $1 from pot
*** SUMMARY ***
Total pot $1 | Rake $0 
Seat 1: rrrro
Seat 2: Jt0709 (big blind) collected ($1)
Seat 3: Haalleluja folded before Flop (didn't bet)
Seat 4: Pumuking folded before Flop (didn't bet)
Seat 5: sutata (button) folded before Flop (didn't bet)
Seat 6: Xenicide (small blind) folded before Flop



PokerStars Hand #254460968960:  Hold'em No Limit ($0.50/$1.00 USD) - 2025/01/19 3:04:29 WET [2025/01/19 22:04:29 ET]
Table 'Thiele II' 6-max Seat #6 is the button
Seat 1: rrrro ($106.97 in chips) is sitting out
Seat 2: Jt0709 ($90.90 in chips) 
Seat 3: Haalleluja ($100 in chips) 
Seat 4: Pumuking ($119.87 in chips) 
Seat 5: sutata ($100 in chips) 
Seat 6: Xenicide ($102.22 in chips) 
Jt0709: posts small blind $0.50
Haalleluja: posts big blind $1
*** HOLE CARDS ***
Pumuking: raises $1.25 to $2.25
sutata: folds 
Xenicide: folds 
Jt0709: folds 
Haalleluja: folds 
Uncalled bet ($1.25) returned to Pumuking
Pumuking collected $2.50 from pot
Pumuking: doesn't show hand 
*** SUMMARY ***
Total pot $2.50 | Rake $0 
Seat 1: rrrro
Seat 2: Jt0709 (small blind) folded before Flop
Seat 3: Haalleluja (big blind) folded before Flop
Seat 4: Pumuking collected ($2.50)
Seat 5: sutata folded before Flop (didn't bet)
Seat 6: Xenicide (button) folded before Flop (didn't bet)



PokerStars Hand #254460970616:  Hold'em No Limit ($0.50/$1.00 USD) - 2025/01/19 3:04:42 WET [2025/01/19 22:04:42 ET]
Table 'Thiele II' 6-max Seat #2 is the button
Seat 1: rrrro ($106.97 in chips) is sitting out
Seat 2: Jt0709 ($90.40 in chips) 
Seat 3: Haalleluja ($99 in chips) 
Seat 4: Pumuking ($121.37 in chips) 
Seat 5: sutata ($100 in chips) 
Seat 6: Xenicide ($102.22 in chips) 
Haalleluja: posts small blind $0.50
Pumuking: posts big blind $1
*** HOLE CARDS ***
sutata: folds 
Xenicide: folds 
Jt0709: raises $3 to $4
Haalleluja: folds 
Pumuking: folds 
Uncalled bet ($3) returned to Jt0709
Jt0709 collected $2.50 from pot
*** SUMMARY ***
Total pot $2.50 | Rake $0 
Seat 1: rrrro
Seat 2: Jt0709 (button) collected ($2.50)
Seat 3: Haalleluja (small blind) folded before Flop
Seat 4: Pumuking (big blind) folded before Flop
Seat 5: sutata folded before Flop (didn't bet)
Seat 6: Xenicide folded before Flop (didn't bet)



PokerStars Hand #254460975953:  Hold'em No Limit ($0.50/$1.00 USD) - 2025/01/19 3:05:23 WET [2025/01/19 22:05:23 ET]
Table 'Thiele II' 6-max Seat #3 is the button
Seat 1: rrrro ($106.97 in chips) is sitting out
Seat 2: Jt0709 ($91.90 in chips) 
Seat 3: Haalleluja ($98.50 in chips) 
Seat 4: Pumuking ($120.37 in chips) 
Seat 5: sutata ($100 in chips) 
Seat 6: Xenicide ($102.22 in chips) 
Pumuking: posts small blind $0.50
sutata: posts big blind $1
*** HOLE CARDS ***
Xenicide: folds 
Jt0709: raises $2 to $3
Haalleluja: calls $3
Pumuking: folds 
sutata: folds 
*** FLOP *** [Th Jd 3s]
Jt0709: checks 
Haalleluja: checks 
*** TURN *** [Th Jd 3s] [Kh]
Jt0709: checks 
Haalleluja: bets $3
Jt0709: folds 
Uncalled bet ($3) returned to Haalleluja
Haalleluja collected $7.12 from pot
*** SUMMARY ***
Total pot $7.50 | Rake $0.38 
Board [Th Jd 3s Kh]
Seat 1: rrrro
Seat 2: Jt0709 folded on the Turn
Seat 3: Haalleluja (button) collected ($7.12)
Seat 4: Pumuking (small blind) folded before Flop
Seat 5: sutata (big blind) folded before Flop
Seat 6: Xenicide folded before Flop (didn't bet)



PokerStars Hand #254460980072:  Hold'em No Limit ($0.50/$1.00 USD) - 2025/01/19 3:05:54 WET [2025/01/19 22:05:54 ET]
Table 'Thiele II' 6-max Seat #4 is the button
Seat 1: rrrro ($106.97 in chips) is sitting out
Seat 2: Jt0709 ($88.90 in chips) 
Seat 3: Haalleluja ($102.62 in chips) 
Seat 4: Pumuking ($119.87 in chips) 
Seat 5: sutata ($100 in chips) 
Seat 6: Xenicide ($102.22 in chips) 
sutata: posts small blind $0.50
Xenicide: posts big blind $1
*** HOLE CARDS ***
Jt0709: folds 
Haalleluja: folds 
Pumuking: raises $1.50 to $2.50
sutata: folds 
Xenicide: calls $1.50
*** FLOP *** [4s Jd 8c]
Xenicide: checks 
Pumuking: checks 
*** TURN *** [4s Jd 8c] [Qs]
Xenicide: checks 
Pumuking: bets $3.50
Xenicide: folds 
Uncalled bet ($3.50) returned to Pumuking
Pumuking collected $5.22 from pot
Pumuking: doesn't show hand 
*** SUMMARY ***
Total pot $5.50 | Rake $0.28 
Board [4s Jd 8c Qs]
Seat 1: rrrro
Seat 2: Jt0709 folded before Flop (didn't bet)
Seat 3: Haalleluja folded before Flop (didn't bet)
Seat 4: Pumuking (button) collected ($5.22)
Seat 5: sutata (small blind) folded before Flop
Seat 6: Xenicide (big blind) folded on the Turn



PokerStars Hand #254461066153:  Hold'em No Limit ($0.50/$1.00 USD) - 2025/01/19 3:21:04 WET [2025/01/19 22:21:04 ET]
Table 'Thiele II' 6-max Seat #6 is the button
Seat 1: rrrro ($106.97 in chips) is sitting out
Seat 5: sutata ($100 in chips) 
Seat 6: Xenicide ($100 in chips) 
Xenicide: posts small blind $0.50
rrrro: is sitting out 
sutata: posts big blind $1
*** HOLE CARDS ***
Xenicide: raises $1.25 to $2.25
sutata: folds 
Uncalled bet ($1.25) returned to Xenicide
Xenicide collected $2 from pot
rrrro leaves the table
*** SUMMARY ***
Total pot $2 | Rake $0 
Seat 1: rrrro
Seat 5: sutata (big blind) folded before Flop
Seat 6: Xenicide (button) (small blind) collected ($2)



PokerStars Hand #254461067782:  Hold'em No Limit ($0.50/$1.00 USD) - 2025/01/19 3:21:20 WET [2025/01/19 22:21:20 ET]
Table 'Thiele II' 6-max Seat #5 is the button
Seat 5: sutata ($100 in chips) 
Seat 6: Xenicide ($101 in chips) 
sutata: posts small blind $0.50
Xenicide: posts big blind $1
*** HOLE CARDS ***
sutata: raises $2 to $3
Xenicide: folds 
Uncalled bet ($2) returned to sutata
sutata collected $2 from pot
sutata: doesn't show hand 
*** SUMMARY ***
Total pot $2 | Rake $0 
Seat 5: sutata (button) (small blind) collected ($2)
Seat 6: Xenicide (big blind) folded before Flop



