PokerStars Hand #254460773450:  Hold'em No Limit ($0.50/$1.00 USD) - 2025/01/19 2:39:51 WET [2025/01/19 21:39:51 ET]
Table 'Medusa III' 6-max Seat #4 is the button
Seat 1: Eredar5 ($103.57 in chips) 
Seat 2: fataleggs13 ($80.72 in chips) 
Seat 3: 50CandyJoe ($100 in chips) 
Seat 4: I TAKE IT 85 ($100.08 in chips) 
Seat 5: Pumuking ($100 in chips) 
Seat 6: Jt0709 ($89.64 in chips) 
Pumuking: posts small blind $0.50
Jt0709: posts big blind $1
*** HOLE CARDS ***
Eredar5: folds 
fataleggs13: folds 
50CandyJoe: raises $1.20 to $2.20
I TAKE IT 85: folds 
Pumuking: folds 
Jt0709: folds 
Uncalled bet ($1.20) returned to 50CandyJoe
50CandyJoe collected $2.50 from pot
50CandyJoe: doesn't show hand 
*** SUMMARY ***
Total pot $2.50 | Rake $0 
Seat 1: Eredar5 folded before Flop (didn't bet)
Seat 2: fataleggs13 folded before Flop (didn't bet)
Seat 3: 50CandyJoe collected ($2.50)
Seat 4: I TAKE IT 85 (button) folded before Flop (didn't bet)
Seat 5: Pumuking (small blind) folded before Flop
Seat 6: Jt0709 (big blind) folded before Flop



PokerStars Hand #254460775978:  Hold'em No Limit ($0.50/$1.00 USD) - 2025/01/19 2:40:09 WET [2025/01/19 21:40:09 ET]
Table 'Medusa III' 6-max Seat #5 is the button
Seat 1: Eredar5 ($103.57 in chips) is sitting out
Seat 2: fataleggs13 ($80.72 in chips) is sitting out
Seat 3: 50CandyJoe ($101.50 in chips) 
Seat 4: I TAKE IT 85 ($100.08 in chips) 
Seat 5: Pumuking ($100 in chips) 
Seat 6: Jt0709 ($88.64 in chips) 
Jt0709: posts small blind $0.50
Eredar5: is sitting out 
fataleggs13: is sitting out 
50CandyJoe: posts big blind $1
*** HOLE CARDS ***
I TAKE IT 85: folds 
Pumuking: raises $1.50 to $2.50
fataleggs13 leaves the table
Jt0709: raises $1.50 to $4
50CandyJoe: folds 
Pumuking: calls $1.50
*** FLOP *** [6d Jc Ah]
Eredar5 leaves the table
Jt0709: bets $4
sutata joins the table at seat #2 
Pumuking: calls $4
*** TURN *** [6d Jc Ah] [Qh]
Jt0709: checks 
Pumuking: bets $8.08
Jt0709: calls $8.08
*** RIVER *** [6d Jc Ah Qh] [7s]
Jt0709: bets $6
Pumuking: folds 
Uncalled bet ($6) returned to Jt0709
Jt0709 collected $32.16 from pot
*** SUMMARY ***
Total pot $33.16 | Rake $1 
Board [6d Jc Ah Qh 7s]
Seat 1: Eredar5
Seat 2: fataleggs13
Seat 3: 50CandyJoe (big blind) folded before Flop
Seat 4: I TAKE IT 85 folded before Flop (didn't bet)
Seat 5: Pumuking (button) folded on the River
Seat 6: Jt0709 (small blind) collected ($32.16)



PokerStars Hand #254460787265:  Hold'em No Limit ($0.50/$1.00 USD) - 2025/01/19 2:41:26 WET [2025/01/19 21:41:26 ET]
Table 'Medusa III' 6-max Seat #6 is the button
Seat 2: sutata ($100 in chips) is sitting out
Seat 3: 50CandyJoe ($100.50 in chips) 
Seat 4: I TAKE IT 85 ($100.08 in chips) 
Seat 5: Pumuking ($100 in chips) 
Seat 6: Jt0709 ($104.72 in chips) 
50CandyJoe: posts small blind $0.50
I TAKE IT 85: posts big blind $1
*** HOLE CARDS ***
Pumuking: raises $1.25 to $2.25
Jt0709: folds 
50CandyJoe: folds 
I TAKE IT 85: raises $9.75 to $12
Pumuking: raises $12.25 to $24.25
I TAKE IT 85: calls $12.25
*** FLOP *** [5h Ts 5d]
I TAKE IT 85: checks 
rrrro joins the table at seat #1 
Pumuking: bets $12
I TAKE IT 85: folds 
Uncalled bet ($12) returned to Pumuking
Pumuking collected $48 from pot
Pumuking: doesn't show hand 
*** SUMMARY ***
Total pot $49 | Rake $1 
Board [5h Ts 5d]
Seat 2: sutata
Seat 3: 50CandyJoe (small blind) folded before Flop
Seat 4: I TAKE IT 85 (big blind) folded on the Flop
Seat 5: Pumuking collected ($48)
Seat 6: Jt0709 (button) folded before Flop (didn't bet)



PokerStars Hand #254460794879:  Hold'em No Limit ($0.50/$1.00 USD) - 2025/01/19 2:42:17 WET [2025/01/19 21:42:17 ET]
Table 'Medusa III' 6-max Seat #3 is the button
Seat 1: rrrro ($100 in chips) is sitting out
Seat 2: sutata ($100 in chips) is sitting out
Seat 3: 50CandyJoe ($100 in chips) 
Seat 4: I TAKE IT 85 ($100 in chips) 
Seat 5: Pumuking ($123.75 in chips) 
Seat 6: Jt0709 ($104.72 in chips) 
I TAKE IT 85: posts small blind $0.50
Pumuking: posts big blind $1
rrrro: sits out 
sutata: sits out 
*** HOLE CARDS ***
Jt0709: folds 
50CandyJoe: folds 
I TAKE IT 85: raises $2 to $3
Pumuking: folds 
Uncalled bet ($2) returned to I TAKE IT 85
I TAKE IT 85 collected $2 from pot
I TAKE IT 85: doesn't show hand 
*** SUMMARY ***
Total pot $2 | Rake $0 
Seat 1: rrrro
Seat 2: sutata
Seat 3: 50CandyJoe (button) folded before Flop (didn't bet)
Seat 4: I TAKE IT 85 (small blind) collected ($2)
Seat 5: Pumuking (big blind) folded before Flop
Seat 6: Jt0709 folded before Flop (didn't bet)



PokerStars Hand #254460797026:  Hold'em No Limit ($0.50/$1.00 USD) - 2025/01/19 2:42:32 WET [2025/01/19 21:42:32 ET]
Table 'Medusa III' 6-max Seat #4 is the button
Seat 1: rrrro ($100 in chips) is sitting out
Seat 2: sutata ($100 in chips) is sitting out
Seat 3: 50CandyJoe ($100 in chips) 
Seat 4: I TAKE IT 85 ($101 in chips) 
Seat 5: Pumuking ($122.75 in chips) 
Seat 6: Jt0709 ($104.72 in chips) 
Pumuking: posts small blind $0.50
Jt0709: posts big blind $1
rrrro: sits out 
sutata: sits out 
*** HOLE CARDS ***
50CandyJoe: raises $1.20 to $2.20
I TAKE IT 85: folds 
Pumuking: folds 
Jt0709: folds 
Uncalled bet ($1.20) returned to 50CandyJoe
50CandyJoe collected $2.50 from pot
50CandyJoe: doesn't show hand 
*** SUMMARY ***
Total pot $2.50 | Rake $0 
Seat 1: rrrro
Seat 2: sutata
Seat 3: 50CandyJoe collected ($2.50)
Seat 4: I TAKE IT 85 (button) folded before Flop (didn't bet)
Seat 5: Pumuking (small blind) folded before Flop
Seat 6: Jt0709 (big blind) folded before Flop



PokerStars Hand #254460799072:  Hold'em No Limit ($0.50/$1.00 USD) - 2025/01/19 2:42:46 WET [2025/01/19 21:42:46 ET]
Table 'Medusa III' 6-max Seat #5 is the button
Seat 2: sutata ($100 in chips) is sitting out
Seat 1: rrrro ($100 in chips) 
Seat 3: 50CandyJoe ($101.50 in chips) 
Seat 4: I TAKE IT 85 ($101 in chips) 
Seat 5: Pumuking ($122.25 in chips) 
Seat 6: Jt0709 ($103.72 in chips) 
Jt0709: posts small blind $0.50
rrrro: posts big blind $1
sutata: sits out 
*** HOLE CARDS ***
50CandyJoe: raises $1.20 to $2.20
I TAKE IT 85: folds 
Pumuking: folds 
Jt0709: folds 
rrrro: raises $9.80 to $12
50CandyJoe: folds 
Uncalled bet ($9.80) returned to rrrro
rrrro collected $4.90 from pot
rrrro: doesn't show hand 
*** SUMMARY ***
Total pot $4.90 | Rake $0 
Seat 2: sutata
Seat 1: rrrro (big blind) collected ($4.90)
Seat 3: 50CandyJoe folded before Flop
Seat 4: I TAKE IT 85 folded before Flop (didn't bet)
Seat 5: Pumuking (button) folded before Flop (didn't bet)
Seat 6: Jt0709 (small blind) folded before Flop



PokerStars Hand #254460802914:  Hold'em No Limit ($0.50/$1.00 USD) - 2025/01/19 2:43:13 WET [2025/01/19 21:43:13 ET]
Table 'Medusa III' 6-max Seat #6 is the button
Seat 1: rrrro ($102.70 in chips) 
Seat 2: sutata ($100 in chips) 
Seat 3: 50CandyJoe ($100 in chips) 
Seat 4: I TAKE IT 85 ($101 in chips) 
Seat 5: Pumuking ($122.25 in chips) 
Seat 6: Jt0709 ($103.22 in chips) 
rrrro: posts small blind $0.50
sutata: posts big blind $1
*** HOLE CARDS ***
50CandyJoe: folds 
I TAKE IT 85: folds 
Pumuking: folds 
Jt0709: folds 
rrrro: folds 
Uncalled bet ($0.50) returned to sutata
sutata collected $1 from pot
sutata: doesn't show hand 
*** SUMMARY ***
Total pot $1 | Rake $0 
Seat 1: rrrro (small blind) folded before Flop
Seat 2: sutata (big blind) collected ($1)
Seat 3: 50CandyJoe folded before Flop (didn't bet)
Seat 4: I TAKE IT 85 folded before Flop (didn't bet)
Seat 5: Pumuking folded before Flop (didn't bet)
Seat 6: Jt0709 (button) folded before Flop (didn't bet)



PokerStars Hand #254460805834:  Hold'em No Limit ($0.50/$1.00 USD) - 2025/01/19 2:43:32 WET [2025/01/19 21:43:32 ET]
Table 'Medusa III' 6-max Seat #1 is the button
Seat 1: rrrro ($102.20 in chips) 
Seat 2: sutata ($100.50 in chips) 
Seat 3: 50CandyJoe ($100 in chips) 
Seat 4: I TAKE IT 85 ($101 in chips) 
Seat 5: Pumuking ($122.25 in chips) 
Seat 6: Jt0709 ($103.22 in chips) 
sutata: posts small blind $0.50
50CandyJoe: posts big blind $1
*** HOLE CARDS ***
I TAKE IT 85: folds 
Pumuking: folds 
Jt0709: raises $2 to $3
rrrro: raises $6 to $9
sutata: folds 
50CandyJoe: folds 
Jt0709: folds 
Uncalled bet ($6) returned to rrrro
rrrro collected $7.50 from pot
rrrro: doesn't show hand 
*** SUMMARY ***
Total pot $7.50 | Rake $0 
Seat 1: rrrro (button) collected ($7.50)
Seat 2: sutata (small blind) folded before Flop
Seat 3: 50CandyJoe (big blind) folded before Flop
Seat 4: I TAKE IT 85 folded before Flop (didn't bet)
Seat 5: Pumuking folded before Flop (didn't bet)
Seat 6: Jt0709 folded before Flop



PokerStars Hand #254460809220:  Hold'em No Limit ($0.50/$1.00 USD) - 2025/01/19 2:43:55 WET [2025/01/19 21:43:55 ET]
Table 'Medusa III' 6-max Seat #2 is the button
Seat 1: rrrro ($106.70 in chips) 
Seat 2: sutata ($100 in chips) 
Seat 3: 50CandyJoe ($100 in chips) 
Seat 4: I TAKE IT 85 ($101 in chips) 
Seat 5: Pumuking ($122.25 in chips) 
Seat 6: Jt0709 ($100.22 in chips) 
50CandyJoe: posts small blind $0.50
I TAKE IT 85: posts big blind $1
*** HOLE CARDS ***
Pumuking: folds 
Jt0709: folds 
rrrro: folds 
sutata: folds 
50CandyJoe: folds 
Uncalled bet ($0.50) returned to I TAKE IT 85
I TAKE IT 85 collected $1 from pot
I TAKE IT 85: doesn't show hand 
*** SUMMARY ***
Total pot $1 | Rake $0 
Seat 1: rrrro folded before Flop (didn't bet)
Seat 2: sutata (button) folded before Flop (didn't bet)
Seat 3: 50CandyJoe (small blind) folded before Flop
Seat 4: I TAKE IT 85 (big blind) collected ($1)
Seat 5: Pumuking folded before Flop (didn't bet)
Seat 6: Jt0709 folded before Flop (didn't bet)



PokerStars Hand #254460812303:  Hold'em No Limit ($0.50/$1.00 USD) - 2025/01/19 2:44:17 WET [2025/01/19 21:44:17 ET]
Table 'Medusa III' 6-max Seat #3 is the button
Seat 1: rrrro ($106.70 in chips) 
Seat 2: sutata ($100 in chips) 
Seat 3: 50CandyJoe ($100 in chips) 
Seat 4: I TAKE IT 85 ($101.50 in chips) 
Seat 5: Pumuking ($122.25 in chips) 
Seat 6: Jt0709 ($100.22 in chips) 
I TAKE IT 85: posts small blind $0.50
Pumuking: posts big blind $1
*** HOLE CARDS ***
Jt0709: raises $1 to $2
rrrro: folds 
sutata: folds 
50CandyJoe: folds 
I TAKE IT 85: raises $7.50 to $9.50
Pumuking: folds 
Jt0709: folds 
Uncalled bet ($7.50) returned to I TAKE IT 85
I TAKE IT 85 collected $5 from pot
I TAKE IT 85: doesn't show hand 
*** SUMMARY ***
Total pot $5 | Rake $0 
Seat 1: rrrro folded before Flop (didn't bet)
Seat 2: sutata folded before Flop (didn't bet)
Seat 3: 50CandyJoe (button) folded before Flop (didn't bet)
Seat 4: I TAKE IT 85 (small blind) collected ($5)
Seat 5: Pumuking (big blind) folded before Flop
Seat 6: Jt0709 folded before Flop



PokerStars Hand #254460818693:  Hold'em No Limit ($0.50/$1.00 USD) - 2025/01/19 2:45:00 WET [2025/01/19 21:45:00 ET]
Table 'Medusa III' 6-max Seat #4 is the button
Seat 1: rrrro ($106.70 in chips) 
Seat 2: sutata ($100 in chips) 
Seat 3: 50CandyJoe ($100 in chips) 
Seat 4: I TAKE IT 85 ($104.50 in chips) 
Seat 5: Pumuking ($121.25 in chips) 
Seat 6: Jt0709 ($98.22 in chips) 
Pumuking: posts small blind $0.50
Jt0709: posts big blind $1
*** HOLE CARDS ***
rrrro: folds 
sutata: raises $1.50 to $2.50
50CandyJoe: folds 
I TAKE IT 85: calls $2.50
Pumuking: folds 
Jt0709: calls $1.50
*** FLOP *** [8h 6h 2d]
Jt0709: bets $4
sutata: folds 
I TAKE IT 85: raises $12 to $16
Jt0709: folds 
Uncalled bet ($12) returned to I TAKE IT 85
I TAKE IT 85 collected $15.20 from pot
I TAKE IT 85: doesn't show hand 
*** SUMMARY ***
Total pot $16 | Rake $0.80 
Board [8h 6h 2d]
Seat 1: rrrro folded before Flop (didn't bet)
Seat 2: sutata folded on the Flop
Seat 3: 50CandyJoe folded before Flop (didn't bet)
Seat 4: I TAKE IT 85 (button) collected ($15.20)
Seat 5: Pumuking (small blind) folded before Flop
Seat 6: Jt0709 (big blind) folded on the Flop



PokerStars Hand #254460823989:  Hold'em No Limit ($0.50/$1.00 USD) - 2025/01/19 2:45:37 WET [2025/01/19 21:45:37 ET]
Table 'Medusa III' 6-max Seat #5 is the button
Seat 1: rrrro ($106.70 in chips) 
Seat 2: sutata ($100 in chips) 
Seat 3: 50CandyJoe ($100 in chips) 
Seat 4: I TAKE IT 85 ($113.20 in chips) 
Seat 5: Pumuking ($120.75 in chips) 
Seat 6: Jt0709 ($91.72 in chips) 
Jt0709: posts small blind $0.50
rrrro: posts big blind $1
*** HOLE CARDS ***
sutata: folds 
50CandyJoe: folds 
I TAKE IT 85: folds 
Pumuking: folds 
Jt0709: folds 
Uncalled bet ($0.50) returned to rrrro
rrrro collected $1 from pot
rrrro: doesn't show hand 
*** SUMMARY ***
Total pot $1 | Rake $0 
Seat 1: rrrro (big blind) collected ($1)
Seat 2: sutata folded before Flop (didn't bet)
Seat 3: 50CandyJoe folded before Flop (didn't bet)
Seat 4: I TAKE IT 85 folded before Flop (didn't bet)
Seat 5: Pumuking (button) folded before Flop (didn't bet)
Seat 6: Jt0709 (small blind) folded before Flop



PokerStars Hand #254460825520:  Hold'em No Limit ($0.50/$1.00 USD) - 2025/01/19 2:45:48 WET [2025/01/19 21:45:48 ET]
Table 'Medusa III' 6-max Seat #6 is the button
Seat 1: rrrro ($107.20 in chips) 
Seat 2: sutata ($100 in chips) 
Seat 3: 50CandyJoe ($100 in chips) 
Seat 4: I TAKE IT 85 ($113.20 in chips) 
Seat 5: Pumuking ($120.75 in chips) 
Seat 6: Jt0709 ($91.22 in chips) 
rrrro: posts small blind $0.50
sutata: posts big blind $1
*** HOLE CARDS ***
50CandyJoe: folds 
I TAKE IT 85: folds 
Pumuking: folds 
Jt0709: folds 
rrrro: raises $2 to $3
sutata: folds 
Uncalled bet ($2) returned to rrrro
rrrro collected $2 from pot
rrrro: doesn't show hand 
*** SUMMARY ***
Total pot $2 | Rake $0 
Seat 1: rrrro (small blind) collected ($2)
Seat 2: sutata (big blind) folded before Flop
Seat 3: 50CandyJoe folded before Flop (didn't bet)
Seat 4: I TAKE IT 85 folded before Flop (didn't bet)
Seat 5: Pumuking folded before Flop (didn't bet)
Seat 6: Jt0709 (button) folded before Flop (didn't bet)



PokerStars Hand #254460827811:  Hold'em No Limit ($0.50/$1.00 USD) - 2025/01/19 2:46:04 WET [2025/01/19 21:46:04 ET]
Table 'Medusa III' 6-max Seat #1 is the button
Seat 1: rrrro ($108.20 in chips) 
Seat 2: sutata ($100 in chips) 
Seat 3: 50CandyJoe ($100 in chips) 
Seat 4: I TAKE IT 85 ($113.20 in chips) 
Seat 5: Pumuking ($120.75 in chips) 
Seat 6: Jt0709 ($91.22 in chips) 
sutata: posts small blind $0.50
50CandyJoe: posts big blind $1
*** HOLE CARDS ***
I TAKE IT 85: raises $1.05 to $2.05
Pumuking: folds 
Jt0709: folds 
rrrro: folds 
sutata: folds 
50CandyJoe: folds 
Uncalled bet ($1.05) returned to I TAKE IT 85
I TAKE IT 85 collected $2.50 from pot
I TAKE IT 85: doesn't show hand 
*** SUMMARY ***
Total pot $2.50 | Rake $0 
Seat 1: rrrro (button) folded before Flop (didn't bet)
Seat 2: sutata (small blind) folded before Flop
Seat 3: 50CandyJoe (big blind) folded before Flop
Seat 4: I TAKE IT 85 collected ($2.50)
Seat 5: Pumuking folded before Flop (didn't bet)
Seat 6: Jt0709 folded before Flop (didn't bet)



PokerStars Hand #254460831469:  Hold'em No Limit ($0.50/$1.00 USD) - 2025/01/19 2:46:30 WET [2025/01/19 21:46:30 ET]
Table 'Medusa III' 6-max Seat #2 is the button
Seat 1: rrrro ($108.20 in chips) 
Seat 2: sutata ($100 in chips) 
Seat 3: 50CandyJoe ($100 in chips) 
Seat 4: I TAKE IT 85 ($114.70 in chips) 
Seat 5: Pumuking ($120.75 in chips) 
Seat 6: Jt0709 ($91.22 in chips) 
50CandyJoe: posts small blind $0.50
I TAKE IT 85: posts big blind $1
*** HOLE CARDS ***
Pumuking: folds 
Jt0709: folds 
rrrro: raises $1.30 to $2.30
sutata: folds 
50CandyJoe: folds 
I TAKE IT 85: folds 
Uncalled bet ($1.30) returned to rrrro
rrrro collected $2.50 from pot
rrrro: doesn't show hand 
*** SUMMARY ***
Total pot $2.50 | Rake $0 
Seat 1: rrrro collected ($2.50)
Seat 2: sutata (button) folded before Flop (didn't bet)
Seat 3: 50CandyJoe (small blind) folded before Flop
Seat 4: I TAKE IT 85 (big blind) folded before Flop
Seat 5: Pumuking folded before Flop (didn't bet)
Seat 6: Jt0709 folded before Flop (didn't bet)



PokerStars Hand #254460833281:  Hold'em No Limit ($0.50/$1.00 USD) - 2025/01/19 2:46:42 WET [2025/01/19 21:46:42 ET]
Table 'Medusa III' 6-max Seat #3 is the button
Seat 1: rrrro ($109.70 in chips) 
Seat 2: sutata ($100 in chips) 
Seat 3: 50CandyJoe ($100 in chips) 
Seat 4: I TAKE IT 85 ($113.70 in chips) 
Seat 5: Pumuking ($120.75 in chips) 
Seat 6: Jt0709 ($91.22 in chips) 
I TAKE IT 85: posts small blind $0.50
Pumuking: posts big blind $1
*** HOLE CARDS ***
Jt0709: folds 
rrrro: raises $1 to $2
sutata: folds 
50CandyJoe: folds 
I TAKE IT 85: folds 
Pumuking: calls $1
*** FLOP *** [9s 7c 3s]
Pumuking: checks 
rrrro: bets $4.28
Pumuking: folds 
Uncalled bet ($4.28) returned to rrrro
rrrro collected $4.28 from pot
rrrro: doesn't show hand 
*** SUMMARY ***
Total pot $4.50 | Rake $0.22 
Board [9s 7c 3s]
Seat 1: rrrro collected ($4.28)
Seat 2: sutata folded before Flop (didn't bet)
Seat 3: 50CandyJoe (button) folded before Flop (didn't bet)
Seat 4: I TAKE IT 85 (small blind) folded before Flop
Seat 5: Pumuking (big blind) folded on the Flop
Seat 6: Jt0709 folded before Flop (didn't bet)



PokerStars Hand #254460839487:  Hold'em No Limit ($0.50/$1.00 USD) - 2025/01/19 2:47:26 WET [2025/01/19 21:47:26 ET]
Table 'Medusa III' 6-max Seat #4 is the button
Seat 6: Jt0709 ($91.22 in chips) is sitting out
Seat 1: rrrro ($111.98 in chips) 
Seat 2: sutata ($100 in chips) 
Seat 3: 50CandyJoe ($100 in chips) 
Seat 4: I TAKE IT 85 ($113.20 in chips) 
Seat 5: Pumuking ($118.75 in chips) 
Pumuking: posts small blind $0.50
rrrro: posts big blind $1
*** HOLE CARDS ***
sutata: folds 
50CandyJoe: folds 
I TAKE IT 85: raises $1.05 to $2.05
Pumuking: folds 
rrrro: calls $1.05
*** FLOP *** [6c Js Jh]
rrrro: checks 
I TAKE IT 85: bets $1.66
rrrro: raises $3.85 to $5.51
I TAKE IT 85: calls $3.85
*** TURN *** [6c Js Jh] [6s]
rrrro: checks 
I TAKE IT 85: bets $4.90
rrrro: calls $4.90
*** RIVER *** [6c Js Jh 6s] [Ah]
rrrro: checks 
I TAKE IT 85: checks 
*** SHOW DOWN ***
rrrro: shows [7d 6h] (a full house, Sixes full of Jacks)
I TAKE IT 85: mucks hand 
rrrro collected $24.15 from pot
*** SUMMARY ***
Total pot $25.42 | Rake $1.27 
Board [6c Js Jh 6s Ah]
Seat 6: Jt0709
Seat 1: rrrro (big blind) showed [7d 6h] and won ($24.15) with a full house, Sixes full of Jacks
Seat 2: sutata folded before Flop (didn't bet)
Seat 3: 50CandyJoe folded before Flop (didn't bet)
Seat 4: I TAKE IT 85 (button) mucked
Seat 5: Pumuking (small blind) folded before Flop



PokerStars Hand #254460852695:  Hold'em No Limit ($0.50/$1.00 USD) - 2025/01/19 2:48:58 WET [2025/01/19 21:48:58 ET]
Table 'Medusa III' 6-max Seat #5 is the button
Seat 6: Jt0709 ($91.22 in chips) is sitting out
Seat 1: rrrro ($123.67 in chips) 
Seat 2: sutata ($100 in chips) 
Seat 3: 50CandyJoe ($100 in chips) 
Seat 4: I TAKE IT 85 ($100.74 in chips) 
Seat 5: Pumuking ($118.25 in chips) 
rrrro: posts small blind $0.50
sutata: posts big blind $1
*** HOLE CARDS ***
50CandyJoe: folds 
I TAKE IT 85: raises $1.05 to $2.05
Pumuking: folds 
rrrro: folds 
sutata: calls $1.05
*** FLOP *** [Ah Tc 2s]
sutata: bets $1.46
I TAKE IT 85: folds 
Uncalled bet ($1.46) returned to sutata
sutata collected $4.37 from pot
sutata: doesn't show hand 
*** SUMMARY ***
Total pot $4.60 | Rake $0.23 
Board [Ah Tc 2s]
Seat 6: Jt0709
Seat 1: rrrro (small blind) folded before Flop
Seat 2: sutata (big blind) collected ($4.37)
Seat 3: 50CandyJoe folded before Flop (didn't bet)
Seat 4: I TAKE IT 85 folded on the Flop
Seat 5: Pumuking (button) folded before Flop (didn't bet)



PokerStars Hand #254460856175:  Hold'em No Limit ($0.50/$1.00 USD) - 2025/01/19 2:49:23 WET [2025/01/19 21:49:23 ET]
Table 'Medusa III' 6-max Seat #1 is the button
Seat 1: rrrro ($123.17 in chips) 
Seat 2: sutata ($102.32 in chips) 
Seat 3: 50CandyJoe ($100 in chips) 
Seat 4: I TAKE IT 85 ($100 in chips) 
Seat 5: Pumuking ($118.25 in chips) 
Seat 6: Jt0709 ($91.22 in chips) 
sutata: posts small blind $0.50
50CandyJoe: posts big blind $1
Jt0709: posts small & big blinds $1.50
*** HOLE CARDS ***
I TAKE IT 85: folds 
Pumuking: raises $3 to $4
Jt0709: folds 
rrrro: folds 
sutata: folds 
50CandyJoe: folds 
Uncalled bet ($3) returned to Pumuking
Pumuking collected $4 from pot
Pumuking: doesn't show hand 
*** SUMMARY ***
Total pot $4 | Rake $0 
Seat 1: rrrro (button) folded before Flop (didn't bet)
Seat 2: sutata (small blind) folded before Flop
Seat 3: 50CandyJoe (big blind) folded before Flop
Seat 4: I TAKE IT 85 folded before Flop (didn't bet)
Seat 5: Pumuking collected ($4)
Seat 6: Jt0709 folded before Flop (didn't bet)



PokerStars Hand #254460860222:  Hold'em No Limit ($0.50/$1.00 USD) - 2025/01/19 2:49:51 WET [2025/01/19 21:49:51 ET]
Table 'Medusa III' 6-max Seat #2 is the button
Seat 1: rrrro ($123.17 in chips) 
Seat 2: sutata ($101.82 in chips) 
Seat 3: 50CandyJoe ($100 in chips) 
Seat 4: I TAKE IT 85 ($100 in chips) 
Seat 5: Pumuking ($121.25 in chips) 
Seat 6: Jt0709 ($89.72 in chips) 
50CandyJoe: posts small blind $0.50
I TAKE IT 85: posts big blind $1
*** HOLE CARDS ***
Pumuking: raises $1.25 to $2.25
Jt0709: folds 
rrrro: folds 
sutata: folds 
50CandyJoe: folds 
I TAKE IT 85: folds 
Uncalled bet ($1.25) returned to Pumuking
Pumuking collected $2.50 from pot
Pumuking: doesn't show hand 
*** SUMMARY ***
Total pot $2.50 | Rake $0 
Seat 1: rrrro folded before Flop (didn't bet)
Seat 2: sutata (button) folded before Flop (didn't bet)
Seat 3: 50CandyJoe (small blind) folded before Flop
Seat 4: I TAKE IT 85 (big blind) folded before Flop
Seat 5: Pumuking collected ($2.50)
Seat 6: Jt0709 folded before Flop (didn't bet)



PokerStars Hand #254460865491:  Hold'em No Limit ($0.50/$1.00 USD) - 2025/01/19 2:50:28 WET [2025/01/19 21:50:28 ET]
Table 'Medusa III' 6-max Seat #3 is the button
Seat 1: rrrro ($123.17 in chips) 
Seat 2: sutata ($101.82 in chips) 
Seat 3: 50CandyJoe ($100 in chips) 
Seat 4: I TAKE IT 85 ($100 in chips) 
Seat 5: Pumuking ($122.75 in chips) 
Seat 6: Jt0709 ($89.72 in chips) 
I TAKE IT 85: posts small blind $0.50
Pumuking: posts big blind $1
*** HOLE CARDS ***
Jt0709: folds 
rrrro: folds 
sutata: folds 
50CandyJoe: raises $1.50 to $2.50
I TAKE IT 85: folds 
Pumuking: folds 
Uncalled bet ($1.50) returned to 50CandyJoe
50CandyJoe collected $2.50 from pot
50CandyJoe: doesn't show hand 
*** SUMMARY ***
Total pot $2.50 | Rake $0 
Seat 1: rrrro folded before Flop (didn't bet)
Seat 2: sutata folded before Flop (didn't bet)
Seat 3: 50CandyJoe (button) collected ($2.50)
Seat 4: I TAKE IT 85 (small blind) folded before Flop
Seat 5: Pumuking (big blind) folded before Flop
Seat 6: Jt0709 folded before Flop (didn't bet)



PokerStars Hand #254460868189:  Hold'em No Limit ($0.50/$1.00 USD) - 2025/01/19 2:50:47 WET [2025/01/19 21:50:47 ET]
Table 'Medusa III' 6-max Seat #4 is the button
Seat 1: rrrro ($123.17 in chips) 
Seat 2: sutata ($101.82 in chips) 
Seat 3: 50CandyJoe ($101.50 in chips) 
Seat 4: I TAKE IT 85 ($100 in chips) 
Seat 5: Pumuking ($121.75 in chips) 
Seat 6: Jt0709 ($89.72 in chips) 
Pumuking: posts small blind $0.50
Jt0709: posts big blind $1
*** HOLE CARDS ***
rrrro: folds 
sutata: folds 
50CandyJoe: folds 
I TAKE IT 85: raises $1.05 to $2.05
Pumuking: raises $8.45 to $10.50
Jt0709: folds 
I TAKE IT 85: folds 
Uncalled bet ($8.45) returned to Pumuking
Pumuking collected $5.10 from pot
Pumuking: doesn't show hand 
*** SUMMARY ***
Total pot $5.10 | Rake $0 
Seat 1: rrrro folded before Flop (didn't bet)
Seat 2: sutata folded before Flop (didn't bet)
Seat 3: 50CandyJoe folded before Flop (didn't bet)
Seat 4: I TAKE IT 85 (button) folded before Flop
Seat 5: Pumuking (small blind) collected ($5.10)
Seat 6: Jt0709 (big blind) folded before Flop



PokerStars Hand #254460871339:  Hold'em No Limit ($0.50/$1.00 USD) - 2025/01/19 2:51:09 WET [2025/01/19 21:51:09 ET]
Table 'Medusa III' 6-max Seat #5 is the button
Seat 1: rrrro ($123.17 in chips) 
Seat 2: sutata ($101.82 in chips) 
Seat 3: 50CandyJoe ($101.50 in chips) 
Seat 4: I TAKE IT 85 ($100 in chips) 
Seat 5: Pumuking ($124.80 in chips) 
Seat 6: Jt0709 ($88.72 in chips) 
Jt0709: posts small blind $0.50
rrrro: posts big blind $1
*** HOLE CARDS ***
sutata: folds 
50CandyJoe: folds 
I TAKE IT 85: raises $1.05 to $2.05
Pumuking: folds 
Jt0709: folds 
rrrro: calls $1.05
*** FLOP *** [4s Jc As]
rrrro: checks 
I TAKE IT 85: checks 
*** TURN *** [4s Jc As] [Qs]
rrrro: checks 
I TAKE IT 85: checks 
*** RIVER *** [4s Jc As Qs] [6s]
rrrro: checks 
I TAKE IT 85: bets $3.06
rrrro: calls $3.06
*** SHOW DOWN ***
I TAKE IT 85: shows [8s Ac] (a flush, Ace high)
rrrro: mucks hand 
I TAKE IT 85 collected $10.18 from pot
*** SUMMARY ***
Total pot $10.72 | Rake $0.54 
Board [4s Jc As Qs 6s]
Seat 1: rrrro (big blind) mucked
Seat 2: sutata folded before Flop (didn't bet)
Seat 3: 50CandyJoe folded before Flop (didn't bet)
Seat 4: I TAKE IT 85 showed [8s Ac] and won ($10.18) with a flush, Ace high
Seat 5: Pumuking (button) folded before Flop (didn't bet)
Seat 6: Jt0709 (small blind) folded before Flop



PokerStars Hand #254460881178:  Hold'em No Limit ($0.50/$1.00 USD) - 2025/01/19 2:52:19 WET [2025/01/19 21:52:19 ET]
Table 'Medusa III' 6-max Seat #6 is the button
Seat 1: rrrro ($118.06 in chips) 
Seat 2: sutata ($101.82 in chips) 
Seat 3: 50CandyJoe ($101.50 in chips) 
Seat 4: I TAKE IT 85 ($105.07 in chips) 
Seat 5: Pumuking ($124.80 in chips) 
Seat 6: Jt0709 ($88.22 in chips) 
rrrro: posts small blind $0.50
sutata: posts big blind $1
*** HOLE CARDS ***
50CandyJoe: folds 
I TAKE IT 85: folds 
Pumuking: folds 
Jt0709: folds 
rrrro: raises $2 to $3
sutata: raises $7.30 to $10.30
rrrro: raises $10.70 to $21
sutata: raises $80.82 to $101.82 and is all-in
rrrro: calls $80.82
*** FLOP *** [4d 2c 3c]
*** TURN *** [4d 2c 3c] [6h]
*** RIVER *** [4d 2c 3c 6h] [Kd]
*** SHOW DOWN ***
rrrro: shows [As Qs] (high card Ace)
sutata: shows [Tc Ts] (a pair of Tens)
sutata collected $201.14 from pot
*** SUMMARY ***
Total pot $203.64 | Rake $2.50 
Board [4d 2c 3c 6h Kd]
Seat 1: rrrro (small blind) showed [As Qs] and lost with high card Ace
Seat 2: sutata (big blind) showed [Tc Ts] and won ($201.14) with a pair of Tens
Seat 3: 50CandyJoe folded before Flop (didn't bet)
Seat 4: I TAKE IT 85 folded before Flop (didn't bet)
Seat 5: Pumuking folded before Flop (didn't bet)
Seat 6: Jt0709 (button) folded before Flop (didn't bet)



PokerStars Hand #254460889189:  Hold'em No Limit ($0.50/$1.00 USD) - 2025/01/19 2:53:15 WET [2025/01/19 21:53:15 ET]
Table 'Medusa III' 6-max Seat #1 is the button
Seat 1: rrrro ($100 in chips) 
Seat 2: sutata ($201.14 in chips) 
Seat 3: 50CandyJoe ($101.50 in chips) 
Seat 4: I TAKE IT 85 ($105.07 in chips) 
Seat 5: Pumuking ($124.80 in chips) 
Seat 6: Jt0709 ($88.22 in chips) 
sutata: posts small blind $0.50
50CandyJoe: posts big blind $1
*** HOLE CARDS ***
I TAKE IT 85: folds 
Pumuking: folds 
Jt0709: raises $2 to $3
rrrro: folds 
sutata: folds 
50CandyJoe: calls $2
*** FLOP *** [7s 3c Qh]
50CandyJoe: checks 
Jt0709: checks 
*** TURN *** [7s 3c Qh] [5s]
50CandyJoe: checks 
Jt0709: checks 
*** RIVER *** [7s 3c Qh 5s] [7c]
50CandyJoe: checks 
Jt0709: bets $4
50CandyJoe: folds 
Uncalled bet ($4) returned to Jt0709
Jt0709 collected $6.18 from pot
*** SUMMARY ***
Total pot $6.50 | Rake $0.32 
Board [7s 3c Qh 5s 7c]
Seat 1: rrrro (button) folded before Flop (didn't bet)
Seat 2: sutata (small blind) folded before Flop
Seat 3: 50CandyJoe (big blind) folded on the River
Seat 4: I TAKE IT 85 folded before Flop (didn't bet)
Seat 5: Pumuking folded before Flop (didn't bet)
Seat 6: Jt0709 collected ($6.18)



PokerStars Hand #254460895309:  Hold'em No Limit ($0.50/$1.00 USD) - 2025/01/19 2:53:58 WET [2025/01/19 21:53:58 ET]
Table 'Medusa III' 6-max Seat #2 is the button
Seat 1: rrrro ($100 in chips) 
Seat 2: sutata ($200.64 in chips) 
Seat 3: 50CandyJoe ($100 in chips) 
Seat 4: I TAKE IT 85 ($105.07 in chips) 
Seat 5: Pumuking ($124.80 in chips) 
Seat 6: Jt0709 ($91.40 in chips) 
50CandyJoe: posts small blind $0.50
I TAKE IT 85: posts big blind $1
*** HOLE CARDS ***
Pumuking: folds 
Jt0709: raises $2 to $3
rrrro: folds 
sutata: folds 
50CandyJoe: folds 
I TAKE IT 85: folds 
Uncalled bet ($2) returned to Jt0709
Jt0709 collected $2.50 from pot
*** SUMMARY ***
Total pot $2.50 | Rake $0 
Seat 1: rrrro folded before Flop (didn't bet)
Seat 2: sutata (button) folded before Flop (didn't bet)
Seat 3: 50CandyJoe (small blind) folded before Flop
Seat 4: I TAKE IT 85 (big blind) folded before Flop
Seat 5: Pumuking folded before Flop (didn't bet)
Seat 6: Jt0709 collected ($2.50)



PokerStars Hand #254460899340:  Hold'em No Limit ($0.50/$1.00 USD) - 2025/01/19 2:54:27 WET [2025/01/19 21:54:27 ET]
Table 'Medusa III' 6-max Seat #3 is the button
Seat 1: rrrro ($100 in chips) 
Seat 2: sutata ($200.64 in chips) 
Seat 3: 50CandyJoe ($100 in chips) 
Seat 4: I TAKE IT 85 ($104.07 in chips) 
Seat 5: Pumuking ($124.80 in chips) 
Seat 6: Jt0709 ($92.90 in chips) 
I TAKE IT 85: posts small blind $0.50
Pumuking: posts big blind $1
*** HOLE CARDS ***
Jt0709: folds 
rrrro: folds 
sutata: raises $1.50 to $2.50
50CandyJoe: raises $5 to $7.50
I TAKE IT 85: folds 
Pumuking: folds 
sutata: raises $13.80 to $21.30
50CandyJoe: calls $13.80
*** FLOP *** [3d 2d 2s]
sutata: checks 
50CandyJoe: checks 
*** TURN *** [3d 2d 2s] [4d]
sutata: bets $13.97
50CandyJoe: folds 
Uncalled bet ($13.97) returned to sutata
sutata collected $41.90 from pot
sutata: doesn't show hand 
*** SUMMARY ***
Total pot $44.10 | Rake $2.20 
Board [3d 2d 2s 4d]
Seat 1: rrrro folded before Flop (didn't bet)
Seat 2: sutata collected ($41.90)
Seat 3: 50CandyJoe (button) folded on the Turn
Seat 4: I TAKE IT 85 (small blind) folded before Flop
Seat 5: Pumuking (big blind) folded before Flop
Seat 6: Jt0709 folded before Flop (didn't bet)



PokerStars Hand #254460908150:  Hold'em No Limit ($0.50/$1.00 USD) - 2025/01/19 2:55:36 WET [2025/01/19 21:55:36 ET]
Table 'Medusa III' 6-max Seat #4 is the button
Seat 1: rrrro ($100 in chips) 
Seat 2: sutata ($221.24 in chips) 
Seat 3: 50CandyJoe ($100 in chips) 
Seat 4: I TAKE IT 85 ($103.57 in chips) 
Seat 5: Pumuking ($123.80 in chips) 
Seat 6: Jt0709 ($92.90 in chips) 
Pumuking: posts small blind $0.50
Jt0709: posts big blind $1
*** HOLE CARDS ***
rrrro: folds 
sutata: folds 
50CandyJoe: raises $1.20 to $2.20
I TAKE IT 85: folds 
Pumuking: folds 
Jt0709: folds 
Uncalled bet ($1.20) returned to 50CandyJoe
50CandyJoe collected $2.50 from pot
50CandyJoe: doesn't show hand 
*** SUMMARY ***
Total pot $2.50 | Rake $0 
Seat 1: rrrro folded before Flop (didn't bet)
Seat 2: sutata folded before Flop (didn't bet)
Seat 3: 50CandyJoe collected ($2.50)
Seat 4: I TAKE IT 85 (button) folded before Flop (didn't bet)
Seat 5: Pumuking (small blind) folded before Flop
Seat 6: Jt0709 (big blind) folded before Flop



PokerStars Hand #254460909537:  Hold'em No Limit ($0.50/$1.00 USD) - 2025/01/19 2:55:49 WET [2025/01/19 21:55:49 ET]
Table 'Medusa III' 6-max Seat #5 is the button
Seat 1: rrrro ($100 in chips) 
Seat 2: sutata ($221.24 in chips) 
Seat 3: 50CandyJoe ($101.50 in chips) 
Seat 4: I TAKE IT 85 ($103.57 in chips) 
Seat 5: Pumuking ($123.30 in chips) 
Seat 6: Jt0709 ($91.90 in chips) 
Jt0709: posts small blind $0.50
rrrro: posts big blind $1
*** HOLE CARDS ***
sutata: folds 
50CandyJoe: raises $1.20 to $2.20
I TAKE IT 85: folds 
Pumuking: folds 
Jt0709: folds 
rrrro: folds 
Uncalled bet ($1.20) returned to 50CandyJoe
50CandyJoe collected $2.50 from pot
50CandyJoe: doesn't show hand 
*** SUMMARY ***
Total pot $2.50 | Rake $0 
Seat 1: rrrro (big blind) folded before Flop
Seat 2: sutata folded before Flop (didn't bet)
Seat 3: 50CandyJoe collected ($2.50)
Seat 4: I TAKE IT 85 folded before Flop (didn't bet)
Seat 5: Pumuking (button) folded before Flop (didn't bet)
Seat 6: Jt0709 (small blind) folded before Flop



PokerStars Hand #254460911354:  Hold'em No Limit ($0.50/$1.00 USD) - 2025/01/19 2:56:05 WET [2025/01/19 21:56:05 ET]
Table 'Medusa III' 6-max Seat #6 is the button
Seat 1: rrrro ($100 in chips) 
Seat 2: sutata ($221.24 in chips) 
Seat 3: 50CandyJoe ($103 in chips) 
Seat 4: I TAKE IT 85 ($103.57 in chips) 
Seat 5: Pumuking ($123.30 in chips) 
Seat 6: Jt0709 ($91.40 in chips) 
rrrro: posts small blind $0.50
sutata: posts big blind $1
*** HOLE CARDS ***
50CandyJoe: folds 
I TAKE IT 85: raises $1.05 to $2.05
Pumuking: folds 
Jt0709: folds 
rrrro: folds 
sutata: folds 
Uncalled bet ($1.05) returned to I TAKE IT 85
I TAKE IT 85 collected $2.50 from pot
I TAKE IT 85: doesn't show hand 
*** SUMMARY ***
Total pot $2.50 | Rake $0 
Seat 1: rrrro (small blind) folded before Flop
Seat 2: sutata (big blind) folded before Flop
Seat 3: 50CandyJoe folded before Flop (didn't bet)
Seat 4: I TAKE IT 85 collected ($2.50)
Seat 5: Pumuking folded before Flop (didn't bet)
Seat 6: Jt0709 (button) folded before Flop (didn't bet)



PokerStars Hand #254460913288:  Hold'em No Limit ($0.50/$1.00 USD) - 2025/01/19 2:56:23 WET [2025/01/19 21:56:23 ET]
Table 'Medusa III' 6-max Seat #1 is the button
Seat 1: rrrro ($100 in chips) 
Seat 2: sutata ($220.24 in chips) 
Seat 3: 50CandyJoe ($103 in chips) 
Seat 4: I TAKE IT 85 ($105.07 in chips) 
Seat 5: Pumuking ($123.30 in chips) 
Seat 6: Jt0709 ($91.40 in chips) 
sutata: posts small blind $0.50
50CandyJoe: posts big blind $1
*** HOLE CARDS ***
I TAKE IT 85: raises $1.05 to $2.05
Pumuking: folds 
Jt0709: folds 
rrrro: folds 
sutata: folds 
50CandyJoe: calls $1.05
*** FLOP *** [3d Kh Jd]
50CandyJoe: checks 
I TAKE IT 85: bets $1.66
50CandyJoe: raises $5.34 to $7
I TAKE IT 85: folds 
Uncalled bet ($5.34) returned to 50CandyJoe
50CandyJoe collected $7.52 from pot
50CandyJoe: doesn't show hand 
*** SUMMARY ***
Total pot $7.92 | Rake $0.40 
Board [3d Kh Jd]
Seat 1: rrrro (button) folded before Flop (didn't bet)
Seat 2: sutata (small blind) folded before Flop
Seat 3: 50CandyJoe (big blind) collected ($7.52)
Seat 4: I TAKE IT 85 folded on the Flop
Seat 5: Pumuking folded before Flop (didn't bet)
Seat 6: Jt0709 folded before Flop (didn't bet)



PokerStars Hand #254460917969:  Hold'em No Limit ($0.50/$1.00 USD) - 2025/01/19 2:57:05 WET [2025/01/19 21:57:05 ET]
Table 'Medusa III' 6-max Seat #2 is the button
Seat 1: rrrro ($100 in chips) 
Seat 2: sutata ($219.74 in chips) 
Seat 3: 50CandyJoe ($106.81 in chips) 
Seat 4: I TAKE IT 85 ($101.36 in chips) 
Seat 5: Pumuking ($123.30 in chips) 
Seat 6: Jt0709 ($91.40 in chips) 
50CandyJoe: posts small blind $0.50
I TAKE IT 85: posts big blind $1
*** HOLE CARDS ***
Pumuking: raises $1.25 to $2.25
Jt0709: folds 
rrrro: raises $4.75 to $7
sutata: folds 
50CandyJoe: folds 
I TAKE IT 85: folds 
Pumuking: calls $4.75
*** FLOP *** [7h Kh 4d]
Pumuking: checks 
rrrro: bets $3.68
Pumuking: calls $3.68
*** TURN *** [7h Kh 4d] [Qc]
Pumuking: checks 
rrrro: checks 
*** RIVER *** [7h Kh 4d Qc] [7s]
Pumuking: bets $14.55
rrrro: folds 
Uncalled bet ($14.55) returned to Pumuking
Pumuking collected $21.72 from pot
Pumuking: doesn't show hand 
*** SUMMARY ***
Total pot $22.86 | Rake $1.14 
Board [7h Kh 4d Qc 7s]
Seat 1: rrrro folded on the River
Seat 2: sutata (button) folded before Flop (didn't bet)
Seat 3: 50CandyJoe (small blind) folded before Flop
Seat 4: I TAKE IT 85 (big blind) folded before Flop
Seat 5: Pumuking collected ($21.72)
Seat 6: Jt0709 folded before Flop (didn't bet)



PokerStars Hand #254460988705:  Hold'em No Limit ($0.50/$1.00 USD) - 2025/01/19 3:07:02 WET [2025/01/19 22:07:02 ET]
Table 'Medusa III' 6-max Seat #5 is the button
Seat 1: rrrro ($121 in chips) is sitting out
Seat 2: Rysiff ($100 in chips) 
Seat 3: sutata ($217.63 in chips) 
Seat 4: hotlolabunny ($62.92 in chips) 
Seat 5: Pumuking ($136.27 in chips) 
Seat 6: steepfell ($100 in chips) 
steepfell: posts small blind $0.50
rrrro: is sitting out 
Rysiff: posts big blind $1
*** HOLE CARDS ***
sutata: folds 
hotlolabunny: folds 
Pumuking: folds 
steepfell: raises $2 to $3
Rysiff: calls $2
*** FLOP *** [3h Qh 3s]
steepfell: bets $2.85
Rysiff: calls $2.85
*** TURN *** [3h Qh 3s] [6h]
steepfell: bets $8.34
Rysiff: folds 
Uncalled bet ($8.34) returned to steepfell
steepfell collected $11.12 from pot
steepfell: doesn't show hand 
*** SUMMARY ***
Total pot $11.70 | Rake $0.58 
Board [3h Qh 3s 6h]
Seat 1: rrrro
Seat 2: Rysiff (big blind) folded on the Turn
Seat 3: sutata folded before Flop (didn't bet)
Seat 4: hotlolabunny folded before Flop (didn't bet)
Seat 5: Pumuking (button) folded before Flop (didn't bet)
Seat 6: steepfell (small blind) collected ($11.12)



PokerStars Hand #254460993313:  Hold'em No Limit ($0.50/$1.00 USD) - 2025/01/19 3:07:38 WET [2025/01/19 22:07:38 ET]
Table 'Medusa III' 6-max Seat #6 is the button
Seat 1: rrrro ($121 in chips) is sitting out
Seat 2: Rysiff ($100 in chips) 
Seat 3: sutata ($217.63 in chips) 
Seat 4: hotlolabunny ($62.92 in chips) 
Seat 5: Pumuking ($136.27 in chips) 
Seat 6: steepfell ($105.27 in chips) 
Rysiff: posts small blind $0.50
sutata: posts big blind $1
*** HOLE CARDS ***
hotlolabunny: raises $1 to $2
Pumuking: raises $4.50 to $6.50
steepfell: folds 
Rysiff: folds 
sutata: folds 
hotlolabunny: calls $4.50
*** FLOP *** [2h 3h Jh]
hotlolabunny: checks 
Pumuking: checks 
*** TURN *** [2h 3h Jh] [Td]
hotlolabunny: bets $6.89
Pumuking: calls $6.89
*** RIVER *** [2h 3h Jh Td] [6d]
hotlolabunny: bets $26.87
Pumuking: calls $26.87
*** SHOW DOWN ***
hotlolabunny: shows [Ks 9h] (high card King)
Pumuking: shows [Ts Tc] (three of a kind, Tens)
Pumuking collected $79.52 from pot
*** SUMMARY ***
Total pot $82.02 | Rake $2.50 
Board [2h 3h Jh Td 6d]
Seat 1: rrrro
Seat 2: Rysiff (small blind) folded before Flop
Seat 3: sutata (big blind) folded before Flop
Seat 4: hotlolabunny showed [Ks 9h] and lost with high card King
Seat 5: Pumuking showed [Ts Tc] and won ($79.52) with three of a kind, Tens
Seat 6: steepfell (button) folded before Flop (didn't bet)



PokerStars Hand #254460999338:  Hold'em No Limit ($0.50/$1.00 USD) - 2025/01/19 3:08:27 WET [2025/01/19 22:08:27 ET]
Table 'Medusa III' 6-max Seat #2 is the button
Seat 1: rrrro ($121 in chips) is sitting out
Seat 2: Rysiff ($100 in chips) 
Seat 3: sutata ($216.63 in chips) 
Seat 4: hotlolabunny ($22.66 in chips) 
Seat 5: Pumuking ($175.53 in chips) 
Seat 6: steepfell ($105.27 in chips) 
sutata: posts small blind $0.50
hotlolabunny: posts big blind $1
*** HOLE CARDS ***
Pumuking: folds 
steepfell: folds 
Rysiff: folds 
sutata: folds 
Uncalled bet ($0.50) returned to hotlolabunny
hotlolabunny collected $1 from pot
*** SUMMARY ***
Total pot $1 | Rake $0 
Seat 1: rrrro
Seat 2: Rysiff (button) folded before Flop (didn't bet)
Seat 3: sutata (small blind) folded before Flop
Seat 4: hotlolabunny (big blind) collected ($1)
Seat 5: Pumuking folded before Flop (didn't bet)
Seat 6: steepfell folded before Flop (didn't bet)



PokerStars Hand #254461000887:  Hold'em No Limit ($0.50/$1.00 USD) - 2025/01/19 3:08:40 WET [2025/01/19 22:08:40 ET]
Table 'Medusa III' 6-max Seat #3 is the button
Seat 1: rrrro ($121 in chips) is sitting out
Seat 2: Rysiff ($100 in chips) 
Seat 3: sutata ($216.13 in chips) 
Seat 4: hotlolabunny ($23.16 in chips) 
Seat 5: Pumuking ($175.53 in chips) 
Seat 6: steepfell ($105.27 in chips) 
hotlolabunny: posts small blind $0.50
Pumuking: posts big blind $1
*** HOLE CARDS ***
steepfell: folds 
Rysiff: folds 
sutata: folds 
hotlolabunny: calls $0.50
Pumuking: checks 
*** FLOP *** [6c Jh Tc]
hotlolabunny: checks 
Pumuking: checks 
*** TURN *** [6c Jh Tc] [9s]
hotlolabunny: bets $1.90
Pumuking: calls $1.90
*** RIVER *** [6c Jh Tc 9s] [Jd]
hotlolabunny: checks 
Pumuking: checks 
*** SHOW DOWN ***
hotlolabunny: shows [Qs 9c] (two pair, Jacks and Nines)
Pumuking: mucks hand 
hotlolabunny collected $5.51 from pot
*** SUMMARY ***
Total pot $5.80 | Rake $0.29 
Board [6c Jh Tc 9s Jd]
Seat 1: rrrro
Seat 2: Rysiff folded before Flop (didn't bet)
Seat 3: sutata (button) folded before Flop (didn't bet)
Seat 4: hotlolabunny (small blind) showed [Qs 9c] and won ($5.51) with two pair, Jacks and Nines
Seat 5: Pumuking (big blind) mucked
Seat 6: steepfell folded before Flop (didn't bet)



PokerStars Hand #254461006412:  Hold'em No Limit ($0.50/$1.00 USD) - 2025/01/19 3:09:28 WET [2025/01/19 22:09:28 ET]
Table 'Medusa III' 6-max Seat #4 is the button
Seat 1: rrrro ($121 in chips) is sitting out
Seat 2: Rysiff ($100 in chips) 
Seat 3: sutata ($216.13 in chips) 
Seat 4: hotlolabunny ($84.01 in chips) 
Seat 5: Pumuking ($172.63 in chips) 
Seat 6: steepfell ($105.27 in chips) 
Pumuking: posts small blind $0.50
steepfell: posts big blind $1
*** HOLE CARDS ***
Rysiff: folds 
sutata: folds 
hotlolabunny: folds 
Pumuking: folds 
Uncalled bet ($0.50) returned to steepfell
steepfell collected $1 from pot
steepfell: doesn't show hand 
*** SUMMARY ***
Total pot $1 | Rake $0 
Seat 1: rrrro
Seat 2: Rysiff folded before Flop (didn't bet)
Seat 3: sutata folded before Flop (didn't bet)
Seat 4: hotlolabunny (button) folded before Flop (didn't bet)
Seat 5: Pumuking (small blind) folded before Flop
Seat 6: steepfell (big blind) collected ($1)



PokerStars Hand #254461007681:  Hold'em No Limit ($0.50/$1.00 USD) - 2025/01/19 3:09:39 WET [2025/01/19 22:09:39 ET]
Table 'Medusa III' 6-max Seat #5 is the button
Seat 1: rrrro ($121 in chips) is sitting out
Seat 2: Rysiff ($100 in chips) 
Seat 3: sutata ($216.13 in chips) 
Seat 4: hotlolabunny ($84.01 in chips) 
Seat 5: Pumuking ($172.13 in chips) 
Seat 6: steepfell ($105.77 in chips) 
steepfell: posts small blind $0.50
Rysiff: posts big blind $1
*** HOLE CARDS ***
sutata: folds 
hotlolabunny: raises $1 to $2
Pumuking: folds 
steepfell: folds 
Rysiff: folds 
Uncalled bet ($1) returned to hotlolabunny
hotlolabunny collected $2.50 from pot
*** SUMMARY ***
Total pot $2.50 | Rake $0 
Seat 1: rrrro
Seat 2: Rysiff (big blind) folded before Flop
Seat 3: sutata folded before Flop (didn't bet)
Seat 4: hotlolabunny collected ($2.50)
Seat 5: Pumuking (button) folded before Flop (didn't bet)
Seat 6: steepfell (small blind) folded before Flop



PokerStars Hand #254461009491:  Hold'em No Limit ($0.50/$1.00 USD) - 2025/01/19 3:09:55 WET [2025/01/19 22:09:55 ET]
Table 'Medusa III' 6-max Seat #6 is the button
Seat 1: rrrro ($121 in chips) is sitting out
Seat 2: Rysiff ($100 in chips) 
Seat 3: sutata ($216.13 in chips) 
Seat 4: hotlolabunny ($85.51 in chips) 
Seat 5: Pumuking ($172.13 in chips) 
Seat 6: steepfell ($105.27 in chips) 
Rysiff: posts small blind $0.50
sutata: posts big blind $1
*** HOLE CARDS ***
hotlolabunny: calls $1
Pumuking: folds 
steepfell: folds 
Rysiff: folds 
sutata: checks 
*** FLOP *** [7s Jc 6h]
sutata: checks 
hotlolabunny: checks 
*** TURN *** [7s Jc 6h] [Tc]
sutata: checks 
hotlolabunny: bets $2
sutata: folds 
Uncalled bet ($2) returned to hotlolabunny
hotlolabunny collected $2.38 from pot
*** SUMMARY ***
Total pot $2.50 | Rake $0.12 
Board [7s Jc 6h Tc]
Seat 1: rrrro
Seat 2: Rysiff (small blind) folded before Flop
Seat 3: sutata (big blind) folded on the Turn
Seat 4: hotlolabunny collected ($2.38)
Seat 5: Pumuking folded before Flop (didn't bet)
Seat 6: steepfell (button) folded before Flop (didn't bet)



PokerStars Hand #254461013046:  Hold'em No Limit ($0.50/$1.00 USD) - 2025/01/19 3:10:27 WET [2025/01/19 22:10:27 ET]
Table 'Medusa III' 6-max Seat #2 is the button
Seat 1: rrrro ($121 in chips) is sitting out
Seat 2: Rysiff ($100 in chips) 
Seat 3: sutata ($215.13 in chips) 
Seat 4: hotlolabunny ($86.89 in chips) 
Seat 5: Pumuking ($172.13 in chips) 
Seat 6: steepfell ($105.27 in chips) 
sutata: posts small blind $0.50
hotlolabunny: posts big blind $1
rrrro: sits out 
*** HOLE CARDS ***
Pumuking: folds 
steepfell: folds 
Rysiff: folds 
sutata: folds 
Uncalled bet ($0.50) returned to hotlolabunny
hotlolabunny collected $1 from pot
*** SUMMARY ***
Total pot $1 | Rake $0 
Seat 1: rrrro
Seat 2: Rysiff (button) folded before Flop (didn't bet)
Seat 3: sutata (small blind) folded before Flop
Seat 4: hotlolabunny (big blind) collected ($1)
Seat 5: Pumuking folded before Flop (didn't bet)
Seat 6: steepfell folded before Flop (didn't bet)



PokerStars Hand #254461014238:  Hold'em No Limit ($0.50/$1.00 USD) - 2025/01/19 3:10:39 WET [2025/01/19 22:10:39 ET]
Table 'Medusa III' 6-max Seat #3 is the button
Seat 1: rrrro ($121 in chips) is sitting out
Seat 2: Rysiff ($100 in chips) 
Seat 3: sutata ($214.63 in chips) 
Seat 4: hotlolabunny ($87.39 in chips) 
Seat 5: Pumuking ($172.13 in chips) 
Seat 6: steepfell ($105.27 in chips) 
hotlolabunny: posts small blind $0.50
Pumuking: posts big blind $1
rrrro: sits out 
*** HOLE CARDS ***
steepfell: folds 
Rysiff: folds 
sutata: raises $2 to $3
hotlolabunny: folds 
Pumuking: folds 
Uncalled bet ($2) returned to sutata
sutata collected $2.50 from pot
sutata: doesn't show hand 
*** SUMMARY ***
Total pot $2.50 | Rake $0 
Seat 1: rrrro
Seat 2: Rysiff folded before Flop (didn't bet)
Seat 3: sutata (button) collected ($2.50)
Seat 4: hotlolabunny (small blind) folded before Flop
Seat 5: Pumuking (big blind) folded before Flop
Seat 6: steepfell folded before Flop (didn't bet)



PokerStars Hand #254461016079:  Hold'em No Limit ($0.50/$1.00 USD) - 2025/01/19 3:10:56 WET [2025/01/19 22:10:56 ET]
Table 'Medusa III' 6-max Seat #4 is the button
Seat 1: rrrro ($121 in chips) is sitting out
Seat 2: Rysiff ($100 in chips) 
Seat 3: sutata ($216.13 in chips) 
Seat 4: hotlolabunny ($86.89 in chips) 
Seat 5: Pumuking ($171.13 in chips) 
Seat 6: steepfell ($105.27 in chips) 
Pumuking: posts small blind $0.50
steepfell: posts big blind $1
rrrro: sits out 
*** HOLE CARDS ***
Rysiff: folds 
sutata: folds 
hotlolabunny: folds 
Pumuking: raises $2 to $3
steepfell: folds 
Uncalled bet ($2) returned to Pumuking
Pumuking collected $2 from pot
Pumuking: doesn't show hand 
*** SUMMARY ***
Total pot $2 | Rake $0 
Seat 1: rrrro
Seat 2: Rysiff folded before Flop (didn't bet)
Seat 3: sutata folded before Flop (didn't bet)
Seat 4: hotlolabunny (button) folded before Flop (didn't bet)
Seat 5: Pumuking (small blind) collected ($2)
Seat 6: steepfell (big blind) folded before Flop



PokerStars Hand #254461017241:  Hold'em No Limit ($0.50/$1.00 USD) - 2025/01/19 3:11:07 WET [2025/01/19 22:11:07 ET]
Table 'Medusa III' 6-max Seat #5 is the button
Seat 1: rrrro ($121 in chips) 
Seat 2: Rysiff ($100 in chips) 
Seat 3: sutata ($216.13 in chips) 
Seat 4: hotlolabunny ($86.89 in chips) 
Seat 5: Pumuking ($172.13 in chips) 
Seat 6: steepfell ($104.27 in chips) 
steepfell: posts small blind $0.50
rrrro: posts big blind $1
*** HOLE CARDS ***
Rysiff: folds 
sutata: folds 
hotlolabunny: folds 
Pumuking: raises $1.50 to $2.50
steepfell: folds 
rrrro: folds 
Uncalled bet ($1.50) returned to Pumuking
Pumuking collected $2.50 from pot
Pumuking: doesn't show hand 
*** SUMMARY ***
Total pot $2.50 | Rake $0 
Seat 1: rrrro (big blind) folded before Flop
Seat 2: Rysiff folded before Flop (didn't bet)
Seat 3: sutata folded before Flop (didn't bet)
Seat 4: hotlolabunny folded before Flop (didn't bet)
Seat 5: Pumuking (button) collected ($2.50)
Seat 6: steepfell (small blind) folded before Flop



PokerStars Hand #254461019011:  Hold'em No Limit ($0.50/$1.00 USD) - 2025/01/19 3:11:25 WET [2025/01/19 22:11:25 ET]
Table 'Medusa III' 6-max Seat #6 is the button
Seat 1: rrrro ($120 in chips) 
Seat 2: Rysiff ($100 in chips) 
Seat 3: sutata ($216.13 in chips) 
Seat 4: hotlolabunny ($86.89 in chips) 
Seat 5: Pumuking ($173.63 in chips) 
Seat 6: steepfell ($103.77 in chips) 
rrrro: posts small blind $0.50
Rysiff: posts big blind $1
*** HOLE CARDS ***
sutata: raises $1.50 to $2.50
hotlolabunny: raises $3.50 to $6
Pumuking: folds 
steepfell: folds 
rrrro: folds 
Rysiff: folds 
sutata: raises $27.30 to $33.30
hotlolabunny: folds 
Uncalled bet ($27.30) returned to sutata
sutata collected $13.50 from pot
sutata: doesn't show hand 
*** SUMMARY ***
Total pot $13.50 | Rake $0 
Seat 1: rrrro (small blind) folded before Flop
Seat 2: Rysiff (big blind) folded before Flop
Seat 3: sutata collected ($13.50)
Seat 4: hotlolabunny folded before Flop
Seat 5: Pumuking folded before Flop (didn't bet)
Seat 6: steepfell (button) folded before Flop (didn't bet)



PokerStars Hand #254461066761:  Hold'em No Limit ($0.50/$1.00 USD) - 2025/01/19 3:21:09 WET [2025/01/19 22:21:09 ET]
Table 'Medusa III' 6-max Seat #1 is the button
Seat 1: rrrro ($119.50 in chips) 
Seat 3: sutata ($223.63 in chips) 
Seat 6: steepfell ($103.77 in chips) 
sutata: posts small blind $0.50
steepfell: posts big blind $1
*** HOLE CARDS ***
rrrro: raises $1.50 to $2.50
sutata: raises $9.80 to $12.30
steepfell: folds 
rrrro: raises $13.70 to $26
sutata: calls $13.70
*** FLOP *** [5c 3s Jc]
sutata: checks 
rrrro: bets $13
sutata: folds 
Uncalled bet ($13) returned to rrrro
rrrro collected $52 from pot
rrrro: doesn't show hand 
*** SUMMARY ***
Total pot $53 | Rake $1 
Board [5c 3s Jc]
Seat 1: rrrro (button) collected ($52)
Seat 3: sutata (small blind) folded on the Flop
Seat 6: steepfell (big blind) folded before Flop



