PokerStars Hand #254443009306:  Hold'em No Limit ($0.50/$1.00 USD) - 2025/01/19 4:21:45 WET [2025/01/18 23:21:45 ET]
Table 'Sigrid III' 6-max Seat #3 is the button
Seat 1: uuzka ($114.96 in chips) 
Seat 3: Supermegopro ($133.94 in chips) 
Seat 4: joaquin612 ($100 in chips) 
joaquin612: posts small blind $0.50
uuzka: posts big blind $1
LUMBO joins the table at seat #9
*** HOLE CARDS ***
Supermegopro: folds 
joaquin612: folds 
Uncalled bet ($0.50) returned to uuzka
uuzka collected $1 from pot
uuzka: doesn't show hand 
*** SUMMARY ***
Total pot $1 | Rake $0 
Seat 1: uuzka (big blind) collected ($1)
Seat 3: Supermegopro (button) folded before Flop (didn't bet)
Seat 4: joaquin612 (small blind) folded before Flop



PokerStars Hand #254443011074:  Hold'em No Limit ($0.50/$1.00 USD) - 2025/01/19 4:22:01 WET [2025/01/18 23:22:01 ET]
Table 'Sigrid III' 6-max Seat #4 is the button
Seat 1: uuzka ($115.46 in chips) 
Seat 3: Supermegopro ($133.94 in chips) 
Seat 4: joaquin612 ($100 in chips) 
uuzka: posts small blind $0.50
Supermegopro: posts big blind $1
LUMBO joins the table at seat #9
*** HOLE CARDS ***
joaquin612: raises $1.50 to $2.50
uuzka: folds 
Supermegopro: folds 
Uncalled bet ($1.50) returned to joaquin612
joaquin612 collected $2.50 from pot
joaquin612: doesn't show hand 
*** SUMMARY ***
Total pot $2.50 | Rake $0 
Seat 1: uuzka (small blind) folded before Flop
Seat 3: Supermegopro (big blind) folded before Flop
Seat 4: joaquin612 (button) collected ($2.50)



PokerStars Hand #254443012922:  Hold'em No Limit ($0.50/$1.00 USD) - 2025/01/19 4:22:18 WET [2025/01/18 23:22:18 ET]
Table 'Sigrid III' 6-max Seat #1 is the button
Seat 1: uuzka ($114.96 in chips) 
Seat 3: Supermegopro ($132.94 in chips) 
Seat 4: joaquin612 ($101.50 in chips) 
Supermegopro: posts small blind $0.50
joaquin612: posts big blind $1
LUMBO joins the table at seat #9
*** HOLE CARDS ***
uuzka: folds 
Supermegopro: raises $2 to $3
BeauParleur joins the table at seat #5 
joaquin612: calls $2
*** FLOP *** [9c 7h As]
Supermegopro: bets $3.80
joaquin612: calls $3.80
*** TURN *** [9c 7h As] [Qs]
Supermegopro: bets $10.98
Lopes2200 joins the table at seat #6 
Lopes2200 is disconnected 
joaquin612: folds 
Uncalled bet ($10.98) returned to Supermegopro
Supermegopro collected $12.92 from pot
reeqar joins the table at seat #2 
Supermegopro: doesn't show hand 
*** SUMMARY ***
Total pot $13.60 | Rake $0.68 
Board [9c 7h As Qs]
Seat 1: uuzka (button) folded before Flop (didn't bet)
Seat 3: Supermegopro (small blind) collected ($12.92)
Seat 4: joaquin612 (big blind) folded on the Turn



PokerStars Hand #254443018501:  Hold'em No Limit ($0.50/$1.00 USD) - 2025/01/19 4:23:09 WET [2025/01/18 23:23:09 ET]
Table 'Sigrid III' 6-max Seat #3 is the button
Seat 2: reeqar ($100 in chips) is sitting out
Seat 1: uuzka ($114.96 in chips) 
Seat 3: Supermegopro ($139.06 in chips) 
Seat 4: joaquin612 ($100 in chips) 
Seat 5: BeauParleur ($100 in chips) 
Seat 6: Lopes2200 ($80.50 in chips) 
joaquin612: posts small blind $0.50
BeauParleur: posts big blind $1
Lopes2200: posts big blind $1
reeqar: sits out 
LUMBO joins the table at seat #9
*** HOLE CARDS ***
Lopes2200: checks 
uuzka: folds 
Supermegopro: folds 
joaquin612: folds 
BeauParleur: checks 
*** FLOP *** [3s Ad 2h]
BeauParleur: checks 
Lopes2200: bets $2.38
BeauParleur: folds 
Uncalled bet ($2.38) returned to Lopes2200
Lopes2200 collected $2.38 from pot
*** SUMMARY ***
Total pot $2.50 | Rake $0.12 
Board [3s Ad 2h]
Seat 2: reeqar
Seat 1: uuzka folded before Flop (didn't bet)
Seat 3: Supermegopro (button) folded before Flop (didn't bet)
Seat 4: joaquin612 (small blind) folded before Flop
Seat 5: BeauParleur (big blind) folded on the Flop
Seat 6: Lopes2200 collected ($2.38)



PokerStars Hand #254443021276:  Hold'em No Limit ($0.50/$1.00 USD) - 2025/01/19 4:23:35 WET [2025/01/18 23:23:35 ET]
Table 'Sigrid III' 6-max Seat #4 is the button
Seat 2: reeqar ($100 in chips) is sitting out
Seat 1: uuzka ($114.96 in chips) 
Seat 3: Supermegopro ($139.06 in chips) 
Seat 4: joaquin612 ($100 in chips) 
Seat 5: BeauParleur ($100 in chips) 
Seat 6: Lopes2200 ($81.88 in chips) 
BeauParleur: posts small blind $0.50
Lopes2200: posts big blind $1
reeqar: sits out 
LUMBO joins the table at seat #9
*** HOLE CARDS ***
uuzka: folds 
Supermegopro: folds 
joaquin612: raises $1.50 to $2.50
BeauParleur: folds 
Lopes2200: calls $1.50
*** FLOP *** [Ad 9s Qs]
Lopes2200: checks 
joaquin612: checks 
*** TURN *** [Ad 9s Qs] [9c]
Lopes2200: checks 
joaquin612: checks 
*** RIVER *** [Ad 9s Qs 9c] [8c]
Lopes2200: bets $5.22
joaquin612: calls $5.22
*** SHOW DOWN ***
Lopes2200: shows [8d 3h] (two pair, Nines and Eights)
joaquin612: shows [4h Qh] (two pair, Queens and Nines)
joaquin612 collected $15.14 from pot
*** SUMMARY ***
Total pot $15.94 | Rake $0.80 
Board [Ad 9s Qs 9c 8c]
Seat 2: reeqar
Seat 1: uuzka folded before Flop (didn't bet)
Seat 3: Supermegopro folded before Flop (didn't bet)
Seat 4: joaquin612 (button) showed [4h Qh] and won ($15.14) with two pair, Queens and Nines
Seat 5: BeauParleur (small blind) folded before Flop
Seat 6: Lopes2200 (big blind) showed [8d 3h] and lost with two pair, Nines and Eights



PokerStars Hand #254443025400:  Hold'em No Limit ($0.50/$1.00 USD) - 2025/01/19 4:24:13 WET [2025/01/18 23:24:13 ET]
Table 'Sigrid III' 6-max Seat #5 is the button
Seat 2: reeqar ($100 in chips) is sitting out
Seat 1: uuzka ($114.96 in chips) 
Seat 3: Supermegopro ($139.06 in chips) 
Seat 4: joaquin612 ($107.42 in chips) 
Seat 5: BeauParleur ($100 in chips) 
Seat 6: Lopes2200 ($74.16 in chips) 
Lopes2200: posts small blind $0.50
uuzka: posts big blind $1
reeqar: sits out 
*** HOLE CARDS ***
Supermegopro: folds 
joaquin612: folds 
BeauParleur: raises $1.50 to $2.50
Lopes2200: raises $1.50 to $4
uuzka: calls $3
BeauParleur: folds 
*** FLOP *** [6s 5h 8s]
Lopes2200: bets $9.98
uuzka: calls $9.98
*** TURN *** [6s 5h 8s] [As]
Lopes2200: bets $14.47
uuzka: folds 
Uncalled bet ($14.47) returned to Lopes2200
Lopes2200 collected $28.94 from pot
*** SUMMARY ***
Total pot $30.46 | Rake $1.52 
Board [6s 5h 8s As]
Seat 2: reeqar
Seat 1: uuzka (big blind) folded on the Turn
Seat 3: Supermegopro folded before Flop (didn't bet)
Seat 4: joaquin612 folded before Flop (didn't bet)
Seat 5: BeauParleur (button) folded before Flop
Seat 6: Lopes2200 (small blind) collected ($28.94)



PokerStars Hand #254443029668:  Hold'em No Limit ($0.50/$1.00 USD) - 2025/01/19 4:24:52 WET [2025/01/18 23:24:52 ET]
Table 'Sigrid III' 6-max Seat #6 is the button
Seat 1: uuzka ($100.98 in chips) 
Seat 2: reeqar ($100 in chips) 
Seat 3: Supermegopro ($139.06 in chips) 
Seat 4: joaquin612 ($107.42 in chips) 
Seat 5: BeauParleur ($100 in chips) 
Seat 6: Lopes2200 ($89.12 in chips) 
uuzka: posts small blind $0.50
reeqar: posts big blind $1
*** HOLE CARDS ***
Supermegopro: folds 
joaquin612: folds 
BeauParleur: folds 
Lopes2200: raises $2 to $3
uuzka: raises $7 to $10
reeqar: folds 
Lopes2200: calls $7
*** FLOP *** [2s 3d Kh]
uuzka: bets $5.79
Lopes2200: calls $5.79
*** TURN *** [2s 3d Kh] [3c]
uuzka: checks 
Lopes2200: bets $15.48
uuzka: calls $15.48
*** RIVER *** [2s 3d Kh 3c] [Jh]
uuzka: checks 
Lopes2200: bets $57.85 and is all-in
uuzka: calls $57.85
*** SHOW DOWN ***
Lopes2200: shows [Js Kd] (two pair, Kings and Jacks)
uuzka: shows [Ks 9s] (two pair, Kings and Threes)
Lopes2200 collected $176.74 from pot
*** SUMMARY ***
Total pot $179.24 | Rake $2.50 
Board [2s 3d Kh 3c Jh]
Seat 1: uuzka (small blind) showed [Ks 9s] and lost with two pair, Kings and Threes
Seat 2: reeqar (big blind) folded before Flop
Seat 3: Supermegopro folded before Flop (didn't bet)
Seat 4: joaquin612 folded before Flop (didn't bet)
Seat 5: BeauParleur folded before Flop (didn't bet)
Seat 6: Lopes2200 (button) showed [Js Kd] and won ($176.74) with two pair, Kings and Jacks



PokerStars Hand #254443036786:  Hold'em No Limit ($0.50/$1.00 USD) - 2025/01/19 4:25:57 WET [2025/01/18 23:25:57 ET]
Table 'Sigrid III' 6-max Seat #1 is the button
Seat 1: uuzka ($100 in chips) 
Seat 2: reeqar ($100 in chips) 
Seat 3: Supermegopro ($139.06 in chips) 
Seat 4: joaquin612 ($107.42 in chips) 
Seat 5: BeauParleur ($100 in chips) 
Seat 6: Lopes2200 ($176.74 in chips) 
reeqar: posts small blind $0.50
Supermegopro: posts big blind $1
*** HOLE CARDS ***
joaquin612: folds 
BeauParleur: folds 
Lopes2200: folds 
uuzka: folds 
reeqar: folds 
Uncalled bet ($0.50) returned to Supermegopro
Supermegopro collected $1 from pot
Supermegopro: doesn't show hand 
*** SUMMARY ***
Total pot $1 | Rake $0 
Seat 1: uuzka (button) folded before Flop (didn't bet)
Seat 2: reeqar (small blind) folded before Flop
Seat 3: Supermegopro (big blind) collected ($1)
Seat 4: joaquin612 folded before Flop (didn't bet)
Seat 5: BeauParleur folded before Flop (didn't bet)
Seat 6: Lopes2200 folded before Flop (didn't bet)



PokerStars Hand #254443038668:  Hold'em No Limit ($0.50/$1.00 USD) - 2025/01/19 4:26:14 WET [2025/01/18 23:26:14 ET]
Table 'Sigrid III' 6-max Seat #2 is the button
Seat 1: uuzka ($100 in chips) 
Seat 2: reeqar ($100 in chips) 
Seat 3: Supermegopro ($139.56 in chips) 
Seat 4: joaquin612 ($107.42 in chips) 
Seat 5: BeauParleur ($100 in chips) 
Seat 6: Lopes2200 ($176.74 in chips) 
Supermegopro: posts small blind $0.50
joaquin612: posts big blind $1
*** HOLE CARDS ***
BeauParleur: folds 
Lopes2200: calls $1
uuzka: folds 
reeqar: folds 
Supermegopro: folds 
joaquin612: checks 
*** FLOP *** [Kh 2c 3d]
joaquin612: checks 
Lopes2200: checks 
*** TURN *** [Kh 2c 3d] [5d]
joaquin612: bets $1.31
Lopes2200: folds 
Uncalled bet ($1.31) returned to joaquin612
joaquin612 collected $2.38 from pot
joaquin612: doesn't show hand 
*** SUMMARY ***
Total pot $2.50 | Rake $0.12 
Board [Kh 2c 3d 5d]
Seat 1: uuzka folded before Flop (didn't bet)
Seat 2: reeqar (button) folded before Flop (didn't bet)
Seat 3: Supermegopro (small blind) folded before Flop
Seat 4: joaquin612 (big blind) collected ($2.38)
Seat 5: BeauParleur folded before Flop (didn't bet)
Seat 6: Lopes2200 folded on the Turn



PokerStars Hand #254443041652:  Hold'em No Limit ($0.50/$1.00 USD) - 2025/01/19 4:26:41 WET [2025/01/18 23:26:41 ET]
Table 'Sigrid III' 6-max Seat #3 is the button
Seat 1: uuzka ($100 in chips) 
Seat 2: reeqar ($100 in chips) 
Seat 3: Supermegopro ($139.06 in chips) 
Seat 4: joaquin612 ($108.80 in chips) 
Seat 5: BeauParleur ($100 in chips) 
Seat 6: Lopes2200 ($175.74 in chips) 
joaquin612: posts small blind $0.50
BeauParleur: posts big blind $1
*** HOLE CARDS ***
Lopes2200: calls $1
uuzka: raises $3 to $4
reeqar: raises $8 to $12
Supermegopro: folds 
joaquin612: folds 
BeauParleur: folds 
Lopes2200: folds 
uuzka: folds 
Uncalled bet ($8) returned to reeqar
reeqar collected $10.50 from pot
reeqar: doesn't show hand 
*** SUMMARY ***
Total pot $10.50 | Rake $0 
Seat 1: uuzka folded before Flop
Seat 2: reeqar collected ($10.50)
Seat 3: Supermegopro (button) folded before Flop (didn't bet)
Seat 4: joaquin612 (small blind) folded before Flop
Seat 5: BeauParleur (big blind) folded before Flop
Seat 6: Lopes2200 folded before Flop



PokerStars Hand #254443044407:  Hold'em No Limit ($0.50/$1.00 USD) - 2025/01/19 4:27:06 WET [2025/01/18 23:27:06 ET]
Table 'Sigrid III' 6-max Seat #4 is the button
Seat 1: uuzka ($100 in chips) 
Seat 2: reeqar ($106.50 in chips) 
Seat 3: Supermegopro ($139.06 in chips) 
Seat 4: joaquin612 ($108.30 in chips) 
Seat 5: BeauParleur ($100 in chips) 
Seat 6: Lopes2200 ($174.74 in chips) 
BeauParleur: posts small blind $0.50
Lopes2200: posts big blind $1
*** HOLE CARDS ***
uuzka: folds 
reeqar: folds 
Supermegopro: raises $1.50 to $2.50
joaquin612: folds 
BeauParleur: folds 
Lopes2200: calls $1.50
*** FLOP *** [9d 2s 8s]
Lopes2200: checks 
Supermegopro: checks 
*** TURN *** [9d 2s 8s] [6d]
Lopes2200: bets $5.22
Supermegopro: folds 
Uncalled bet ($5.22) returned to Lopes2200
Lopes2200 collected $5.22 from pot
*** SUMMARY ***
Total pot $5.50 | Rake $0.28 
Board [9d 2s 8s 6d]
Seat 1: uuzka folded before Flop (didn't bet)
Seat 2: reeqar folded before Flop (didn't bet)
Seat 3: Supermegopro folded on the Turn
Seat 4: joaquin612 (button) folded before Flop (didn't bet)
Seat 5: BeauParleur (small blind) folded before Flop
Seat 6: Lopes2200 (big blind) collected ($5.22)



PokerStars Hand #254443047502:  Hold'em No Limit ($0.50/$1.00 USD) - 2025/01/19 4:27:34 WET [2025/01/18 23:27:34 ET]
Table 'Sigrid III' 6-max Seat #5 is the button
Seat 1: uuzka ($100 in chips) 
Seat 2: reeqar ($106.50 in chips) 
Seat 3: Supermegopro ($136.56 in chips) 
Seat 4: joaquin612 ($108.30 in chips) 
Seat 5: BeauParleur ($100 in chips) 
Seat 6: Lopes2200 ($177.46 in chips) 
Lopes2200: posts small blind $0.50
uuzka: posts big blind $1
*** HOLE CARDS ***
reeqar: folds 
Supermegopro: raises $1.50 to $2.50
joaquin612: folds 
BeauParleur: raises $5 to $7.50
Lopes2200: folds 
uuzka: folds 
Supermegopro: folds 
Uncalled bet ($5) returned to BeauParleur
BeauParleur collected $6.50 from pot
BeauParleur: doesn't show hand 
*** SUMMARY ***
Total pot $6.50 | Rake $0 
Seat 1: uuzka (big blind) folded before Flop
Seat 2: reeqar folded before Flop (didn't bet)
Seat 3: Supermegopro folded before Flop
Seat 4: joaquin612 folded before Flop (didn't bet)
Seat 5: BeauParleur (button) collected ($6.50)
Seat 6: Lopes2200 (small blind) folded before Flop



PokerStars Hand #254443051443:  Hold'em No Limit ($0.50/$1.00 USD) - 2025/01/19 4:28:10 WET [2025/01/18 23:28:10 ET]
Table 'Sigrid III' 6-max Seat #6 is the button
Seat 2: reeqar ($106.50 in chips) is sitting out
Seat 1: uuzka ($100 in chips) 
Seat 3: Supermegopro ($134.06 in chips) 
Seat 4: joaquin612 ($108.30 in chips) 
Seat 5: BeauParleur ($104 in chips) 
Seat 6: Lopes2200 ($176.96 in chips) 
uuzka: posts small blind $0.50
Supermegopro: posts big blind $1
*** HOLE CARDS ***
joaquin612: folds 
BeauParleur: folds 
Lopes2200: calls $1
uuzka: calls $0.50
Supermegopro: checks 
*** FLOP *** [9d Jd 4c]
uuzka: checks 
Supermegopro: checks 
Lopes2200: bets $2.85
uuzka: folds 
Supermegopro: folds 
Uncalled bet ($2.85) returned to Lopes2200
Lopes2200 collected $2.85 from pot
*** SUMMARY ***
Total pot $3 | Rake $0.15 
Board [9d Jd 4c]
Seat 2: reeqar
Seat 1: uuzka (small blind) folded on the Flop
Seat 3: Supermegopro (big blind) folded on the Flop
Seat 4: joaquin612 folded before Flop (didn't bet)
Seat 5: BeauParleur folded before Flop (didn't bet)
Seat 6: Lopes2200 (button) collected ($2.85)



PokerStars Hand #254443056024:  Hold'em No Limit ($0.50/$1.00 USD) - 2025/01/19 4:28:53 WET [2025/01/18 23:28:53 ET]
Table 'Sigrid III' 6-max Seat #1 is the button
Seat 2: reeqar ($106.50 in chips) is sitting out
Seat 1: uuzka ($100 in chips) 
Seat 3: Supermegopro ($133.06 in chips) 
Seat 4: joaquin612 ($108.30 in chips) 
Seat 5: BeauParleur ($104 in chips) 
Seat 6: Lopes2200 ($178.81 in chips) 
Supermegopro: posts small blind $0.50
joaquin612: posts big blind $1
*** HOLE CARDS ***
BeauParleur: folds 
Lopes2200: raises $2 to $3
uuzka: folds 
Supermegopro: folds 
joaquin612: folds 
Uncalled bet ($2) returned to Lopes2200
Lopes2200 collected $2.50 from pot
*** SUMMARY ***
Total pot $2.50 | Rake $0 
Seat 2: reeqar
Seat 1: uuzka (button) folded before Flop (didn't bet)
Seat 3: Supermegopro (small blind) folded before Flop
Seat 4: joaquin612 (big blind) folded before Flop
Seat 5: BeauParleur folded before Flop (didn't bet)
Seat 6: Lopes2200 collected ($2.50)



PokerStars Hand #254443058847:  Hold'em No Limit ($0.50/$1.00 USD) - 2025/01/19 4:29:19 WET [2025/01/18 23:29:19 ET]
Table 'Sigrid III' 6-max Seat #3 is the button
Seat 2: reeqar ($106.50 in chips) is sitting out
Seat 1: uuzka ($100 in chips) 
Seat 3: Supermegopro ($132.56 in chips) 
Seat 4: joaquin612 ($107.30 in chips) 
Seat 5: BeauParleur ($104 in chips) 
Seat 6: Lopes2200 ($180.31 in chips) 
joaquin612: posts small blind $0.50
BeauParleur: posts big blind $1
*** HOLE CARDS ***
Lopes2200: folds 
uuzka: folds 
Supermegopro: raises $1.50 to $2.50
joaquin612: folds 
BeauParleur: folds 
Uncalled bet ($1.50) returned to Supermegopro
Supermegopro collected $2.50 from pot
Supermegopro: doesn't show hand 
*** SUMMARY ***
Total pot $2.50 | Rake $0 
Seat 2: reeqar
Seat 1: uuzka folded before Flop (didn't bet)
Seat 3: Supermegopro (button) collected ($2.50)
Seat 4: joaquin612 (small blind) folded before Flop
Seat 5: BeauParleur (big blind) folded before Flop
Seat 6: Lopes2200 folded before Flop (didn't bet)



PokerStars Hand #254443060816:  Hold'em No Limit ($0.50/$1.00 USD) - 2025/01/19 4:29:37 WET [2025/01/18 23:29:37 ET]
Table 'Sigrid III' 6-max Seat #4 is the button
Seat 2: reeqar ($106.50 in chips) is sitting out
Seat 1: uuzka ($100 in chips) 
Seat 3: Supermegopro ($134.06 in chips) 
Seat 4: joaquin612 ($106.80 in chips) 
Seat 5: BeauParleur ($103 in chips) 
Seat 6: Lopes2200 ($180.31 in chips) 
BeauParleur: posts small blind $0.50
Lopes2200: posts big blind $1
*** HOLE CARDS ***
uuzka: folds 
Supermegopro: raises $1.50 to $2.50
joaquin612: calls $2.50
BeauParleur: folds 
Lopes2200: calls $1.50
*** FLOP *** [Qd Qs Kc]
Lopes2200: checks 
Supermegopro: checks 
joaquin612: checks 
*** TURN *** [Qd Qs Kc] [Qc]
Lopes2200: bets $4
Supermegopro: folds 
joaquin612: folds 
Uncalled bet ($4) returned to Lopes2200
Lopes2200 collected $7.60 from pot
*** SUMMARY ***
Total pot $8 | Rake $0.40 
Board [Qd Qs Kc Qc]
Seat 2: reeqar
Seat 1: uuzka folded before Flop (didn't bet)
Seat 3: Supermegopro folded on the Turn
Seat 4: joaquin612 (button) folded on the Turn
Seat 5: BeauParleur (small blind) folded before Flop
Seat 6: Lopes2200 (big blind) collected ($7.60)



PokerStars Hand #254443066511:  Hold'em No Limit ($0.50/$1.00 USD) - 2025/01/19 4:30:29 WET [2025/01/18 23:30:29 ET]
Table 'Sigrid III' 6-max Seat #5 is the button
Seat 2: reeqar ($106.50 in chips) is sitting out
Seat 1: uuzka ($100 in chips) 
Seat 3: Supermegopro ($131.56 in chips) 
Seat 4: joaquin612 ($104.30 in chips) 
Seat 5: BeauParleur ($102.50 in chips) 
Seat 6: Lopes2200 ($185.41 in chips) 
Lopes2200: posts small blind $0.50
uuzka: posts big blind $1
reeqar: sits out 
*** HOLE CARDS ***
Supermegopro: folds 
joaquin612: folds 
BeauParleur: folds 
Lopes2200: raises $2 to $3
uuzka: calls $2
*** FLOP *** [Jc 9c 7d]
Lopes2200: checks 
uuzka: checks 
*** TURN *** [Jc 9c 7d] [8d]
Lopes2200: checks 
uuzka: bets $1.87
Lopes2200: calls $1.87
*** RIVER *** [Jc 9c 7d 8d] [Jd]
Lopes2200: checks 
uuzka: bets $11.97
Lopes2200: folds 
Uncalled bet ($11.97) returned to uuzka
uuzka collected $9.25 from pot
uuzka: doesn't show hand 
*** SUMMARY ***
Total pot $9.74 | Rake $0.49 
Board [Jc 9c 7d 8d Jd]
Seat 2: reeqar
Seat 1: uuzka (big blind) collected ($9.25)
Seat 3: Supermegopro folded before Flop (didn't bet)
Seat 4: joaquin612 folded before Flop (didn't bet)
Seat 5: BeauParleur (button) folded before Flop (didn't bet)
Seat 6: Lopes2200 (small blind) folded on the River



PokerStars Hand #254443070666:  Hold'em No Limit ($0.50/$1.00 USD) - 2025/01/19 4:31:08 WET [2025/01/18 23:31:08 ET]
Table 'Sigrid III' 6-max Seat #6 is the button
Seat 1: uuzka ($104.38 in chips) 
Seat 2: reeqar ($106.50 in chips) 
Seat 3: Supermegopro ($131.56 in chips) 
Seat 4: joaquin612 ($104.30 in chips) 
Seat 5: BeauParleur ($102.50 in chips) 
Seat 6: Lopes2200 ($180.54 in chips) 
uuzka: posts small blind $0.50
reeqar: posts big blind $1
*** HOLE CARDS ***
Supermegopro: raises $1.50 to $2.50
joaquin612: folds 
BeauParleur: folds 
Lopes2200: raises $2.50 to $5
uuzka: folds 
reeqar: folds 
Supermegopro: calls $2.50
*** FLOP *** [3s 7s 6h]
Supermegopro: checks 
Lopes2200: bets $10.92
Supermegopro: folds 
Uncalled bet ($10.92) returned to Lopes2200
Lopes2200 collected $10.92 from pot
*** SUMMARY ***
Total pot $11.50 | Rake $0.58 
Board [3s 7s 6h]
Seat 1: uuzka (small blind) folded before Flop
Seat 2: reeqar (big blind) folded before Flop
Seat 3: Supermegopro folded on the Flop
Seat 4: joaquin612 folded before Flop (didn't bet)
Seat 5: BeauParleur folded before Flop (didn't bet)
Seat 6: Lopes2200 (button) collected ($10.92)



PokerStars Hand #254443074299:  Hold'em No Limit ($0.50/$1.00 USD) - 2025/01/19 4:31:43 WET [2025/01/18 23:31:43 ET]
Table 'Sigrid III' 6-max Seat #1 is the button
Seat 1: uuzka ($103.88 in chips) 
Seat 2: reeqar ($105.50 in chips) 
Seat 3: Supermegopro ($126.56 in chips) 
Seat 4: joaquin612 ($104.30 in chips) 
Seat 5: BeauParleur ($102.50 in chips) 
Seat 6: Lopes2200 ($186.46 in chips) 
reeqar: posts small blind $0.50
Supermegopro: posts big blind $1
*** HOLE CARDS ***
joaquin612: folds 
BeauParleur: raises $1 to $2
Lopes2200: raises $3 to $5
uuzka: folds 
reeqar: calls $4.50
Supermegopro: folds 
BeauParleur: folds 
*** FLOP *** [Th 5h 9d]
reeqar: checks 
Lopes2200: bets $12.35
reeqar: calls $12.35
*** TURN *** [Th 5h 9d] [3s]
reeqar: checks 
Lopes2200: bets $17.91
reeqar: raises $29.73 to $47.64
Lopes2200: folds 
Uncalled bet ($29.73) returned to reeqar
reeqar collected $71.02 from pot
reeqar: doesn't show hand 
*** SUMMARY ***
Total pot $73.52 | Rake $2.50 
Board [Th 5h 9d 3s]
Seat 1: uuzka (button) folded before Flop (didn't bet)
Seat 2: reeqar (small blind) collected ($71.02)
Seat 3: Supermegopro (big blind) folded before Flop
Seat 4: joaquin612 folded before Flop (didn't bet)
Seat 5: BeauParleur folded before Flop
Seat 6: Lopes2200 folded on the Turn



PokerStars Hand #254443084965:  Hold'em No Limit ($0.50/$1.00 USD) - 2025/01/19 4:33:22 WET [2025/01/18 23:33:22 ET]
Table 'Sigrid III' 6-max Seat #2 is the button
Seat 1: uuzka ($103.88 in chips) 
Seat 2: reeqar ($141.26 in chips) 
Seat 3: Supermegopro ($125.56 in chips) 
Seat 4: joaquin612 ($104.30 in chips) 
Seat 5: BeauParleur ($100.50 in chips) 
Seat 6: Lopes2200 ($151.20 in chips) 
Supermegopro: posts small blind $0.50
joaquin612: posts big blind $1
*** HOLE CARDS ***
BeauParleur: folds 
Lopes2200: raises $2 to $3
uuzka: folds 
reeqar: folds 
Supermegopro: folds 
joaquin612: calls $2
*** FLOP *** [9h 5s 7c]
joaquin612: checks 
Lopes2200: checks 
*** TURN *** [9h 5s 7c] [3d]
joaquin612: bets $2.04
Lopes2200: calls $2.04
*** RIVER *** [9h 5s 7c 3d] [4s]
joaquin612: bets $3
Lopes2200: folds 
Uncalled bet ($3) returned to joaquin612
joaquin612 collected $10.05 from pot
joaquin612: doesn't show hand 
*** SUMMARY ***
Total pot $10.58 | Rake $0.53 
Board [9h 5s 7c 3d 4s]
Seat 1: uuzka folded before Flop (didn't bet)
Seat 2: reeqar (button) folded before Flop (didn't bet)
Seat 3: Supermegopro (small blind) folded before Flop
Seat 4: joaquin612 (big blind) collected ($10.05)
Seat 5: BeauParleur folded before Flop (didn't bet)
Seat 6: Lopes2200 folded on the River



PokerStars Hand #254443089023:  Hold'em No Limit ($0.50/$1.00 USD) - 2025/01/19 4:34:00 WET [2025/01/18 23:34:00 ET]
Table 'Sigrid III' 6-max Seat #3 is the button
Seat 1: uuzka ($103.88 in chips) 
Seat 2: reeqar ($141.26 in chips) 
Seat 3: Supermegopro ($125.06 in chips) 
Seat 4: joaquin612 ($109.31 in chips) 
Seat 5: BeauParleur ($100.50 in chips) 
Seat 6: Lopes2200 ($146.16 in chips) 
joaquin612: posts small blind $0.50
BeauParleur: posts big blind $1
*** HOLE CARDS ***
Lopes2200: raises $2 to $3
uuzka: folds 
reeqar: folds 
Supermegopro: raises $6 to $9
joaquin612: raises $15 to $24
BeauParleur: folds 
Lopes2200: folds 
Supermegopro: folds 
Uncalled bet ($15) returned to joaquin612
joaquin612 collected $22 from pot
joaquin612: doesn't show hand 
*** SUMMARY ***
Total pot $22 | Rake $0 
Seat 1: uuzka folded before Flop (didn't bet)
Seat 2: reeqar folded before Flop (didn't bet)
Seat 3: Supermegopro (button) folded before Flop
Seat 4: joaquin612 (small blind) collected ($22)
Seat 5: BeauParleur (big blind) folded before Flop
Seat 6: Lopes2200 folded before Flop



PokerStars Hand #254443091999:  Hold'em No Limit ($0.50/$1.00 USD) - 2025/01/19 4:34:27 WET [2025/01/18 23:34:27 ET]
Table 'Sigrid III' 6-max Seat #4 is the button
Seat 1: uuzka ($103.88 in chips) 
Seat 2: reeqar ($141.26 in chips) 
Seat 3: Supermegopro ($116.06 in chips) 
Seat 4: joaquin612 ($122.31 in chips) 
Seat 5: BeauParleur ($100 in chips) 
Seat 6: Lopes2200 ($143.16 in chips) 
BeauParleur: posts small blind $0.50
Lopes2200: posts big blind $1
*** HOLE CARDS ***
uuzka: folds 
reeqar: folds 
Supermegopro: raises $1.50 to $2.50
joaquin612: folds 
BeauParleur: folds 
Lopes2200: calls $1.50
*** FLOP *** [2d Tc Kh]
Lopes2200: checks 
Supermegopro: bets $1.72
Lopes2200: calls $1.72
*** TURN *** [2d Tc Kh] [8d]
Lopes2200: checks 
Supermegopro: bets $5.66
Lopes2200: folds 
Uncalled bet ($5.66) returned to Supermegopro
Supermegopro collected $8.49 from pot
Supermegopro: doesn't show hand 
*** SUMMARY ***
Total pot $8.94 | Rake $0.45 
Board [2d Tc Kh 8d]
Seat 1: uuzka folded before Flop (didn't bet)
Seat 2: reeqar folded before Flop (didn't bet)
Seat 3: Supermegopro collected ($8.49)
Seat 4: joaquin612 (button) folded before Flop (didn't bet)
Seat 5: BeauParleur (small blind) folded before Flop
Seat 6: Lopes2200 (big blind) folded on the Turn



PokerStars Hand #254443095781:  Hold'em No Limit ($0.50/$1.00 USD) - 2025/01/19 4:35:01 WET [2025/01/18 23:35:01 ET]
Table 'Sigrid III' 6-max Seat #5 is the button
Seat 1: uuzka ($103.88 in chips) 
Seat 2: reeqar ($141.26 in chips) 
Seat 3: Supermegopro ($120.33 in chips) 
Seat 4: joaquin612 ($122.31 in chips) 
Seat 5: BeauParleur ($100 in chips) 
Seat 6: Lopes2200 ($138.94 in chips) 
Lopes2200: posts small blind $0.50
uuzka: posts big blind $1
*** HOLE CARDS ***
reeqar: folds 
Supermegopro: folds 
joaquin612: folds 
BeauParleur: raises $1.50 to $2.50
Lopes2200: calls $2
uuzka: folds 
*** FLOP *** [6h 2h Th]
Lopes2200: checks 
BeauParleur: checks 
*** TURN *** [6h 2h Th] [7h]
Lopes2200: bets $5.70
BeauParleur: folds 
Uncalled bet ($5.70) returned to Lopes2200
Lopes2200 collected $5.70 from pot
*** SUMMARY ***
Total pot $6 | Rake $0.30 
Board [6h 2h Th 7h]
Seat 1: uuzka (big blind) folded before Flop
Seat 2: reeqar folded before Flop (didn't bet)
Seat 3: Supermegopro folded before Flop (didn't bet)
Seat 4: joaquin612 folded before Flop (didn't bet)
Seat 5: BeauParleur (button) folded on the Turn
Seat 6: Lopes2200 (small blind) collected ($5.70)



PokerStars Hand #254443100204:  Hold'em No Limit ($0.50/$1.00 USD) - 2025/01/19 4:35:42 WET [2025/01/18 23:35:42 ET]
Table 'Sigrid III' 6-max Seat #6 is the button
Seat 1: uuzka ($102.88 in chips) 
Seat 2: reeqar ($141.26 in chips) 
Seat 3: Supermegopro ($120.33 in chips) 
Seat 4: joaquin612 ($122.31 in chips) 
Seat 5: BeauParleur ($100 in chips) 
Seat 6: Lopes2200 ($142.14 in chips) 
uuzka: posts small blind $0.50
reeqar: posts big blind $1
*** HOLE CARDS ***
Supermegopro: folds 
joaquin612: raises $1.50 to $2.50
BeauParleur: folds 
Lopes2200: calls $2.50
uuzka: folds 
reeqar: folds 
*** FLOP *** [7h Qc 2s]
joaquin612: bets $2.04
Lopes2200: folds 
Uncalled bet ($2.04) returned to joaquin612
joaquin612 collected $6.18 from pot
joaquin612: doesn't show hand 
*** SUMMARY ***
Total pot $6.50 | Rake $0.32 
Board [7h Qc 2s]
Seat 1: uuzka (small blind) folded before Flop
Seat 2: reeqar (big blind) folded before Flop
Seat 3: Supermegopro folded before Flop (didn't bet)
Seat 4: joaquin612 collected ($6.18)
Seat 5: BeauParleur folded before Flop (didn't bet)
Seat 6: Lopes2200 (button) folded on the Flop



PokerStars Hand #254443103247:  Hold'em No Limit ($0.50/$1.00 USD) - 2025/01/19 4:36:09 WET [2025/01/18 23:36:09 ET]
Table 'Sigrid III' 6-max Seat #1 is the button
Seat 1: uuzka ($102.38 in chips) 
Seat 2: reeqar ($140.26 in chips) 
Seat 3: Supermegopro ($120.33 in chips) 
Seat 4: joaquin612 ($125.99 in chips) 
Seat 5: BeauParleur ($100 in chips) 
Seat 6: Lopes2200 ($139.64 in chips) 
reeqar: posts small blind $0.50
Supermegopro: posts big blind $1
*** HOLE CARDS ***
joaquin612: raises $1.50 to $2.50
BeauParleur: folds 
Lopes2200: folds 
uuzka: folds 
reeqar: folds 
Supermegopro: calls $1.50
*** FLOP *** [3c 2c Qh]
Supermegopro: checks 
joaquin612: bets $3.92
Supermegopro: calls $3.92
*** TURN *** [3c 2c Qh] [9c]
Supermegopro: checks 
joaquin612: checks 
*** RIVER *** [3c 2c Qh 9c] [8c]
Supermegopro: checks 
joaquin612: bets $9.50
Supermegopro: folds 
Uncalled bet ($9.50) returned to joaquin612
joaquin612 collected $12.67 from pot
joaquin612: doesn't show hand 
*** SUMMARY ***
Total pot $13.34 | Rake $0.67 
Board [3c 2c Qh 9c 8c]
Seat 1: uuzka (button) folded before Flop (didn't bet)
Seat 2: reeqar (small blind) folded before Flop
Seat 3: Supermegopro (big blind) folded on the River
Seat 4: joaquin612 collected ($12.67)
Seat 5: BeauParleur folded before Flop (didn't bet)
Seat 6: Lopes2200 folded before Flop (didn't bet)



PokerStars Hand #254443109896:  Hold'em No Limit ($0.50/$1.00 USD) - 2025/01/19 4:37:12 WET [2025/01/18 23:37:12 ET]
Table 'Sigrid III' 6-max Seat #2 is the button
Seat 1: uuzka ($102.38 in chips) 
Seat 2: reeqar ($139.76 in chips) 
Seat 3: Supermegopro ($113.91 in chips) 
Seat 4: joaquin612 ($132.24 in chips) 
Seat 5: BeauParleur ($100 in chips) 
Seat 6: Lopes2200 ($139.64 in chips) 
Supermegopro: posts small blind $0.50
joaquin612: posts big blind $1
*** HOLE CARDS ***
BeauParleur: folds 
Lopes2200: calls $1
uuzka: folds 
reeqar: folds 
Supermegopro: calls $0.50
joaquin612: checks 
*** FLOP *** [5c Ad Ac]
Supermegopro: checks 
joaquin612: checks 
Lopes2200: checks 
*** TURN *** [5c Ad Ac] [Jc]
Supermegopro: bets $1.90
joaquin612: folds 
Lopes2200: calls $1.90
*** RIVER *** [5c Ad Ac Jc] [Kd]
Supermegopro: bets $4.31
Lopes2200: folds 
Uncalled bet ($4.31) returned to Supermegopro
Supermegopro collected $6.46 from pot
Supermegopro: doesn't show hand 
*** SUMMARY ***
Total pot $6.80 | Rake $0.34 
Board [5c Ad Ac Jc Kd]
Seat 1: uuzka folded before Flop (didn't bet)
Seat 2: reeqar (button) folded before Flop (didn't bet)
Seat 3: Supermegopro (small blind) collected ($6.46)
Seat 4: joaquin612 (big blind) folded on the Turn
Seat 5: BeauParleur folded before Flop (didn't bet)
Seat 6: Lopes2200 folded on the River



PokerStars Hand #254443114573:  Hold'em No Limit ($0.50/$1.00 USD) - 2025/01/19 4:37:54 WET [2025/01/18 23:37:54 ET]
Table 'Sigrid III' 6-max Seat #3 is the button
Seat 5: BeauParleur ($100 in chips) is sitting out
Seat 1: uuzka ($102.38 in chips) 
Seat 2: reeqar ($139.76 in chips) 
Seat 3: Supermegopro ($117.47 in chips) 
Seat 4: joaquin612 ($131.24 in chips) 
Seat 6: Lopes2200 ($136.74 in chips) 
joaquin612: posts small blind $0.50
BeauParleur: is sitting out 
Lopes2200: posts big blind $1
*** HOLE CARDS ***
uuzka: folds 
reeqar: folds 
Supermegopro: raises $1.50 to $2.50
BeauParleur leaves the table
joaquin612: raises $8.50 to $11
Lopes2200: folds 
Supermegopro: folds 
Uncalled bet ($8.50) returned to joaquin612
joaquin612 collected $6 from pot
joaquin612: doesn't show hand 
*** SUMMARY ***
Total pot $6 | Rake $0 
Seat 5: BeauParleur
Seat 1: uuzka folded before Flop (didn't bet)
Seat 2: reeqar folded before Flop (didn't bet)
Seat 3: Supermegopro (button) folded before Flop
Seat 4: joaquin612 (small blind) collected ($6)
Seat 6: Lopes2200 (big blind) folded before Flop



PokerStars Hand #254443117115:  Hold'em No Limit ($0.50/$1.00 USD) - 2025/01/19 4:38:18 WET [2025/01/18 23:38:18 ET]
Table 'Sigrid III' 6-max Seat #4 is the button
Seat 1: uuzka ($102.38 in chips) 
Seat 2: reeqar ($139.76 in chips) 
Seat 3: Supermegopro ($114.97 in chips) 
Seat 4: joaquin612 ($134.74 in chips) 
Seat 6: Lopes2200 ($135.74 in chips) 
Lopes2200: posts small blind $0.50
uuzka: posts big blind $1
*** HOLE CARDS ***
reeqar: folds 
Supermegopro: folds 
joaquin612: folds 
Lopes2200: folds 
Uncalled bet ($0.50) returned to uuzka
uuzka collected $1 from pot
uuzka: doesn't show hand 
B1GBankroll joins the table at seat #5 
Lopes2200 leaves the table
*** SUMMARY ***
Total pot $1 | Rake $0 
Seat 1: uuzka (big blind) collected ($1)
Seat 2: reeqar folded before Flop (didn't bet)
Seat 3: Supermegopro folded before Flop (didn't bet)
Seat 4: joaquin612 (button) folded before Flop (didn't bet)
Seat 6: Lopes2200 (small blind) folded before Flop



PokerStars Hand #254443118248:  Hold'em No Limit ($0.50/$1.00 USD) - 2025/01/19 4:38:29 WET [2025/01/18 23:38:29 ET]
Table 'Sigrid III' 6-max Seat #1 is the button
Seat 5: B1GBankroll ($100 in chips) is sitting out
Seat 1: uuzka ($102.88 in chips) 
Seat 2: reeqar ($139.76 in chips) 
Seat 3: Supermegopro ($114.97 in chips) 
Seat 4: joaquin612 ($134.74 in chips) 
reeqar: posts small blind $0.50
Supermegopro: posts big blind $1
B1GBankroll: sits out 
*** HOLE CARDS ***
joaquin612: folds 
uuzka: raises $1.50 to $2.50
B1GBankroll leaves the table
reeqar: folds 
Supermegopro: folds 
Uncalled bet ($1.50) returned to uuzka
uuzka collected $2.50 from pot
uuzka: doesn't show hand 
*** SUMMARY ***
Total pot $2.50 | Rake $0 
Seat 5: B1GBankroll
Seat 1: uuzka (button) collected ($2.50)
Seat 2: reeqar (small blind) folded before Flop
Seat 3: Supermegopro (big blind) folded before Flop
Seat 4: joaquin612 folded before Flop (didn't bet)



PokerStars Hand #254443120006:  Hold'em No Limit ($0.50/$1.00 USD) - 2025/01/19 4:38:45 WET [2025/01/18 23:38:45 ET]
Table 'Sigrid III' 6-max Seat #2 is the button
Seat 4: joaquin612 ($134.74 in chips) is sitting out
Seat 1: uuzka ($104.38 in chips) 
Seat 2: reeqar ($139.26 in chips) 
Seat 3: Supermegopro ($113.97 in chips) 
Supermegopro: posts small blind $0.50
joaquin612: is sitting out 
uuzka: posts big blind $1
*** HOLE CARDS ***
reeqar: folds 
reeqar leaves the table
Supermegopro: raises $2 to $3
uuzka: folds 
Uncalled bet ($2) returned to Supermegopro
Supermegopro collected $2 from pot
Supermegopro: doesn't show hand 
*** SUMMARY ***
Total pot $2 | Rake $0 
Seat 4: joaquin612
Seat 1: uuzka (big blind) folded before Flop
Seat 2: reeqar (button) folded before Flop (didn't bet)
Seat 3: Supermegopro (small blind) collected ($2)



PokerStars Hand #254443144597:  Hold'em No Limit ($0.50/$1.00 USD) - 2025/01/19 4:42:38 WET [2025/01/18 23:42:38 ET]
Table 'Sigrid III' 6-max Seat #3 is the button
Seat 1: uuzka ($103.38 in chips) is sitting out
Seat 2: Bajjkorven ($50 in chips) 
Seat 3: Supermegopro ($114.97 in chips) 
Seat 4: Eredar5 ($100 in chips) 
Eredar5: posts small blind $0.50
uuzka: is sitting out 
B1GBankroll joins the table at seat #6 
Bajjkorven: posts big blind $1
*** HOLE CARDS ***
Supermegopro: folds 
Eredar5: raises $2 to $3
uuzka leaves the table
Bajjkorven: folds 
Uncalled bet ($2) returned to Eredar5
Eredar5 collected $2 from pot
Eredar5: doesn't show hand 
*** SUMMARY ***
Total pot $2 | Rake $0 
Seat 1: uuzka
Seat 2: Bajjkorven (big blind) folded before Flop
Seat 3: Supermegopro (button) folded before Flop (didn't bet)
Seat 4: Eredar5 (small blind) collected ($2)



PokerStars Hand #254443145811:  Hold'em No Limit ($0.50/$1.00 USD) - 2025/01/19 4:42:49 WET [2025/01/18 23:42:49 ET]
Table 'Sigrid III' 6-max Seat #4 is the button
Seat 6: B1GBankroll ($100 in chips) is sitting out
Seat 2: Bajjkorven ($49 in chips) 
Seat 3: Supermegopro ($114.97 in chips) 
Seat 4: Eredar5 ($101 in chips) 
Bajjkorven: posts small blind $0.50
Supermegopro: posts big blind $1
*** HOLE CARDS ***
Eredar5: folds 
Bajjkorven: folds 
Uncalled bet ($0.50) returned to Supermegopro
Supermegopro collected $1 from pot
Supermegopro: doesn't show hand 
*** SUMMARY ***
Total pot $1 | Rake $0 
Seat 6: B1GBankroll
Seat 2: Bajjkorven (small blind) folded before Flop
Seat 3: Supermegopro (big blind) collected ($1)
Seat 4: Eredar5 (button) folded before Flop (didn't bet)



PokerStars Hand #254443146598:  Hold'em No Limit ($0.50/$1.00 USD) - 2025/01/19 4:42:57 WET [2025/01/18 23:42:57 ET]
Table 'Sigrid III' 6-max Seat #2 is the button
Seat 4: Eredar5 ($101 in chips) is sitting out
Seat 2: Bajjkorven ($48.50 in chips) 
Seat 3: Supermegopro ($115.47 in chips) 
Seat 6: B1GBankroll ($100 in chips) 
Supermegopro: posts small blind $0.50
Eredar5: is sitting out 
B1GBankroll: posts big blind $1
*** HOLE CARDS ***
Bajjkorven: folds 
Eredar5 leaves the table
Supermegopro: folds 
Uncalled bet ($0.50) returned to B1GBankroll
B1GBankroll collected $1 from pot
B1GBankroll: doesn't show hand 
*** SUMMARY ***
Total pot $1 | Rake $0 
Seat 4: Eredar5
Seat 2: Bajjkorven (button) folded before Flop (didn't bet)
Seat 3: Supermegopro (small blind) folded before Flop
Seat 6: B1GBankroll (big blind) collected ($1)



PokerStars Hand #254443148205:  Hold'em No Limit ($0.50/$1.00 USD) - 2025/01/19 4:43:12 WET [2025/01/18 23:43:12 ET]
Table 'Sigrid III' 6-max Seat #3 is the button
Seat 2: Bajjkorven ($48.50 in chips) 
Seat 3: Supermegopro ($114.97 in chips) 
Seat 6: B1GBankroll ($100.50 in chips) 
B1GBankroll: posts small blind $0.50
Bajjkorven: posts big blind $1
*** HOLE CARDS ***
Sadyhov V.V. joins the table at seat #4 
Supermegopro: folds 
B1GBankroll: folds 
Uncalled bet ($0.50) returned to Bajjkorven
Bajjkorven collected $1 from pot
Bajjkorven: doesn't show hand 
*** SUMMARY ***
Total pot $1 | Rake $0 
Seat 2: Bajjkorven (big blind) collected ($1)
Seat 3: Supermegopro (button) folded before Flop (didn't bet)
Seat 6: B1GBankroll (small blind) folded before Flop



PokerStars Hand #254443149536:  Hold'em No Limit ($0.50/$1.00 USD) - 2025/01/19 4:43:24 WET [2025/01/18 23:43:24 ET]
Table 'Sigrid III' 6-max Seat #6 is the button
Seat 4: Sadyhov V.V. ($100 in chips) is sitting out
Seat 2: Bajjkorven ($49 in chips) 
Seat 3: Supermegopro ($114.97 in chips) 
Seat 6: B1GBankroll ($100 in chips) 
Bajjkorven: posts small blind $0.50
Supermegopro: posts big blind $1
Sadyhov V.V.: sits out 
*** HOLE CARDS ***
B1GBankroll: folds 
Bajjkorven: calls $0.50
Supermegopro has timed out
Supermegopro: checks 
*** FLOP *** [Qs 6h Ad]
Bajjkorven: checks 
Supermegopro: bets $1.27
Bajjkorven: folds 
Uncalled bet ($1.27) returned to Supermegopro
Supermegopro collected $1.90 from pot
Supermegopro: doesn't show hand 
*** SUMMARY ***
Total pot $2 | Rake $0.10 
Board [Qs 6h Ad]
Seat 4: Sadyhov V.V.
Seat 2: Bajjkorven (small blind) folded on the Flop
Seat 3: Supermegopro (big blind) collected ($1.90)
Seat 6: B1GBankroll (button) folded before Flop (didn't bet)



PokerStars Hand #254443155783:  Hold'em No Limit ($0.50/$1.00 USD) - 2025/01/19 4:44:24 WET [2025/01/18 23:44:24 ET]
Table 'Sigrid III' 6-max Seat #2 is the button
Seat 2: Bajjkorven ($48 in chips) 
Seat 3: Supermegopro ($115.87 in chips) 
Seat 4: Sadyhov V.V. ($100 in chips) 
Seat 6: B1GBankroll ($100 in chips) 
Supermegopro: posts small blind $0.50
Sadyhov V.V.: posts big blind $1
*** HOLE CARDS ***
B1GBankroll: folds 
Bajjkorven: calls $1
Supermegopro: folds 
Sadyhov V.V.: checks 
*** FLOP *** [5h Qd Jh]
Sadyhov V.V.: checks 
Bajjkorven: checks 
*** TURN *** [5h Qd Jh] [3s]
Sadyhov V.V.: checks 
Bajjkorven: checks 
*** RIVER *** [5h Qd Jh 3s] [6h]
Sadyhov V.V.: bets $1
Bajjkorven: folds 
Uncalled bet ($1) returned to Sadyhov V.V.
Sadyhov V.V. collected $2.38 from pot
Sadyhov V.V.: doesn't show hand 
*** SUMMARY ***
Total pot $2.50 | Rake $0.12 
Board [5h Qd Jh 3s 6h]
Seat 2: Bajjkorven (button) folded on the River
Seat 3: Supermegopro (small blind) folded before Flop
Seat 4: Sadyhov V.V. (big blind) collected ($2.38)
Seat 6: B1GBankroll folded before Flop (didn't bet)



PokerStars Hand #254443160195:  Hold'em No Limit ($0.50/$1.00 USD) - 2025/01/19 4:45:05 WET [2025/01/18 23:45:05 ET]
Table 'Sigrid III' 6-max Seat #3 is the button
Seat 6: B1GBankroll ($100 in chips) is sitting out
Seat 2: Bajjkorven ($47 in chips) 
Seat 3: Supermegopro ($115.37 in chips) 
Seat 4: Sadyhov V.V. ($101.38 in chips) 
Sadyhov V.V.: posts small blind $0.50
B1GBankroll: is sitting out 
Bajjkorven: posts big blind $1
*** HOLE CARDS ***
Supermegopro: folds 
B1GBankroll leaves the table
Sadyhov V.V.: raises $2 to $3
Felipe$Andre joins the table at seat #5 
Bajjkorven: folds 
Uncalled bet ($2) returned to Sadyhov V.V.
Sadyhov V.V. collected $2 from pot
Sadyhov V.V.: doesn't show hand 
*** SUMMARY ***
Total pot $2 | Rake $0 
Seat 6: B1GBankroll
Seat 2: Bajjkorven (big blind) folded before Flop
Seat 3: Supermegopro (button) folded before Flop (didn't bet)
Seat 4: Sadyhov V.V. (small blind) collected ($2)



PokerStars Hand #254443162815:  Hold'em No Limit ($0.50/$1.00 USD) - 2025/01/19 4:45:30 WET [2025/01/18 23:45:30 ET]
Table 'Sigrid III' 6-max Seat #4 is the button
Seat 5: Felipe$Andre ($100 in chips) is sitting out
Seat 2: Bajjkorven ($46 in chips) 
Seat 3: Supermegopro ($115.37 in chips) 
Seat 4: Sadyhov V.V. ($102.38 in chips) 
Bajjkorven: posts small blind $0.50
Supermegopro: posts big blind $1
*** HOLE CARDS ***
Sadyhov V.V.: folds 
Bajjkorven: folds 
Uncalled bet ($0.50) returned to Supermegopro
Supermegopro collected $1 from pot
Supermegopro: doesn't show hand 
*** SUMMARY ***
Total pot $1 | Rake $0 
Seat 5: Felipe$Andre
Seat 2: Bajjkorven (small blind) folded before Flop
Seat 3: Supermegopro (big blind) collected ($1)
Seat 4: Sadyhov V.V. (button) folded before Flop (didn't bet)



PokerStars Hand #254443164062:  Hold'em No Limit ($0.50/$1.00 USD) - 2025/01/19 4:45:42 WET [2025/01/18 23:45:42 ET]
Table 'Sigrid III' 6-max Seat #2 is the button
Seat 5: Felipe$Andre ($100 in chips) is sitting out
Seat 2: Bajjkorven ($45.50 in chips) 
Seat 3: Supermegopro ($115.87 in chips) 
Seat 4: Sadyhov V.V. ($102.38 in chips) 
Supermegopro: posts small blind $0.50
Sadyhov V.V.: posts big blind $1
Felipe$Andre: sits out 
*** HOLE CARDS ***
Bajjkorven: raises $1 to $2
Supermegopro: calls $1.50
Sadyhov V.V.: calls $1
*** FLOP *** [9h 7d 6h]
Supermegopro: checks 
Melenya joins the table at seat #6 
Sadyhov V.V.: checks 
Bajjkorven: checks 
*** TURN *** [9h 7d 6h] [5d]
Supermegopro: checks 
Sadyhov V.V.: checks 
Bajjkorven: checks 
*** RIVER *** [9h 7d 6h 5d] [As]
Supermegopro: checks 
Sadyhov V.V.: checks 
Bajjkorven: checks 
*** SHOW DOWN ***
Supermegopro: shows [5c Kc] (a pair of Fives)
Sadyhov V.V.: mucks hand 
Bajjkorven: shows [Ts Ac] (a pair of Aces)
Bajjkorven collected $5.70 from pot
*** SUMMARY ***
Total pot $6 | Rake $0.30 
Board [9h 7d 6h 5d As]
Seat 5: Felipe$Andre
Seat 2: Bajjkorven (button) showed [Ts Ac] and won ($5.70) with a pair of Aces
Seat 3: Supermegopro (small blind) showed [5c Kc] and lost with a pair of Fives
Seat 4: Sadyhov V.V. (big blind) mucked



PokerStars Hand #254443169978:  Hold'em No Limit ($0.50/$1.00 USD) - 2025/01/19 4:46:38 WET [2025/01/18 23:46:38 ET]
Table 'Sigrid III' 6-max Seat #3 is the button
Seat 6: Melenya ($100 in chips) is sitting out
Seat 2: Bajjkorven ($49.20 in chips) 
Seat 3: Supermegopro ($113.87 in chips) 
Seat 4: Sadyhov V.V. ($100.38 in chips) 
Seat 5: Felipe$Andre ($100 in chips) 
Sadyhov V.V.: posts small blind $0.50
Felipe$Andre: posts big blind $1
Melenya: sits out 
*** HOLE CARDS ***
Pon4uk.ua joins the table at seat #1 
Bajjkorven: folds 
Supermegopro: raises $1.50 to $2.50
Sadyhov V.V.: folds 
Felipe$Andre: folds 
Uncalled bet ($1.50) returned to Supermegopro
Supermegopro collected $2.50 from pot
Supermegopro: doesn't show hand 
*** SUMMARY ***
Total pot $2.50 | Rake $0 
Seat 6: Melenya
Seat 2: Bajjkorven folded before Flop (didn't bet)
Seat 3: Supermegopro (button) collected ($2.50)
Seat 4: Sadyhov V.V. (small blind) folded before Flop
Seat 5: Felipe$Andre (big blind) folded before Flop



PokerStars Hand #254443171788:  Hold'em No Limit ($0.50/$1.00 USD) - 2025/01/19 4:46:54 WET [2025/01/18 23:46:54 ET]
Table 'Sigrid III' 6-max Seat #4 is the button
Seat 1: Pon4uk.ua ($100 in chips) is sitting out
Seat 2: Bajjkorven ($49.20 in chips) 
Seat 3: Supermegopro ($115.37 in chips) 
Seat 4: Sadyhov V.V. ($100 in chips) 
Seat 5: Felipe$Andre ($100 in chips) 
Seat 6: Melenya ($100 in chips) 
Felipe$Andre: posts small blind $0.50
Melenya: posts big blind $1
Pon4uk.ua: sits out 
*** HOLE CARDS ***
Bajjkorven: folds 
Supermegopro: folds 
Sadyhov V.V.: folds 
Felipe$Andre: folds 
Uncalled bet ($0.50) returned to Melenya
Melenya collected $1 from pot
Melenya: doesn't show hand 
*** SUMMARY ***
Total pot $1 | Rake $0 
Seat 1: Pon4uk.ua
Seat 2: Bajjkorven folded before Flop (didn't bet)
Seat 3: Supermegopro folded before Flop (didn't bet)
Seat 4: Sadyhov V.V. (button) folded before Flop (didn't bet)
Seat 5: Felipe$Andre (small blind) folded before Flop
Seat 6: Melenya (big blind) collected ($1)



PokerStars Hand #254443172847:  Hold'em No Limit ($0.50/$1.00 USD) - 2025/01/19 4:47:04 WET [2025/01/18 23:47:04 ET]
Table 'Sigrid III' 6-max Seat #5 is the button
Seat 1: Pon4uk.ua ($100 in chips) 
Seat 2: Bajjkorven ($49.20 in chips) 
Seat 3: Supermegopro ($115.37 in chips) 
Seat 4: Sadyhov V.V. ($100 in chips) 
Seat 5: Felipe$Andre ($100 in chips) 
Seat 6: Melenya ($100.50 in chips) 
Melenya: posts small blind $0.50
Pon4uk.ua: posts big blind $1
*** HOLE CARDS ***
Bajjkorven: folds 
Supermegopro: folds 
Sadyhov V.V.: folds 
Felipe$Andre: folds 
Melenya: raises $2 to $3
Pon4uk.ua: calls $2
*** FLOP *** [7c Ad 7h]
Melenya: bets $1.90
Pon4uk.ua: calls $1.90
*** TURN *** [7c Ad 7h] [3h]
Melenya: checks 
Pon4uk.ua: checks 
*** RIVER *** [7c Ad 7h 3h] [9h]
Melenya: checks 
Pon4uk.ua: checks 
*** SHOW DOWN ***
Melenya: shows [9d 6d] (two pair, Nines and Sevens)
Pon4uk.ua: mucks hand 
Melenya collected $9.31 from pot
*** SUMMARY ***
Total pot $9.80 | Rake $0.49 
Board [7c Ad 7h 3h 9h]
Seat 1: Pon4uk.ua (big blind) mucked
Seat 2: Bajjkorven folded before Flop (didn't bet)
Seat 3: Supermegopro folded before Flop (didn't bet)
Seat 4: Sadyhov V.V. folded before Flop (didn't bet)
Seat 5: Felipe$Andre (button) folded before Flop (didn't bet)
Seat 6: Melenya (small blind) showed [9d 6d] and won ($9.31) with two pair, Nines and Sevens



PokerStars Hand #254443177915:  Hold'em No Limit ($0.50/$1.00 USD) - 2025/01/19 4:47:53 WET [2025/01/18 23:47:53 ET]
Table 'Sigrid III' 6-max Seat #6 is the button
Seat 1: Pon4uk.ua ($100 in chips) 
Seat 2: Bajjkorven ($49.20 in chips) 
Seat 3: Supermegopro ($115.37 in chips) 
Seat 4: Sadyhov V.V. ($100 in chips) 
Seat 5: Felipe$Andre ($100 in chips) 
Seat 6: Melenya ($104.91 in chips) 
Pon4uk.ua: posts small blind $0.50
Bajjkorven: posts big blind $1
*** HOLE CARDS ***
Supermegopro: folds 
Sadyhov V.V.: folds 
Felipe$Andre: folds 
Melenya: folds 
Pon4uk.ua: raises $1.75 to $2.75
Bajjkorven: calls $1.75
*** FLOP *** [5d 4d 9s]
Pon4uk.ua: checks 
Bajjkorven: checks 
*** TURN *** [5d 4d 9s] [5c]
Pon4uk.ua: checks 
Bajjkorven: checks 
*** RIVER *** [5d 4d 9s 5c] [Jh]
Supermegopro leaves the table
Pon4uk.ua: checks 
Bajjkorven: checks 
*** SHOW DOWN ***
Pon4uk.ua: shows [7c Ah] (a pair of Fives)
Bajjkorven: shows [3c Ad] (a pair of Fives)
Pon4uk.ua collected $2.61 from pot
Bajjkorven collected $2.61 from pot
*** SUMMARY ***
Total pot $5.50 | Rake $0.28 
Board [5d 4d 9s 5c Jh]
Seat 1: Pon4uk.ua (small blind) showed [7c Ah] and won ($2.61) with a pair of Fives
Seat 2: Bajjkorven (big blind) showed [3c Ad] and won ($2.61) with a pair of Fives
Seat 3: Supermegopro folded before Flop (didn't bet)
Seat 4: Sadyhov V.V. folded before Flop (didn't bet)
Seat 5: Felipe$Andre folded before Flop (didn't bet)
Seat 6: Melenya (button) folded before Flop (didn't bet)



PokerStars Hand #254443183578:  Hold'em No Limit ($0.50/$1.00 USD) - 2025/01/19 4:48:47 WET [2025/01/18 23:48:47 ET]
Table 'Sigrid III' 6-max Seat #1 is the button
Seat 1: Pon4uk.ua ($100 in chips) 
Seat 2: Bajjkorven ($49.06 in chips) 
Seat 4: Sadyhov V.V. ($100 in chips) 
Seat 5: Felipe$Andre ($100 in chips) 
Seat 6: Melenya ($104.91 in chips) 
Bajjkorven: posts small blind $0.50
Sadyhov V.V.: posts big blind $1
*** HOLE CARDS ***
Felipe$Andre: folds 
Melenya: folds 
Pon4uk.ua: raises $1.50 to $2.50
Bajjkorven: folds 
Sadyhov V.V.: folds 
Uncalled bet ($1.50) returned to Pon4uk.ua
Pon4uk.ua collected $2.50 from pot
Pon4uk.ua: doesn't show hand 
*** SUMMARY ***
Total pot $2.50 | Rake $0 
Seat 1: Pon4uk.ua (button) collected ($2.50)
Seat 2: Bajjkorven (small blind) folded before Flop
Seat 4: Sadyhov V.V. (big blind) folded before Flop
Seat 5: Felipe$Andre folded before Flop (didn't bet)
Seat 6: Melenya folded before Flop (didn't bet)



PokerStars Hand #254443185114:  Hold'em No Limit ($0.50/$1.00 USD) - 2025/01/19 4:49:02 WET [2025/01/18 23:49:02 ET]
Table 'Sigrid III' 6-max Seat #2 is the button
Seat 1: Pon4uk.ua ($101.50 in chips) 
Seat 2: Bajjkorven ($48.56 in chips) 
Seat 4: Sadyhov V.V. ($100 in chips) 
Seat 5: Felipe$Andre ($100 in chips) 
Seat 6: Melenya ($104.91 in chips) 
Sadyhov V.V.: posts small blind $0.50
Felipe$Andre: posts big blind $1
*** HOLE CARDS ***
Melenya: raises $1 to $2
Pon4uk.ua: folds 
Bajjkorven: folds 
Sadyhov V.V.: raises $8 to $10
Felipe$Andre: raises $12 to $22
Melenya: folds 
Sadyhov V.V.: folds 
Uncalled bet ($12) returned to Felipe$Andre
Felipe$Andre collected $22 from pot
Felipe$Andre: doesn't show hand 
*** SUMMARY ***
Total pot $22 | Rake $0 
Seat 1: Pon4uk.ua folded before Flop (didn't bet)
Seat 2: Bajjkorven (button) folded before Flop (didn't bet)
Seat 4: Sadyhov V.V. (small blind) folded before Flop
Seat 5: Felipe$Andre (big blind) collected ($22)
Seat 6: Melenya folded before Flop



PokerStars Hand #254443188506:  Hold'em No Limit ($0.50/$1.00 USD) - 2025/01/19 4:49:34 WET [2025/01/18 23:49:34 ET]
Table 'Sigrid III' 6-max Seat #4 is the button
Seat 1: Pon4uk.ua ($101.50 in chips) 
Seat 2: Bajjkorven ($48.56 in chips) 
Seat 4: Sadyhov V.V. ($100 in chips) 
Seat 5: Felipe$Andre ($112 in chips) 
Seat 6: Melenya ($102.91 in chips) 
Felipe$Andre: posts small blind $0.50
Melenya: posts big blind $1
*** HOLE CARDS ***
Pon4uk.ua: folds 
All-In2835 joins the table at seat #3 
Bajjkorven: folds 
Sadyhov V.V.: folds 
Felipe$Andre: folds 
Uncalled bet ($0.50) returned to Melenya
Melenya collected $1 from pot
Melenya: doesn't show hand 
*** SUMMARY ***
Total pot $1 | Rake $0 
Seat 1: Pon4uk.ua folded before Flop (didn't bet)
Seat 2: Bajjkorven folded before Flop (didn't bet)
Seat 4: Sadyhov V.V. (button) folded before Flop (didn't bet)
Seat 5: Felipe$Andre (small blind) folded before Flop
Seat 6: Melenya (big blind) collected ($1)



PokerStars Hand #254443189831:  Hold'em No Limit ($0.50/$1.00 USD) - 2025/01/19 4:49:47 WET [2025/01/18 23:49:47 ET]
Table 'Sigrid III' 6-max Seat #5 is the button
Seat 3: All-In2835 ($100 in chips) is sitting out
Seat 1: Pon4uk.ua ($101.50 in chips) 
Seat 2: Bajjkorven ($48.56 in chips) 
Seat 4: Sadyhov V.V. ($100 in chips) 
Seat 5: Felipe$Andre ($111.50 in chips) 
Seat 6: Melenya ($103.41 in chips) 
Melenya: posts small blind $0.50
Pon4uk.ua: posts big blind $1
All-In2835: sits out 
*** HOLE CARDS ***
Bajjkorven: raises $1 to $2
Sadyhov V.V.: folds 
Felipe$Andre: folds 
Melenya: folds 
Pon4uk.ua: calls $1
*** FLOP *** [8s 6s 4c]
Pon4uk.ua: checks 
Bajjkorven: bets $1
Pon4uk.ua: folds 
Uncalled bet ($1) returned to Bajjkorven
Bajjkorven collected $4.28 from pot
Bajjkorven: doesn't show hand 
*** SUMMARY ***
Total pot $4.50 | Rake $0.22 
Board [8s 6s 4c]
Seat 3: All-In2835
Seat 1: Pon4uk.ua (big blind) folded on the Flop
Seat 2: Bajjkorven collected ($4.28)
Seat 4: Sadyhov V.V. folded before Flop (didn't bet)
Seat 5: Felipe$Andre (button) folded before Flop (didn't bet)
Seat 6: Melenya (small blind) folded before Flop



PokerStars Hand #254443193407:  Hold'em No Limit ($0.50/$1.00 USD) - 2025/01/19 4:50:23 WET [2025/01/18 23:50:23 ET]
Table 'Sigrid III' 6-max Seat #6 is the button
Seat 3: All-In2835 ($100 in chips) is sitting out
Seat 1: Pon4uk.ua ($100 in chips) 
Seat 2: Bajjkorven ($50.84 in chips) 
Seat 4: Sadyhov V.V. ($100 in chips) 
Seat 5: Felipe$Andre ($111.50 in chips) 
Seat 6: Melenya ($102.91 in chips) 
Pon4uk.ua: posts small blind $0.50
Bajjkorven: posts big blind $1
All-In2835: sits out 
*** HOLE CARDS ***
Sadyhov V.V.: raises $1.50 to $2.50
Felipe$Andre: folds 
Melenya: folds 
Pon4uk.ua: folds 
Bajjkorven: calls $1.50
*** FLOP *** [Js Jd 3s]
Bajjkorven: checks 
Sadyhov V.V.: bets $1.72
Bajjkorven: folds 
Uncalled bet ($1.72) returned to Sadyhov V.V.
Sadyhov V.V. collected $5.22 from pot
Sadyhov V.V.: doesn't show hand 
*** SUMMARY ***
Total pot $5.50 | Rake $0.28 
Board [Js Jd 3s]
Seat 3: All-In2835
Seat 1: Pon4uk.ua (small blind) folded before Flop
Seat 2: Bajjkorven (big blind) folded on the Flop
Seat 4: Sadyhov V.V. collected ($5.22)
Seat 5: Felipe$Andre folded before Flop (didn't bet)
Seat 6: Melenya (button) folded before Flop (didn't bet)



PokerStars Hand #254443197040:  Hold'em No Limit ($0.50/$1.00 USD) - 2025/01/19 4:50:57 WET [2025/01/18 23:50:57 ET]
Table 'Sigrid III' 6-max Seat #1 is the button
Seat 1: Pon4uk.ua ($100 in chips) 
Seat 2: Bajjkorven ($48.34 in chips) 
Seat 3: All-In2835 ($100 in chips) 
Seat 4: Sadyhov V.V. ($102.72 in chips) 
Seat 5: Felipe$Andre ($111.50 in chips) 
Seat 6: Melenya ($102.91 in chips) 
Bajjkorven: posts small blind $0.50
All-In2835: posts big blind $1
*** HOLE CARDS ***
Sadyhov V.V.: folds 
Felipe$Andre: folds 
Melenya: raises $1.30 to $2.30
Pon4uk.ua: raises $5.20 to $7.50
Bajjkorven: raises $5.20 to $12.70
All-In2835: folds 
Melenya: folds 
Pon4uk.ua: calls $5.20
*** FLOP *** [8s 5s Qc]
Bajjkorven: bets $1
Pon4uk.ua: calls $1
*** TURN *** [8s 5s Qc] [Th]
Bajjkorven: checks 
Pon4uk.ua: bets $45.20
Bajjkorven: folds 
Uncalled bet ($45.20) returned to Pon4uk.ua
Pon4uk.ua collected $29.16 from pot
Pon4uk.ua: doesn't show hand 
*** SUMMARY ***
Total pot $30.70 | Rake $1.54 
Board [8s 5s Qc Th]
Seat 1: Pon4uk.ua (button) collected ($29.16)
Seat 2: Bajjkorven (small blind) folded on the Turn
Seat 3: All-In2835 (big blind) folded before Flop
Seat 4: Sadyhov V.V. folded before Flop (didn't bet)
Seat 5: Felipe$Andre folded before Flop (didn't bet)
Seat 6: Melenya folded before Flop



PokerStars Hand #254443205963:  Hold'em No Limit ($0.50/$1.00 USD) - 2025/01/19 4:52:23 WET [2025/01/18 23:52:23 ET]
Table 'Sigrid III' 6-max Seat #2 is the button
Seat 1: Pon4uk.ua ($115.46 in chips) 
Seat 2: Bajjkorven ($34.64 in chips) 
Seat 3: All-In2835 ($99 in chips) 
Seat 4: Sadyhov V.V. ($102.72 in chips) 
Seat 5: Felipe$Andre ($111.50 in chips) 
Seat 6: Melenya ($100.61 in chips) 
All-In2835: posts small blind $0.50
Sadyhov V.V.: posts big blind $1
*** HOLE CARDS ***
Felipe$Andre: folds 
Melenya: folds 
Pon4uk.ua: folds 
Bajjkorven: folds 
All-In2835: folds 
Uncalled bet ($0.50) returned to Sadyhov V.V.
Sadyhov V.V. collected $1 from pot
Sadyhov V.V.: doesn't show hand 
*** SUMMARY ***
Total pot $1 | Rake $0 
Seat 1: Pon4uk.ua folded before Flop (didn't bet)
Seat 2: Bajjkorven (button) folded before Flop (didn't bet)
Seat 3: All-In2835 (small blind) folded before Flop
Seat 4: Sadyhov V.V. (big blind) collected ($1)
Seat 5: Felipe$Andre folded before Flop (didn't bet)
Seat 6: Melenya folded before Flop (didn't bet)



PokerStars Hand #254443207754:  Hold'em No Limit ($0.50/$1.00 USD) - 2025/01/19 4:52:40 WET [2025/01/18 23:52:40 ET]
Table 'Sigrid III' 6-max Seat #3 is the button
Seat 1: Pon4uk.ua ($115.46 in chips) 
Seat 2: Bajjkorven ($34.64 in chips) 
Seat 3: All-In2835 ($98.50 in chips) 
Seat 4: Sadyhov V.V. ($103.22 in chips) 
Seat 5: Felipe$Andre ($111.50 in chips) 
Seat 6: Melenya ($100.61 in chips) 
Sadyhov V.V.: posts small blind $0.50
Felipe$Andre: posts big blind $1
*** HOLE CARDS ***
Melenya: folds 
Pon4uk.ua has timed out
Pon4uk.ua: folds 
Bajjkorven: folds 
All-In2835: raises $1.50 to $2.50
Sadyhov V.V.: calls $2
Felipe$Andre: calls $1.50
*** FLOP *** [9d Tc 2h]
Sadyhov V.V.: checks 
Felipe$Andre: checks 
All-In2835: bets $3.25
Sadyhov V.V.: folds 
Felipe$Andre: folds 
Uncalled bet ($3.25) returned to All-In2835
All-In2835 collected $7.12 from pot
All-In2835: doesn't show hand 
*** SUMMARY ***
Total pot $7.50 | Rake $0.38 
Board [9d Tc 2h]
Seat 1: Pon4uk.ua folded before Flop (didn't bet)
Seat 2: Bajjkorven folded before Flop (didn't bet)
Seat 3: All-In2835 (button) collected ($7.12)
Seat 4: Sadyhov V.V. (small blind) folded on the Flop
Seat 5: Felipe$Andre (big blind) folded on the Flop
Seat 6: Melenya folded before Flop (didn't bet)



PokerStars Hand #254443214552:  Hold'em No Limit ($0.50/$1.00 USD) - 2025/01/19 4:53:46 WET [2025/01/18 23:53:46 ET]
Table 'Sigrid III' 6-max Seat #4 is the button
Seat 1: Pon4uk.ua ($115.46 in chips) 
Seat 2: Bajjkorven ($34.64 in chips) 
Seat 3: All-In2835 ($103.12 in chips) 
Seat 4: Sadyhov V.V. ($100.72 in chips) 
Seat 5: Felipe$Andre ($109 in chips) 
Seat 6: Melenya ($100.61 in chips) 
Felipe$Andre: posts small blind $0.50
Melenya: posts big blind $1
*** HOLE CARDS ***
Pon4uk.ua: folds 
Bajjkorven has timed out
Bajjkorven: folds 
All-In2835: folds 
Sadyhov V.V.: folds 
Felipe$Andre: folds 
Uncalled bet ($0.50) returned to Melenya
Melenya collected $1 from pot
Melenya: doesn't show hand 
*** SUMMARY ***
Total pot $1 | Rake $0 
Seat 1: Pon4uk.ua folded before Flop (didn't bet)
Seat 2: Bajjkorven folded before Flop (didn't bet)
Seat 3: All-In2835 folded before Flop (didn't bet)
Seat 4: Sadyhov V.V. (button) folded before Flop (didn't bet)
Seat 5: Felipe$Andre (small blind) folded before Flop
Seat 6: Melenya (big blind) collected ($1)



PokerStars Hand #254443216658:  Hold'em No Limit ($0.50/$1.00 USD) - 2025/01/19 4:54:07 WET [2025/01/18 23:54:07 ET]
Table 'Sigrid III' 6-max Seat #5 is the button
Seat 1: Pon4uk.ua ($115.46 in chips) 
Seat 2: Bajjkorven ($34.64 in chips) 
Seat 3: All-In2835 ($103.12 in chips) 
Seat 4: Sadyhov V.V. ($100.72 in chips) 
Seat 5: Felipe$Andre ($108.50 in chips) 
Seat 6: Melenya ($101.11 in chips) 
Melenya: posts small blind $0.50
Pon4uk.ua: posts big blind $1
*** HOLE CARDS ***
Bajjkorven: calls $1
All-In2835: raises $1.50 to $2.50
Sadyhov V.V.: folds 
Felipe$Andre: raises $5.50 to $8
Melenya: folds 
Pon4uk.ua: folds 
Bajjkorven: folds 
All-In2835: calls $5.50
*** FLOP *** [7s 2c Kd]
All-In2835: checks 
Felipe$Andre: bets $4.81
All-In2835: calls $4.81
*** TURN *** [7s 2c Kd] [8d]
All-In2835: checks 
Felipe$Andre: bets $20.03
All-In2835: calls $20.03
*** RIVER *** [7s 2c Kd 8d] [6h]
All-In2835: checks 
Felipe$Andre: bets $75.66 and is all-in
All-In2835: folds 
Uncalled bet ($75.66) returned to Felipe$Andre
Felipe$Andre collected $65.68 from pot
Felipe$Andre: doesn't show hand 
*** SUMMARY ***
Total pot $68.18 | Rake $2.50 
Board [7s 2c Kd 8d 6h]
Seat 1: Pon4uk.ua (big blind) folded before Flop
Seat 2: Bajjkorven folded before Flop
Seat 3: All-In2835 folded on the River
Seat 4: Sadyhov V.V. folded before Flop (didn't bet)
Seat 5: Felipe$Andre (button) collected ($65.68)
Seat 6: Melenya (small blind) folded before Flop



PokerStars Hand #254443227554:  Hold'em No Limit ($0.50/$1.00 USD) - 2025/01/19 4:56:02 WET [2025/01/18 23:56:02 ET]
Table 'Sigrid III' 6-max Seat #6 is the button
Seat 1: Pon4uk.ua ($114.46 in chips) 
Seat 2: Bajjkorven ($57.64 in chips) 
Seat 3: All-In2835 ($100 in chips) 
Seat 4: Sadyhov V.V. ($100.72 in chips) 
Seat 5: Felipe$Andre ($141.34 in chips) 
Seat 6: Melenya ($100.61 in chips) 
Pon4uk.ua: posts small blind $0.50
Bajjkorven: posts big blind $1
*** HOLE CARDS ***
All-In2835: folds 
Sadyhov V.V.: folds 
Felipe$Andre: folds 
Melenya: raises $1.50 to $2.50
Pon4uk.ua: folds 
Bajjkorven: calls $1.50
*** FLOP *** [Kh 8h 4d]
Bajjkorven: checks 
Melenya: checks 
*** TURN *** [Kh 8h 4d] [Tc]
Bajjkorven: bets $1
Melenya: raises $5.42 to $6.42
Bajjkorven: folds 
Uncalled bet ($5.42) returned to Melenya
Melenya collected $7.12 from pot
Melenya: doesn't show hand 
*** SUMMARY ***
Total pot $7.50 | Rake $0.38 
Board [Kh 8h 4d Tc]
Seat 1: Pon4uk.ua (small blind) folded before Flop
Seat 2: Bajjkorven (big blind) folded on the Turn
Seat 3: All-In2835 folded before Flop (didn't bet)
Seat 4: Sadyhov V.V. folded before Flop (didn't bet)
Seat 5: Felipe$Andre folded before Flop (didn't bet)
Seat 6: Melenya (button) collected ($7.12)



PokerStars Hand #254443232446:  Hold'em No Limit ($0.50/$1.00 USD) - 2025/01/19 4:56:57 WET [2025/01/18 23:56:57 ET]
Table 'Sigrid III' 6-max Seat #1 is the button
Seat 5: Felipe$Andre ($141.34 in chips) is sitting out
Seat 1: Pon4uk.ua ($113.96 in chips) 
Seat 2: Bajjkorven ($54.14 in chips) 
Seat 3: All-In2835 ($100 in chips) 
Seat 4: Sadyhov V.V. ($100.72 in chips) 
Seat 6: Melenya ($104.23 in chips) 
Bajjkorven: posts small blind $0.50
All-In2835: posts big blind $1
*** HOLE CARDS ***
Sadyhov V.V.: folds 
Melenya: raises $1.30 to $2.30
Pon4uk.ua: folds 
Bajjkorven: calls $1.80
All-In2835: folds 
*** FLOP *** [Qc 7d Jh]
Bajjkorven: checks 
Melenya: checks 
*** TURN *** [Qc 7d Jh] [As]
Bajjkorven: bets $1
Melenya: calls $1
*** RIVER *** [Qc 7d Jh As] [8d]
Bajjkorven: bets $1
Melenya: calls $1
*** SHOW DOWN ***
Bajjkorven: shows [7c Kc] (a pair of Sevens)
Melenya: shows [9c Jc] (a pair of Jacks)
Melenya collected $9.12 from pot
*** SUMMARY ***
Total pot $9.60 | Rake $0.48 
Board [Qc 7d Jh As 8d]
Seat 5: Felipe$Andre
Seat 1: Pon4uk.ua (button) folded before Flop (didn't bet)
Seat 2: Bajjkorven (small blind) showed [7c Kc] and lost with a pair of Sevens
Seat 3: All-In2835 (big blind) folded before Flop
Seat 4: Sadyhov V.V. folded before Flop (didn't bet)
Seat 6: Melenya showed [9c Jc] and won ($9.12) with a pair of Jacks



PokerStars Hand #254443237520:  Hold'em No Limit ($0.50/$1.00 USD) - 2025/01/19 4:57:55 WET [2025/01/18 23:57:55 ET]
Table 'Sigrid III' 6-max Seat #2 is the button
Seat 5: Felipe$Andre ($141.34 in chips) is sitting out
Seat 1: Pon4uk.ua ($113.96 in chips) 
Seat 2: Bajjkorven ($49.84 in chips) 
Seat 3: All-In2835 ($99 in chips) 
Seat 4: Sadyhov V.V. ($100.72 in chips) 
Seat 6: Melenya ($109.05 in chips) 
All-In2835: posts small blind $0.50
Sadyhov V.V.: posts big blind $1
*** HOLE CARDS ***
Melenya: folds 
Pon4uk.ua: folds 
Bajjkorven: folds 
All-In2835: folds 
Uncalled bet ($0.50) returned to Sadyhov V.V.
Sadyhov V.V. collected $1 from pot
Sadyhov V.V.: doesn't show hand 
*** SUMMARY ***
Total pot $1 | Rake $0 
Seat 5: Felipe$Andre
Seat 1: Pon4uk.ua folded before Flop (didn't bet)
Seat 2: Bajjkorven (button) folded before Flop (didn't bet)
Seat 3: All-In2835 (small blind) folded before Flop
Seat 4: Sadyhov V.V. (big blind) collected ($1)
Seat 6: Melenya folded before Flop (didn't bet)



PokerStars Hand #254443238893:  Hold'em No Limit ($0.50/$1.00 USD) - 2025/01/19 4:58:11 WET [2025/01/18 23:58:11 ET]
Table 'Sigrid III' 6-max Seat #3 is the button
Seat 5: Felipe$Andre ($141.34 in chips) is sitting out
Seat 1: Pon4uk.ua ($113.96 in chips) 
Seat 2: Bajjkorven ($49.84 in chips) 
Seat 3: All-In2835 ($98.50 in chips) 
Seat 4: Sadyhov V.V. ($101.22 in chips) 
Seat 6: Melenya ($109.05 in chips) 
Sadyhov V.V.: posts small blind $0.50
Melenya: posts big blind $1
*** HOLE CARDS ***
Pon4uk.ua: raises $1 to $2
Bajjkorven: folds 
All-In2835: folds 
Sadyhov V.V.: raises $8 to $10
Melenya: folds 
Pon4uk.ua: raises $11 to $21
Sadyhov V.V.: folds 
Uncalled bet ($11) returned to Pon4uk.ua
Pon4uk.ua collected $21 from pot
Pon4uk.ua: doesn't show hand 
*** SUMMARY ***
Total pot $21 | Rake $0 
Seat 5: Felipe$Andre
Seat 1: Pon4uk.ua collected ($21)
Seat 2: Bajjkorven folded before Flop (didn't bet)
Seat 3: All-In2835 (button) folded before Flop (didn't bet)
Seat 4: Sadyhov V.V. (small blind) folded before Flop
Seat 6: Melenya (big blind) folded before Flop



PokerStars Hand #254443242345:  Hold'em No Limit ($0.50/$1.00 USD) - 2025/01/19 4:58:52 WET [2025/01/18 23:58:52 ET]
Table 'Sigrid III' 6-max Seat #4 is the button
Seat 5: Felipe$Andre ($141.34 in chips) is sitting out
Seat 1: Pon4uk.ua ($124.96 in chips) 
Seat 2: Bajjkorven ($49.84 in chips) 
Seat 3: All-In2835 ($98.50 in chips) 
Seat 4: Sadyhov V.V. ($100 in chips) 
Seat 6: Melenya ($108.05 in chips) 
Melenya: posts small blind $0.50
Pon4uk.ua: posts big blind $1
*** HOLE CARDS ***
Bajjkorven: folds 
All-In2835: folds 
Sadyhov V.V.: folds 
Melenya: folds 
Uncalled bet ($0.50) returned to Pon4uk.ua
Pon4uk.ua collected $1 from pot
Pon4uk.ua: doesn't show hand 
*** SUMMARY ***
Total pot $1 | Rake $0 
Seat 5: Felipe$Andre
Seat 1: Pon4uk.ua (big blind) collected ($1)
Seat 2: Bajjkorven folded before Flop (didn't bet)
Seat 3: All-In2835 folded before Flop (didn't bet)
Seat 4: Sadyhov V.V. (button) folded before Flop (didn't bet)
Seat 6: Melenya (small blind) folded before Flop



PokerStars Hand #254443244006:  Hold'em No Limit ($0.50/$1.00 USD) - 2025/01/19 4:59:11 WET [2025/01/18 23:59:11 ET]
Table 'Sigrid III' 6-max Seat #6 is the button
Seat 5: Felipe$Andre ($141.34 in chips) is sitting out
Seat 1: Pon4uk.ua ($125.46 in chips) 
Seat 2: Bajjkorven ($49.84 in chips) 
Seat 3: All-In2835 ($98.50 in chips) 
Seat 4: Sadyhov V.V. ($100 in chips) 
Seat 6: Melenya ($107.55 in chips) 
Pon4uk.ua: posts small blind $0.50
Bajjkorven: posts big blind $1
*** HOLE CARDS ***
All-In2835: raises $2 to $3
Sadyhov V.V.: folds 
Melenya: folds 
Pon4uk.ua: folds 
Bajjkorven: calls $2
*** FLOP *** [3h 8d 7s]
Bajjkorven: checks 
All-In2835: bets $2.75
Bajjkorven: calls $2.75
*** TURN *** [3h 8d 7s] [Qd]
Bajjkorven: checks 
All-In2835: bets $8
Bajjkorven: calls $8
*** RIVER *** [3h 8d 7s Qd] [8h]
Bajjkorven: checks 
All-In2835: checks 
*** SHOW DOWN ***
Bajjkorven: shows [Ks Qh] (two pair, Queens and Eights)
All-In2835: mucks hand 
Bajjkorven collected $26.60 from pot
*** SUMMARY ***
Total pot $28 | Rake $1.40 
Board [3h 8d 7s Qd 8h]
Seat 5: Felipe$Andre
Seat 1: Pon4uk.ua (small blind) folded before Flop
Seat 2: Bajjkorven (big blind) showed [Ks Qh] and won ($26.60) with two pair, Queens and Eights
Seat 3: All-In2835 mucked
Seat 4: Sadyhov V.V. folded before Flop (didn't bet)
Seat 6: Melenya (button) folded before Flop (didn't bet)



PokerStars Hand #254443250159:  Hold'em No Limit ($0.50/$1.00 USD) - 2025/01/19 5:00:21 WET [2025/01/19 0:00:21 ET]
Table 'Sigrid III' 6-max Seat #1 is the button
Seat 5: Felipe$Andre ($141.34 in chips) is sitting out
Seat 1: Pon4uk.ua ($124.96 in chips) 
Seat 2: Bajjkorven ($62.69 in chips) 
Seat 4: Sadyhov V.V. ($100 in chips) 
Seat 6: Melenya ($107.55 in chips) 
Bajjkorven: posts small blind $0.50
Sadyhov V.V.: posts big blind $1
*** HOLE CARDS ***
Melenya: raises $1.30 to $2.30
Pon4uk.ua: folds 
Bajjkorven: calls $1.80
Sadyhov V.V.: folds 
*** FLOP *** [5c 7c 5d]
Bajjkorven: checks 
Melenya: bets $1.33
Bajjkorven: calls $1.33
*** TURN *** [5c 7c 5d] [2h]
Bajjkorven: checks 
RobertByku2 joins the table at seat #3 
Melenya: checks 
*** RIVER *** [5c 7c 5d 2h] [2c]
Bajjkorven: checks 
Melenya: bets $11.78
Bajjkorven: folds 
Uncalled bet ($11.78) returned to Melenya
Melenya collected $7.85 from pot
Melenya: doesn't show hand 
*** SUMMARY ***
Total pot $8.26 | Rake $0.41 
Board [5c 7c 5d 2h 2c]
Seat 5: Felipe$Andre
Seat 1: Pon4uk.ua (button) folded before Flop (didn't bet)
Seat 2: Bajjkorven (small blind) folded on the River
Seat 4: Sadyhov V.V. (big blind) folded before Flop
Seat 6: Melenya collected ($7.85)



PokerStars Hand #254443255755:  Hold'em No Limit ($0.50/$1.00 USD) - 2025/01/19 5:01:18 WET [2025/01/19 0:01:18 ET]
Table 'Sigrid III' 6-max Seat #2 is the button
Seat 3: RobertByku2 ($100 in chips) is sitting out
Seat 1: Pon4uk.ua ($124.96 in chips) 
Seat 2: Bajjkorven ($59.06 in chips) 
Seat 4: Sadyhov V.V. ($100 in chips) 
Seat 5: Felipe$Andre ($141.34 in chips) 
Seat 6: Melenya ($111.77 in chips) 
Sadyhov V.V.: posts small blind $0.50
Felipe$Andre: posts big blind $1
*** HOLE CARDS ***
Melenya: raises $1 to $2
Pon4uk.ua: folds 
Bajjkorven: folds 
Sadyhov V.V.: folds 
Felipe$Andre: folds 
Uncalled bet ($1) returned to Melenya
Melenya collected $2.50 from pot
Melenya: doesn't show hand 
*** SUMMARY ***
Total pot $2.50 | Rake $0 
Seat 3: RobertByku2
Seat 1: Pon4uk.ua folded before Flop (didn't bet)
Seat 2: Bajjkorven (button) folded before Flop (didn't bet)
Seat 4: Sadyhov V.V. (small blind) folded before Flop
Seat 5: Felipe$Andre (big blind) folded before Flop
Seat 6: Melenya collected ($2.50)



PokerStars Hand #254443258089:  Hold'em No Limit ($0.50/$1.00 USD) - 2025/01/19 5:01:42 WET [2025/01/19 0:01:42 ET]
Table 'Sigrid III' 6-max Seat #4 is the button
Seat 3: RobertByku2 ($100 in chips) is sitting out
Seat 1: Pon4uk.ua ($124.96 in chips) 
Seat 2: Bajjkorven ($59.06 in chips) 
Seat 4: Sadyhov V.V. ($100 in chips) 
Seat 5: Felipe$Andre ($140.34 in chips) 
Seat 6: Melenya ($113.27 in chips) 
Felipe$Andre: posts small blind $0.50
Melenya: posts big blind $1
RobertByku2: sits out 
*** HOLE CARDS ***
Pon4uk.ua: folds 
Bajjkorven: folds 
Sadyhov V.V.: folds 
Felipe$Andre: folds 
Uncalled bet ($0.50) returned to Melenya
Melenya collected $1 from pot
Melenya: doesn't show hand 
*** SUMMARY ***
Total pot $1 | Rake $0 
Seat 3: RobertByku2
Seat 1: Pon4uk.ua folded before Flop (didn't bet)
Seat 2: Bajjkorven folded before Flop (didn't bet)
Seat 4: Sadyhov V.V. (button) folded before Flop (didn't bet)
Seat 5: Felipe$Andre (small blind) folded before Flop
Seat 6: Melenya (big blind) collected ($1)



PokerStars Hand #254443259418:  Hold'em No Limit ($0.50/$1.00 USD) - 2025/01/19 5:01:56 WET [2025/01/19 0:01:56 ET]
Table 'Sigrid III' 6-max Seat #5 is the button
Seat 3: RobertByku2 ($100 in chips) is sitting out
Seat 1: Pon4uk.ua ($124.96 in chips) 
Seat 2: Bajjkorven ($59.06 in chips) 
Seat 4: Sadyhov V.V. ($100 in chips) 
Seat 5: Felipe$Andre ($139.84 in chips) 
Seat 6: Melenya ($113.77 in chips) 
Melenya: posts small blind $0.50
Pon4uk.ua: posts big blind $1
RobertByku2: sits out 
*** HOLE CARDS ***
Bajjkorven: folds 
Sadyhov V.V.: folds 
Felipe$Andre: raises $1.50 to $2.50
Melenya: raises $9.50 to $12
Pon4uk.ua: folds 
Felipe$Andre: folds 
Uncalled bet ($9.50) returned to Melenya
Melenya collected $6 from pot
Melenya: doesn't show hand 
*** SUMMARY ***
Total pot $6 | Rake $0 
Seat 3: RobertByku2
Seat 1: Pon4uk.ua (big blind) folded before Flop
Seat 2: Bajjkorven folded before Flop (didn't bet)
Seat 4: Sadyhov V.V. folded before Flop (didn't bet)
Seat 5: Felipe$Andre (button) folded before Flop
Seat 6: Melenya (small blind) collected ($6)



PokerStars Hand #254443262225:  Hold'em No Limit ($0.50/$1.00 USD) - 2025/01/19 5:02:23 WET [2025/01/19 0:02:23 ET]
Table 'Sigrid III' 6-max Seat #6 is the button
Seat 3: RobertByku2 ($100 in chips) is sitting out
Seat 1: Pon4uk.ua ($123.96 in chips) 
Seat 2: Bajjkorven ($59.06 in chips) 
Seat 4: Sadyhov V.V. ($100 in chips) 
Seat 5: Felipe$Andre ($137.34 in chips) 
Seat 6: Melenya ($117.27 in chips) 
Pon4uk.ua: posts small blind $0.50
Bajjkorven: posts big blind $1
RobertByku2: sits out 
*** HOLE CARDS ***
Sadyhov V.V.: folds 
Felipe$Andre: folds 
Melenya: raises $1.50 to $2.50
Pon4uk.ua: folds 
Bajjkorven: calls $1.50
*** FLOP *** [Qh Ts 9h]
Bajjkorven: checks 
Melenya: bets $2.61
Bajjkorven: calls $2.61
*** TURN *** [Qh Ts 9h] [2c]
Bajjkorven: checks 
Melenya: bets $5.09
Bajjkorven: calls $5.09
*** RIVER *** [Qh Ts 9h 2c] [Td]
Bajjkorven: checks 
Melenya: checks 
*** SHOW DOWN ***
Bajjkorven: shows [9d Ah] (two pair, Tens and Nines)
Melenya: shows [Js Jd] (two pair, Jacks and Tens)
Melenya collected $19.86 from pot
*** SUMMARY ***
Total pot $20.90 | Rake $1.04 
Board [Qh Ts 9h 2c Td]
Seat 3: RobertByku2
Seat 1: Pon4uk.ua (small blind) folded before Flop
Seat 2: Bajjkorven (big blind) showed [9d Ah] and lost with two pair, Tens and Nines
Seat 4: Sadyhov V.V. folded before Flop (didn't bet)
Seat 5: Felipe$Andre folded before Flop (didn't bet)
Seat 6: Melenya (button) showed [Js Jd] and won ($19.86) with two pair, Jacks and Tens



PokerStars Hand #254443269951:  Hold'em No Limit ($0.50/$1.00 USD) - 2025/01/19 5:03:41 WET [2025/01/19 0:03:41 ET]
Table 'Sigrid III' 6-max Seat #1 is the button
Seat 1: Pon4uk.ua ($123.46 in chips) 
Seat 2: Bajjkorven ($48.86 in chips) 
Seat 3: RobertByku2 ($100 in chips) 
Seat 4: Sadyhov V.V. ($100 in chips) 
Seat 5: Felipe$Andre ($137.34 in chips) 
Seat 6: Melenya ($126.93 in chips) 
Bajjkorven: posts small blind $0.50
RobertByku2: posts big blind $1
*** HOLE CARDS ***
Sadyhov V.V.: folds 
Felipe$Andre: folds 
Melenya: folds 
Pon4uk.ua: folds 
Bajjkorven: folds 
Uncalled bet ($0.50) returned to RobertByku2
RobertByku2 collected $1 from pot
RobertByku2: doesn't show hand 
*** SUMMARY ***
Total pot $1 | Rake $0 
Seat 1: Pon4uk.ua (button) folded before Flop (didn't bet)
Seat 2: Bajjkorven (small blind) folded before Flop
Seat 3: RobertByku2 (big blind) collected ($1)
Seat 4: Sadyhov V.V. folded before Flop (didn't bet)
Seat 5: Felipe$Andre folded before Flop (didn't bet)
Seat 6: Melenya folded before Flop (didn't bet)



PokerStars Hand #254443272108:  Hold'em No Limit ($0.50/$1.00 USD) - 2025/01/19 5:04:03 WET [2025/01/19 0:04:03 ET]
Table 'Sigrid III' 6-max Seat #2 is the button
Seat 1: Pon4uk.ua ($123.46 in chips) 
Seat 2: Bajjkorven ($48.36 in chips) 
Seat 3: RobertByku2 ($100.50 in chips) 
Seat 4: Sadyhov V.V. ($100 in chips) 
Seat 5: Felipe$Andre ($137.34 in chips) 
Seat 6: Melenya ($126.93 in chips) 
RobertByku2: posts small blind $0.50
Sadyhov V.V.: posts big blind $1
*** HOLE CARDS ***
Felipe$Andre: raises $1.50 to $2.50
Melenya: folds 
Pon4uk.ua: folds 
Bajjkorven: calls $2.50
RobertByku2: folds 
Sadyhov V.V.: folds 
*** FLOP *** [As 2d Jd]
Felipe$Andre: bets $1.55
Bajjkorven: calls $1.55
*** TURN *** [As 2d Jd] [4d]
Felipe$Andre: bets $4.56
Bajjkorven: calls $4.56
*** RIVER *** [As 2d Jd 4d] [9s]
Felipe$Andre: checks 
Bajjkorven: checks 
*** SHOW DOWN ***
Felipe$Andre: shows [Kd Qc] (high card Ace)
Bajjkorven: shows [9h Td] (a pair of Nines)
Bajjkorven collected $17.78 from pot
*** SUMMARY ***
Total pot $18.72 | Rake $0.94 
Board [As 2d Jd 4d 9s]
Seat 1: Pon4uk.ua folded before Flop (didn't bet)
Seat 2: Bajjkorven (button) showed [9h Td] and won ($17.78) with a pair of Nines
Seat 3: RobertByku2 (small blind) folded before Flop
Seat 4: Sadyhov V.V. (big blind) folded before Flop
Seat 5: Felipe$Andre showed [Kd Qc] and lost with high card Ace
Seat 6: Melenya folded before Flop (didn't bet)



PokerStars Hand #254443277825:  Hold'em No Limit ($0.50/$1.00 USD) - 2025/01/19 5:05:01 WET [2025/01/19 0:05:01 ET]
Table 'Sigrid III' 6-max Seat #3 is the button
Seat 1: Pon4uk.ua ($123.46 in chips) 
Seat 2: Bajjkorven ($57.53 in chips) 
Seat 3: RobertByku2 ($100 in chips) 
Seat 4: Sadyhov V.V. ($100 in chips) 
Seat 5: Felipe$Andre ($128.73 in chips) 
Seat 6: Melenya ($126.93 in chips) 
Sadyhov V.V.: posts small blind $0.50
Felipe$Andre: posts big blind $1
*** HOLE CARDS ***
Melenya: folds 
Pon4uk.ua: folds 
Bajjkorven: folds 
RobertByku2: raises $1.30 to $2.30
Sadyhov V.V.: folds 
Felipe$Andre: folds 
Uncalled bet ($1.30) returned to RobertByku2
RobertByku2 collected $2.50 from pot
RobertByku2: doesn't show hand 
*** SUMMARY ***
Total pot $2.50 | Rake $0 
Seat 1: Pon4uk.ua folded before Flop (didn't bet)
Seat 2: Bajjkorven folded before Flop (didn't bet)
Seat 3: RobertByku2 (button) collected ($2.50)
Seat 4: Sadyhov V.V. (small blind) folded before Flop
Seat 5: Felipe$Andre (big blind) folded before Flop
Seat 6: Melenya folded before Flop (didn't bet)



PokerStars Hand #254443280220:  Hold'em No Limit ($0.50/$1.00 USD) - 2025/01/19 5:05:25 WET [2025/01/19 0:05:25 ET]
Table 'Sigrid III' 6-max Seat #4 is the button
Seat 6: Melenya ($126.93 in chips) is sitting out
Seat 1: Pon4uk.ua ($123.46 in chips) 
Seat 2: Bajjkorven ($57.53 in chips) 
Seat 3: RobertByku2 ($101.50 in chips) 
Seat 4: Sadyhov V.V. ($100 in chips) 
Seat 5: Felipe$Andre ($127.73 in chips) 
Felipe$Andre: posts small blind $0.50
Melenya: is sitting out 
Pon4uk.ua: posts big blind $1
*** HOLE CARDS ***
Melenya leaves the table
Bajjkorven: folds 
franbasualdo10 joins the table at seat #6 
franbasualdo10 is disconnected 
RobertByku2: folds 
Sadyhov V.V.: raises $1.50 to $2.50
Felipe$Andre: folds 
Pon4uk.ua: folds 
Uncalled bet ($1.50) returned to Sadyhov V.V.
Sadyhov V.V. collected $2.50 from pot
Sadyhov V.V.: doesn't show hand 
*** SUMMARY ***
Total pot $2.50 | Rake $0 
Seat 6: Melenya
Seat 1: Pon4uk.ua (big blind) folded before Flop
Seat 2: Bajjkorven folded before Flop (didn't bet)
Seat 3: RobertByku2 folded before Flop (didn't bet)
Seat 4: Sadyhov V.V. (button) collected ($2.50)
Seat 5: Felipe$Andre (small blind) folded before Flop



PokerStars Hand #254443283393:  Hold'em No Limit ($0.50/$1.00 USD) - 2025/01/19 5:05:56 WET [2025/01/19 0:05:56 ET]
Table 'Sigrid III' 6-max Seat #5 is the button
Seat 2: Bajjkorven ($57.53 in chips) is sitting out
Seat 6: franbasualdo10 ($48.59 in chips) is sitting out
Seat 1: Pon4uk.ua ($122.46 in chips) 
Seat 3: RobertByku2 ($101.50 in chips) 
Seat 4: Sadyhov V.V. ($101.50 in chips) 
Seat 5: Felipe$Andre ($127.23 in chips) 
Pon4uk.ua: posts small blind $0.50
Bajjkorven: is sitting out 
RobertByku2: posts big blind $1
*** HOLE CARDS ***
Sadyhov V.V.: folds 
Felipe$Andre: raises $1.50 to $2.50
Pon4uk.ua: calls $2
Bajjkorven leaves the table
RobertByku2: folds 
*** FLOP *** [7d 6s 5h]
Pon4uk.ua: checks 
Felipe$Andre: checks 
*** TURN *** [7d 6s 5h] [8c]
Pon4uk.ua: bets $2.85
Felipe$Andre: folds 
Uncalled bet ($2.85) returned to Pon4uk.ua
Pon4uk.ua collected $5.70 from pot
Pon4uk.ua: doesn't show hand 
*** SUMMARY ***
Total pot $6 | Rake $0.30 
Board [7d 6s 5h 8c]
Seat 2: Bajjkorven
Seat 6: franbasualdo10
Seat 1: Pon4uk.ua (small blind) collected ($5.70)
Seat 3: RobertByku2 (big blind) folded before Flop
Seat 4: Sadyhov V.V. folded before Flop (didn't bet)
Seat 5: Felipe$Andre (button) folded on the Turn



PokerStars Hand #254443287029:  Hold'em No Limit ($0.50/$1.00 USD) - 2025/01/19 5:06:33 WET [2025/01/19 0:06:33 ET]
Table 'Sigrid III' 6-max Seat #1 is the button
Seat 1: Pon4uk.ua ($125.66 in chips) 
Seat 3: RobertByku2 ($100.50 in chips) 
Seat 4: Sadyhov V.V. ($101.50 in chips) 
Seat 5: Felipe$Andre ($124.73 in chips) 
Seat 6: franbasualdo10 ($48.59 in chips) 
RobertByku2: posts small blind $0.50
Sadyhov V.V.: posts big blind $1
franbasualdo10: posts big blind $1
*** HOLE CARDS ***
Felipe$Andre: raises $3 to $4
franbasualdo10: folds 
Pon4uk.ua: folds 
RobertByku2: folds 
Sadyhov V.V.: folds 
Uncalled bet ($3) returned to Felipe$Andre
Felipe$Andre collected $3.50 from pot
Felipe$Andre: doesn't show hand 
Supermegopro joins the table at seat #2 
*** SUMMARY ***
Total pot $3.50 | Rake $0 
Seat 1: Pon4uk.ua (button) folded before Flop (didn't bet)
Seat 3: RobertByku2 (small blind) folded before Flop
Seat 4: Sadyhov V.V. (big blind) folded before Flop
Seat 5: Felipe$Andre collected ($3.50)
Seat 6: franbasualdo10 folded before Flop (didn't bet)



PokerStars Hand #254443289895:  Hold'em No Limit ($0.50/$1.00 USD) - 2025/01/19 5:07:02 WET [2025/01/19 0:07:02 ET]
Table 'Sigrid III' 6-max Seat #3 is the button
Seat 2: Supermegopro ($115.37 in chips) is sitting out
Seat 1: Pon4uk.ua ($125.66 in chips) 
Seat 3: RobertByku2 ($100 in chips) 
Seat 4: Sadyhov V.V. ($100.50 in chips) 
Seat 5: Felipe$Andre ($127.23 in chips) 
Seat 6: franbasualdo10 ($47.59 in chips) 
Sadyhov V.V.: posts small blind $0.50
Felipe$Andre: posts big blind $1
Supermegopro: sits out 
*** HOLE CARDS ***
franbasualdo10: raises $1 to $2
Pon4uk.ua: folds 
RobertByku2: raises $4 to $6
Sadyhov V.V.: folds 
Felipe$Andre: folds 
franbasualdo10: folds 
Uncalled bet ($4) returned to RobertByku2
RobertByku2 collected $5.50 from pot
RobertByku2: doesn't show hand 
*** SUMMARY ***
Total pot $5.50 | Rake $0 
Seat 2: Supermegopro
Seat 1: Pon4uk.ua folded before Flop (didn't bet)
Seat 3: RobertByku2 (button) collected ($5.50)
Seat 4: Sadyhov V.V. (small blind) folded before Flop
Seat 5: Felipe$Andre (big blind) folded before Flop
Seat 6: franbasualdo10 folded before Flop



PokerStars Hand #254443291880:  Hold'em No Limit ($0.50/$1.00 USD) - 2025/01/19 5:07:22 WET [2025/01/19 0:07:22 ET]
Table 'Sigrid III' 6-max Seat #4 is the button
Seat 2: Supermegopro ($115.37 in chips) is sitting out
Seat 1: Pon4uk.ua ($125.66 in chips) 
Seat 3: RobertByku2 ($103.50 in chips) 
Seat 4: Sadyhov V.V. ($100 in chips) 
Seat 5: Felipe$Andre ($126.23 in chips) 
Seat 6: franbasualdo10 ($45.59 in chips) 
Felipe$Andre: posts small blind $0.50
franbasualdo10: posts big blind $1
Supermegopro: sits out 
*** HOLE CARDS ***
Pon4uk.ua: folds 
RobertByku2: folds 
Sadyhov V.V.: folds 
Felipe$Andre: folds 
Uncalled bet ($0.50) returned to franbasualdo10
franbasualdo10 collected $1 from pot
*** SUMMARY ***
Total pot $1 | Rake $0 
Seat 2: Supermegopro
Seat 1: Pon4uk.ua folded before Flop (didn't bet)
Seat 3: RobertByku2 folded before Flop (didn't bet)
Seat 4: Sadyhov V.V. (button) folded before Flop (didn't bet)
Seat 5: Felipe$Andre (small blind) folded before Flop
Seat 6: franbasualdo10 (big blind) collected ($1)



PokerStars Hand #254443292848:  Hold'em No Limit ($0.50/$1.00 USD) - 2025/01/19 5:07:32 WET [2025/01/19 0:07:32 ET]
Table 'Sigrid III' 6-max Seat #5 is the button
Seat 2: Supermegopro ($115.37 in chips) is sitting out
Seat 1: Pon4uk.ua ($125.66 in chips) 
Seat 3: RobertByku2 ($103.50 in chips) 
Seat 4: Sadyhov V.V. ($100 in chips) 
Seat 5: Felipe$Andre ($125.73 in chips) 
Seat 6: franbasualdo10 ($46.09 in chips) 
franbasualdo10: posts small blind $0.50
Pon4uk.ua: posts big blind $1
Supermegopro: sits out 
*** HOLE CARDS ***
RobertByku2: folds 
Sadyhov V.V.: folds 
Felipe$Andre: folds 
franbasualdo10: raises $1 to $2
Pon4uk.ua: calls $1
*** FLOP *** [Jd 2h Qh]
franbasualdo10: bets $2
Pon4uk.ua: calls $2
*** TURN *** [Jd 2h Qh] [Jh]
franbasualdo10: checks 
Pon4uk.ua: checks 
*** RIVER *** [Jd 2h Qh Jh] [6h]
franbasualdo10: checks 
Pon4uk.ua: checks 
*** SHOW DOWN ***
franbasualdo10: shows [Qd Jc] (a full house, Jacks full of Queens)
Pon4uk.ua: mucks hand 
franbasualdo10 collected $7.60 from pot
*** SUMMARY ***
Total pot $8 | Rake $0.40 
Board [Jd 2h Qh Jh 6h]
Seat 2: Supermegopro
Seat 1: Pon4uk.ua (big blind) mucked
Seat 3: RobertByku2 folded before Flop (didn't bet)
Seat 4: Sadyhov V.V. folded before Flop (didn't bet)
Seat 5: Felipe$Andre (button) folded before Flop (didn't bet)
Seat 6: franbasualdo10 (small blind) showed [Qd Jc] and won ($7.60) with a full house, Jacks full of Queens



PokerStars Hand #254443296844:  Hold'em No Limit ($0.50/$1.00 USD) - 2025/01/19 5:08:13 WET [2025/01/19 0:08:13 ET]
Table 'Sigrid III' 6-max Seat #6 is the button
Seat 1: Pon4uk.ua ($121.66 in chips) 
Seat 2: Supermegopro ($115.37 in chips) 
Seat 3: RobertByku2 ($103.50 in chips) 
Seat 4: Sadyhov V.V. ($100 in chips) 
Seat 5: Felipe$Andre ($125.73 in chips) 
Seat 6: franbasualdo10 ($49.69 in chips) 
Pon4uk.ua: posts small blind $0.50
Supermegopro: posts big blind $1
*** HOLE CARDS ***
RobertByku2: folds 
Sadyhov V.V.: folds 
Felipe$Andre: raises $1.50 to $2.50
franbasualdo10: folds 
Pon4uk.ua: raises $8.50 to $11
Supermegopro: folds 
Felipe$Andre: folds 
Uncalled bet ($8.50) returned to Pon4uk.ua
Pon4uk.ua collected $6 from pot
Pon4uk.ua: doesn't show hand 
*** SUMMARY ***
Total pot $6 | Rake $0 
Seat 1: Pon4uk.ua (small blind) collected ($6)
Seat 2: Supermegopro (big blind) folded before Flop
Seat 3: RobertByku2 folded before Flop (didn't bet)
Seat 4: Sadyhov V.V. folded before Flop (didn't bet)
Seat 5: Felipe$Andre folded before Flop
Seat 6: franbasualdo10 (button) folded before Flop (didn't bet)



PokerStars Hand #254443299951:  Hold'em No Limit ($0.50/$1.00 USD) - 2025/01/19 5:08:45 WET [2025/01/19 0:08:45 ET]
Table 'Sigrid III' 6-max Seat #1 is the button
Seat 3: RobertByku2 ($103.50 in chips) is sitting out
Seat 1: Pon4uk.ua ($125.16 in chips) 
Seat 2: Supermegopro ($114.37 in chips) 
Seat 4: Sadyhov V.V. ($100 in chips) 
Seat 5: Felipe$Andre ($123.23 in chips) 
Seat 6: franbasualdo10 ($49.69 in chips) 
Supermegopro: posts small blind $0.50
RobertByku2: is sitting out 
Sadyhov V.V.: posts big blind $1
*** HOLE CARDS ***
RobertByku2 leaves the table
Felipe$Andre: folds 
franbasualdo10: folds 
Pon4uk.ua: raises $1.50 to $2.50
Supermegopro: folds 
Sadyhov V.V.: folds 
Uncalled bet ($1.50) returned to Pon4uk.ua
Pon4uk.ua collected $2.50 from pot
Pon4uk.ua: doesn't show hand 
*** SUMMARY ***
Total pot $2.50 | Rake $0 
Seat 3: RobertByku2
Seat 1: Pon4uk.ua (button) collected ($2.50)
Seat 2: Supermegopro (small blind) folded before Flop
Seat 4: Sadyhov V.V. (big blind) folded before Flop
Seat 5: Felipe$Andre folded before Flop (didn't bet)
Seat 6: franbasualdo10 folded before Flop (didn't bet)



PokerStars Hand #254443302372:  Hold'em No Limit ($0.50/$1.00 USD) - 2025/01/19 5:09:09 WET [2025/01/19 0:09:09 ET]
Table 'Sigrid III' 6-max Seat #2 is the button
Seat 1: Pon4uk.ua ($126.66 in chips) 
Seat 2: Supermegopro ($113.87 in chips) 
Seat 4: Sadyhov V.V. ($100 in chips) 
Seat 5: Felipe$Andre ($123.23 in chips) 
Seat 6: franbasualdo10 ($49.69 in chips) 
Sadyhov V.V.: posts small blind $0.50
Felipe$Andre: posts big blind $1
*** HOLE CARDS ***
franbasualdo10: raises $1 to $2
Pon4uk.ua: folds 
Supermegopro: folds 
Sadyhov V.V.: folds 
Felipe$Andre: folds 
Uncalled bet ($1) returned to franbasualdo10
franbasualdo10 collected $2.50 from pot
*** SUMMARY ***
Total pot $2.50 | Rake $0 
Seat 1: Pon4uk.ua folded before Flop (didn't bet)
Seat 2: Supermegopro (button) folded before Flop (didn't bet)
Seat 4: Sadyhov V.V. (small blind) folded before Flop
Seat 5: Felipe$Andre (big blind) folded before Flop
Seat 6: franbasualdo10 collected ($2.50)



PokerStars Hand #254443304538:  Hold'em No Limit ($0.50/$1.00 USD) - 2025/01/19 5:09:31 WET [2025/01/19 0:09:31 ET]
Table 'Sigrid III' 6-max Seat #4 is the button
Seat 1: Pon4uk.ua ($126.66 in chips) 
Seat 2: Supermegopro ($113.87 in chips) 
Seat 4: Sadyhov V.V. ($100 in chips) 
Seat 5: Felipe$Andre ($122.23 in chips) 
Seat 6: franbasualdo10 ($51.19 in chips) 
Felipe$Andre: posts small blind $0.50
franbasualdo10: posts big blind $1
*** HOLE CARDS ***
Pon4uk.ua: folds 
Supermegopro: raises $1.50 to $2.50
Sadyhov V.V.: folds 
Felipe$Andre: folds 
franbasualdo10: folds 
Uncalled bet ($1.50) returned to Supermegopro
Supermegopro collected $2.50 from pot
Supermegopro: doesn't show hand 
*** SUMMARY ***
Total pot $2.50 | Rake $0 
Seat 1: Pon4uk.ua folded before Flop (didn't bet)
Seat 2: Supermegopro collected ($2.50)
Seat 4: Sadyhov V.V. (button) folded before Flop (didn't bet)
Seat 5: Felipe$Andre (small blind) folded before Flop
Seat 6: franbasualdo10 (big blind) folded before Flop



PokerStars Hand #254443307549:  Hold'em No Limit ($0.50/$1.00 USD) - 2025/01/19 5:10:01 WET [2025/01/19 0:10:01 ET]
Table 'Sigrid III' 6-max Seat #5 is the button
Seat 1: Pon4uk.ua ($126.66 in chips) is sitting out
Seat 2: Supermegopro ($115.37 in chips) 
Seat 4: Sadyhov V.V. ($100 in chips) 
Seat 5: Felipe$Andre ($121.73 in chips) 
Seat 6: franbasualdo10 ($50.19 in chips) 
franbasualdo10: posts small blind $0.50
Pon4uk.ua: is sitting out 
Supermegopro: posts big blind $1
*** HOLE CARDS ***
Sadyhov V.V.: folds 
Felipe$Andre: raises $1.50 to $2.50
franbasualdo10: calls $2
JoeBlack_MS joins the table at seat #3 
Supermegopro: calls $1.50
*** FLOP *** [Qd As 9s]
franbasualdo10: checks 
Supermegopro: checks 
Felipe$Andre: checks 
*** TURN *** [Qd As 9s] [Ac]
franbasualdo10: checks 
Supermegopro: checks 
Felipe$Andre: checks 
*** RIVER *** [Qd As 9s Ac] [4d]
franbasualdo10: bets $4
Supermegopro: folds 
Felipe$Andre: calls $4
*** SHOW DOWN ***
franbasualdo10: shows [Ah Qh] (a full house, Aces full of Queens)
Felipe$Andre: mucks hand 
franbasualdo10 collected $14.72 from pot
*** SUMMARY ***
Total pot $15.50 | Rake $0.78 
Board [Qd As 9s Ac 4d]
Seat 1: Pon4uk.ua
Seat 2: Supermegopro (big blind) folded on the River
Seat 4: Sadyhov V.V. folded before Flop (didn't bet)
Seat 5: Felipe$Andre (button) mucked
Seat 6: franbasualdo10 (small blind) showed [Ah Qh] and won ($14.72) with a full house, Aces full of Queens



PokerStars Hand #254443313552:  Hold'em No Limit ($0.50/$1.00 USD) - 2025/01/19 5:11:03 WET [2025/01/19 0:11:03 ET]
Table 'Sigrid III' 6-max Seat #6 is the button
Seat 1: Pon4uk.ua ($126.66 in chips) is sitting out
Seat 2: Supermegopro ($112.87 in chips) 
Seat 3: JoeBlack_MS ($100 in chips) 
Seat 4: Sadyhov V.V. ($100 in chips) 
Seat 5: Felipe$Andre ($115.23 in chips) 
Seat 6: franbasualdo10 ($58.41 in chips) 
Supermegopro: posts small blind $0.50
JoeBlack_MS: posts big blind $1
*** HOLE CARDS ***
Sadyhov V.V.: folds 
Felipe$Andre: raises $1.50 to $2.50
franbasualdo10: folds 
Supermegopro: folds 
JoeBlack_MS: folds 
Uncalled bet ($1.50) returned to Felipe$Andre
Felipe$Andre collected $2.50 from pot
Felipe$Andre: doesn't show hand 
*** SUMMARY ***
Total pot $2.50 | Rake $0 
Seat 1: Pon4uk.ua
Seat 2: Supermegopro (small blind) folded before Flop
Seat 3: JoeBlack_MS (big blind) folded before Flop
Seat 4: Sadyhov V.V. folded before Flop (didn't bet)
Seat 5: Felipe$Andre collected ($2.50)
Seat 6: franbasualdo10 (button) folded before Flop (didn't bet)



PokerStars Hand #254443315236:  Hold'em No Limit ($0.50/$1.00 USD) - 2025/01/19 5:11:21 WET [2025/01/19 0:11:21 ET]
Table 'Sigrid III' 6-max Seat #2 is the button
Seat 1: Pon4uk.ua ($126.66 in chips) is sitting out
Seat 4: Sadyhov V.V. ($100 in chips) is sitting out
Seat 2: Supermegopro ($112.37 in chips) 
Seat 3: JoeBlack_MS ($100 in chips) 
Seat 5: Felipe$Andre ($116.73 in chips) 
Seat 6: franbasualdo10 ($58.41 in chips) 
JoeBlack_MS: posts small blind $0.50
Sadyhov V.V.: is sitting out 
Felipe$Andre: posts big blind $1
*** HOLE CARDS ***
franbasualdo10: calls $1
Sadyhov V.V. leaves the table
Supermegopro: folds 
JoeBlack_MS: calls $0.50
Felipe$Andre: checks 
*** FLOP *** [4h Ah Qh]
JoeBlack_MS: checks 
Felipe$Andre: checks 
franbasualdo10: bets $1
JoeBlack_MS: calls $1
Felipe$Andre: folds 
*** TURN *** [4h Ah Qh] [5c]
JoeBlack_MS: checks 
franbasualdo10: bets $2
JoeBlack_MS: calls $2
*** RIVER *** [4h Ah Qh 5c] [7h]
JoeBlack_MS: checks 
franbasualdo10: checks 
*** SHOW DOWN ***
JoeBlack_MS: shows [Ad Jh] (a flush, Ace high)
franbasualdo10: mucks hand 
JoeBlack_MS collected $8.55 from pot
*** SUMMARY ***
Total pot $9 | Rake $0.45 
Board [4h Ah Qh 5c 7h]
Seat 1: Pon4uk.ua
Seat 4: Sadyhov V.V.
Seat 2: Supermegopro (button) folded before Flop (didn't bet)
Seat 3: JoeBlack_MS (small blind) showed [Ad Jh] and won ($8.55) with a flush, Ace high
Seat 5: Felipe$Andre (big blind) folded on the Flop
Seat 6: franbasualdo10 mucked



PokerStars Hand #254443319656:  Hold'em No Limit ($0.50/$1.00 USD) - 2025/01/19 5:12:07 WET [2025/01/19 0:12:07 ET]
Table 'Sigrid III' 6-max Seat #3 is the button
Seat 1: Pon4uk.ua ($126.66 in chips) is sitting out
Seat 2: Supermegopro ($112.37 in chips) 
Seat 3: JoeBlack_MS ($104.55 in chips) 
Seat 5: Felipe$Andre ($115.73 in chips) 
Seat 6: franbasualdo10 ($54.41 in chips) 
Felipe$Andre: posts small blind $0.50
franbasualdo10: posts big blind $1
*** HOLE CARDS ***
Supermegopro: folds 
JoeBlack_MS: raises $1.50 to $2.50
Felipe$Andre: folds 
franbasualdo10: calls $1.50
*** FLOP *** [9s Js 7d]
franbasualdo10: checks 
JoeBlack_MS: checks 
*** TURN *** [9s Js 7d] [4s]
franbasualdo10: bets $3
JoeBlack_MS: folds 
Uncalled bet ($3) returned to franbasualdo10
franbasualdo10 collected $5.22 from pot
*** SUMMARY ***
Total pot $5.50 | Rake $0.28 
Board [9s Js 7d 4s]
Seat 1: Pon4uk.ua
Seat 2: Supermegopro folded before Flop (didn't bet)
Seat 3: JoeBlack_MS (button) folded on the Turn
Seat 5: Felipe$Andre (small blind) folded before Flop
Seat 6: franbasualdo10 (big blind) collected ($5.22)



PokerStars Hand #254443323642:  Hold'em No Limit ($0.50/$1.00 USD) - 2025/01/19 5:12:48 WET [2025/01/19 0:12:48 ET]
Table 'Sigrid III' 6-max Seat #5 is the button
Seat 1: Pon4uk.ua ($126.66 in chips) is sitting out
Seat 2: Supermegopro ($112.37 in chips) 
Seat 3: JoeBlack_MS ($102.05 in chips) 
Seat 5: Felipe$Andre ($115.23 in chips) 
Seat 6: franbasualdo10 ($57.13 in chips) 
franbasualdo10: posts small blind $0.50
Supermegopro: posts big blind $1
*** HOLE CARDS ***
JoeBlack_MS: folds 
Felipe$Andre: raises $1.50 to $2.50
franbasualdo10: raises $4.50 to $7
Supermegopro: folds 
Felipe$Andre: calls $4.50
*** FLOP *** [8h Jh 8c]
franbasualdo10: checks 
Felipe$Andre: bets $3.58
franbasualdo10: calls $3.58
*** TURN *** [8h Jh 8c] [6h]
franbasualdo10: checks 
Felipe$Andre: checks 
*** RIVER *** [8h Jh 8c 6h] [9s]
franbasualdo10: bets $6
Felipe$Andre: calls $6
*** SHOW DOWN ***
franbasualdo10: shows [4c 4h] (two pair, Eights and Fours)
Felipe$Andre: shows [Ad Jd] (two pair, Jacks and Eights)
Felipe$Andre collected $33.16 from pot
*** SUMMARY ***
Total pot $34.16 | Rake $1 
Board [8h Jh 8c 6h 9s]
Seat 1: Pon4uk.ua
Seat 2: Supermegopro (big blind) folded before Flop
Seat 3: JoeBlack_MS folded before Flop (didn't bet)
Seat 5: Felipe$Andre (button) showed [Ad Jd] and won ($33.16) with two pair, Jacks and Eights
Seat 6: franbasualdo10 (small blind) showed [4c 4h] and lost with two pair, Eights and Fours



PokerStars Hand #254443329196:  Hold'em No Limit ($0.50/$1.00 USD) - 2025/01/19 5:13:45 WET [2025/01/19 0:13:45 ET]
Table 'Sigrid III' 6-max Seat #6 is the button
Seat 1: Pon4uk.ua ($126.66 in chips) is sitting out
Seat 2: Supermegopro ($111.37 in chips) 
Seat 3: JoeBlack_MS ($102.05 in chips) 
Seat 5: Felipe$Andre ($131.81 in chips) 
Seat 6: franbasualdo10 ($40.55 in chips) 
Supermegopro: posts small blind $0.50
JoeBlack_MS: posts big blind $1
*** HOLE CARDS ***
Felipe$Andre: folds 
franbasualdo10: folds 
Supermegopro: folds 
Uncalled bet ($0.50) returned to JoeBlack_MS
JoeBlack_MS collected $1 from pot
JoeBlack_MS: doesn't show hand 
*** SUMMARY ***
Total pot $1 | Rake $0 
Seat 1: Pon4uk.ua
Seat 2: Supermegopro (small blind) folded before Flop
Seat 3: JoeBlack_MS (big blind) collected ($1)
Seat 5: Felipe$Andre folded before Flop (didn't bet)
Seat 6: franbasualdo10 (button) folded before Flop (didn't bet)



PokerStars Hand #254443330103:  Hold'em No Limit ($0.50/$1.00 USD) - 2025/01/19 5:13:55 WET [2025/01/19 0:13:55 ET]
Table 'Sigrid III' 6-max Seat #2 is the button
Seat 1: Pon4uk.ua ($126.66 in chips) is sitting out
Seat 2: Supermegopro ($110.87 in chips) 
Seat 3: JoeBlack_MS ($102.55 in chips) 
Seat 5: Felipe$Andre ($131.81 in chips) 
Seat 6: franbasualdo10 ($40.55 in chips) 
JoeBlack_MS: posts small blind $0.50
Felipe$Andre: posts big blind $1
*** HOLE CARDS ***
franbasualdo10: raises $1 to $2
Supermegopro: folds 
JoeBlack_MS: folds 
Felipe$Andre: folds 
Uncalled bet ($1) returned to franbasualdo10
franbasualdo10 collected $2.50 from pot
*** SUMMARY ***
Total pot $2.50 | Rake $0 
Seat 1: Pon4uk.ua
Seat 2: Supermegopro (button) folded before Flop (didn't bet)
Seat 3: JoeBlack_MS (small blind) folded before Flop
Seat 5: Felipe$Andre (big blind) folded before Flop
Seat 6: franbasualdo10 collected ($2.50)



PokerStars Hand #254443331455:  Hold'em No Limit ($0.50/$1.00 USD) - 2025/01/19 5:14:08 WET [2025/01/19 0:14:08 ET]
Table 'Sigrid III' 6-max Seat #3 is the button
Seat 1: Pon4uk.ua ($126.66 in chips) is sitting out
Seat 2: Supermegopro ($110.87 in chips) 
Seat 3: JoeBlack_MS ($102.05 in chips) 
Seat 5: Felipe$Andre ($130.81 in chips) 
Seat 6: franbasualdo10 ($42.05 in chips) 
Felipe$Andre: posts small blind $0.50
franbasualdo10: posts big blind $1
*** HOLE CARDS ***
Supermegopro: folds 
Supermegopro leaves the table
JoeBlack_MS: folds 
JoeBlack_MS leaves the table
Felipe$Andre: folds 
Uncalled bet ($0.50) returned to franbasualdo10
franbasualdo10 collected $1 from pot
*** SUMMARY ***
Total pot $1 | Rake $0 
Seat 1: Pon4uk.ua
Seat 2: Supermegopro folded before Flop (didn't bet)
Seat 3: JoeBlack_MS (button) folded before Flop (didn't bet)
Seat 5: Felipe$Andre (small blind) folded before Flop
Seat 6: franbasualdo10 (big blind) collected ($1)



PokerStars Hand #254443332760:  Hold'em No Limit ($0.50/$1.00 USD) - 2025/01/19 5:14:21 WET [2025/01/19 0:14:21 ET]
Table 'Sigrid III' 6-max Seat #6 is the button
Seat 1: Pon4uk.ua ($126.66 in chips) is sitting out
Seat 5: Felipe$Andre ($130.31 in chips) 
Seat 6: franbasualdo10 ($42.55 in chips) 
franbasualdo10: posts small blind $0.50
Felipe$Andre: posts big blind $1
*** HOLE CARDS ***
franbasualdo10: folds 
Uncalled bet ($0.50) returned to Felipe$Andre
Felipe$Andre collected $1 from pot
Felipe$Andre: doesn't show hand 
*** SUMMARY ***
Total pot $1 | Rake $0 
Seat 1: Pon4uk.ua
Seat 5: Felipe$Andre (big blind) collected ($1)
Seat 6: franbasualdo10 (button) (small blind) folded before Flop



PokerStars Hand #254443333504:  Hold'em No Limit ($0.50/$1.00 USD) - 2025/01/19 5:14:29 WET [2025/01/19 0:14:29 ET]
Table 'Sigrid III' 6-max Seat #5 is the button
Seat 1: Pon4uk.ua ($126.66 in chips) is sitting out
Seat 5: Felipe$Andre ($130.81 in chips) 
Seat 6: franbasualdo10 ($42.05 in chips) 
Felipe$Andre: posts small blind $0.50
franbasualdo10: posts big blind $1
*** HOLE CARDS ***
Felipe$Andre: raises $1 to $2
franbasualdo10: raises $1 to $3
Felipe$Andre: calls $1
*** FLOP *** [7d 8d 6h]
franbasualdo10: checks 
Felipe$Andre: checks 
*** TURN *** [7d 8d 6h] [2d]
franbasualdo10: bets $3
Felipe$Andre: calls $3
*** RIVER *** [7d 8d 6h 2d] [8h]
franbasualdo10: bets $4
Felipe$Andre: calls $4
*** SHOW DOWN ***
franbasualdo10: shows [Ad As] (two pair, Aces and Eights)
Felipe$Andre: mucks hand 
franbasualdo10 collected $19 from pot
*** SUMMARY ***
Total pot $20 | Rake $1 
Board [7d 8d 6h 2d 8h]
Seat 1: Pon4uk.ua
Seat 5: Felipe$Andre (button) (small blind) mucked
Seat 6: franbasualdo10 (big blind) showed [Ad As] and won ($19) with two pair, Aces and Eights



PokerStars Hand #254443336702:  Hold'em No Limit ($0.50/$1.00 USD) - 2025/01/19 5:15:03 WET [2025/01/19 0:15:03 ET]
Table 'Sigrid III' 6-max Seat #6 is the button
Seat 1: Pon4uk.ua ($126.66 in chips) is sitting out
Seat 5: Felipe$Andre ($120.81 in chips) 
Seat 6: franbasualdo10 ($51.05 in chips) 
franbasualdo10: posts small blind $0.50
Felipe$Andre: posts big blind $1
*** HOLE CARDS ***
franbasualdo10: raises $1 to $2
Felipe$Andre: raises $6 to $8
franbasualdo10: calls $6
*** FLOP *** [7c 3h Ac]
Felipe$Andre: checks 
franbasualdo10: bets $5
Felipe$Andre: calls $5
*** TURN *** [7c 3h Ac] [7d]
Felipe$Andre: checks 
franbasualdo10: bets $5
Felipe$Andre: calls $5
*** RIVER *** [7c 3h Ac 7d] [Kc]
Felipe$Andre: checks 
franbasualdo10: checks 
*** SHOW DOWN ***
Felipe$Andre: shows [5s 5c] (two pair, Sevens and Fives)
franbasualdo10: shows [Ah Ks] (two pair, Aces and Kings)
franbasualdo10 collected $35 from pot
Pon4uk.ua leaves the table
*** SUMMARY ***
Total pot $36 | Rake $1 
Board [7c 3h Ac 7d Kc]
Seat 1: Pon4uk.ua
Seat 5: Felipe$Andre (big blind) showed [5s 5c] and lost with two pair, Sevens and Fives
Seat 6: franbasualdo10 (button) (small blind) showed [Ah Ks] and won ($35) with two pair, Aces and Kings



PokerStars Hand #254443404236:  Hold'em No Limit ($0.50/$1.00 USD) - 2025/01/19 5:26:46 WET [2025/01/19 0:26:46 ET]
Table 'Sigrid III' 6-max Seat #1 is the button
Seat 1: Supermegopro ($110.87 in chips) 
Seat 2: Eredar5 ($101 in chips) 
Seat 3: rostickkin ($103.95 in chips) 
Seat 4: steepfell ($100 in chips) 
Seat 6: JHGillis ($90.18 in chips) 
Eredar5: posts small blind $0.50
rostickkin: posts big blind $1
*** HOLE CARDS ***
steepfell: raises $1.50 to $2.50
JHGillis: folds 
Supermegopro: folds 
Eredar5: folds 
rostickkin: raises $9.50 to $12
steepfell: calls $9.50
*** FLOP *** [4d 9c 7d]
rostickkin: bets $11.87
steepfell: calls $11.87
*** TURN *** [4d 9c 7d] [9s]
rostickkin: bets $80.08 and is all-in
steepfell: folds 
Uncalled bet ($80.08) returned to rostickkin
rostickkin collected $45.83 from pot
rostickkin: doesn't show hand 
*** SUMMARY ***
Total pot $48.24 | Rake $2.41 
Board [4d 9c 7d 9s]
Seat 1: Supermegopro (button) folded before Flop (didn't bet)
Seat 2: Eredar5 (small blind) folded before Flop
Seat 3: rostickkin (big blind) collected ($45.83)
Seat 4: steepfell folded on the Turn
Seat 6: JHGillis folded before Flop (didn't bet)



PokerStars Hand #254443411567:  Hold'em No Limit ($0.50/$1.00 USD) - 2025/01/19 5:28:06 WET [2025/01/19 0:28:06 ET]
Table 'Sigrid III' 6-max Seat #2 is the button
Seat 1: Supermegopro ($110.87 in chips) 
Seat 2: Eredar5 ($100.50 in chips) 
Seat 3: rostickkin ($125.91 in chips) 
Seat 4: steepfell ($100 in chips) 
Seat 6: JHGillis ($90.18 in chips) 
rostickkin: posts small blind $0.50
steepfell: posts big blind $1
*** HOLE CARDS ***
CashfishT joins the table at seat #5 
JHGillis: folds 
Supermegopro: raises $1.50 to $2.50
Eredar5: raises $5 to $7.50
rostickkin: folds 
steepfell: raises $14.50 to $22
Supermegopro: folds 
JHGillis leaves the table
Eredar5: folds 
Uncalled bet ($14.50) returned to steepfell
steepfell collected $18 from pot
steepfell: doesn't show hand 
*** SUMMARY ***
Total pot $18 | Rake $0 
Seat 1: Supermegopro folded before Flop
Seat 2: Eredar5 (button) folded before Flop
Seat 3: rostickkin (small blind) folded before Flop
Seat 4: steepfell (big blind) collected ($18)
Seat 6: JHGillis folded before Flop (didn't bet)



PokerStars Hand #254442836426:  Hold'em No Limit ($0.50/$1.00 USD) - 2025/01/19 3:55:49 WET [2025/01/18 22:55:49 ET]
Table 'Sigrid III' 6-max Seat #1 is the button
Seat 5: rostickkin ($100 in chips) is sitting out
Seat 1: uuzka ($112.46 in chips) 
Seat 2: Münchner der 1. ($40.50 in chips) 
Seat 3: Supermegopro ($100 in chips) 
Seat 4: YoNa1996 ($40 in chips) 
Seat 6: B1GBankroll ($100 in chips) 
Münchner der 1.: posts small blind $0.50
Supermegopro: posts big blind $1
rostickkin: sits out 
*** HOLE CARDS ***
YoNa1996: folds 
B1GBankroll: folds 
uuzka: folds 
Münchner der 1.: calls $0.50
Supermegopro: checks 
*** FLOP *** [8d Jd Kc]
Münchner der 1.: bets $1
Supermegopro: folds 
Uncalled bet ($1) returned to Münchner der 1.
Münchner der 1. collected $1.88 from pot
*** SUMMARY ***
Total pot $2 | Rake $0.12 
Board [8d Jd Kc]
Seat 5: rostickkin
Seat 1: uuzka (button) folded before Flop (didn't bet)
Seat 2: Münchner der 1. (small blind) collected ($1.88)
Seat 3: Supermegopro (big blind) folded on the Flop
Seat 4: YoNa1996 folded before Flop (didn't bet)
Seat 6: B1GBankroll folded before Flop (didn't bet)



PokerStars Hand #254442838434:  Hold'em No Limit ($0.50/$1.00 USD) - 2025/01/19 3:56:09 WET [2025/01/18 22:56:09 ET]
Table 'Sigrid III' 6-max Seat #2 is the button
Seat 5: rostickkin ($100 in chips) is sitting out
Seat 1: uuzka ($112.46 in chips) 
Seat 2: Münchner der 1. ($41.38 in chips) 
Seat 3: Supermegopro ($100 in chips) 
Seat 4: YoNa1996 ($40 in chips) 
Seat 6: B1GBankroll ($100 in chips) 
Supermegopro: posts small blind $0.50
YoNa1996: posts big blind $1
rostickkin: sits out 
*** HOLE CARDS ***
B1GBankroll: folds 
uuzka: raises $1.50 to $2.50
Münchner der 1.: folds 
Supermegopro: folds 
YoNa1996: folds 
Uncalled bet ($1.50) returned to uuzka
uuzka collected $2.50 from pot
uuzka: doesn't show hand 
*** SUMMARY ***
Total pot $2.50 | Rake $0 
Seat 5: rostickkin
Seat 1: uuzka collected ($2.50)
Seat 2: Münchner der 1. (button) folded before Flop (didn't bet)
Seat 3: Supermegopro (small blind) folded before Flop
Seat 4: YoNa1996 (big blind) folded before Flop
Seat 6: B1GBankroll folded before Flop (didn't bet)



PokerStars Hand #254442839752:  Hold'em No Limit ($0.50/$1.00 USD) - 2025/01/19 3:56:23 WET [2025/01/18 22:56:23 ET]
Table 'Sigrid III' 6-max Seat #3 is the button
Seat 1: uuzka ($113.96 in chips) 
Seat 2: Münchner der 1. ($41.38 in chips) 
Seat 3: Supermegopro ($100 in chips) 
Seat 4: YoNa1996 ($39 in chips) 
Seat 5: rostickkin ($100 in chips) 
Seat 6: B1GBankroll ($100 in chips) 
YoNa1996: posts small blind $0.50
rostickkin: posts big blind $1
*** HOLE CARDS ***
B1GBankroll: folds 
uuzka: folds 
B1GBankroll leaves the table
Münchner der 1.: raises $2.50 to $3.50
Supermegopro: raises $7 to $10.50
YoNa1996: folds 
7bekon7 joins the table at seat #6 
rostickkin: folds 
Münchner der 1.: calls $7
*** FLOP *** [Qh 8s 2c]
Münchner der 1.: checks 
Supermegopro: bets $7.06
Münchner der 1.: calls $7.06
*** TURN *** [Qh 8s 2c] [2h]
Münchner der 1.: bets $19
Supermegopro: raises $38 to $57
Münchner der 1.: calls $4.82 and is all-in
Uncalled bet ($33.18) returned to Supermegopro
*** RIVER *** [Qh 8s 2c 2h] [3d]
*** SHOW DOWN ***
Münchner der 1.: shows [7h 6h] (a pair of Deuces)
Supermegopro: shows [Td Tc] (two pair, Tens and Deuces)
Supermegopro collected $81.76 from pot
*** SUMMARY ***
Total pot $84.26 | Rake $2.50 
Board [Qh 8s 2c 2h 3d]
Seat 1: uuzka folded before Flop (didn't bet)
Seat 2: Münchner der 1. showed [7h 6h] and lost with a pair of Deuces
Seat 3: Supermegopro (button) showed [Td Tc] and won ($81.76) with two pair, Tens and Deuces
Seat 4: YoNa1996 (small blind) folded before Flop
Seat 5: rostickkin (big blind) folded before Flop
Seat 6: B1GBankroll folded before Flop (didn't bet)



PokerStars Hand #254442844541:  Hold'em No Limit ($0.50/$1.00 USD) - 2025/01/19 3:57:10 WET [2025/01/18 22:57:10 ET]
Table 'Sigrid III' 6-max Seat #4 is the button
Seat 2: Münchner der 1. ($0 in chips) is sitting out
Seat 1: uuzka ($113.96 in chips) 
Seat 3: Supermegopro ($140.38 in chips) 
Seat 4: YoNa1996 ($38.50 in chips) 
Seat 5: rostickkin ($100 in chips) 
Seat 6: 7bekon7 ($100 in chips) 
rostickkin: posts small blind $0.50
7bekon7: posts big blind $1
*** HOLE CARDS ***
Münchner der 1. leaves the table
uuzka: folds 
Supermegopro: raises $1.50 to $2.50
YoNa1996: calls $2.50
rostickkin: folds 
7bekon7: raises $8 to $10.50
Supermegopro: folds 
YoNa1996: folds 
Uncalled bet ($8) returned to 7bekon7
7bekon7 collected $8 from pot
7bekon7: doesn't show hand 
*** SUMMARY ***
Total pot $8 | Rake $0 
Seat 2: Münchner der 1.
Seat 1: uuzka folded before Flop (didn't bet)
Seat 3: Supermegopro folded before Flop
Seat 4: YoNa1996 (button) folded before Flop
Seat 5: rostickkin (small blind) folded before Flop
Seat 6: 7bekon7 (big blind) collected ($8)



PokerStars Hand #254442848170:  Hold'em No Limit ($0.50/$1.00 USD) - 2025/01/19 3:57:47 WET [2025/01/18 22:57:47 ET]
Table 'Sigrid III' 6-max Seat #5 is the button
Seat 1: uuzka ($113.96 in chips) 
Seat 3: Supermegopro ($137.88 in chips) 
Seat 4: YoNa1996 ($36 in chips) 
Seat 5: rostickkin ($100 in chips) 
Seat 6: 7bekon7 ($105.50 in chips) 
7bekon7: posts small blind $0.50
uuzka: posts big blind $1
*** HOLE CARDS ***
Supermegopro: folds 
YoNa1996: folds 
rostickkin: folds 
YoNa1996 leaves the table
7bekon7: raises $2 to $3
uuzka: raises $6 to $9
7bekon7: folds 
Uncalled bet ($6) returned to uuzka
uuzka collected $6 from pot
uuzka: doesn't show hand 
*** SUMMARY ***
Total pot $6 | Rake $0 
Seat 1: uuzka (big blind) collected ($6)
Seat 3: Supermegopro folded before Flop (didn't bet)
Seat 4: YoNa1996 folded before Flop (didn't bet)
Seat 5: rostickkin (button) folded before Flop (didn't bet)
Seat 6: 7bekon7 (small blind) folded before Flop



PokerStars Hand #254442850271:  Hold'em No Limit ($0.50/$1.00 USD) - 2025/01/19 3:58:08 WET [2025/01/18 22:58:08 ET]
Table 'Sigrid III' 6-max Seat #6 is the button
Seat 1: uuzka ($116.96 in chips) 
Seat 3: Supermegopro ($137.88 in chips) 
Seat 5: rostickkin ($100 in chips) 
Seat 6: 7bekon7 ($102.50 in chips) 
uuzka: posts small blind $0.50
Supermegopro: posts big blind $1
*** HOLE CARDS ***
rostickkin: calls $1
7bekon7: raises $3 to $4
uuzka: folds 
Supermegopro: folds 
rostickkin: folds 
Uncalled bet ($3) returned to 7bekon7
7bekon7 collected $3.50 from pot
7bekon7: doesn't show hand 
*** SUMMARY ***
Total pot $3.50 | Rake $0 
Seat 1: uuzka (small blind) folded before Flop
Seat 3: Supermegopro (big blind) folded before Flop
Seat 5: rostickkin folded before Flop
Seat 6: 7bekon7 (button) collected ($3.50)



PokerStars Hand #254442853416:  Hold'em No Limit ($0.50/$1.00 USD) - 2025/01/19 3:58:39 WET [2025/01/18 22:58:39 ET]
Table 'Sigrid III' 6-max Seat #1 is the button
Seat 1: uuzka ($116.46 in chips) 
Seat 3: Supermegopro ($136.88 in chips) 
Seat 5: rostickkin ($100 in chips) 
Seat 6: 7bekon7 ($105 in chips) 
Supermegopro: posts small blind $0.50
rostickkin: posts big blind $1
*** HOLE CARDS ***
7bekon7: folds 
uuzka: folds 
Supermegopro: raises $2 to $3
rostickkin: calls $2
*** FLOP *** [Kc Tc 4c]
Supermegopro: checks 
rostickkin: bets $1.94
Supermegopro: calls $1.94
*** TURN *** [Kc Tc 4c] [9h]
Supermegopro: checks 
rostickkin: bets $13.52
Supermegopro: folds 
Uncalled bet ($13.52) returned to rostickkin
rostickkin collected $9.39 from pot
rostickkin: doesn't show hand 
*** SUMMARY ***
Total pot $9.88 | Rake $0.49 
Board [Kc Tc 4c 9h]
Seat 1: uuzka (button) folded before Flop (didn't bet)
Seat 3: Supermegopro (small blind) folded on the Turn
Seat 5: rostickkin (big blind) collected ($9.39)
Seat 6: 7bekon7 folded before Flop (didn't bet)



PokerStars Hand #254442857901:  Hold'em No Limit ($0.50/$1.00 USD) - 2025/01/19 3:59:24 WET [2025/01/18 22:59:24 ET]
Table 'Sigrid III' 6-max Seat #3 is the button
Seat 6: 7bekon7 ($105 in chips) is sitting out
Seat 1: uuzka ($116.46 in chips) 
Seat 3: Supermegopro ($131.94 in chips) 
Seat 5: rostickkin ($104.45 in chips) 
rostickkin: posts small blind $0.50
7bekon7: is sitting out 
uuzka: posts big blind $1
*** HOLE CARDS ***
Supermegopro: folds 
7bekon7 leaves the table
rostickkin: folds 
Uncalled bet ($0.50) returned to uuzka
uuzka collected $1 from pot
uuzka: doesn't show hand 
*** SUMMARY ***
Total pot $1 | Rake $0 
Seat 6: 7bekon7
Seat 1: uuzka (big blind) collected ($1)
Seat 3: Supermegopro (button) folded before Flop (didn't bet)
Seat 5: rostickkin (small blind) folded before Flop



PokerStars Hand #254442858644:  Hold'em No Limit ($0.50/$1.00 USD) - 2025/01/19 3:59:32 WET [2025/01/18 22:59:32 ET]
Table 'Sigrid III' 6-max Seat #5 is the button
Seat 1: uuzka ($116.96 in chips) 
Seat 3: Supermegopro ($131.94 in chips) 
Seat 5: rostickkin ($103.95 in chips) 
uuzka: posts small blind $0.50
Supermegopro: posts big blind $1
*** HOLE CARDS ***
rostickkin: folds 
uuzka: folds 
Uncalled bet ($0.50) returned to Supermegopro
Supermegopro collected $1 from pot
Supermegopro: doesn't show hand 
*** SUMMARY ***
Total pot $1 | Rake $0 
Seat 1: uuzka (small blind) folded before Flop
Seat 3: Supermegopro (big blind) collected ($1)
Seat 5: rostickkin (button) folded before Flop (didn't bet)



PokerStars Hand #254442860801:  Hold'em No Limit ($0.50/$1.00 USD) - 2025/01/19 3:59:53 WET [2025/01/18 22:59:53 ET]
Table 'Sigrid III' 6-max Seat #3 is the button
Seat 5: rostickkin ($103.95 in chips) is sitting out
Seat 1: uuzka ($116.46 in chips) 
Seat 3: Supermegopro ($132.44 in chips) 
Supermegopro: posts small blind $0.50
rostickkin: is sitting out 
uuzka: posts big blind $1
*** HOLE CARDS ***
Supermegopro: raises $2 to $3
rostickkin leaves the table
uuzka: folds 
Uncalled bet ($2) returned to Supermegopro
Supermegopro collected $2 from pot
Supermegopro: doesn't show hand 
*** SUMMARY ***
Total pot $2 | Rake $0 
Seat 5: rostickkin
Seat 1: uuzka (big blind) folded before Flop
Seat 3: Supermegopro (button) (small blind) collected ($2)



PokerStars Hand #254442861957:  Hold'em No Limit ($0.50/$1.00 USD) - 2025/01/19 4:00:05 WET [2025/01/18 23:00:05 ET]
Table 'Sigrid III' 6-max Seat #1 is the button
Seat 1: uuzka ($115.46 in chips) 
Seat 3: Supermegopro ($133.44 in chips) 
uuzka: posts small blind $0.50
Supermegopro: posts big blind $1
*** HOLE CARDS ***
uuzka: folds 
Uncalled bet ($0.50) returned to Supermegopro
Supermegopro collected $1 from pot
Supermegopro: doesn't show hand 
*** SUMMARY ***
Total pot $1 | Rake $0 
Seat 1: uuzka (button) (small blind) folded before Flop
Seat 3: Supermegopro (big blind) collected ($1)



PokerStars Hand #254442825734:  Hold'em No Limit ($0.50/$1.00 USD) - 2025/01/19 3:54:12 WET [2025/01/18 22:54:12 ET]
Table 'Sigrid III' 6-max Seat #4 is the button
Seat 3: Supermegopro ($100 in chips) is sitting out
Seat 1: uuzka ($100 in chips) 
Seat 4: YoNa1996 ($40 in chips) 
Seat 6: B1GBankroll ($100 in chips) 
B1GBankroll: posts small blind $0.50
uuzka: posts big blind $1
*** HOLE CARDS ***
YoNa1996: folds 
rostickkin joins the table at seat #5 
B1GBankroll: raises $2 to $3
uuzka: raises $6 to $9
B1GBankroll: calls $6
*** FLOP *** [Qc 7h 6d]
B1GBankroll: checks 
uuzka: bets $4.96
Münchner der 1. joins the table at seat #2 
Münchner der 1. is disconnected 
B1GBankroll: calls $4.96
*** TURN *** [Qc 7h 6d] [Jc]
B1GBankroll: checks 
uuzka: bets $17.95
B1GBankroll: folds 
Uncalled bet ($17.95) returned to uuzka
uuzka collected $26.92 from pot
uuzka: doesn't show hand 
*** SUMMARY ***
Total pot $27.92 | Rake $1 
Board [Qc 7h 6d Jc]
Seat 3: Supermegopro
Seat 1: uuzka (big blind) collected ($26.92)
Seat 4: YoNa1996 (button) folded before Flop (didn't bet)
Seat 6: B1GBankroll (small blind) folded on the Turn



PokerStars Hand #254442835324:  Hold'em No Limit ($0.50/$1.00 USD) - 2025/01/19 3:55:38 WET [2025/01/18 22:55:38 ET]
Table 'Sigrid III' 6-max Seat #6 is the button
Seat 3: Supermegopro ($100 in chips) is sitting out
Seat 5: rostickkin ($100 in chips) is sitting out
Seat 1: uuzka ($112.96 in chips) 
Seat 2: Münchner der 1. ($40 in chips) 
Seat 4: YoNa1996 ($40 in chips) 
Seat 6: B1GBankroll ($100 in chips) 
uuzka: posts small blind $0.50
Münchner der 1.: posts big blind $1
Supermegopro: sits out 
rostickkin: sits out 
*** HOLE CARDS ***
YoNa1996: folds 
B1GBankroll: folds 
uuzka: folds 
Uncalled bet ($0.50) returned to Münchner der 1.
Münchner der 1. collected $1 from pot
*** SUMMARY ***
Total pot $1 | Rake $0 
Seat 3: Supermegopro
Seat 5: rostickkin
Seat 1: uuzka (small blind) folded before Flop
Seat 2: Münchner der 1. (big blind) collected ($1)
Seat 4: YoNa1996 folded before Flop (didn't bet)
Seat 6: B1GBankroll (button) folded before Flop (didn't bet)



