PokerStars Hand #254459811065:  Hold'em No Limit ($0.50/$1.00 USD) - 2025/01/19 0:54:59 WET [2025/01/19 19:54:59 ET]
Table 'Jugurtha III' 6-max Seat #1 is the button
Seat 1: rrrro ($100.50 in chips) 
Seat 4: Aleqseuka ($100 in chips) 
rrrro: posts small blind $0.50
Aleqseuka: posts big blind $1
*** HOLE CARDS ***
rrrro: raises $1.50 to $2.50
Aleqseuka: raises $7.50 to $10
rrrro: folds 
Uncalled bet ($7.50) returned to Aleqseuka
Aleqseuka collected $5 from pot
Aleqseuka: doesn't show hand 
*** SUMMARY ***
Total pot $5 | Rake $0 
Seat 1: rrrro (button) (small blind) folded before Flop
Seat 4: Aleqseuka (big blind) collected ($5)



PokerStars Hand #254459816334:  Hold'em No Limit ($0.50/$1.00 USD) - 2025/01/19 0:55:35 WET [2025/01/19 19:55:35 ET]
Table 'Jugurtha III' 6-max Seat #4 is the button
Seat 1: rrrro ($100 in chips) 
Seat 4: Aleqseuka ($102.50 in chips) 
Aleqseuka: posts small blind $0.50
rrrro: posts big blind $1
*** HOLE CARDS ***
Aleqseuka: folds 
Uncalled bet ($0.50) returned to rrrro
rrrro collected $1 from pot
rrrro: doesn't show hand 
*** SUMMARY ***
Total pot $1 | Rake $0 
Seat 1: rrrro (big blind) collected ($1)
Seat 4: Aleqseuka (button) (small blind) folded before Flop



PokerStars Hand #254459817483:  Hold'em No Limit ($0.50/$1.00 USD) - 2025/01/19 0:55:44 WET [2025/01/19 19:55:44 ET]
Table 'Jugurtha III' 6-max Seat #1 is the button
Seat 1: rrrro ($100.50 in chips) 
Seat 4: Aleqseuka ($102 in chips) 
rrrro: posts small blind $0.50
Aleqseuka: posts big blind $1
*** HOLE CARDS ***
rrrro: raises $1.50 to $2.50
Aleqseuka: raises $7.50 to $10
rrrro: folds 
Uncalled bet ($7.50) returned to Aleqseuka
Aleqseuka collected $5 from pot
Aleqseuka: doesn't show hand 
*** SUMMARY ***
Total pot $5 | Rake $0 
Seat 1: rrrro (button) (small blind) folded before Flop
Seat 4: Aleqseuka (big blind) collected ($5)



PokerStars Hand #254459819442:  Hold'em No Limit ($0.50/$1.00 USD) - 2025/01/19 0:55:58 WET [2025/01/19 19:55:58 ET]
Table 'Jugurtha III' 6-max Seat #4 is the button
Seat 1: rrrro ($100 in chips) 
Seat 4: Aleqseuka ($104.50 in chips) 
Aleqseuka: posts small blind $0.50
rrrro: posts big blind $1
*** HOLE CARDS ***
Aleqseuka: folds 
Uncalled bet ($0.50) returned to rrrro
rrrro collected $1 from pot
rrrro: doesn't show hand 
*** SUMMARY ***
Total pot $1 | Rake $0 
Seat 1: rrrro (big blind) collected ($1)
Seat 4: Aleqseuka (button) (small blind) folded before Flop



PokerStars Hand #254459820238:  Hold'em No Limit ($0.50/$1.00 USD) - 2025/01/19 0:56:03 WET [2025/01/19 19:56:03 ET]
Table 'Jugurtha III' 6-max Seat #1 is the button
Seat 1: rrrro ($100.50 in chips) 
Seat 4: Aleqseuka ($104 in chips) 
rrrro: posts small blind $0.50
Aleqseuka: posts big blind $1
*** HOLE CARDS ***
rrrro: folds 
Uncalled bet ($0.50) returned to Aleqseuka
Aleqseuka collected $1 from pot
Aleqseuka: doesn't show hand 
*** SUMMARY ***
Total pot $1 | Rake $0 
Seat 1: rrrro (button) (small blind) folded before Flop
Seat 4: Aleqseuka (big blind) collected ($1)



PokerStars Hand #254459821003:  Hold'em No Limit ($0.50/$1.00 USD) - 2025/01/19 0:56:08 WET [2025/01/19 19:56:08 ET]
Table 'Jugurtha III' 6-max Seat #4 is the button
Seat 1: rrrro ($100 in chips) 
Seat 4: Aleqseuka ($104.50 in chips) 
Aleqseuka: posts small blind $0.50
rrrro: posts big blind $1
*** HOLE CARDS ***
Aleqseuka: raises $1.50 to $2.50
rrrro: raises $7.50 to $10
Aleqseuka: calls $7.50
*** FLOP *** [9h 3d 6d]
rrrro: bets $19
Espada Fish joins the table at seat #2 
Aleqseuka: folds 
Uncalled bet ($19) returned to rrrro
rrrro collected $19 from pot
rrrro: doesn't show hand 
*** SUMMARY ***
Total pot $20 | Rake $1 
Board [9h 3d 6d]
Seat 1: rrrro (big blind) collected ($19)
Seat 4: Aleqseuka (button) (small blind) folded on the Flop



PokerStars Hand #254459825576:  Hold'em No Limit ($0.50/$1.00 USD) - 2025/01/19 0:56:41 WET [2025/01/19 19:56:41 ET]
Table 'Jugurtha III' 6-max Seat #4 is the button
Seat 1: rrrro ($109 in chips) 
Seat 2: Espada Fish ($100 in chips) 
Seat 4: Aleqseuka ($100 in chips) 
rrrro: posts small blind $0.50
Espada Fish: posts big blind $1
*** HOLE CARDS ***
Aleqseuka: folds 
kamyu2117 joins the table at seat #6 
rrrro: folds 
Uncalled bet ($0.50) returned to Espada Fish
Espada Fish collected $1 from pot
Espada Fish: doesn't show hand 
*** SUMMARY ***
Total pot $1 | Rake $0 
Seat 1: rrrro (small blind) folded before Flop
Seat 2: Espada Fish (big blind) collected ($1)
Seat 4: Aleqseuka (button) folded before Flop (didn't bet)



PokerStars Hand #254459827197:  Hold'em No Limit ($0.50/$1.00 USD) - 2025/01/19 0:56:52 WET [2025/01/19 19:56:52 ET]
Table 'Jugurtha III' 6-max Seat #1 is the button
Seat 6: kamyu2117 ($100 in chips) is sitting out
Seat 1: rrrro ($108.50 in chips) 
Seat 2: Espada Fish ($100.50 in chips) 
Seat 4: Aleqseuka ($100 in chips) 
Espada Fish: posts small blind $0.50
Aleqseuka: posts big blind $1
kamyu2117: sits out 
*** HOLE CARDS ***
rrrro: folds 
Espada Fish: folds 
Uncalled bet ($0.50) returned to Aleqseuka
Aleqseuka collected $1 from pot
Aleqseuka: doesn't show hand 
*** SUMMARY ***
Total pot $1 | Rake $0 
Seat 6: kamyu2117
Seat 1: rrrro (button) folded before Flop (didn't bet)
Seat 2: Espada Fish (small blind) folded before Flop
Seat 4: Aleqseuka (big blind) collected ($1)



PokerStars Hand #254459828183:  Hold'em No Limit ($0.50/$1.00 USD) - 2025/01/19 0:56:59 WET [2025/01/19 19:56:59 ET]
Table 'Jugurtha III' 6-max Seat #2 is the button
Seat 1: rrrro ($108.50 in chips) 
Seat 2: Espada Fish ($100 in chips) 
Seat 4: Aleqseuka ($100.50 in chips) 
Seat 6: kamyu2117 ($100 in chips) 
Aleqseuka: posts small blind $0.50
kamyu2117: posts big blind $1
*** HOLE CARDS ***
rrrro: raises $1.30 to $2.30
Espada Fish: raises $5.70 to $8
Aleqseuka: folds 
kamyu2117: folds 
rrrro: folds 
Uncalled bet ($5.70) returned to Espada Fish
Espada Fish collected $6.10 from pot
Espada Fish: doesn't show hand 
*** SUMMARY ***
Total pot $6.10 | Rake $0 
Seat 1: rrrro folded before Flop
Seat 2: Espada Fish (button) collected ($6.10)
Seat 4: Aleqseuka (small blind) folded before Flop
Seat 6: kamyu2117 (big blind) folded before Flop



PokerStars Hand #254459831061:  Hold'em No Limit ($0.50/$1.00 USD) - 2025/01/19 0:57:19 WET [2025/01/19 19:57:19 ET]
Table 'Jugurtha III' 6-max Seat #4 is the button
Seat 1: rrrro ($106.20 in chips) 
Seat 2: Espada Fish ($103.80 in chips) 
Seat 4: Aleqseuka ($100 in chips) 
Seat 6: kamyu2117 ($99 in chips) 
kamyu2117: posts small blind $0.50
rrrro: posts big blind $1
*** HOLE CARDS ***
Espada Fish: raises $1.20 to $2.20
Aleqseuka: folds 
kamyu2117: folds 
rrrro: folds 
Uncalled bet ($1.20) returned to Espada Fish
iwolsing joins the table at seat #3 
Espada Fish collected $2.50 from pot
Espada Fish: doesn't show hand 
steepfell joins the table at seat #5 
*** SUMMARY ***
Total pot $2.50 | Rake $0 
Seat 1: rrrro (big blind) folded before Flop
Seat 2: Espada Fish collected ($2.50)
Seat 4: Aleqseuka (button) folded before Flop (didn't bet)
Seat 6: kamyu2117 (small blind) folded before Flop



PokerStars Hand #254459835800:  Hold'em No Limit ($0.50/$1.00 USD) - 2025/01/19 0:57:52 WET [2025/01/19 19:57:52 ET]
Table 'Jugurtha III' 6-max Seat #6 is the button
Seat 2: Espada Fish ($105.30 in chips) is sitting out
Seat 5: steepfell ($100 in chips) is sitting out
Seat 1: rrrro ($105.20 in chips) 
Seat 3: iwolsing ($99.75 in chips) 
Seat 4: Aleqseuka ($100 in chips) 
Seat 6: kamyu2117 ($98.50 in chips) 
rrrro: posts small blind $0.50
Espada Fish: is sitting out 
iwolsing: posts big blind $1
steepfell: sits out 
*** HOLE CARDS ***
Aleqseuka: folds 
Espada Fish leaves the table
kamyu2117: raises $2 to $3
rrrro: folds 
iwolsing: raises $6 to $9
kamyu2117: raises $14 to $23
iwolsing: raises $76.75 to $99.75 and is all-in
kamyu2117: folds 
Uncalled bet ($76.75) returned to iwolsing
iwolsing collected $46.50 from pot
iwolsing: doesn't show hand 
*** SUMMARY ***
Total pot $46.50 | Rake $0 
Seat 2: Espada Fish
Seat 5: steepfell
Seat 1: rrrro (small blind) folded before Flop
Seat 3: iwolsing (big blind) collected ($46.50)
Seat 4: Aleqseuka folded before Flop (didn't bet)
Seat 6: kamyu2117 (button) folded before Flop



PokerStars Hand #254459841709:  Hold'em No Limit ($0.50/$1.00 USD) - 2025/01/19 0:58:34 WET [2025/01/19 19:58:34 ET]
Table 'Jugurtha III' 6-max Seat #1 is the button
Seat 5: steepfell ($100 in chips) is sitting out
Seat 1: rrrro ($104.70 in chips) 
Seat 3: iwolsing ($123.25 in chips) 
Seat 4: Aleqseuka ($100 in chips) 
Seat 6: kamyu2117 ($100 in chips) 
iwolsing: posts small blind $0.50
Aleqseuka: posts big blind $1
steepfell: sits out 
*** HOLE CARDS ***
kamyu2117: folds 
rrrro: raises $1.50 to $2.50
iwolsing: folds 
Aleqseuka: folds 
Uncalled bet ($1.50) returned to rrrro
rrrro collected $2.50 from pot
rrrro: doesn't show hand 
*** SUMMARY ***
Total pot $2.50 | Rake $0 
Seat 5: steepfell
Seat 1: rrrro (button) collected ($2.50)
Seat 3: iwolsing (small blind) folded before Flop
Seat 4: Aleqseuka (big blind) folded before Flop
Seat 6: kamyu2117 folded before Flop (didn't bet)



PokerStars Hand #254459844848:  Hold'em No Limit ($0.50/$1.00 USD) - 2025/01/19 0:58:56 WET [2025/01/19 19:58:56 ET]
Table 'Jugurtha III' 6-max Seat #3 is the button
Seat 1: rrrro ($106.20 in chips) 
Seat 3: iwolsing ($122.75 in chips) 
Seat 4: Aleqseuka ($100 in chips) 
Seat 5: steepfell ($100 in chips) 
Seat 6: kamyu2117 ($100 in chips) 
Aleqseuka: posts small blind $0.50
steepfell: posts big blind $1
*** HOLE CARDS ***
kamyu2117: folds 
rrrro: folds 
iwolsing: raises $1 to $2
Aleqseuka: raises $8 to $10
steepfell: folds 
Mr_Dick666 joins the table at seat #2 
iwolsing: raises $112.75 to $122.75 and is all-in
Aleqseuka: folds 
Uncalled bet ($112.75) returned to iwolsing
iwolsing collected $21 from pot
iwolsing: doesn't show hand 
*** SUMMARY ***
Total pot $21 | Rake $0 
Seat 1: rrrro folded before Flop (didn't bet)
Seat 3: iwolsing (button) collected ($21)
Seat 4: Aleqseuka (small blind) folded before Flop
Seat 5: steepfell (big blind) folded before Flop
Seat 6: kamyu2117 folded before Flop (didn't bet)



PokerStars Hand #254459848336:  Hold'em No Limit ($0.50/$1.00 USD) - 2025/01/19 0:59:21 WET [2025/01/19 19:59:21 ET]
Table 'Jugurtha III' 6-max Seat #4 is the button
Seat 2: Mr_Dick666 ($100 in chips) is sitting out
Seat 1: rrrro ($106.20 in chips) 
Seat 3: iwolsing ($133.75 in chips) 
Seat 4: Aleqseuka ($100 in chips) 
Seat 5: steepfell ($100 in chips) 
Seat 6: kamyu2117 ($100 in chips) 
steepfell: posts small blind $0.50
kamyu2117: posts big blind $1
Mr_Dick666: sits out 
*** HOLE CARDS ***
rrrro: raises $1 to $2
iwolsing: folds 
Aleqseuka: folds 
steepfell: folds 
kamyu2117: raises $6 to $8
rrrro: calls $6
*** FLOP *** [7d 2d 2c]
kamyu2117: checks 
rrrro: checks 
*** TURN *** [7d 2d 2c] [Ad]
kamyu2117: bets $7.84
rrrro: folds 
Uncalled bet ($7.84) returned to kamyu2117
kamyu2117 collected $15.68 from pot
kamyu2117: doesn't show hand 
*** SUMMARY ***
Total pot $16.50 | Rake $0.82 
Board [7d 2d 2c Ad]
Seat 2: Mr_Dick666
Seat 1: rrrro folded on the Turn
Seat 3: iwolsing folded before Flop (didn't bet)
Seat 4: Aleqseuka (button) folded before Flop (didn't bet)
Seat 5: steepfell (small blind) folded before Flop
Seat 6: kamyu2117 (big blind) collected ($15.68)



PokerStars Hand #254459861819:  Hold'em No Limit ($0.50/$1.00 USD) - 2025/01/19 1:00:51 WET [2025/01/19 20:00:51 ET]
Table 'Jugurtha III' 6-max Seat #5 is the button
Seat 2: Mr_Dick666 ($100 in chips) is sitting out
Seat 1: rrrro ($100 in chips) 
Seat 3: iwolsing ($133.75 in chips) 
Seat 4: Aleqseuka ($100 in chips) 
Seat 5: steepfell ($100 in chips) 
Seat 6: kamyu2117 ($107.68 in chips) 
kamyu2117: posts small blind $0.50
rrrro: posts big blind $1
Mr_Dick666: sits out 
*** HOLE CARDS ***
iwolsing: raises $1 to $2
Aleqseuka: folds 
steepfell: raises $6 to $8
kamyu2117: raises $15 to $23
rrrro: folds 
iwolsing: folds 
steepfell: folds 
Uncalled bet ($15) returned to kamyu2117
kamyu2117 collected $19 from pot
kamyu2117: doesn't show hand 
*** SUMMARY ***
Total pot $19 | Rake $0 
Seat 2: Mr_Dick666
Seat 1: rrrro (big blind) folded before Flop
Seat 3: iwolsing folded before Flop
Seat 4: Aleqseuka folded before Flop (didn't bet)
Seat 5: steepfell (button) folded before Flop
Seat 6: kamyu2117 (small blind) collected ($19)



PokerStars Hand #254459866896:  Hold'em No Limit ($0.50/$1.00 USD) - 2025/01/19 1:01:21 WET [2025/01/19 20:01:21 ET]
Table 'Jugurtha III' 6-max Seat #6 is the button
Seat 1: rrrro ($100 in chips) 
Seat 2: Mr_Dick666 ($100 in chips) 
Seat 3: iwolsing ($131.75 in chips) 
Seat 4: Aleqseuka ($100 in chips) 
Seat 5: steepfell ($100 in chips) 
Seat 6: kamyu2117 ($118.68 in chips) 
rrrro: posts small blind $0.50
Mr_Dick666: posts big blind $1
*** HOLE CARDS ***
iwolsing: folds 
Aleqseuka: raises $1.35 to $2.35
steepfell: folds 
kamyu2117: folds 
rrrro: folds 
Mr_Dick666: folds 
Uncalled bet ($1.35) returned to Aleqseuka
Aleqseuka collected $2.50 from pot
Aleqseuka: doesn't show hand 
*** SUMMARY ***
Total pot $2.50 | Rake $0 
Seat 1: rrrro (small blind) folded before Flop
Seat 2: Mr_Dick666 (big blind) folded before Flop
Seat 3: iwolsing folded before Flop (didn't bet)
Seat 4: Aleqseuka collected ($2.50)
Seat 5: steepfell folded before Flop (didn't bet)
Seat 6: kamyu2117 (button) folded before Flop (didn't bet)



PokerStars Hand #254459871554:  Hold'em No Limit ($0.50/$1.00 USD) - 2025/01/19 1:01:46 WET [2025/01/19 20:01:46 ET]
Table 'Jugurtha III' 6-max Seat #1 is the button
Seat 1: rrrro ($100 in chips) 
Seat 2: Mr_Dick666 ($100 in chips) 
Seat 3: iwolsing ($131.75 in chips) 
Seat 4: Aleqseuka ($101.50 in chips) 
Seat 5: steepfell ($100 in chips) 
Seat 6: kamyu2117 ($118.68 in chips) 
Mr_Dick666: posts small blind $0.50
iwolsing: posts big blind $1
*** HOLE CARDS ***
Aleqseuka: raises $1.35 to $2.35
steepfell: folds 
kamyu2117: folds 
rrrro: folds 
Mr_Dick666: folds 
iwolsing: calls $1.35
*** FLOP *** [Jh 9d Kh]
iwolsing: bets $2.47
Aleqseuka: folds 
Uncalled bet ($2.47) returned to iwolsing
iwolsing collected $4.94 from pot
iwolsing: doesn't show hand 
*** SUMMARY ***
Total pot $5.20 | Rake $0.26 
Board [Jh 9d Kh]
Seat 1: rrrro (button) folded before Flop (didn't bet)
Seat 2: Mr_Dick666 (small blind) folded before Flop
Seat 3: iwolsing (big blind) collected ($4.94)
Seat 4: Aleqseuka folded on the Flop
Seat 5: steepfell folded before Flop (didn't bet)
Seat 6: kamyu2117 folded before Flop (didn't bet)



PokerStars Hand #254459878137:  Hold'em No Limit ($0.50/$1.00 USD) - 2025/01/19 1:02:22 WET [2025/01/19 20:02:22 ET]
Table 'Jugurtha III' 6-max Seat #2 is the button
Seat 1: rrrro ($100 in chips) 
Seat 2: Mr_Dick666 ($100 in chips) 
Seat 3: iwolsing ($134.34 in chips) 
Seat 4: Aleqseuka ($100 in chips) 
Seat 5: steepfell ($100 in chips) 
Seat 6: kamyu2117 ($118.68 in chips) 
iwolsing: posts small blind $0.50
Aleqseuka: posts big blind $1
*** HOLE CARDS ***
steepfell: folds 
kamyu2117: folds 
rrrro: folds 
Mr_Dick666: folds 
iwolsing: raises $1 to $2
Aleqseuka: calls $1
*** FLOP *** [As 2d 7h]
iwolsing: checks 
Aleqseuka: bets $1.25
iwolsing: folds 
Uncalled bet ($1.25) returned to Aleqseuka
Aleqseuka collected $3.80 from pot
Aleqseuka: doesn't show hand 
*** SUMMARY ***
Total pot $4 | Rake $0.20 
Board [As 2d 7h]
Seat 1: rrrro folded before Flop (didn't bet)
Seat 2: Mr_Dick666 (button) folded before Flop (didn't bet)
Seat 3: iwolsing (small blind) folded on the Flop
Seat 4: Aleqseuka (big blind) collected ($3.80)
Seat 5: steepfell folded before Flop (didn't bet)
Seat 6: kamyu2117 folded before Flop (didn't bet)



PokerStars Hand #254459881925:  Hold'em No Limit ($0.50/$1.00 USD) - 2025/01/19 1:02:43 WET [2025/01/19 20:02:43 ET]
Table 'Jugurtha III' 6-max Seat #3 is the button
Seat 1: rrrro ($100 in chips) 
Seat 2: Mr_Dick666 ($100 in chips) 
Seat 3: iwolsing ($132.34 in chips) 
Seat 4: Aleqseuka ($101.80 in chips) 
Seat 5: steepfell ($100 in chips) 
Seat 6: kamyu2117 ($118.68 in chips) 
Aleqseuka: posts small blind $0.50
steepfell: posts big blind $1
*** HOLE CARDS ***
kamyu2117: folds 
rrrro has timed out
rrrro: folds 
Mr_Dick666: folds 
iwolsing: raises $1 to $2
Aleqseuka: folds 
steepfell: calls $1
*** FLOP *** [Ac Ks 5s]
steepfell: checks 
iwolsing: bets $2
steepfell: calls $2
*** TURN *** [Ac Ks 5s] [Qh]
steepfell: checks 
iwolsing: checks 
*** RIVER *** [Ac Ks 5s Qh] [4s]
steepfell: bets $8.50
iwolsing: calls $8.50
*** SHOW DOWN ***
steepfell: shows [Tc Jh] (a straight, Ten to Ace)
iwolsing: mucks hand 
steepfell collected $24.22 from pot
*** SUMMARY ***
Total pot $25.50 | Rake $1.28 
Board [Ac Ks 5s Qh 4s]
Seat 1: rrrro folded before Flop (didn't bet)
Seat 2: Mr_Dick666 folded before Flop (didn't bet)
Seat 3: iwolsing (button) mucked
Seat 4: Aleqseuka (small blind) folded before Flop
Seat 5: steepfell (big blind) showed [Tc Jh] and won ($24.22) with a straight, Ten to Ace
Seat 6: kamyu2117 folded before Flop (didn't bet)



PokerStars Hand #254459893097:  Hold'em No Limit ($0.50/$1.00 USD) - 2025/01/19 1:03:41 WET [2025/01/19 20:03:41 ET]
Table 'Jugurtha III' 6-max Seat #4 is the button
Seat 6: kamyu2117 ($118.68 in chips) is sitting out
Seat 1: rrrro ($100 in chips) 
Seat 2: Mr_Dick666 ($100 in chips) 
Seat 3: iwolsing ($119.84 in chips) 
Seat 4: Aleqseuka ($101.30 in chips) 
Seat 5: steepfell ($111.72 in chips) 
steepfell: posts small blind $0.50
rrrro: posts big blind $1
*** HOLE CARDS ***
kamyu2117 leaves the table
Mr_Dick666: folds 
iwolsing: raises $1 to $2
Aleqseuka: raises $5.50 to $7.50
steepfell: folds 
rrrro: folds 
iwolsing: calls $5.50
*** FLOP *** [Ac Kd 6c]
iwolsing: checks 
Aleqseuka: bets $5.17
iwolsing: calls $5.17
*** TURN *** [Ac Kd 6c] [6d]
iwolsing: checks 
Aleqseuka: checks 
*** RIVER *** [Ac Kd 6c 6d] [7h]
iwolsing: checks 
shootingGRID joins the table at seat #6 
Aleqseuka: bets $32.64
iwolsing: folds 
Uncalled bet ($32.64) returned to Aleqseuka
Aleqseuka collected $25.50 from pot
Aleqseuka: doesn't show hand 
*** SUMMARY ***
Total pot $26.84 | Rake $1.34 
Board [Ac Kd 6c 6d 7h]
Seat 6: kamyu2117
Seat 1: rrrro (big blind) folded before Flop
Seat 2: Mr_Dick666 folded before Flop (didn't bet)
Seat 3: iwolsing folded on the River
Seat 4: Aleqseuka (button) collected ($25.50)
Seat 5: steepfell (small blind) folded before Flop



PokerStars Hand #254459909095:  Hold'em No Limit ($0.50/$1.00 USD) - 2025/01/19 1:05:05 WET [2025/01/19 20:05:05 ET]
Table 'Jugurtha III' 6-max Seat #5 is the button
Seat 6: shootingGRID ($100 in chips) is sitting out
Seat 1: rrrro ($100 in chips) 
Seat 2: Mr_Dick666 ($100 in chips) 
Seat 3: iwolsing ($107.17 in chips) 
Seat 4: Aleqseuka ($114.13 in chips) 
Seat 5: steepfell ($111.22 in chips) 
rrrro: posts small blind $0.50
Mr_Dick666: posts big blind $1
*** HOLE CARDS ***
iwolsing: raises $1 to $2
Aleqseuka: folds 
steepfell: folds 
rrrro: folds 
Mr_Dick666: folds 
Uncalled bet ($1) returned to iwolsing
iwolsing collected $2.50 from pot
iwolsing: doesn't show hand 
*** SUMMARY ***
Total pot $2.50 | Rake $0 
Seat 6: shootingGRID
Seat 1: rrrro (small blind) folded before Flop
Seat 2: Mr_Dick666 (big blind) folded before Flop
Seat 3: iwolsing collected ($2.50)
Seat 4: Aleqseuka folded before Flop (didn't bet)
Seat 5: steepfell (button) folded before Flop (didn't bet)



PokerStars Hand #254459912487:  Hold'em No Limit ($0.50/$1.00 USD) - 2025/01/19 1:05:23 WET [2025/01/19 20:05:23 ET]
Table 'Jugurtha III' 6-max Seat #1 is the button
Seat 6: shootingGRID ($100 in chips) is sitting out
Seat 1: rrrro ($100 in chips) 
Seat 2: Mr_Dick666 ($100 in chips) 
Seat 3: iwolsing ($108.67 in chips) 
Seat 4: Aleqseuka ($114.13 in chips) 
Seat 5: steepfell ($111.22 in chips) 
Mr_Dick666: posts small blind $0.50
iwolsing: posts big blind $1
shootingGRID: sits out 
*** HOLE CARDS ***
Aleqseuka: folds 
steepfell: folds 
rrrro: folds 
Mr_Dick666: folds 
Uncalled bet ($0.50) returned to iwolsing
iwolsing collected $1 from pot
iwolsing: doesn't show hand 
*** SUMMARY ***
Total pot $1 | Rake $0 
Seat 6: shootingGRID
Seat 1: rrrro (button) folded before Flop (didn't bet)
Seat 2: Mr_Dick666 (small blind) folded before Flop
Seat 3: iwolsing (big blind) collected ($1)
Seat 4: Aleqseuka folded before Flop (didn't bet)
Seat 5: steepfell folded before Flop (didn't bet)



PokerStars Hand #254459915315:  Hold'em No Limit ($0.50/$1.00 USD) - 2025/01/19 1:05:37 WET [2025/01/19 20:05:37 ET]
Table 'Jugurtha III' 6-max Seat #2 is the button
Seat 6: shootingGRID ($100 in chips) is sitting out
Seat 1: rrrro ($100 in chips) 
Seat 2: Mr_Dick666 ($100 in chips) 
Seat 3: iwolsing ($109.17 in chips) 
Seat 4: Aleqseuka ($114.13 in chips) 
Seat 5: steepfell ($111.22 in chips) 
iwolsing: posts small blind $0.50
Aleqseuka: posts big blind $1
shootingGRID: sits out 
*** HOLE CARDS ***
steepfell: folds 
rrrro: folds 
Mr_Dick666: folds 
iwolsing: calls $0.50
Aleqseuka: checks 
*** FLOP *** [9s Kh Ac]
iwolsing: bets $1
Aleqseuka: folds 
Uncalled bet ($1) returned to iwolsing
iwolsing collected $1.90 from pot
iwolsing: doesn't show hand 
*** SUMMARY ***
Total pot $2 | Rake $0.10 
Board [9s Kh Ac]
Seat 6: shootingGRID
Seat 1: rrrro folded before Flop (didn't bet)
Seat 2: Mr_Dick666 (button) folded before Flop (didn't bet)
Seat 3: iwolsing (small blind) collected ($1.90)
Seat 4: Aleqseuka (big blind) folded on the Flop
Seat 5: steepfell folded before Flop (didn't bet)



PokerStars Hand #254459918855:  Hold'em No Limit ($0.50/$1.00 USD) - 2025/01/19 1:05:56 WET [2025/01/19 20:05:56 ET]
Table 'Jugurtha III' 6-max Seat #3 is the button
Seat 6: shootingGRID ($100 in chips) is sitting out
Seat 1: rrrro ($100 in chips) 
Seat 2: Mr_Dick666 ($100 in chips) 
Seat 3: iwolsing ($110.07 in chips) 
Seat 4: Aleqseuka ($113.13 in chips) 
Seat 5: steepfell ($111.22 in chips) 
Aleqseuka: posts small blind $0.50
steepfell: posts big blind $1
shootingGRID: sits out 
*** HOLE CARDS ***
rrrro: folds 
Mr_Dick666: raises $1.50 to $2.50
iwolsing: folds 
Aleqseuka: folds 
steepfell: calls $1.50
*** FLOP *** [Qd 3s 8s]
steepfell: checks 
Mr_Dick666: checks 
*** TURN *** [Qd 3s 8s] [Ah]
steepfell: bets $2.61
Mr_Dick666: raises $7.83 to $10.44
steepfell: folds 
Uncalled bet ($7.83) returned to Mr_Dick666
Mr_Dick666 collected $10.18 from pot
Mr_Dick666: doesn't show hand 
*** SUMMARY ***
Total pot $10.72 | Rake $0.54 
Board [Qd 3s 8s Ah]
Seat 6: shootingGRID
Seat 1: rrrro folded before Flop (didn't bet)
Seat 2: Mr_Dick666 collected ($10.18)
Seat 3: iwolsing (button) folded before Flop (didn't bet)
Seat 4: Aleqseuka (small blind) folded before Flop
Seat 5: steepfell (big blind) folded on the Turn



PokerStars Hand #254459929052:  Hold'em No Limit ($0.50/$1.00 USD) - 2025/01/19 1:06:49 WET [2025/01/19 20:06:49 ET]
Table 'Jugurtha III' 6-max Seat #4 is the button
Seat 1: rrrro ($100 in chips) 
Seat 2: Mr_Dick666 ($105.07 in chips) 
Seat 3: iwolsing ($110.07 in chips) 
Seat 4: Aleqseuka ($112.63 in chips) 
Seat 5: steepfell ($106.11 in chips) 
Seat 6: shootingGRID ($100 in chips) 
steepfell: posts small blind $0.50
shootingGRID: posts big blind $1
*** HOLE CARDS ***
rrrro: folds 
Mr_Dick666: folds 
iwolsing: folds 
Aleqseuka: raises $1.50 to $2.50
steepfell: folds 
shootingGRID: folds 
Uncalled bet ($1.50) returned to Aleqseuka
Aleqseuka collected $2.50 from pot
Aleqseuka: doesn't show hand 
*** SUMMARY ***
Total pot $2.50 | Rake $0 
Seat 1: rrrro folded before Flop (didn't bet)
Seat 2: Mr_Dick666 folded before Flop (didn't bet)
Seat 3: iwolsing folded before Flop (didn't bet)
Seat 4: Aleqseuka (button) collected ($2.50)
Seat 5: steepfell (small blind) folded before Flop
Seat 6: shootingGRID (big blind) folded before Flop



PokerStars Hand #254459933843:  Hold'em No Limit ($0.50/$1.00 USD) - 2025/01/19 1:07:14 WET [2025/01/19 20:07:14 ET]
Table 'Jugurtha III' 6-max Seat #5 is the button
Seat 1: rrrro ($100 in chips) 
Seat 2: Mr_Dick666 ($105.07 in chips) 
Seat 3: iwolsing ($110.07 in chips) 
Seat 4: Aleqseuka ($114.13 in chips) 
Seat 5: steepfell ($105.61 in chips) 
Seat 6: shootingGRID ($100 in chips) 
shootingGRID: posts small blind $0.50
rrrro: posts big blind $1
*** HOLE CARDS ***
Mr_Dick666: folds 
iwolsing: raises $1 to $2
Aleqseuka: folds 
steepfell: raises $6 to $8
shootingGRID: folds 
rrrro: folds 
iwolsing: folds 
Uncalled bet ($6) returned to steepfell
steepfell collected $5.50 from pot
steepfell: doesn't show hand 
*** SUMMARY ***
Total pot $5.50 | Rake $0 
Seat 1: rrrro (big blind) folded before Flop
Seat 2: Mr_Dick666 folded before Flop (didn't bet)
Seat 3: iwolsing folded before Flop
Seat 4: Aleqseuka folded before Flop (didn't bet)
Seat 5: steepfell (button) collected ($5.50)
Seat 6: shootingGRID (small blind) folded before Flop



PokerStars Hand #254459938584:  Hold'em No Limit ($0.50/$1.00 USD) - 2025/01/19 1:07:40 WET [2025/01/19 20:07:40 ET]
Table 'Jugurtha III' 6-max Seat #6 is the button
Seat 1: rrrro ($100 in chips) 
Seat 2: Mr_Dick666 ($105.07 in chips) 
Seat 3: iwolsing ($108.07 in chips) 
Seat 4: Aleqseuka ($114.13 in chips) 
Seat 5: steepfell ($109.11 in chips) 
Seat 6: shootingGRID ($100 in chips) 
rrrro: posts small blind $0.50
Mr_Dick666: posts big blind $1
*** HOLE CARDS ***
iwolsing: folds 
Aleqseuka: folds 
steepfell: folds 
shootingGRID: raises $1.50 to $2.50
rrrro: raises $9.50 to $12
Mr_Dick666: folds 
shootingGRID: calls $9.50
*** FLOP *** [2s 6d Th]
rrrro: bets $17.81
shootingGRID: folds 
Uncalled bet ($17.81) returned to rrrro
rrrro collected $23.75 from pot
rrrro: doesn't show hand 
*** SUMMARY ***
Total pot $25 | Rake $1.25 
Board [2s 6d Th]
Seat 1: rrrro (small blind) collected ($23.75)
Seat 2: Mr_Dick666 (big blind) folded before Flop
Seat 3: iwolsing folded before Flop (didn't bet)
Seat 4: Aleqseuka folded before Flop (didn't bet)
Seat 5: steepfell folded before Flop (didn't bet)
Seat 6: shootingGRID (button) folded on the Flop



PokerStars Hand #254459949325:  Hold'em No Limit ($0.50/$1.00 USD) - 2025/01/19 1:08:37 WET [2025/01/19 20:08:37 ET]
Table 'Jugurtha III' 6-max Seat #1 is the button
Seat 1: rrrro ($111.75 in chips) 
Seat 2: Mr_Dick666 ($104.07 in chips) 
Seat 3: iwolsing ($108.07 in chips) 
Seat 4: Aleqseuka ($114.13 in chips) 
Seat 5: steepfell ($109.11 in chips) 
Seat 6: shootingGRID ($100 in chips) 
Mr_Dick666: posts small blind $0.50
iwolsing: posts big blind $1
*** HOLE CARDS ***
Aleqseuka: folds 
steepfell: folds 
shootingGRID: folds 
rrrro: folds 
Mr_Dick666: folds 
Uncalled bet ($0.50) returned to iwolsing
iwolsing collected $1 from pot
iwolsing: doesn't show hand 
*** SUMMARY ***
Total pot $1 | Rake $0 
Seat 1: rrrro (button) folded before Flop (didn't bet)
Seat 2: Mr_Dick666 (small blind) folded before Flop
Seat 3: iwolsing (big blind) collected ($1)
Seat 4: Aleqseuka folded before Flop (didn't bet)
Seat 5: steepfell folded before Flop (didn't bet)
Seat 6: shootingGRID folded before Flop (didn't bet)



PokerStars Hand #254459951222:  Hold'em No Limit ($0.50/$1.00 USD) - 2025/01/19 1:08:47 WET [2025/01/19 20:08:47 ET]
Table 'Jugurtha III' 6-max Seat #2 is the button
Seat 1: rrrro ($111.75 in chips) 
Seat 2: Mr_Dick666 ($103.57 in chips) 
Seat 3: iwolsing ($108.57 in chips) 
Seat 4: Aleqseuka ($114.13 in chips) 
Seat 5: steepfell ($109.11 in chips) 
Seat 6: shootingGRID ($100 in chips) 
iwolsing: posts small blind $0.50
Aleqseuka: posts big blind $1
*** HOLE CARDS ***
steepfell: folds 
shootingGRID: folds 
rrrro: folds 
Mr_Dick666: raises $1.50 to $2.50
iwolsing: folds 
Aleqseuka: calls $1.50
*** FLOP *** [4d Qh 4s]
Aleqseuka: checks 
Mr_Dick666: bets $1.72
Aleqseuka: calls $1.72
*** TURN *** [4d Qh 4s] [Kd]
Aleqseuka: checks 
Mr_Dick666: checks 
*** RIVER *** [4d Qh 4s Kd] [Js]
Aleqseuka: checks 
Mr_Dick666: bets $12.73
Aleqseuka: folds 
Uncalled bet ($12.73) returned to Mr_Dick666
Mr_Dick666 collected $8.49 from pot
Mr_Dick666: doesn't show hand 
*** SUMMARY ***
Total pot $8.94 | Rake $0.45 
Board [4d Qh 4s Kd Js]
Seat 1: rrrro folded before Flop (didn't bet)
Seat 2: Mr_Dick666 (button) collected ($8.49)
Seat 3: iwolsing (small blind) folded before Flop
Seat 4: Aleqseuka (big blind) folded on the River
Seat 5: steepfell folded before Flop (didn't bet)
Seat 6: shootingGRID folded before Flop (didn't bet)



PokerStars Hand #254459965414:  Hold'em No Limit ($0.50/$1.00 USD) - 2025/01/19 1:10:03 WET [2025/01/19 20:10:03 ET]
Table 'Jugurtha III' 6-max Seat #3 is the button
Seat 1: rrrro ($111.75 in chips) 
Seat 2: Mr_Dick666 ($107.84 in chips) 
Seat 3: iwolsing ($108.07 in chips) 
Seat 4: Aleqseuka ($109.91 in chips) 
Seat 5: steepfell ($109.11 in chips) 
Seat 6: shootingGRID ($100 in chips) 
Aleqseuka: posts small blind $0.50
steepfell: posts big blind $1
*** HOLE CARDS ***
shootingGRID: folds 
rrrro: folds 
Mr_Dick666: folds 
iwolsing: folds 
Aleqseuka: folds 
Uncalled bet ($0.50) returned to steepfell
steepfell collected $1 from pot
steepfell: doesn't show hand 
*** SUMMARY ***
Total pot $1 | Rake $0 
Seat 1: rrrro folded before Flop (didn't bet)
Seat 2: Mr_Dick666 folded before Flop (didn't bet)
Seat 3: iwolsing (button) folded before Flop (didn't bet)
Seat 4: Aleqseuka (small blind) folded before Flop
Seat 5: steepfell (big blind) collected ($1)
Seat 6: shootingGRID folded before Flop (didn't bet)



PokerStars Hand #254459966623:  Hold'em No Limit ($0.50/$1.00 USD) - 2025/01/19 1:10:10 WET [2025/01/19 20:10:10 ET]
Table 'Jugurtha III' 6-max Seat #4 is the button
Seat 1: rrrro ($111.75 in chips) 
Seat 2: Mr_Dick666 ($107.84 in chips) 
Seat 3: iwolsing ($108.07 in chips) 
Seat 4: Aleqseuka ($109.41 in chips) 
Seat 5: steepfell ($109.61 in chips) 
Seat 6: shootingGRID ($100 in chips) 
steepfell: posts small blind $0.50
shootingGRID: posts big blind $1
*** HOLE CARDS ***
rrrro: folds 
Mr_Dick666: folds 
iwolsing: folds 
Aleqseuka: folds 
steepfell: raises $2 to $3
shootingGRID: folds 
Uncalled bet ($2) returned to steepfell
steepfell collected $2 from pot
steepfell: doesn't show hand 
*** SUMMARY ***
Total pot $2 | Rake $0 
Seat 1: rrrro folded before Flop (didn't bet)
Seat 2: Mr_Dick666 folded before Flop (didn't bet)
Seat 3: iwolsing folded before Flop (didn't bet)
Seat 4: Aleqseuka (button) folded before Flop (didn't bet)
Seat 5: steepfell (small blind) collected ($2)
Seat 6: shootingGRID (big blind) folded before Flop



PokerStars Hand #254459970136:  Hold'em No Limit ($0.50/$1.00 USD) - 2025/01/19 1:10:29 WET [2025/01/19 20:10:29 ET]
Table 'Jugurtha III' 6-max Seat #5 is the button
Seat 1: rrrro ($111.75 in chips) 
Seat 2: Mr_Dick666 ($107.84 in chips) 
Seat 3: iwolsing ($108.07 in chips) 
Seat 4: Aleqseuka ($109.41 in chips) 
Seat 5: steepfell ($110.61 in chips) 
Seat 6: shootingGRID ($100 in chips) 
shootingGRID: posts small blind $0.50
rrrro: posts big blind $1
*** HOLE CARDS ***
Mr_Dick666: folds 
iwolsing: folds 
Aleqseuka: raises $1.50 to $2.50
steepfell: folds 
shootingGRID: folds 
rrrro: folds 
Uncalled bet ($1.50) returned to Aleqseuka
Aleqseuka collected $2.50 from pot
Aleqseuka: doesn't show hand 
*** SUMMARY ***
Total pot $2.50 | Rake $0 
Seat 1: rrrro (big blind) folded before Flop
Seat 2: Mr_Dick666 folded before Flop (didn't bet)
Seat 3: iwolsing folded before Flop (didn't bet)
Seat 4: Aleqseuka collected ($2.50)
Seat 5: steepfell (button) folded before Flop (didn't bet)
Seat 6: shootingGRID (small blind) folded before Flop



PokerStars Hand #254459974591:  Hold'em No Limit ($0.50/$1.00 USD) - 2025/01/19 1:10:54 WET [2025/01/19 20:10:54 ET]
Table 'Jugurtha III' 6-max Seat #6 is the button
Seat 1: rrrro ($110.75 in chips) 
Seat 2: Mr_Dick666 ($107.84 in chips) 
Seat 3: iwolsing ($108.07 in chips) 
Seat 4: Aleqseuka ($110.91 in chips) 
Seat 5: steepfell ($110.61 in chips) 
Seat 6: shootingGRID ($100 in chips) 
rrrro: posts small blind $0.50
Mr_Dick666: posts big blind $1
*** HOLE CARDS ***
iwolsing: folds 
Aleqseuka: folds 
steepfell: folds 
shootingGRID: folds 
rrrro: raises $2 to $3
Mr_Dick666: calls $2
*** FLOP *** [4s Qs Ac]
rrrro: bets $1.43
Mr_Dick666: folds 
Uncalled bet ($1.43) returned to rrrro
rrrro collected $5.70 from pot
rrrro: doesn't show hand 
*** SUMMARY ***
Total pot $6 | Rake $0.30 
Board [4s Qs Ac]
Seat 1: rrrro (small blind) collected ($5.70)
Seat 2: Mr_Dick666 (big blind) folded on the Flop
Seat 3: iwolsing folded before Flop (didn't bet)
Seat 4: Aleqseuka folded before Flop (didn't bet)
Seat 5: steepfell folded before Flop (didn't bet)
Seat 6: shootingGRID (button) folded before Flop (didn't bet)



PokerStars Hand #254459983079:  Hold'em No Limit ($0.50/$1.00 USD) - 2025/01/19 1:11:41 WET [2025/01/19 20:11:41 ET]
Table 'Jugurtha III' 6-max Seat #1 is the button
Seat 1: rrrro ($113.45 in chips) 
Seat 2: Mr_Dick666 ($104.84 in chips) 
Seat 3: iwolsing ($108.07 in chips) 
Seat 4: Aleqseuka ($110.91 in chips) 
Seat 5: steepfell ($110.61 in chips) 
Seat 6: shootingGRID ($100 in chips) 
Mr_Dick666: posts small blind $0.50
iwolsing: posts big blind $1
*** HOLE CARDS ***
Aleqseuka: raises $1.35 to $2.35
steepfell: folds 
shootingGRID: folds 
rrrro: raises $5.15 to $7.50
Mr_Dick666: folds 
iwolsing: folds 
Aleqseuka: folds 
Uncalled bet ($5.15) returned to rrrro
rrrro collected $6.20 from pot
rrrro: doesn't show hand 
*** SUMMARY ***
Total pot $6.20 | Rake $0 
Seat 1: rrrro (button) collected ($6.20)
Seat 2: Mr_Dick666 (small blind) folded before Flop
Seat 3: iwolsing (big blind) folded before Flop
Seat 4: Aleqseuka folded before Flop
Seat 5: steepfell folded before Flop (didn't bet)
Seat 6: shootingGRID folded before Flop (didn't bet)



PokerStars Hand #254459988538:  Hold'em No Limit ($0.50/$1.00 USD) - 2025/01/19 1:12:11 WET [2025/01/19 20:12:11 ET]
Table 'Jugurtha III' 6-max Seat #2 is the button
Seat 1: rrrro ($117.30 in chips) 
Seat 2: Mr_Dick666 ($104.34 in chips) 
Seat 3: iwolsing ($107.07 in chips) 
Seat 4: Aleqseuka ($108.56 in chips) 
Seat 5: steepfell ($110.61 in chips) 
Seat 6: shootingGRID ($100 in chips) 
iwolsing: posts small blind $0.50
Aleqseuka: posts big blind $1
*** HOLE CARDS ***
steepfell: folds 
shootingGRID: raises $1.25 to $2.25
rrrro: folds 
Mr_Dick666: calls $2.25
iwolsing: calls $1.75
Aleqseuka: folds 
*** FLOP *** [Kc 5h Qs]
iwolsing: checks 
shootingGRID: checks 
Mr_Dick666: checks 
*** TURN *** [Kc 5h Qs] [Ts]
iwolsing: bets $3.68
shootingGRID: folds 
Mr_Dick666: folds 
Uncalled bet ($3.68) returned to iwolsing
iwolsing collected $7.36 from pot
iwolsing: doesn't show hand 
*** SUMMARY ***
Total pot $7.75 | Rake $0.39 
Board [Kc 5h Qs Ts]
Seat 1: rrrro folded before Flop (didn't bet)
Seat 2: Mr_Dick666 (button) folded on the Turn
Seat 3: iwolsing (small blind) collected ($7.36)
Seat 4: Aleqseuka (big blind) folded before Flop
Seat 5: steepfell folded before Flop (didn't bet)
Seat 6: shootingGRID folded on the Turn



PokerStars Hand #254459999568:  Hold'em No Limit ($0.50/$1.00 USD) - 2025/01/19 1:13:12 WET [2025/01/19 20:13:12 ET]
Table 'Jugurtha III' 6-max Seat #3 is the button
Seat 1: rrrro ($117.30 in chips) 
Seat 2: Mr_Dick666 ($102.09 in chips) 
Seat 3: iwolsing ($112.18 in chips) 
Seat 4: Aleqseuka ($107.56 in chips) 
Seat 5: steepfell ($110.61 in chips) 
Seat 6: shootingGRID ($100 in chips) 
Aleqseuka: posts small blind $0.50
steepfell: posts big blind $1
*** HOLE CARDS ***
shootingGRID: folds 
rrrro: folds 
Mr_Dick666: folds 
iwolsing: folds 
Aleqseuka: folds 
Uncalled bet ($0.50) returned to steepfell
steepfell collected $1 from pot
steepfell: doesn't show hand 
*** SUMMARY ***
Total pot $1 | Rake $0 
Seat 1: rrrro folded before Flop (didn't bet)
Seat 2: Mr_Dick666 folded before Flop (didn't bet)
Seat 3: iwolsing (button) folded before Flop (didn't bet)
Seat 4: Aleqseuka (small blind) folded before Flop
Seat 5: steepfell (big blind) collected ($1)
Seat 6: shootingGRID folded before Flop (didn't bet)



PokerStars Hand #254460002309:  Hold'em No Limit ($0.50/$1.00 USD) - 2025/01/19 1:13:27 WET [2025/01/19 20:13:27 ET]
Table 'Jugurtha III' 6-max Seat #4 is the button
Seat 1: rrrro ($117.30 in chips) 
Seat 2: Mr_Dick666 ($102.09 in chips) 
Seat 3: iwolsing ($112.18 in chips) 
Seat 4: Aleqseuka ($107.06 in chips) 
Seat 5: steepfell ($111.11 in chips) 
Seat 6: shootingGRID ($100 in chips) 
steepfell: posts small blind $0.50
shootingGRID: posts big blind $1
*** HOLE CARDS ***
rrrro: folds 
Mr_Dick666: folds 
iwolsing: folds 
Aleqseuka: raises $1.50 to $2.50
steepfell: folds 
shootingGRID: folds 
Uncalled bet ($1.50) returned to Aleqseuka
Aleqseuka collected $2.50 from pot
Aleqseuka: doesn't show hand 
*** SUMMARY ***
Total pot $2.50 | Rake $0 
Seat 1: rrrro folded before Flop (didn't bet)
Seat 2: Mr_Dick666 folded before Flop (didn't bet)
Seat 3: iwolsing folded before Flop (didn't bet)
Seat 4: Aleqseuka (button) collected ($2.50)
Seat 5: steepfell (small blind) folded before Flop
Seat 6: shootingGRID (big blind) folded before Flop



PokerStars Hand #254460202600:  Hold'em No Limit ($0.50/$1.00 USD) - 2025/01/19 1:32:11 WET [2025/01/19 20:32:11 ET]
Table 'Jugurtha III' 6-max Seat #2 is the button
Seat 5: fataleggs13 ($75 in chips) is sitting out
Seat 1: rrrro ($146.57 in chips) 
Seat 2: Mr_Dick666 ($100 in chips) 
Seat 3: iwolsing ($131.09 in chips) 
Seat 4: Aleqseuka ($204.18 in chips) 
Seat 6: shootingGRID ($100 in chips) 
iwolsing: posts small blind $0.50
Aleqseuka: posts big blind $1
fataleggs13: sits out 
*** HOLE CARDS ***
shootingGRID: folds 
rrrro: raises $1.30 to $2.30
Mr_Dick666: folds 
iwolsing: folds 
Aleqseuka: folds 
Uncalled bet ($1.30) returned to rrrro
rrrro collected $2.50 from pot
rrrro: doesn't show hand 
*** SUMMARY ***
Total pot $2.50 | Rake $0 
Seat 5: fataleggs13
Seat 1: rrrro collected ($2.50)
Seat 2: Mr_Dick666 (button) folded before Flop (didn't bet)
Seat 3: iwolsing (small blind) folded before Flop
Seat 4: Aleqseuka (big blind) folded before Flop
Seat 6: shootingGRID folded before Flop (didn't bet)



PokerStars Hand #254460206354:  Hold'em No Limit ($0.50/$1.00 USD) - 2025/01/19 1:32:32 WET [2025/01/19 20:32:32 ET]
Table 'Jugurtha III' 6-max Seat #3 is the button
Seat 1: rrrro ($148.07 in chips) 
Seat 2: Mr_Dick666 ($100 in chips) 
Seat 3: iwolsing ($130.59 in chips) 
Seat 4: Aleqseuka ($203.18 in chips) 
Seat 5: fataleggs13 ($75 in chips) 
Seat 6: shootingGRID ($100 in chips) 
Aleqseuka: posts small blind $0.50
fataleggs13: posts big blind $1
*** HOLE CARDS ***
shootingGRID: folds 
rrrro: folds 
Mr_Dick666: folds 
iwolsing: raises $1 to $2
Aleqseuka: folds 
fataleggs13: calls $1
*** FLOP *** [7c 6c Ad]
fataleggs13: checks 
iwolsing: checks 
*** TURN *** [7c 6c Ad] [Td]
fataleggs13: bets $1.50
iwolsing: calls $1.50
*** RIVER *** [7c 6c Ad Td] [4d]
fataleggs13: bets $10
iwolsing: calls $10
*** SHOW DOWN ***
fataleggs13: shows [Kd 7d] (a flush, Ace high)
iwolsing: mucks hand 
fataleggs13 collected $26.12 from pot
*** SUMMARY ***
Total pot $27.50 | Rake $1.38 
Board [7c 6c Ad Td 4d]
Seat 1: rrrro folded before Flop (didn't bet)
Seat 2: Mr_Dick666 folded before Flop (didn't bet)
Seat 3: iwolsing (button) mucked
Seat 4: Aleqseuka (small blind) folded before Flop
Seat 5: fataleggs13 (big blind) showed [Kd 7d] and won ($26.12) with a flush, Ace high
Seat 6: shootingGRID folded before Flop (didn't bet)



PokerStars Hand #254460213775:  Hold'em No Limit ($0.50/$1.00 USD) - 2025/01/19 1:33:14 WET [2025/01/19 20:33:14 ET]
Table 'Jugurtha III' 6-max Seat #4 is the button
Seat 1: rrrro ($148.07 in chips) 
Seat 2: Mr_Dick666 ($100 in chips) 
Seat 3: iwolsing ($117.09 in chips) 
Seat 4: Aleqseuka ($202.68 in chips) 
Seat 5: fataleggs13 ($87.62 in chips) 
Seat 6: shootingGRID ($100 in chips) 
fataleggs13: posts small blind $0.50
shootingGRID: posts big blind $1
*** HOLE CARDS ***
rrrro: raises $1 to $2
Mr_Dick666: folds 
iwolsing: folds 
Aleqseuka: folds 
fataleggs13: folds 
shootingGRID: calls $1
*** FLOP *** [9c 6h 3h]
shootingGRID: checks 
rrrro: checks 
*** TURN *** [9c 6h 3h] [5c]
shootingGRID: bets $2.82
rrrro: calls $2.82
*** RIVER *** [9c 6h 3h 5c] [2c]
shootingGRID: checks 
rrrro: bets $7.22
shootingGRID: folds 
Uncalled bet ($7.22) returned to rrrro
rrrro collected $9.63 from pot
rrrro: doesn't show hand 
*** SUMMARY ***
Total pot $10.14 | Rake $0.51 
Board [9c 6h 3h 5c 2c]
Seat 1: rrrro collected ($9.63)
Seat 2: Mr_Dick666 folded before Flop (didn't bet)
Seat 3: iwolsing folded before Flop (didn't bet)
Seat 4: Aleqseuka (button) folded before Flop (didn't bet)
Seat 5: fataleggs13 (small blind) folded before Flop
Seat 6: shootingGRID (big blind) folded on the River



PokerStars Hand #254460228869:  Hold'em No Limit ($0.50/$1.00 USD) - 2025/01/19 1:34:38 WET [2025/01/19 20:34:38 ET]
Table 'Jugurtha III' 6-max Seat #5 is the button
Seat 1: rrrro ($152.88 in chips) 
Seat 2: Mr_Dick666 ($100 in chips) 
Seat 3: iwolsing ($117.09 in chips) 
Seat 4: Aleqseuka ($202.68 in chips) 
Seat 5: fataleggs13 ($87.12 in chips) 
Seat 6: shootingGRID ($100 in chips) 
shootingGRID: posts small blind $0.50
rrrro: posts big blind $1
*** HOLE CARDS ***
Mr_Dick666: folds 
iwolsing: folds 
Aleqseuka: folds 
fataleggs13: raises $1.50 to $2.50
shootingGRID: folds 
rrrro: folds 
Uncalled bet ($1.50) returned to fataleggs13
fataleggs13 collected $2.50 from pot
fataleggs13: doesn't show hand 
*** SUMMARY ***
Total pot $2.50 | Rake $0 
Seat 1: rrrro (big blind) folded before Flop
Seat 2: Mr_Dick666 folded before Flop (didn't bet)
Seat 3: iwolsing folded before Flop (didn't bet)
Seat 4: Aleqseuka folded before Flop (didn't bet)
Seat 5: fataleggs13 (button) collected ($2.50)
Seat 6: shootingGRID (small blind) folded before Flop



PokerStars Hand #254460232795:  Hold'em No Limit ($0.50/$1.00 USD) - 2025/01/19 1:35:00 WET [2025/01/19 20:35:00 ET]
Table 'Jugurtha III' 6-max Seat #6 is the button
Seat 1: rrrro ($151.88 in chips) 
Seat 2: Mr_Dick666 ($100 in chips) 
Seat 3: iwolsing ($117.09 in chips) 
Seat 4: Aleqseuka ($202.68 in chips) 
Seat 5: fataleggs13 ($88.62 in chips) 
Seat 6: shootingGRID ($100 in chips) 
rrrro: posts small blind $0.50
Mr_Dick666: posts big blind $1
*** HOLE CARDS ***
iwolsing: folds 
Aleqseuka: folds 
fataleggs13: folds 
shootingGRID: raises $1.50 to $2.50
rrrro: folds 
Mr_Dick666: folds 
Uncalled bet ($1.50) returned to shootingGRID
shootingGRID collected $2.50 from pot
*** SUMMARY ***
Total pot $2.50 | Rake $0 
Seat 1: rrrro (small blind) folded before Flop
Seat 2: Mr_Dick666 (big blind) folded before Flop
Seat 3: iwolsing folded before Flop (didn't bet)
Seat 4: Aleqseuka folded before Flop (didn't bet)
Seat 5: fataleggs13 folded before Flop (didn't bet)
Seat 6: shootingGRID (button) collected ($2.50)



PokerStars Hand #254460235354:  Hold'em No Limit ($0.50/$1.00 USD) - 2025/01/19 1:35:14 WET [2025/01/19 20:35:14 ET]
Table 'Jugurtha III' 6-max Seat #1 is the button
Seat 1: rrrro ($151.38 in chips) 
Seat 2: Mr_Dick666 ($100 in chips) 
Seat 3: iwolsing ($117.09 in chips) 
Seat 4: Aleqseuka ($202.68 in chips) 
Seat 5: fataleggs13 ($88.62 in chips) 
Seat 6: shootingGRID ($101.50 in chips) 
Mr_Dick666: posts small blind $0.50
iwolsing: posts big blind $1
*** HOLE CARDS ***
Aleqseuka: folds 
fataleggs13: raises $1.20 to $2.20
shootingGRID: folds 
rrrro: folds 
Mr_Dick666: folds 
iwolsing: calls $1.20
*** FLOP *** [3c 4s Qc]
iwolsing: bets $2.33
fataleggs13: calls $2.33
*** TURN *** [3c 4s Qc] [7h]
iwolsing: bets $4.54
fataleggs13: calls $4.54
*** RIVER *** [3c 4s Qc 7h] [Kc]
iwolsing: checks 
fataleggs13: bets $13.28
iwolsing: folds 
Uncalled bet ($13.28) returned to fataleggs13
fataleggs13 collected $17.71 from pot
fataleggs13: doesn't show hand 
*** SUMMARY ***
Total pot $18.64 | Rake $0.93 
Board [3c 4s Qc 7h Kc]
Seat 1: rrrro (button) folded before Flop (didn't bet)
Seat 2: Mr_Dick666 (small blind) folded before Flop
Seat 3: iwolsing (big blind) folded on the River
Seat 4: Aleqseuka folded before Flop (didn't bet)
Seat 5: fataleggs13 collected ($17.71)
Seat 6: shootingGRID folded before Flop (didn't bet)



PokerStars Hand #254460244925:  Hold'em No Limit ($0.50/$1.00 USD) - 2025/01/19 1:36:09 WET [2025/01/19 20:36:09 ET]
Table 'Jugurtha III' 6-max Seat #2 is the button
Seat 1: rrrro ($151.38 in chips) 
Seat 2: Mr_Dick666 ($100 in chips) 
Seat 3: iwolsing ($108.02 in chips) 
Seat 4: Aleqseuka ($202.68 in chips) 
Seat 5: fataleggs13 ($97.26 in chips) 
Seat 6: shootingGRID ($101.50 in chips) 
iwolsing: posts small blind $0.50
Aleqseuka: posts big blind $1
*** HOLE CARDS ***
fataleggs13: raises $1.20 to $2.20
shootingGRID: folds 
rrrro: raises $4.80 to $7
Mr_Dick666: folds 
iwolsing: folds 
Aleqseuka: folds 
fataleggs13: calls $4.80
*** FLOP *** [3d Qd 4c]
fataleggs13: checks 
rrrro: bets $3.68
fataleggs13: calls $3.68
*** TURN *** [3d Qd 4c] [7d]
fataleggs13: checks 
rrrro: checks 
*** RIVER *** [3d Qd 4c 7d] [8c]
fataleggs13: bets $23.50
rrrro: folds 
Uncalled bet ($23.50) returned to fataleggs13
fataleggs13 collected $21.72 from pot
fataleggs13: doesn't show hand 
*** SUMMARY ***
Total pot $22.86 | Rake $1.14 
Board [3d Qd 4c 7d 8c]
Seat 1: rrrro folded on the River
Seat 2: Mr_Dick666 (button) folded before Flop (didn't bet)
Seat 3: iwolsing (small blind) folded before Flop
Seat 4: Aleqseuka (big blind) folded before Flop
Seat 5: fataleggs13 collected ($21.72)
Seat 6: shootingGRID folded before Flop (didn't bet)



PokerStars Hand #254460047296:  Hold'em No Limit ($0.50/$1.00 USD) - 2025/01/19 1:17:36 WET [2025/01/19 20:17:36 ET]
Table 'Jugurtha III' 6-max Seat #4 is the button
Seat 1: rrrro ($116.32 in chips) 
Seat 2: Mr_Dick666 ($104.59 in chips) 
Seat 3: iwolsing ($140.38 in chips) 
Seat 4: Aleqseuka ($107.06 in chips) 
Seat 5: steepfell ($111.11 in chips) 
Seat 6: shootingGRID ($100 in chips) 
steepfell: posts small blind $0.50
shootingGRID: posts big blind $1
*** HOLE CARDS ***
rrrro: raises $1 to $2
Mr_Dick666: folds 
iwolsing: folds 
Aleqseuka: folds 
steepfell: folds 
shootingGRID: folds 
Uncalled bet ($1) returned to rrrro
rrrro collected $2.50 from pot
rrrro: doesn't show hand 
*** SUMMARY ***
Total pot $2.50 | Rake $0 
Seat 1: rrrro collected ($2.50)
Seat 2: Mr_Dick666 folded before Flop (didn't bet)
Seat 3: iwolsing folded before Flop (didn't bet)
Seat 4: Aleqseuka (button) folded before Flop (didn't bet)
Seat 5: steepfell (small blind) folded before Flop
Seat 6: shootingGRID (big blind) folded before Flop



PokerStars Hand #254460052202:  Hold'em No Limit ($0.50/$1.00 USD) - 2025/01/19 1:18:03 WET [2025/01/19 20:18:03 ET]
Table 'Jugurtha III' 6-max Seat #5 is the button
Seat 1: rrrro ($117.82 in chips) is sitting out
Seat 2: Mr_Dick666 ($104.59 in chips) 
Seat 3: iwolsing ($140.38 in chips) 
Seat 4: Aleqseuka ($107.06 in chips) 
Seat 5: steepfell ($110.61 in chips) 
Seat 6: shootingGRID ($100 in chips) 
shootingGRID: posts small blind $0.50
rrrro: is sitting out 
Mr_Dick666: posts big blind $1
*** HOLE CARDS ***
iwolsing: folds 
Aleqseuka: folds 
steepfell: raises $1.50 to $2.50
shootingGRID: folds 
Mr_Dick666: folds 
Uncalled bet ($1.50) returned to steepfell
steepfell collected $2.50 from pot
steepfell: doesn't show hand 
*** SUMMARY ***
Total pot $2.50 | Rake $0 
Seat 1: rrrro
Seat 2: Mr_Dick666 (big blind) folded before Flop
Seat 3: iwolsing folded before Flop (didn't bet)
Seat 4: Aleqseuka folded before Flop (didn't bet)
Seat 5: steepfell (button) collected ($2.50)
Seat 6: shootingGRID (small blind) folded before Flop



PokerStars Hand #254460054629:  Hold'em No Limit ($0.50/$1.00 USD) - 2025/01/19 1:18:17 WET [2025/01/19 20:18:17 ET]
Table 'Jugurtha III' 6-max Seat #6 is the button
Seat 1: rrrro ($117.82 in chips) is sitting out
Seat 2: Mr_Dick666 ($103.59 in chips) 
Seat 3: iwolsing ($140.38 in chips) 
Seat 4: Aleqseuka ($107.06 in chips) 
Seat 5: steepfell ($112.11 in chips) 
Seat 6: shootingGRID ($100 in chips) 
Mr_Dick666: posts small blind $0.50
iwolsing: posts big blind $1
*** HOLE CARDS ***
Aleqseuka: folds 
steepfell: raises $1.50 to $2.50
shootingGRID: folds 
Mr_Dick666: folds 
iwolsing: calls $1.50
*** FLOP *** [8h Jc Ah]
iwolsing: checks 
steepfell: checks 
*** TURN *** [8h Jc Ah] [6d]
iwolsing: checks 
steepfell: bets $2.61
iwolsing: calls $2.61
*** RIVER *** [8h Jc Ah 6d] [6s]
iwolsing: checks 
steepfell: checks 
*** SHOW DOWN ***
iwolsing: shows [2h 3h] (a pair of Sixes)
steepfell: shows [Jd Ts] (two pair, Jacks and Sixes)
steepfell collected $10.18 from pot
*** SUMMARY ***
Total pot $10.72 | Rake $0.54 
Board [8h Jc Ah 6d 6s]
Seat 1: rrrro
Seat 2: Mr_Dick666 (small blind) folded before Flop
Seat 3: iwolsing (big blind) showed [2h 3h] and lost with a pair of Sixes
Seat 4: Aleqseuka folded before Flop (didn't bet)
Seat 5: steepfell showed [Jd Ts] and won ($10.18) with two pair, Jacks and Sixes
Seat 6: shootingGRID (button) folded before Flop (didn't bet)



PokerStars Hand #254460061367:  Hold'em No Limit ($0.50/$1.00 USD) - 2025/01/19 1:18:55 WET [2025/01/19 20:18:55 ET]
Table 'Jugurtha III' 6-max Seat #2 is the button
Seat 1: rrrro ($117.82 in chips) is sitting out
Seat 2: Mr_Dick666 ($103.09 in chips) 
Seat 3: iwolsing ($135.27 in chips) 
Seat 4: Aleqseuka ($107.06 in chips) 
Seat 5: steepfell ($117.18 in chips) 
Seat 6: shootingGRID ($100 in chips) 
iwolsing: posts small blind $0.50
Aleqseuka: posts big blind $1
*** HOLE CARDS ***
steepfell: folds 
shootingGRID: raises $1.25 to $2.25
Mr_Dick666: folds 
iwolsing: calls $1.75
Aleqseuka: calls $1.25
*** FLOP *** [3s 2d Ad]
iwolsing: checks 
Aleqseuka: checks 
shootingGRID: bets $2.12
iwolsing: folds 
Aleqseuka: calls $2.12
*** TURN *** [3s 2d Ad] [6d]
Aleqseuka: checks 
shootingGRID: checks 
*** RIVER *** [3s 2d Ad 6d] [Ts]
Aleqseuka: bets $16.50
shootingGRID has timed out
shootingGRID: folds 
Uncalled bet ($16.50) returned to Aleqseuka
Aleqseuka collected $10.44 from pot
Aleqseuka: doesn't show hand 
*** SUMMARY ***
Total pot $10.99 | Rake $0.55 
Board [3s 2d Ad 6d Ts]
Seat 1: rrrro
Seat 2: Mr_Dick666 (button) folded before Flop (didn't bet)
Seat 3: iwolsing (small blind) folded on the Flop
Seat 4: Aleqseuka (big blind) collected ($10.44)
Seat 5: steepfell folded before Flop (didn't bet)
Seat 6: shootingGRID folded on the River



PokerStars Hand #254460085535:  Hold'em No Limit ($0.50/$1.00 USD) - 2025/01/19 1:21:13 WET [2025/01/19 20:21:13 ET]
Table 'Jugurtha III' 6-max Seat #3 is the button
Seat 1: rrrro ($117.82 in chips) is sitting out
Seat 2: Mr_Dick666 ($103.09 in chips) 
Seat 3: iwolsing ($133.02 in chips) 
Seat 4: Aleqseuka ($113.13 in chips) 
Seat 5: steepfell ($117.18 in chips) 
Seat 6: shootingGRID ($100 in chips) 
Aleqseuka: posts small blind $0.50
steepfell: posts big blind $1
rrrro: sits out 
*** HOLE CARDS ***
shootingGRID: folds 
Mr_Dick666: folds 
iwolsing: folds 
Aleqseuka: folds 
Uncalled bet ($0.50) returned to steepfell
steepfell collected $1 from pot
steepfell: doesn't show hand 
*** SUMMARY ***
Total pot $1 | Rake $0 
Seat 1: rrrro
Seat 2: Mr_Dick666 folded before Flop (didn't bet)
Seat 3: iwolsing (button) folded before Flop (didn't bet)
Seat 4: Aleqseuka (small blind) folded before Flop
Seat 5: steepfell (big blind) collected ($1)
Seat 6: shootingGRID folded before Flop (didn't bet)



PokerStars Hand #254460087164:  Hold'em No Limit ($0.50/$1.00 USD) - 2025/01/19 1:21:22 WET [2025/01/19 20:21:22 ET]
Table 'Jugurtha III' 6-max Seat #4 is the button
Seat 1: rrrro ($117.82 in chips) is sitting out
Seat 2: Mr_Dick666 ($103.09 in chips) 
Seat 3: iwolsing ($133.02 in chips) 
Seat 4: Aleqseuka ($112.63 in chips) 
Seat 5: steepfell ($117.68 in chips) 
Seat 6: shootingGRID ($100 in chips) 
steepfell: posts small blind $0.50
shootingGRID: posts big blind $1
rrrro: sits out 
*** HOLE CARDS ***
Mr_Dick666: folds 
iwolsing: raises $1 to $2
Aleqseuka: folds 
steepfell: folds 
shootingGRID: calls $1
*** FLOP *** [Ac Ks 8c]
shootingGRID: checks 
iwolsing: checks 
*** TURN *** [Ac Ks 8c] [3c]
shootingGRID: bets $2.14
iwolsing: calls $2.14
*** RIVER *** [Ac Ks 8c 3c] [Jc]
shootingGRID: checks 
iwolsing: checks 
*** SHOW DOWN ***
shootingGRID: shows [Ad 2d] (a pair of Aces)
iwolsing: shows [Jh 9c] (a flush, Ace high)
iwolsing collected $8.34 from pot
*** SUMMARY ***
Total pot $8.78 | Rake $0.44 
Board [Ac Ks 8c 3c Jc]
Seat 1: rrrro
Seat 2: Mr_Dick666 folded before Flop (didn't bet)
Seat 3: iwolsing showed [Jh 9c] and won ($8.34) with a flush, Ace high
Seat 4: Aleqseuka (button) folded before Flop (didn't bet)
Seat 5: steepfell (small blind) folded before Flop
Seat 6: shootingGRID (big blind) showed [Ad 2d] and lost with a pair of Aces



PokerStars Hand #254460093279:  Hold'em No Limit ($0.50/$1.00 USD) - 2025/01/19 1:21:56 WET [2025/01/19 20:21:56 ET]
Table 'Jugurtha III' 6-max Seat #5 is the button
Seat 1: rrrro ($117.82 in chips) 
Seat 2: Mr_Dick666 ($103.09 in chips) 
Seat 3: iwolsing ($137.22 in chips) 
Seat 4: Aleqseuka ($112.63 in chips) 
Seat 5: steepfell ($117.18 in chips) 
Seat 6: shootingGRID ($100 in chips) 
shootingGRID: posts small blind $0.50
rrrro: posts big blind $1
*** HOLE CARDS ***
Mr_Dick666: folds 
iwolsing: folds 
Aleqseuka: raises $1.50 to $2.50
steepfell: folds 
shootingGRID: folds 
rrrro: raises $10.50 to $13
Aleqseuka: folds 
Uncalled bet ($10.50) returned to rrrro
rrrro collected $5.50 from pot
rrrro: doesn't show hand 
*** SUMMARY ***
Total pot $5.50 | Rake $0 
Seat 1: rrrro (big blind) collected ($5.50)
Seat 2: Mr_Dick666 folded before Flop (didn't bet)
Seat 3: iwolsing folded before Flop (didn't bet)
Seat 4: Aleqseuka folded before Flop
Seat 5: steepfell (button) folded before Flop (didn't bet)
Seat 6: shootingGRID (small blind) folded before Flop



PokerStars Hand #254460100593:  Hold'em No Limit ($0.50/$1.00 USD) - 2025/01/19 1:22:38 WET [2025/01/19 20:22:38 ET]
Table 'Jugurtha III' 6-max Seat #6 is the button
Seat 1: rrrro ($120.82 in chips) 
Seat 2: Mr_Dick666 ($103.09 in chips) 
Seat 3: iwolsing ($137.22 in chips) 
Seat 4: Aleqseuka ($110.13 in chips) 
Seat 5: steepfell ($117.18 in chips) 
Seat 6: shootingGRID ($100 in chips) 
rrrro: posts small blind $0.50
Mr_Dick666: posts big blind $1
*** HOLE CARDS ***
iwolsing: folds 
Aleqseuka: folds 
steepfell: folds 
shootingGRID: folds 
rrrro: folds 
Uncalled bet ($0.50) returned to Mr_Dick666
Mr_Dick666 collected $1 from pot
Mr_Dick666: doesn't show hand 
*** SUMMARY ***
Total pot $1 | Rake $0 
Seat 1: rrrro (small blind) folded before Flop
Seat 2: Mr_Dick666 (big blind) collected ($1)
Seat 3: iwolsing folded before Flop (didn't bet)
Seat 4: Aleqseuka folded before Flop (didn't bet)
Seat 5: steepfell folded before Flop (didn't bet)
Seat 6: shootingGRID (button) folded before Flop (didn't bet)



PokerStars Hand #254460103068:  Hold'em No Limit ($0.50/$1.00 USD) - 2025/01/19 1:22:52 WET [2025/01/19 20:22:52 ET]
Table 'Jugurtha III' 6-max Seat #1 is the button
Seat 1: rrrro ($120.32 in chips) 
Seat 2: Mr_Dick666 ($103.59 in chips) 
Seat 3: iwolsing ($137.22 in chips) 
Seat 4: Aleqseuka ($110.13 in chips) 
Seat 5: steepfell ($117.18 in chips) 
Seat 6: shootingGRID ($100 in chips) 
Mr_Dick666: posts small blind $0.50
iwolsing: posts big blind $1
*** HOLE CARDS ***
Aleqseuka: raises $1.35 to $2.35
steepfell: folds 
shootingGRID: folds 
rrrro: folds 
Mr_Dick666: folds 
iwolsing: calls $1.35
*** FLOP *** [Td 7d Qc]
iwolsing: bets $2.47
Aleqseuka: raises $4.94 to $7.41
iwolsing: calls $4.94
*** TURN *** [Td 7d Qc] [8d]
iwolsing: checks 
Aleqseuka: checks 
*** RIVER *** [Td 7d Qc 8d] [2d]
iwolsing: bets $8
Aleqseuka: calls $8
*** SHOW DOWN ***
iwolsing: shows [7c Kh] (a pair of Sevens)
Aleqseuka: shows [Ac As] (a pair of Aces)
Aleqseuka collected $34.22 from pot
*** SUMMARY ***
Total pot $36.02 | Rake $1.80 
Board [Td 7d Qc 8d 2d]
Seat 1: rrrro (button) folded before Flop (didn't bet)
Seat 2: Mr_Dick666 (small blind) folded before Flop
Seat 3: iwolsing (big blind) showed [7c Kh] and lost with a pair of Sevens
Seat 4: Aleqseuka showed [Ac As] and won ($34.22) with a pair of Aces
Seat 5: steepfell folded before Flop (didn't bet)
Seat 6: shootingGRID folded before Flop (didn't bet)



PokerStars Hand #254460113372:  Hold'em No Limit ($0.50/$1.00 USD) - 2025/01/19 1:23:50 WET [2025/01/19 20:23:50 ET]
Table 'Jugurtha III' 6-max Seat #2 is the button
Seat 1: rrrro ($120.32 in chips) 
Seat 2: Mr_Dick666 ($103.09 in chips) 
Seat 3: iwolsing ($119.46 in chips) 
Seat 4: Aleqseuka ($126.59 in chips) 
Seat 5: steepfell ($117.18 in chips) 
Seat 6: shootingGRID ($100 in chips) 
iwolsing: posts small blind $0.50
Aleqseuka: posts big blind $1
*** HOLE CARDS ***
steepfell: folds 
shootingGRID: folds 
rrrro: folds 
Mr_Dick666: folds 
iwolsing: folds 
Uncalled bet ($0.50) returned to Aleqseuka
Aleqseuka collected $1 from pot
Aleqseuka: doesn't show hand 
*** SUMMARY ***
Total pot $1 | Rake $0 
Seat 1: rrrro folded before Flop (didn't bet)
Seat 2: Mr_Dick666 (button) folded before Flop (didn't bet)
Seat 3: iwolsing (small blind) folded before Flop
Seat 4: Aleqseuka (big blind) collected ($1)
Seat 5: steepfell folded before Flop (didn't bet)
Seat 6: shootingGRID folded before Flop (didn't bet)



PokerStars Hand #254460115008:  Hold'em No Limit ($0.50/$1.00 USD) - 2025/01/19 1:24:13 WET [2025/01/19 20:24:13 ET]
Table 'Jugurtha III' 6-max Seat #3 is the button
Seat 1: rrrro ($120.32 in chips) 
Seat 2: Mr_Dick666 ($103.09 in chips) 
Seat 3: iwolsing ($118.96 in chips) 
Seat 4: Aleqseuka ($127.09 in chips) 
Seat 5: steepfell ($117.18 in chips) 
Seat 6: shootingGRID ($100 in chips) 
Aleqseuka: posts small blind $0.50
steepfell: posts big blind $1
*** HOLE CARDS ***
shootingGRID: raises $1.25 to $2.25
rrrro: folds 
Mr_Dick666: folds 
iwolsing: calls $2.25
Aleqseuka: folds 
steepfell: folds 
*** FLOP *** [3d Kc 3c]
shootingGRID: bets $1.42
iwolsing: calls $1.42
*** TURN *** [3d Kc 3c] [8h]
shootingGRID: checks 
iwolsing: bets $3
shootingGRID: calls $3
*** RIVER *** [3d Kc 3c 8h] [4s]
shootingGRID: checks 
iwolsing: bets $5
shootingGRID: calls $5
*** SHOW DOWN ***
iwolsing: shows [Ad Kh] (two pair, Kings and Threes)
shootingGRID: mucks hand 
iwolsing collected $23.60 from pot
*** SUMMARY ***
Total pot $24.84 | Rake $1.24 
Board [3d Kc 3c 8h 4s]
Seat 1: rrrro folded before Flop (didn't bet)
Seat 2: Mr_Dick666 folded before Flop (didn't bet)
Seat 3: iwolsing (button) showed [Ad Kh] and won ($23.60) with two pair, Kings and Threes
Seat 4: Aleqseuka (small blind) folded before Flop
Seat 5: steepfell (big blind) folded before Flop
Seat 6: shootingGRID mucked



PokerStars Hand #254460123366:  Hold'em No Limit ($0.50/$1.00 USD) - 2025/01/19 1:24:54 WET [2025/01/19 20:24:54 ET]
Table 'Jugurtha III' 6-max Seat #4 is the button
Seat 1: rrrro ($120.32 in chips) 
Seat 2: Mr_Dick666 ($103.09 in chips) 
Seat 3: iwolsing ($130.89 in chips) 
Seat 4: Aleqseuka ($126.59 in chips) 
Seat 5: steepfell ($116.18 in chips) 
Seat 6: shootingGRID ($100 in chips) 
steepfell: posts small blind $0.50
shootingGRID: posts big blind $1
*** HOLE CARDS ***
rrrro: folds 
Mr_Dick666: raises $1.50 to $2.50
iwolsing: calls $2.50
Aleqseuka: folds 
steepfell: folds 
shootingGRID: folds 
*** FLOP *** [4h 4c Th]
Mr_Dick666: checks 
iwolsing: bets $3.09
Mr_Dick666: calls $3.09
*** TURN *** [4h 4c Th] [Qh]
Mr_Dick666: checks 
iwolsing: checks 
*** RIVER *** [4h 4c Th Qh] [Kd]
Mr_Dick666: checks 
iwolsing: bets $6.03
Mr_Dick666: folds 
Uncalled bet ($6.03) returned to iwolsing
iwolsing collected $12.05 from pot
iwolsing: doesn't show hand 
*** SUMMARY ***
Total pot $12.68 | Rake $0.63 
Board [4h 4c Th Qh Kd]
Seat 1: rrrro folded before Flop (didn't bet)
Seat 2: Mr_Dick666 folded on the River
Seat 3: iwolsing collected ($12.05)
Seat 4: Aleqseuka (button) folded before Flop (didn't bet)
Seat 5: steepfell (small blind) folded before Flop
Seat 6: shootingGRID (big blind) folded before Flop



PokerStars Hand #254460132967:  Hold'em No Limit ($0.50/$1.00 USD) - 2025/01/19 1:25:47 WET [2025/01/19 20:25:47 ET]
Table 'Jugurtha III' 6-max Seat #5 is the button
Seat 1: rrrro ($120.32 in chips) is sitting out
Seat 2: Mr_Dick666 ($100 in chips) 
Seat 3: iwolsing ($137.35 in chips) 
Seat 4: Aleqseuka ($126.59 in chips) 
Seat 5: steepfell ($115.68 in chips) 
Seat 6: shootingGRID ($100 in chips) 
shootingGRID: posts small blind $0.50
rrrro: is sitting out 
Mr_Dick666: posts big blind $1
*** HOLE CARDS ***
iwolsing: raises $1 to $2
Aleqseuka: folds 
steepfell: folds 
shootingGRID: folds 
Mr_Dick666: calls $1
*** FLOP *** [7c Tc Ad]
Mr_Dick666: checks 
iwolsing: checks 
*** TURN *** [7c Tc Ad] [Ac]
Mr_Dick666: checks 
iwolsing: checks 
*** RIVER *** [7c Tc Ad Ac] [3d]
Mr_Dick666: bets $2.14
iwolsing: folds 
Uncalled bet ($2.14) returned to Mr_Dick666
Mr_Dick666 collected $4.28 from pot
Mr_Dick666: doesn't show hand 
*** SUMMARY ***
Total pot $4.50 | Rake $0.22 
Board [7c Tc Ad Ac 3d]
Seat 1: rrrro
Seat 2: Mr_Dick666 (big blind) collected ($4.28)
Seat 3: iwolsing folded on the River
Seat 4: Aleqseuka folded before Flop (didn't bet)
Seat 5: steepfell (button) folded before Flop (didn't bet)
Seat 6: shootingGRID (small blind) folded before Flop



PokerStars Hand #254460137959:  Hold'em No Limit ($0.50/$1.00 USD) - 2025/01/19 1:26:14 WET [2025/01/19 20:26:14 ET]
Table 'Jugurtha III' 6-max Seat #6 is the button
Seat 1: rrrro ($120.32 in chips) is sitting out
Seat 2: Mr_Dick666 ($102.28 in chips) 
Seat 3: iwolsing ($135.35 in chips) 
Seat 4: Aleqseuka ($126.59 in chips) 
Seat 5: steepfell ($115.68 in chips) 
Seat 6: shootingGRID ($100 in chips) 
Mr_Dick666: posts small blind $0.50
iwolsing: posts big blind $1
*** HOLE CARDS ***
Aleqseuka: folds 
steepfell: raises $1.50 to $2.50
shootingGRID: folds 
Mr_Dick666: folds 
iwolsing: calls $1.50
*** FLOP *** [Jc 5h 5c]
iwolsing: checks 
steepfell: bets $1.72
iwolsing: calls $1.72
*** TURN *** [Jc 5h 5c] [6d]
iwolsing: checks 
steepfell: bets $2.80
iwolsing: folds 
Uncalled bet ($2.80) returned to steepfell
steepfell collected $8.49 from pot
steepfell: doesn't show hand 
*** SUMMARY ***
Total pot $8.94 | Rake $0.45 
Board [Jc 5h 5c 6d]
Seat 1: rrrro
Seat 2: Mr_Dick666 (small blind) folded before Flop
Seat 3: iwolsing (big blind) folded on the Turn
Seat 4: Aleqseuka folded before Flop (didn't bet)
Seat 5: steepfell collected ($8.49)
Seat 6: shootingGRID (button) folded before Flop (didn't bet)



PokerStars Hand #254460143614:  Hold'em No Limit ($0.50/$1.00 USD) - 2025/01/19 1:26:46 WET [2025/01/19 20:26:46 ET]
Table 'Jugurtha III' 6-max Seat #2 is the button
Seat 1: rrrro ($120.32 in chips) is sitting out
Seat 2: Mr_Dick666 ($101.78 in chips) 
Seat 3: iwolsing ($131.13 in chips) 
Seat 4: Aleqseuka ($126.59 in chips) 
Seat 5: steepfell ($119.95 in chips) 
Seat 6: shootingGRID ($100 in chips) 
iwolsing: posts small blind $0.50
Aleqseuka: posts big blind $1
*** HOLE CARDS ***
steepfell: folds 
shootingGRID: folds 
Mr_Dick666: folds 
iwolsing: folds 
Uncalled bet ($0.50) returned to Aleqseuka
Aleqseuka collected $1 from pot
Aleqseuka: doesn't show hand 
*** SUMMARY ***
Total pot $1 | Rake $0 
Seat 1: rrrro
Seat 2: Mr_Dick666 (button) folded before Flop (didn't bet)
Seat 3: iwolsing (small blind) folded before Flop
Seat 4: Aleqseuka (big blind) collected ($1)
Seat 5: steepfell folded before Flop (didn't bet)
Seat 6: shootingGRID folded before Flop (didn't bet)



PokerStars Hand #254460145596:  Hold'em No Limit ($0.50/$1.00 USD) - 2025/01/19 1:26:57 WET [2025/01/19 20:26:57 ET]
Table 'Jugurtha III' 6-max Seat #3 is the button
Seat 1: rrrro ($120.32 in chips) is sitting out
Seat 2: Mr_Dick666 ($101.78 in chips) 
Seat 3: iwolsing ($130.63 in chips) 
Seat 4: Aleqseuka ($127.09 in chips) 
Seat 5: steepfell ($119.95 in chips) 
Seat 6: shootingGRID ($100 in chips) 
Aleqseuka: posts small blind $0.50
steepfell: posts big blind $1
*** HOLE CARDS ***
shootingGRID: raises $1.25 to $2.25
Mr_Dick666: folds 
iwolsing: folds 
Aleqseuka: folds 
steepfell: raises $9.75 to $12
shootingGRID: folds 
Uncalled bet ($9.75) returned to steepfell
steepfell collected $5 from pot
steepfell: doesn't show hand 
*** SUMMARY ***
Total pot $5 | Rake $0 
Seat 1: rrrro
Seat 2: Mr_Dick666 folded before Flop (didn't bet)
Seat 3: iwolsing (button) folded before Flop (didn't bet)
Seat 4: Aleqseuka (small blind) folded before Flop
Seat 5: steepfell (big blind) collected ($5)
Seat 6: shootingGRID folded before Flop



PokerStars Hand #254460155088:  Hold'em No Limit ($0.50/$1.00 USD) - 2025/01/19 1:27:49 WET [2025/01/19 20:27:49 ET]
Table 'Jugurtha III' 6-max Seat #4 is the button
Seat 1: rrrro ($120.32 in chips) is sitting out
Seat 2: Mr_Dick666 ($101.78 in chips) 
Seat 3: iwolsing ($130.63 in chips) 
Seat 4: Aleqseuka ($126.59 in chips) 
Seat 5: steepfell ($122.70 in chips) 
Seat 6: shootingGRID ($100 in chips) 
steepfell: posts small blind $0.50
shootingGRID: posts big blind $1
*** HOLE CARDS ***
Mr_Dick666: folds 
iwolsing: folds 
Aleqseuka: raises $1.50 to $2.50
steepfell: folds 
shootingGRID: folds 
Uncalled bet ($1.50) returned to Aleqseuka
Aleqseuka collected $2.50 from pot
Aleqseuka: doesn't show hand 
*** SUMMARY ***
Total pot $2.50 | Rake $0 
Seat 1: rrrro
Seat 2: Mr_Dick666 folded before Flop (didn't bet)
Seat 3: iwolsing folded before Flop (didn't bet)
Seat 4: Aleqseuka (button) collected ($2.50)
Seat 5: steepfell (small blind) folded before Flop
Seat 6: shootingGRID (big blind) folded before Flop



PokerStars Hand #254460158018:  Hold'em No Limit ($0.50/$1.00 USD) - 2025/01/19 1:28:06 WET [2025/01/19 20:28:06 ET]
Table 'Jugurtha III' 6-max Seat #5 is the button
Seat 1: rrrro ($120.32 in chips) is sitting out
Seat 2: Mr_Dick666 ($101.78 in chips) 
Seat 3: iwolsing ($130.63 in chips) 
Seat 4: Aleqseuka ($128.09 in chips) 
Seat 5: steepfell ($122.20 in chips) 
Seat 6: shootingGRID ($100 in chips) 
shootingGRID: posts small blind $0.50
Mr_Dick666: posts big blind $1
*** HOLE CARDS ***
iwolsing has timed out
iwolsing: folds 
Aleqseuka: folds 
steepfell: raises $1.50 to $2.50
shootingGRID: raises $9.50 to $12
Mr_Dick666: folds 
steepfell: raises $14 to $26
shootingGRID: folds 
Uncalled bet ($14) returned to steepfell
steepfell collected $25 from pot
steepfell: doesn't show hand 
*** SUMMARY ***
Total pot $25 | Rake $0 
Seat 1: rrrro
Seat 2: Mr_Dick666 (big blind) folded before Flop
Seat 3: iwolsing folded before Flop (didn't bet)
Seat 4: Aleqseuka folded before Flop (didn't bet)
Seat 5: steepfell (button) collected ($25)
Seat 6: shootingGRID (small blind) folded before Flop



PokerStars Hand #254460168730:  Hold'em No Limit ($0.50/$1.00 USD) - 2025/01/19 1:29:05 WET [2025/01/19 20:29:05 ET]
Table 'Jugurtha III' 6-max Seat #6 is the button
Seat 1: rrrro ($120.32 in chips) is sitting out
Seat 3: iwolsing ($130.63 in chips) is sitting out
Seat 2: Mr_Dick666 ($100.78 in chips) 
Seat 4: Aleqseuka ($128.09 in chips) 
Seat 5: steepfell ($135.20 in chips) 
Seat 6: shootingGRID ($100 in chips) 
Mr_Dick666: posts small blind $0.50
Aleqseuka: posts big blind $1
*** HOLE CARDS ***
steepfell: folds 
shootingGRID: folds 
Mr_Dick666: folds 
Uncalled bet ($0.50) returned to Aleqseuka
Aleqseuka collected $1 from pot
Aleqseuka: doesn't show hand 
*** SUMMARY ***
Total pot $1 | Rake $0 
Seat 1: rrrro
Seat 3: iwolsing
Seat 2: Mr_Dick666 (small blind) folded before Flop
Seat 4: Aleqseuka (big blind) collected ($1)
Seat 5: steepfell folded before Flop (didn't bet)
Seat 6: shootingGRID (button) folded before Flop (didn't bet)



PokerStars Hand #254460170192:  Hold'em No Limit ($0.50/$1.00 USD) - 2025/01/19 1:29:13 WET [2025/01/19 20:29:13 ET]
Table 'Jugurtha III' 6-max Seat #2 is the button
Seat 1: rrrro ($120.32 in chips) is sitting out
Seat 3: iwolsing ($130.63 in chips) is sitting out
Seat 5: steepfell ($135.20 in chips) is sitting out
Seat 2: Mr_Dick666 ($100.28 in chips) 
Seat 4: Aleqseuka ($128.59 in chips) 
Seat 6: shootingGRID ($100 in chips) 
Aleqseuka: posts small blind $0.50
steepfell: is sitting out 
shootingGRID: posts big blind $1
rrrro: sits out 
*** HOLE CARDS ***
steepfell leaves the table
Mr_Dick666: folds 
Aleqseuka: folds 
Uncalled bet ($0.50) returned to shootingGRID
shootingGRID collected $1 from pot
*** SUMMARY ***
Total pot $1 | Rake $0 
Seat 1: rrrro
Seat 3: iwolsing
Seat 5: steepfell
Seat 2: Mr_Dick666 (button) folded before Flop (didn't bet)
Seat 4: Aleqseuka (small blind) folded before Flop
Seat 6: shootingGRID (big blind) collected ($1)



PokerStars Hand #254460172571:  Hold'em No Limit ($0.50/$1.00 USD) - 2025/01/19 1:29:26 WET [2025/01/19 20:29:26 ET]
Table 'Jugurtha III' 6-max Seat #4 is the button
Seat 3: iwolsing ($130.63 in chips) is sitting out
Seat 1: rrrro ($120.32 in chips) 
Seat 2: Mr_Dick666 ($100.28 in chips) 
Seat 4: Aleqseuka ($128.09 in chips) 
Seat 6: shootingGRID ($100.50 in chips) 
shootingGRID: posts small blind $0.50
rrrro: posts big blind $1
*** HOLE CARDS ***
Mr_Dick666: folds 
Aleqseuka: raises $1.50 to $2.50
fataleggs13 joins the table at seat #5 
shootingGRID: folds 
rrrro: raises $10.50 to $13
Aleqseuka: calls $10.50
*** FLOP *** [Kc 6h 8s]
rrrro: bets $12.75
Aleqseuka: calls $12.75
*** TURN *** [Kc 6h 8s] [Jd]
rrrro: bets $25.50
Aleqseuka: folds 
Uncalled bet ($25.50) returned to rrrro
rrrro collected $51 from pot
rrrro: doesn't show hand 
*** SUMMARY ***
Total pot $52 | Rake $1 
Board [Kc 6h 8s Jd]
Seat 3: iwolsing
Seat 1: rrrro (big blind) collected ($51)
Seat 2: Mr_Dick666 folded before Flop (didn't bet)
Seat 4: Aleqseuka (button) folded on the Turn
Seat 6: shootingGRID (small blind) folded before Flop



PokerStars Hand #254460183071:  Hold'em No Limit ($0.50/$1.00 USD) - 2025/01/19 1:30:24 WET [2025/01/19 20:30:24 ET]
Table 'Jugurtha III' 6-max Seat #6 is the button
Seat 5: fataleggs13 ($75 in chips) is sitting out
Seat 1: rrrro ($145.57 in chips) 
Seat 2: Mr_Dick666 ($100.28 in chips) 
Seat 3: iwolsing ($130.63 in chips) 
Seat 4: Aleqseuka ($102.34 in chips) 
Seat 6: shootingGRID ($100 in chips) 
rrrro: posts small blind $0.50
Mr_Dick666: posts big blind $1
iwolsing: posts small & big blinds $1.50
fataleggs13: sits out 
*** HOLE CARDS ***
iwolsing: raises $1 to $2
Aleqseuka: raises $6 to $8
shootingGRID: folds 
rrrro: folds 
Mr_Dick666: folds 
iwolsing: calls $6
*** FLOP *** [5c Jc Td]
iwolsing: bets $8.55
Aleqseuka: raises $17.10 to $25.65
iwolsing: raises $96.48 to $122.13 and is all-in
Aleqseuka: calls $68.69 and is all-in
Uncalled bet ($27.79) returned to iwolsing
*** TURN *** [5c Jc Td] [2c]
*** RIVER *** [5c Jc Td 2c] [Ad]
*** SHOW DOWN ***
iwolsing: shows [Jh 9h] (a pair of Jacks)
Aleqseuka: shows [Qs Kc] (a straight, Ten to Ace)
Aleqseuka collected $204.18 from pot
iwolsing cashed out the hand for $104.30 | Cash Out Fee $2.13
*** SUMMARY ***
Total pot $206.68 | Rake $2.50 
Board [5c Jc Td 2c Ad]
Seat 5: fataleggs13
Seat 1: rrrro (small blind) folded before Flop
Seat 2: Mr_Dick666 (big blind) folded before Flop
Seat 3: iwolsing showed [Jh 9h] and lost with a pair of Jacks (cashed out).
Seat 4: Aleqseuka showed [Qs Kc] and won ($204.18) with a straight, Ten to Ace
Seat 6: shootingGRID (button) folded before Flop (didn't bet)



PokerStars Hand #254460197569:  Hold'em No Limit ($0.50/$1.00 USD) - 2025/01/19 1:31:43 WET [2025/01/19 20:31:43 ET]
Table 'Jugurtha III' 6-max Seat #1 is the button
Seat 5: fataleggs13 ($75 in chips) is sitting out
Seat 1: rrrro ($145.07 in chips) 
Seat 2: Mr_Dick666 ($100 in chips) 
Seat 3: iwolsing ($132.09 in chips) 
Seat 4: Aleqseuka ($204.18 in chips) 
Seat 6: shootingGRID ($100 in chips) 
Mr_Dick666: posts small blind $0.50
iwolsing: posts big blind $1
fataleggs13: sits out 
*** HOLE CARDS ***
Aleqseuka: folds 
shootingGRID: folds 
rrrro: raises $1.50 to $2.50
Mr_Dick666: folds 
iwolsing: folds 
Uncalled bet ($1.50) returned to rrrro
rrrro collected $2.50 from pot
rrrro: doesn't show hand 
*** SUMMARY ***
Total pot $2.50 | Rake $0 
Seat 5: fataleggs13
Seat 1: rrrro (button) collected ($2.50)
Seat 2: Mr_Dick666 (small blind) folded before Flop
Seat 3: iwolsing (big blind) folded before Flop
Seat 4: Aleqseuka folded before Flop (didn't bet)
Seat 6: shootingGRID folded before Flop (didn't bet)



PokerStars Hand #254460264663:  Hold'em No Limit ($0.50/$1.00 USD) - 2025/01/19 1:38:00 WET [2025/01/19 20:38:00 ET]
Table 'Jugurtha III' 6-max Seat #4 is the button
Seat 1: rrrro ($138.70 in chips) 
Seat 2: Mr_Dick666 ($100 in chips) 
Seat 3: iwolsing ($111.02 in chips) 
Seat 4: Aleqseuka ($201.18 in chips) 
Seat 5: fataleggs13 ($107.30 in chips) 
Seat 6: shootingGRID ($101.50 in chips) 
fataleggs13: posts small blind $0.50
shootingGRID: posts big blind $1
*** HOLE CARDS ***
rrrro: folds 
Mr_Dick666: folds 
iwolsing: folds 
Aleqseuka: raises $1.50 to $2.50
fataleggs13: folds 
shootingGRID: calls $1.50
*** FLOP *** [6c Js 2s]
shootingGRID: checks 
Aleqseuka: checks 
*** TURN *** [6c Js 2s] [3d]
shootingGRID: bets $3.92
Aleqseuka: calls $3.92
*** RIVER *** [6c Js 2s 3d] [6d]
shootingGRID: bets $8.86
Aleqseuka: folds 
Uncalled bet ($8.86) returned to shootingGRID
shootingGRID collected $12.67 from pot
*** SUMMARY ***
Total pot $13.34 | Rake $0.67 
Board [6c Js 2s 3d 6d]
Seat 1: rrrro folded before Flop (didn't bet)
Seat 2: Mr_Dick666 folded before Flop (didn't bet)
Seat 3: iwolsing folded before Flop (didn't bet)
Seat 4: Aleqseuka (button) folded on the River
Seat 5: fataleggs13 (small blind) folded before Flop
Seat 6: shootingGRID (big blind) collected ($12.67)



PokerStars Hand #254460278055:  Hold'em No Limit ($0.50/$1.00 USD) - 2025/01/19 1:39:17 WET [2025/01/19 20:39:17 ET]
Table 'Jugurtha III' 6-max Seat #5 is the button
Seat 1: rrrro ($138.70 in chips) 
Seat 2: Mr_Dick666 ($100 in chips) 
Seat 3: iwolsing ($111.02 in chips) 
Seat 4: Aleqseuka ($194.76 in chips) 
Seat 5: fataleggs13 ($106.80 in chips) 
Seat 6: shootingGRID ($107.75 in chips) 
shootingGRID: posts small blind $0.50
rrrro: posts big blind $1
*** HOLE CARDS ***
Mr_Dick666: folds 
iwolsing: raises $1 to $2
Aleqseuka: raises $4.50 to $6.50
fataleggs13: folds 
shootingGRID: folds 
rrrro: folds 
iwolsing: calls $4.50
*** FLOP *** [Jd 3s 2d]
iwolsing: checks 
Aleqseuka: bets $7.58
iwolsing: folds 
Uncalled bet ($7.58) returned to Aleqseuka
Aleqseuka collected $13.78 from pot
Aleqseuka: doesn't show hand 
*** SUMMARY ***
Total pot $14.50 | Rake $0.72 
Board [Jd 3s 2d]
Seat 1: rrrro (big blind) folded before Flop
Seat 2: Mr_Dick666 folded before Flop (didn't bet)
Seat 3: iwolsing folded on the Flop
Seat 4: Aleqseuka collected ($13.78)
Seat 5: fataleggs13 (button) folded before Flop (didn't bet)
Seat 6: shootingGRID (small blind) folded before Flop



PokerStars Hand #254460284549:  Hold'em No Limit ($0.50/$1.00 USD) - 2025/01/19 1:39:53 WET [2025/01/19 20:39:53 ET]
Table 'Jugurtha III' 6-max Seat #6 is the button
Seat 2: Mr_Dick666 ($100 in chips) is sitting out
Seat 1: rrrro ($137.70 in chips) 
Seat 3: iwolsing ($104.52 in chips) 
Seat 4: Aleqseuka ($202.04 in chips) 
Seat 5: fataleggs13 ($106.80 in chips) 
Seat 6: shootingGRID ($107.25 in chips) 
rrrro: posts small blind $0.50
Mr_Dick666: is sitting out 
iwolsing: posts big blind $1
*** HOLE CARDS ***
Aleqseuka: raises $1.35 to $2.35
fataleggs13: folds 
shootingGRID: folds 
Mr_Dick666 leaves the table
rrrro: folds 
iwolsing: calls $1.35
*** FLOP *** [2d 6h Ad]
iwolsing: bets $2.47
Aleqseuka: raises $4.94 to $7.41
iwolsing: calls $4.94
*** TURN *** [2d 6h Ad] [3d]
iwolsing: checks 
Seri15428 joins the table at seat #2 
Seri15428 is disconnected 
Aleqseuka: bets $10.46
iwolsing: calls $10.46
*** RIVER *** [2d 6h Ad 3d] [9d]
iwolsing: bets $13
Aleqseuka: folds 
Uncalled bet ($13) returned to iwolsing
iwolsing collected $38.89 from pot
iwolsing: doesn't show hand 
*** SUMMARY ***
Total pot $40.94 | Rake $2.05 
Board [2d 6h Ad 3d 9d]
Seat 2: Mr_Dick666
Seat 1: rrrro (small blind) folded before Flop
Seat 3: iwolsing (big blind) collected ($38.89)
Seat 4: Aleqseuka folded on the River
Seat 5: fataleggs13 folded before Flop (didn't bet)
Seat 6: shootingGRID (button) folded before Flop (didn't bet)



PokerStars Hand #254460295584:  Hold'em No Limit ($0.50/$1.00 USD) - 2025/01/19 1:40:57 WET [2025/01/19 20:40:57 ET]
Table 'Jugurtha III' 6-max Seat #1 is the button
Seat 2: Seri15428 ($51.41 in chips) is sitting out
Seat 1: rrrro ($137.20 in chips) 
Seat 3: iwolsing ($123.19 in chips) 
Seat 4: Aleqseuka ($181.82 in chips) 
Seat 5: fataleggs13 ($106.80 in chips) 
Seat 6: shootingGRID ($107.25 in chips) 
iwolsing: posts small blind $0.50
Aleqseuka: posts big blind $1
*** HOLE CARDS ***
fataleggs13: folds 
shootingGRID: folds 
rrrro: folds 
iwolsing: raises $1 to $2
Aleqseuka: calls $1
*** FLOP *** [3h Qs 8d]
iwolsing: bets $2
Aleqseuka: calls $2
*** TURN *** [3h Qs 8d] [7h]
iwolsing: bets $3
Aleqseuka: calls $3
*** RIVER *** [3h Qs 8d 7h] [Ts]
iwolsing: checks 
Aleqseuka: checks 
*** SHOW DOWN ***
iwolsing: shows [4s 4h] (a pair of Fours)
Aleqseuka: mucks hand 
iwolsing collected $13.30 from pot
*** SUMMARY ***
Total pot $14 | Rake $0.70 
Board [3h Qs 8d 7h Ts]
Seat 2: Seri15428
Seat 1: rrrro (button) folded before Flop (didn't bet)
Seat 3: iwolsing (small blind) showed [4s 4h] and won ($13.30) with a pair of Fours
Seat 4: Aleqseuka (big blind) mucked
Seat 5: fataleggs13 folded before Flop (didn't bet)
Seat 6: shootingGRID folded before Flop (didn't bet)



PokerStars Hand #254460305010:  Hold'em No Limit ($0.50/$1.00 USD) - 2025/01/19 1:41:51 WET [2025/01/19 20:41:51 ET]
Table 'Jugurtha III' 6-max Seat #3 is the button
Seat 1: rrrro ($137.20 in chips) 
Seat 2: Seri15428 ($51.41 in chips) 
Seat 3: iwolsing ($129.49 in chips) 
Seat 4: Aleqseuka ($174.82 in chips) 
Seat 5: fataleggs13 ($106.80 in chips) 
Seat 6: shootingGRID ($107.25 in chips) 
Aleqseuka: posts small blind $0.50
fataleggs13: posts big blind $1
Seri15428: posts big blind $1
*** HOLE CARDS ***
shootingGRID: folds 
rrrro: folds 
Seri15428: checks 
iwolsing: folds 
Aleqseuka: folds 
fataleggs13: checks 
*** FLOP *** [Ah Kh Jd]
fataleggs13: checks 
Seri15428: checks 
*** TURN *** [Ah Kh Jd] [5h]
fataleggs13: checks 
Seri15428: checks 
*** RIVER *** [Ah Kh Jd 5h] [9s]
fataleggs13: checks 
Seri15428: checks 
*** SHOW DOWN ***
fataleggs13: shows [7d 4h] (high card Ace)
Seri15428: shows [Ks 6c] (a pair of Kings)
Seri15428 collected $2.35 from pot
*** SUMMARY ***
Total pot $2.50 | Rake $0.15 
Board [Ah Kh Jd 5h 9s]
Seat 1: rrrro folded before Flop (didn't bet)
Seat 2: Seri15428 showed [Ks 6c] and won ($2.35) with a pair of Kings
Seat 3: iwolsing (button) folded before Flop (didn't bet)
Seat 4: Aleqseuka (small blind) folded before Flop
Seat 5: fataleggs13 (big blind) showed [7d 4h] and lost with high card Ace
Seat 6: shootingGRID folded before Flop (didn't bet)



PokerStars Hand #254460309595:  Hold'em No Limit ($0.50/$1.00 USD) - 2025/01/19 1:42:18 WET [2025/01/19 20:42:18 ET]
Table 'Jugurtha III' 6-max Seat #4 is the button
Seat 1: rrrro ($137.20 in chips) 
Seat 2: Seri15428 ($52.76 in chips) 
Seat 3: iwolsing ($129.49 in chips) 
Seat 4: Aleqseuka ($174.32 in chips) 
Seat 5: fataleggs13 ($105.80 in chips) 
Seat 6: shootingGRID ($107.25 in chips) 
fataleggs13: posts small blind $0.50
shootingGRID: posts big blind $1
*** HOLE CARDS ***
rrrro: folds 
Seri15428: calls $1
iwolsing: folds 
Aleqseuka: raises $3 to $4
fataleggs13: folds 
shootingGRID: folds 
Seri15428: calls $3
*** FLOP *** [Ts Js Ac]
Seri15428: checks 
Aleqseuka: bets $2
Seri15428: calls $2
*** TURN *** [Ts Js Ac] [Qs]
Seri15428: checks 
Aleqseuka: bets $9.62
Seri15428: calls $9.62
*** RIVER *** [Ts Js Ac Qs] [4s]
Seri15428: checks 
Aleqseuka: checks 
*** SHOW DOWN ***
Seri15428: shows [Td Ah] (two pair, Aces and Tens)
Aleqseuka: shows [Kh 8h] (a straight, Ten to Ace)
Aleqseuka collected $31.10 from pot
*** SUMMARY ***
Total pot $32.74 | Rake $1.64 
Board [Ts Js Ac Qs 4s]
Seat 1: rrrro folded before Flop (didn't bet)
Seat 2: Seri15428 showed [Td Ah] and lost with two pair, Aces and Tens
Seat 3: iwolsing folded before Flop (didn't bet)
Seat 4: Aleqseuka (button) showed [Kh 8h] and won ($31.10) with a straight, Ten to Ace
Seat 5: fataleggs13 (small blind) folded before Flop
Seat 6: shootingGRID (big blind) folded before Flop



PokerStars Hand #254460325497:  Hold'em No Limit ($0.50/$1.00 USD) - 2025/01/19 1:43:49 WET [2025/01/19 20:43:49 ET]
Table 'Jugurtha III' 6-max Seat #5 is the button
Seat 1: rrrro ($137.20 in chips) 
Seat 2: Seri15428 ($37.14 in chips) 
Seat 3: iwolsing ($129.49 in chips) 
Seat 4: Aleqseuka ($189.80 in chips) 
Seat 5: fataleggs13 ($105.30 in chips) 
Seat 6: shootingGRID ($106.25 in chips) 
shootingGRID: posts small blind $0.50
rrrro: posts big blind $1
*** HOLE CARDS ***
Seri15428: calls $1
iwolsing: raises $2 to $3
Aleqseuka: folds 
fataleggs13: calls $3
shootingGRID: folds 
rrrro: raises $12 to $15
Seri15428: folds 
iwolsing: folds 
fataleggs13: folds 
Uncalled bet ($12) returned to rrrro
rrrro collected $10.50 from pot
rrrro: doesn't show hand 
*** SUMMARY ***
Total pot $10.50 | Rake $0 
Seat 1: rrrro (big blind) collected ($10.50)
Seat 2: Seri15428 folded before Flop
Seat 3: iwolsing folded before Flop
Seat 4: Aleqseuka folded before Flop (didn't bet)
Seat 5: fataleggs13 (button) folded before Flop
Seat 6: shootingGRID (small blind) folded before Flop



PokerStars Hand #254460330982:  Hold'em No Limit ($0.50/$1.00 USD) - 2025/01/19 1:44:21 WET [2025/01/19 20:44:21 ET]
Table 'Jugurtha III' 6-max Seat #6 is the button
Seat 1: rrrro ($144.70 in chips) 
Seat 2: Seri15428 ($36.14 in chips) 
Seat 3: iwolsing ($126.49 in chips) 
Seat 4: Aleqseuka ($189.80 in chips) 
Seat 5: fataleggs13 ($102.30 in chips) 
Seat 6: shootingGRID ($105.75 in chips) 
rrrro: posts small blind $0.50
Seri15428: posts big blind $1
*** HOLE CARDS ***
iwolsing: raises $1 to $2
Aleqseuka: folds 
fataleggs13: folds 
shootingGRID: raises $4.50 to $6.50
rrrro: folds 
Seri15428: folds 
iwolsing: calls $4.50
*** FLOP *** [Qc Jd 5c]
iwolsing: checks 
shootingGRID: checks 
*** TURN *** [Qc Jd 5c] [9d]
iwolsing: bets $3
shootingGRID: folds 
Uncalled bet ($3) returned to iwolsing
iwolsing collected $13.78 from pot
iwolsing: doesn't show hand 
*** SUMMARY ***
Total pot $14.50 | Rake $0.72 
Board [Qc Jd 5c 9d]
Seat 1: rrrro (small blind) folded before Flop
Seat 2: Seri15428 (big blind) folded before Flop
Seat 3: iwolsing collected ($13.78)
Seat 4: Aleqseuka folded before Flop (didn't bet)
Seat 5: fataleggs13 folded before Flop (didn't bet)
Seat 6: shootingGRID (button) folded on the Turn



PokerStars Hand #254460343882:  Hold'em No Limit ($0.50/$1.00 USD) - 2025/01/19 1:45:35 WET [2025/01/19 20:45:35 ET]
Table 'Jugurtha III' 6-max Seat #1 is the button
Seat 1: rrrro ($144.20 in chips) 
Seat 2: Seri15428 ($35.14 in chips) 
Seat 3: iwolsing ($133.77 in chips) 
Seat 4: Aleqseuka ($189.80 in chips) 
Seat 5: fataleggs13 ($102.30 in chips) 
Seat 6: shootingGRID ($100 in chips) 
Seri15428: posts small blind $0.50
iwolsing: posts big blind $1
*** HOLE CARDS ***
Aleqseuka: folds 
fataleggs13: folds 
shootingGRID: folds 
rrrro: raises $1.50 to $2.50
Seri15428: folds 
iwolsing: calls $1.50
*** FLOP *** [8h 9s 5c]
iwolsing: bets $2.61
rrrro: calls $2.61
*** TURN *** [8h 9s 5c] [9c]
iwolsing: bets $5.09
rrrro: calls $5.09
*** RIVER *** [8h 9s 5c 9c] [7c]
iwolsing: checks 
rrrro: checks 
*** SHOW DOWN ***
iwolsing: shows [Kc Ts] (a pair of Nines)
rrrro: shows [8c Jh] (two pair, Nines and Eights)
rrrro collected $19.86 from pot
*** SUMMARY ***
Total pot $20.90 | Rake $1.04 
Board [8h 9s 5c 9c 7c]
Seat 1: rrrro (button) showed [8c Jh] and won ($19.86) with two pair, Nines and Eights
Seat 2: Seri15428 (small blind) folded before Flop
Seat 3: iwolsing (big blind) showed [Kc Ts] and lost with a pair of Nines
Seat 4: Aleqseuka folded before Flop (didn't bet)
Seat 5: fataleggs13 folded before Flop (didn't bet)
Seat 6: shootingGRID folded before Flop (didn't bet)



PokerStars Hand #254460357996:  Hold'em No Limit ($0.50/$1.00 USD) - 2025/01/19 1:46:57 WET [2025/01/19 20:46:57 ET]
Table 'Jugurtha III' 6-max Seat #2 is the button
Seat 1: rrrro ($153.86 in chips) 
Seat 2: Seri15428 ($34.64 in chips) 
Seat 3: iwolsing ($123.57 in chips) 
Seat 4: Aleqseuka ($189.80 in chips) 
Seat 5: fataleggs13 ($102.30 in chips) 
Seat 6: shootingGRID ($100 in chips) 
iwolsing: posts small blind $0.50
Aleqseuka: posts big blind $1
*** HOLE CARDS ***
fataleggs13: folds 
shootingGRID: raises $1.25 to $2.25
rrrro: folds 
Seri15428: folds 
iwolsing: calls $1.75
Aleqseuka: calls $1.25
*** FLOP *** [9h Js Ts]
iwolsing: checks 
Aleqseuka: checks 
shootingGRID: checks 
*** TURN *** [9h Js Ts] [9c]
iwolsing: checks 
Aleqseuka: checks 
shootingGRID: checks 
*** RIVER *** [9h Js Ts 9c] [7d]
iwolsing: checks 
Aleqseuka: checks 
shootingGRID: bets $4.50
iwolsing: folds 
Aleqseuka: folds 
Uncalled bet ($4.50) returned to shootingGRID
shootingGRID collected $6.41 from pot
*** SUMMARY ***
Total pot $6.75 | Rake $0.34 
Board [9h Js Ts 9c 7d]
Seat 1: rrrro folded before Flop (didn't bet)
Seat 2: Seri15428 (button) folded before Flop (didn't bet)
Seat 3: iwolsing (small blind) folded on the River
Seat 4: Aleqseuka (big blind) folded on the River
Seat 5: fataleggs13 folded before Flop (didn't bet)
Seat 6: shootingGRID collected ($6.41)



PokerStars Hand #254460371017:  Hold'em No Limit ($0.50/$1.00 USD) - 2025/01/19 1:48:14 WET [2025/01/19 20:48:14 ET]
Table 'Jugurtha III' 6-max Seat #3 is the button
Seat 1: rrrro ($153.86 in chips) 
Seat 2: Seri15428 ($34.64 in chips) 
Seat 3: iwolsing ($121.32 in chips) 
Seat 4: Aleqseuka ($187.55 in chips) 
Seat 5: fataleggs13 ($102.30 in chips) 
Seat 6: shootingGRID ($104.16 in chips) 
Aleqseuka: posts small blind $0.50
fataleggs13: posts big blind $1
*** HOLE CARDS ***
shootingGRID: folds 
rrrro: folds 
Seri15428: folds 
iwolsing: raises $1 to $2
Aleqseuka: folds 
fataleggs13: raises $6 to $8
iwolsing: calls $6
*** FLOP *** [2h Qd 8d]
fataleggs13: bets $5.49
iwolsing: folds 
Uncalled bet ($5.49) returned to fataleggs13
fataleggs13 collected $15.68 from pot
fataleggs13: doesn't show hand 
*** SUMMARY ***
Total pot $16.50 | Rake $0.82 
Board [2h Qd 8d]
Seat 1: rrrro folded before Flop (didn't bet)
Seat 2: Seri15428 folded before Flop (didn't bet)
Seat 3: iwolsing (button) folded on the Flop
Seat 4: Aleqseuka (small blind) folded before Flop
Seat 5: fataleggs13 (big blind) collected ($15.68)
Seat 6: shootingGRID folded before Flop (didn't bet)



PokerStars Hand #254460380652:  Hold'em No Limit ($0.50/$1.00 USD) - 2025/01/19 1:49:11 WET [2025/01/19 20:49:11 ET]
Table 'Jugurtha III' 6-max Seat #4 is the button
Seat 1: rrrro ($153.86 in chips) 
Seat 2: Seri15428 ($34.64 in chips) 
Seat 3: iwolsing ($113.32 in chips) 
Seat 4: Aleqseuka ($187.05 in chips) 
Seat 5: fataleggs13 ($109.98 in chips) 
Seat 6: shootingGRID ($104.16 in chips) 
fataleggs13: posts small blind $0.50
shootingGRID: posts big blind $1
*** HOLE CARDS ***
rrrro: raises $1 to $2
Seri15428: calls $2
iwolsing: folds 
Aleqseuka: folds 
fataleggs13: folds 
shootingGRID: calls $1
*** FLOP *** [8d 5d Kh]
shootingGRID: checks 
rrrro: checks 
Seri15428: checks 
*** TURN *** [8d 5d Kh] [Ac]
shootingGRID: checks 
rrrro: checks 
Seri15428: checks 
*** RIVER *** [8d 5d Kh Ac] [8h]
shootingGRID: checks 
rrrro: bets $4.63
Seri15428: calls $4.63
shootingGRID: folds 
*** SHOW DOWN ***
rrrro: shows [Ah 6h] (two pair, Aces and Eights)
Seri15428: mucks hand 
rrrro collected $14.97 from pot
*** SUMMARY ***
Total pot $15.76 | Rake $0.79 
Board [8d 5d Kh Ac 8h]
Seat 1: rrrro showed [Ah 6h] and won ($14.97) with two pair, Aces and Eights
Seat 2: Seri15428 mucked
Seat 3: iwolsing folded before Flop (didn't bet)
Seat 4: Aleqseuka (button) folded before Flop (didn't bet)
Seat 5: fataleggs13 (small blind) folded before Flop
Seat 6: shootingGRID (big blind) folded on the River



PokerStars Hand #254460393340:  Hold'em No Limit ($0.50/$1.00 USD) - 2025/01/19 1:50:26 WET [2025/01/19 20:50:26 ET]
Table 'Jugurtha III' 6-max Seat #5 is the button
Seat 1: rrrro ($162.20 in chips) 
Seat 2: Seri15428 ($28.01 in chips) 
Seat 3: iwolsing ($113.32 in chips) 
Seat 4: Aleqseuka ($187.05 in chips) 
Seat 5: fataleggs13 ($109.48 in chips) 
Seat 6: shootingGRID ($102.16 in chips) 
shootingGRID: posts small blind $0.50
rrrro: posts big blind $1
*** HOLE CARDS ***
Seri15428: folds 
iwolsing: raises $1 to $2
Aleqseuka: folds 
fataleggs13: folds 
shootingGRID: raises $6 to $8
rrrro: raises $12 to $20
iwolsing: folds 
shootingGRID: calls $12
*** FLOP *** [8h 3s 2c]
shootingGRID: checks 
rrrro: bets $9.97
shootingGRID: calls $9.97
*** TURN *** [8h 3s 2c] [Kh]
shootingGRID: checks 
rrrro: bets $14.86
shootingGRID: calls $14.86
*** RIVER *** [8h 3s 2c Kh] [Qc]
shootingGRID: checks 
rrrro: bets $117.37 and is all-in
shootingGRID: folds 
Uncalled bet ($117.37) returned to rrrro
rrrro collected $89.16 from pot
rrrro: doesn't show hand 
*** SUMMARY ***
Total pot $91.66 | Rake $2.50 
Board [8h 3s 2c Kh Qc]
Seat 1: rrrro (big blind) collected ($89.16)
Seat 2: Seri15428 folded before Flop (didn't bet)
Seat 3: iwolsing folded before Flop
Seat 4: Aleqseuka folded before Flop (didn't bet)
Seat 5: fataleggs13 (button) folded before Flop (didn't bet)
Seat 6: shootingGRID (small blind) folded on the River



PokerStars Hand #254460412271:  Hold'em No Limit ($0.50/$1.00 USD) - 2025/01/19 1:52:18 WET [2025/01/19 20:52:18 ET]
Table 'Jugurtha III' 6-max Seat #6 is the button
Seat 1: rrrro ($206.53 in chips) 
Seat 2: Seri15428 ($28.01 in chips) 
Seat 3: iwolsing ($111.32 in chips) 
Seat 4: Aleqseuka ($187.05 in chips) 
Seat 5: fataleggs13 ($109.48 in chips) 
Seat 6: shootingGRID ($100 in chips) 
rrrro: posts small blind $0.50
Seri15428: posts big blind $1
*** HOLE CARDS ***
iwolsing: raises $1 to $2
Aleqseuka: folds 
fataleggs13: calls $2
shootingGRID: folds 
rrrro: folds 
Seri15428: calls $1
*** FLOP *** [8s 4s 3c]
Seri15428: checks 
iwolsing: bets $3.09
fataleggs13: folds 
Seri15428: folds 
Uncalled bet ($3.09) returned to iwolsing
iwolsing collected $6.18 from pot
iwolsing: doesn't show hand 
*** SUMMARY ***
Total pot $6.50 | Rake $0.32 
Board [8s 4s 3c]
Seat 1: rrrro (small blind) folded before Flop
Seat 2: Seri15428 (big blind) folded on the Flop
Seat 3: iwolsing collected ($6.18)
Seat 4: Aleqseuka folded before Flop (didn't bet)
Seat 5: fataleggs13 folded on the Flop
Seat 6: shootingGRID (button) folded before Flop (didn't bet)



PokerStars Hand #254460420179:  Hold'em No Limit ($0.50/$1.00 USD) - 2025/01/19 1:53:05 WET [2025/01/19 20:53:05 ET]
Table 'Jugurtha III' 6-max Seat #1 is the button
Seat 1: rrrro ($206.03 in chips) 
Seat 2: Seri15428 ($26.01 in chips) 
Seat 3: iwolsing ($115.50 in chips) 
Seat 4: Aleqseuka ($187.05 in chips) 
Seat 5: fataleggs13 ($107.48 in chips) 
Seat 6: shootingGRID ($100 in chips) 
Seri15428: posts small blind $0.50
iwolsing: posts big blind $1
*** HOLE CARDS ***
Aleqseuka: folds 
fataleggs13: raises $1.20 to $2.20
shootingGRID: folds 
rrrro has timed out
rrrro: folds 
Seri15428: calls $1.70
iwolsing: calls $1.20
*** FLOP *** [7s Kd 8c]
Seri15428: checks 
iwolsing: bets $3.14
fataleggs13: folds 
Seri15428: folds 
Uncalled bet ($3.14) returned to iwolsing
iwolsing collected $6.27 from pot
iwolsing: doesn't show hand 
*** SUMMARY ***
Total pot $6.60 | Rake $0.33 
Board [7s Kd 8c]
Seat 1: rrrro (button) folded before Flop (didn't bet)
Seat 2: Seri15428 (small blind) folded on the Flop
Seat 3: iwolsing (big blind) collected ($6.27)
Seat 4: Aleqseuka folded before Flop (didn't bet)
Seat 5: fataleggs13 folded on the Flop
Seat 6: shootingGRID folded before Flop (didn't bet)



PokerStars Hand #254460431741:  Hold'em No Limit ($0.50/$1.00 USD) - 2025/01/19 1:54:13 WET [2025/01/19 20:54:13 ET]
Table 'Jugurtha III' 6-max Seat #2 is the button
Seat 4: Aleqseuka ($187.05 in chips) is sitting out
Seat 1: rrrro ($206.03 in chips) 
Seat 2: Seri15428 ($23.81 in chips) 
Seat 3: iwolsing ($119.57 in chips) 
Seat 5: fataleggs13 ($105.28 in chips) 
Seat 6: shootingGRID ($100 in chips) 
iwolsing: posts small blind $0.50
Aleqseuka: is sitting out 
fataleggs13: posts big blind $1
*** HOLE CARDS ***
shootingGRID: folds 
rrrro: raises $1.30 to $2.30
Seri15428: calls $2.30
iwolsing: calls $1.80
fataleggs13: calls $1.30
*** FLOP *** [5s Th 3c]
iwolsing: checks 
fataleggs13: checks 
rrrro: checks 
Seri15428: checks 
*** TURN *** [5s Th 3c] [5d]
iwolsing: checks 
fataleggs13: checks 
rrrro: checks 
Seri15428: checks 
*** RIVER *** [5s Th 3c 5d] [6c]
iwolsing: bets $3
fataleggs13: folds 
rrrro: calls $3
Seri15428: folds 
*** SHOW DOWN ***
iwolsing: shows [9h 7d] (a pair of Fives)
rrrro: shows [6h Ah] (two pair, Sixes and Fives)
rrrro collected $14.44 from pot
*** SUMMARY ***
Total pot $15.20 | Rake $0.76 
Board [5s Th 3c 5d 6c]
Seat 4: Aleqseuka
Seat 1: rrrro showed [6h Ah] and won ($14.44) with two pair, Sixes and Fives
Seat 2: Seri15428 (button) folded on the River
Seat 3: iwolsing (small blind) showed [9h 7d] and lost with a pair of Fives
Seat 5: fataleggs13 (big blind) folded on the River
Seat 6: shootingGRID folded before Flop (didn't bet)



PokerStars Hand #254460445972:  Hold'em No Limit ($0.50/$1.00 USD) - 2025/01/19 1:55:50 WET [2025/01/19 20:55:50 ET]
Table 'Jugurtha III' 6-max Seat #3 is the button
Seat 4: Aleqseuka ($187.05 in chips) is sitting out
Seat 1: rrrro ($215.17 in chips) 
Seat 2: Seri15428 ($21.51 in chips) 
Seat 3: iwolsing ($114.27 in chips) 
Seat 5: fataleggs13 ($102.98 in chips) 
Seat 6: shootingGRID ($100 in chips) 
fataleggs13: posts small blind $0.50
shootingGRID: posts big blind $1
*** HOLE CARDS ***
rrrro has timed out
rrrro: folds 
Seri15428: folds 
iwolsing: raises $1 to $2
fataleggs13: folds 
shootingGRID: folds 
Uncalled bet ($1) returned to iwolsing
iwolsing collected $2.50 from pot
iwolsing: doesn't show hand 
*** SUMMARY ***
Total pot $2.50 | Rake $0 
Seat 4: Aleqseuka
Seat 1: rrrro folded before Flop (didn't bet)
Seat 2: Seri15428 folded before Flop (didn't bet)
Seat 3: iwolsing (button) collected ($2.50)
Seat 5: fataleggs13 (small blind) folded before Flop
Seat 6: shootingGRID (big blind) folded before Flop



PokerStars Hand #254460448575:  Hold'em No Limit ($0.50/$1.00 USD) - 2025/01/19 1:56:12 WET [2025/01/19 20:56:12 ET]
Table 'Jugurtha III' 6-max Seat #6 is the button
Seat 4: Aleqseuka ($187.05 in chips) is sitting out
Seat 5: fataleggs13 ($102.48 in chips) is sitting out
Seat 1: rrrro ($215.17 in chips) 
Seat 2: Seri15428 ($21.51 in chips) 
Seat 3: iwolsing ($115.77 in chips) 
Seat 6: shootingGRID ($100 in chips) 
rrrro: posts small blind $0.50
Seri15428: posts big blind $1
*** HOLE CARDS ***
iwolsing: raises $1 to $2
shootingGRID: folds 
rrrro: folds 
Seri15428: calls $1
*** FLOP *** [Jh 7c 6c]
Seri15428: checks 
iwolsing: checks 
*** TURN *** [Jh 7c 6c] [8c]
Seri15428: checks 
iwolsing: bets $4.28
Seri15428: folds 
Uncalled bet ($4.28) returned to iwolsing
iwolsing collected $4.28 from pot
iwolsing: doesn't show hand 
*** SUMMARY ***
Total pot $4.50 | Rake $0.22 
Board [Jh 7c 6c 8c]
Seat 4: Aleqseuka
Seat 5: fataleggs13
Seat 1: rrrro (small blind) folded before Flop
Seat 2: Seri15428 (big blind) folded on the Turn
Seat 3: iwolsing collected ($4.28)
Seat 6: shootingGRID (button) folded before Flop (didn't bet)



PokerStars Hand #254460453943:  Hold'em No Limit ($0.50/$1.00 USD) - 2025/01/19 1:56:56 WET [2025/01/19 20:56:56 ET]
Table 'Jugurtha III' 6-max Seat #1 is the button
Seat 4: Aleqseuka ($187.05 in chips) is sitting out
Seat 5: fataleggs13 ($102.48 in chips) is sitting out
Seat 1: rrrro ($214.67 in chips) 
Seat 2: Seri15428 ($19.51 in chips) 
Seat 3: iwolsing ($118.05 in chips) 
Seat 6: shootingGRID ($100 in chips) 
Seri15428: posts small blind $0.50
iwolsing: posts big blind $1
*** HOLE CARDS ***
shootingGRID: folds 
rrrro: folds 
Seri15428: calls $0.50
iwolsing: checks 
*** FLOP *** [7c Kd Jd]
Seri15428: checks 
iwolsing: checks 
*** TURN *** [7c Kd Jd] [Qc]
Seri15428: checks 
iwolsing: checks 
*** RIVER *** [7c Kd Jd Qc] [5d]
Seri15428: checks 
iwolsing: checks 
*** SHOW DOWN ***
Seri15428: shows [Tc 6c] (high card King)
iwolsing: shows [Th 4c] (high card King)
Seri15428 collected $0.94 from pot
iwolsing collected $0.95 from pot
*** SUMMARY ***
Total pot $2 | Rake $0.11 
Board [7c Kd Jd Qc 5d]
Seat 4: Aleqseuka
Seat 5: fataleggs13
Seat 1: rrrro (button) folded before Flop (didn't bet)
Seat 2: Seri15428 (small blind) showed [Tc 6c] and won ($0.94) with high card King
Seat 3: iwolsing (big blind) showed [Th 4c] and won ($0.95) with high card King
Seat 6: shootingGRID folded before Flop (didn't bet)



PokerStars Hand #254460457007:  Hold'em No Limit ($0.50/$1.00 USD) - 2025/01/19 1:57:20 WET [2025/01/19 20:57:20 ET]
Table 'Jugurtha III' 6-max Seat #2 is the button
Seat 4: Aleqseuka ($187.05 in chips) is sitting out
Seat 5: fataleggs13 ($102.48 in chips) is sitting out
Seat 1: rrrro ($214.67 in chips) 
Seat 2: Seri15428 ($19.45 in chips) 
Seat 3: iwolsing ($118 in chips) 
Seat 6: shootingGRID ($100 in chips) 
iwolsing: posts small blind $0.50
shootingGRID: posts big blind $1
*** HOLE CARDS ***
rrrro: folds 
Seri15428: calls $1
iwolsing: folds 
shootingGRID: checks 
*** FLOP *** [2d Td 9s]
shootingGRID: checks 
Seri15428: checks 
*** TURN *** [2d Td 9s] [7c]
shootingGRID: checks 
Seri15428: checks 
*** RIVER *** [2d Td 9s 7c] [Th]
shootingGRID: bets $1
Seri15428: calls $1
*** SHOW DOWN ***
shootingGRID: shows [7h Qc] (two pair, Tens and Sevens)
Seri15428: shows [9c Kd] (two pair, Tens and Nines)
Seri15428 collected $4.22 from pot
*** SUMMARY ***
Total pot $4.50 | Rake $0.28 
Board [2d Td 9s 7c Th]
Seat 4: Aleqseuka
Seat 5: fataleggs13
Seat 1: rrrro folded before Flop (didn't bet)
Seat 2: Seri15428 (button) showed [9c Kd] and won ($4.22) with two pair, Tens and Nines
Seat 3: iwolsing (small blind) folded before Flop
Seat 6: shootingGRID (big blind) showed [7h Qc] and lost with two pair, Tens and Sevens



PokerStars Hand #254460463418:  Hold'em No Limit ($0.50/$1.00 USD) - 2025/01/19 1:58:12 WET [2025/01/19 20:58:12 ET]
Table 'Jugurtha III' 6-max Seat #3 is the button
Seat 4: Aleqseuka ($187.05 in chips) is sitting out
Seat 5: fataleggs13 ($102.48 in chips) is sitting out
Seat 1: rrrro ($214.67 in chips) 
Seat 2: Seri15428 ($21.67 in chips) 
Seat 3: iwolsing ($117.50 in chips) 
Seat 6: shootingGRID ($100 in chips) 
shootingGRID: posts small blind $0.50
rrrro: posts big blind $1
*** HOLE CARDS ***
Seri15428: calls $1
iwolsing: folds 
shootingGRID: folds 
rrrro: checks 
*** FLOP *** [8s Ac Ad]
rrrro: checks 
Seri15428: checks 
*** TURN *** [8s Ac Ad] [3h]
rrrro: checks 
Seri15428: checks 
*** RIVER *** [8s Ac Ad 3h] [6c]
rrrro: checks 
Seri15428: checks 
*** SHOW DOWN ***
rrrro: shows [4h 5s] (a pair of Aces)
Seri15428: shows [7c Ts] (a pair of Aces - Ten kicker)
Seri15428 collected $2.35 from pot
*** SUMMARY ***
Total pot $2.50 | Rake $0.15 
Board [8s Ac Ad 3h 6c]
Seat 4: Aleqseuka
Seat 5: fataleggs13
Seat 1: rrrro (big blind) showed [4h 5s] and lost with a pair of Aces
Seat 2: Seri15428 showed [7c Ts] and won ($2.35) with a pair of Aces
Seat 3: iwolsing (button) folded before Flop (didn't bet)
Seat 6: shootingGRID (small blind) folded before Flop



PokerStars Hand #254460468206:  Hold'em No Limit ($0.50/$1.00 USD) - 2025/01/19 1:58:51 WET [2025/01/19 20:58:51 ET]
Table 'Jugurtha III' 6-max Seat #6 is the button
Seat 5: fataleggs13 ($102.48 in chips) is sitting out
Seat 1: rrrro ($213.67 in chips) 
Seat 2: Seri15428 ($23.02 in chips) 
Seat 3: iwolsing ($117.50 in chips) 
Seat 4: Aleqseuka ($187.05 in chips) 
Seat 6: shootingGRID ($100 in chips) 
rrrro: posts small blind $0.50
Seri15428: posts big blind $1
Aleqseuka: posts small & big blinds $1.50
*** HOLE CARDS ***
iwolsing: raises $1 to $2
Aleqseuka: folds 
shootingGRID: raises $5.50 to $7.50
rrrro: folds 
Seri15428: calls $6.50
iwolsing: folds 
*** FLOP *** [Qh 8s Qs]
Seri15428: checks 
shootingGRID: bets $27
Seri15428: calls $15.52 and is all-in
Uncalled bet ($11.48) returned to shootingGRID
*** TURN *** [Qh 8s Qs] [Tc]
*** RIVER *** [Qh 8s Qs Tc] [9d]
*** SHOW DOWN ***
Seri15428: shows [Jd Js] (a straight, Eight to Queen)
shootingGRID: shows [9h Jh] (a straight, Eight to Queen)
Seri15428 collected $23.46 from pot
shootingGRID collected $23.77 from pot
*** SUMMARY ***
Total pot $50.04 | Rake $2.81 
Board [Qh 8s Qs Tc 9d]
Seat 5: fataleggs13
Seat 1: rrrro (small blind) folded before Flop
Seat 2: Seri15428 (big blind) showed [Jd Js] and won ($23.46) with a straight, Eight to Queen
Seat 3: iwolsing folded before Flop
Seat 4: Aleqseuka folded before Flop (didn't bet)
Seat 6: shootingGRID (button) showed [9h Jh] and won ($23.77) with a straight, Eight to Queen



PokerStars Hand #254460473567:  Hold'em No Limit ($0.50/$1.00 USD) - 2025/01/19 1:59:34 WET [2025/01/19 20:59:34 ET]
Table 'Jugurtha III' 6-max Seat #1 is the button
Seat 5: fataleggs13 ($102.48 in chips) is sitting out
Seat 1: rrrro ($213.17 in chips) 
Seat 2: Seri15428 ($23.46 in chips) 
Seat 3: iwolsing ($115.50 in chips) 
Seat 4: Aleqseuka ($185.55 in chips) 
Seat 6: shootingGRID ($100.75 in chips) 
Seri15428: posts small blind $0.50
iwolsing: posts big blind $1
*** HOLE CARDS ***
Aleqseuka: raises $1.35 to $2.35
shootingGRID: folds 
rrrro: folds 
Seri15428: calls $1.85
iwolsing: calls $1.35
*** FLOP *** [5d 6h 7c]
Seri15428: checks 
iwolsing: bets $3.35
Aleqseuka: folds 
Seri15428: folds 
Uncalled bet ($3.35) returned to iwolsing
iwolsing collected $6.70 from pot
iwolsing: doesn't show hand 
*** SUMMARY ***
Total pot $7.05 | Rake $0.35 
Board [5d 6h 7c]
Seat 5: fataleggs13
Seat 1: rrrro (button) folded before Flop (didn't bet)
Seat 2: Seri15428 (small blind) folded on the Flop
Seat 3: iwolsing (big blind) collected ($6.70)
Seat 4: Aleqseuka folded on the Flop
Seat 6: shootingGRID folded before Flop (didn't bet)



PokerStars Hand #254460479435:  Hold'em No Limit ($0.50/$1.00 USD) - 2025/01/19 2:00:19 WET [2025/01/19 21:00:19 ET]
Table 'Jugurtha III' 6-max Seat #2 is the button
Seat 5: fataleggs13 ($102.48 in chips) is sitting out
Seat 1: rrrro ($213.17 in chips) 
Seat 2: Seri15428 ($21.11 in chips) 
Seat 3: iwolsing ($119.85 in chips) 
Seat 4: Aleqseuka ($183.20 in chips) 
Seat 6: shootingGRID ($100.75 in chips) 
iwolsing: posts small blind $0.50
Aleqseuka: posts big blind $1
fataleggs13: sits out 
*** HOLE CARDS ***
shootingGRID: folds 
rrrro: folds 
Seri15428: calls $1
iwolsing: folds 
Aleqseuka: checks 
*** FLOP *** [Td 4d 3h]
Aleqseuka: checks 
Seri15428: checks 
*** TURN *** [Td 4d 3h] [2h]
Aleqseuka: checks 
Seri15428: checks 
*** RIVER *** [Td 4d 3h 2h] [5s]
Aleqseuka: checks 
Seri15428: checks 
*** SHOW DOWN ***
Aleqseuka: shows [2s Kd] (a pair of Deuces)
Seri15428: mucks hand 
Aleqseuka collected $2.38 from pot
*** SUMMARY ***
Total pot $2.50 | Rake $0.12 
Board [Td 4d 3h 2h 5s]
Seat 5: fataleggs13
Seat 1: rrrro folded before Flop (didn't bet)
Seat 2: Seri15428 (button) mucked
Seat 3: iwolsing (small blind) folded before Flop
Seat 4: Aleqseuka (big blind) showed [2s Kd] and won ($2.38) with a pair of Deuces
Seat 6: shootingGRID folded before Flop (didn't bet)



PokerStars Hand #254460485860:  Hold'em No Limit ($0.50/$1.00 USD) - 2025/01/19 2:01:04 WET [2025/01/19 21:01:04 ET]
Table 'Jugurtha III' 6-max Seat #4 is the button
Seat 3: iwolsing ($119.35 in chips) is sitting out
Seat 5: fataleggs13 ($102.48 in chips) is sitting out
Seat 1: rrrro ($213.17 in chips) 
Seat 2: Seri15428 ($20.11 in chips) 
Seat 4: Aleqseuka ($184.58 in chips) 
Seat 6: shootingGRID ($100.75 in chips) 
shootingGRID: posts small blind $0.50
rrrro: posts big blind $1
*** HOLE CARDS ***
Seri15428: calls $1
Aleqseuka: folds 
shootingGRID: folds 
rrrro: checks 
*** FLOP *** [4s 8h Kh]
rrrro: checks 
Seri15428: checks 
*** TURN *** [4s 8h Kh] [5h]
rrrro: checks 
Seri15428: checks 
*** RIVER *** [4s 8h Kh 5h] [9s]
rrrro: checks 
Seri15428: bets $2.38
rrrro: folds 
Uncalled bet ($2.38) returned to Seri15428
Seri15428 collected $2.35 from pot
*** SUMMARY ***
Total pot $2.50 | Rake $0.15 
Board [4s 8h Kh 5h 9s]
Seat 3: iwolsing
Seat 5: fataleggs13
Seat 1: rrrro (big blind) folded on the River
Seat 2: Seri15428 collected ($2.35)
Seat 4: Aleqseuka (button) folded before Flop (didn't bet)
Seat 6: shootingGRID (small blind) folded before Flop



PokerStars Hand #254460496477:  Hold'em No Limit ($0.50/$1.00 USD) - 2025/01/19 2:02:10 WET [2025/01/19 21:02:10 ET]
Table 'Jugurtha III' 6-max Seat #6 is the button
Seat 3: iwolsing ($119.35 in chips) is sitting out
Seat 5: fataleggs13 ($102.48 in chips) is sitting out
Seat 1: rrrro ($212.17 in chips) 
Seat 2: Seri15428 ($21.46 in chips) 
Seat 4: Aleqseuka ($184.58 in chips) 
Seat 6: shootingGRID ($100.25 in chips) 
rrrro: posts small blind $0.50
Seri15428: posts big blind $1
fataleggs13: sits out 
*** HOLE CARDS ***
Aleqseuka: raises $1.50 to $2.50
shootingGRID: folds 
rrrro: folds 
Seri15428: raises $1.50 to $4
Aleqseuka: calls $1.50
*** FLOP *** [Qs Qh 2c]
Seri15428: checks 
Aleqseuka: checks 
*** TURN *** [Qs Qh 2c] [7c]
Seri15428: bets $4.04
Aleqseuka: folds 
Uncalled bet ($4.04) returned to Seri15428
Seri15428 collected $7.98 from pot
*** SUMMARY ***
Total pot $8.50 | Rake $0.52 
Board [Qs Qh 2c 7c]
Seat 3: iwolsing
Seat 5: fataleggs13
Seat 1: rrrro (small blind) folded before Flop
Seat 2: Seri15428 (big blind) collected ($7.98)
Seat 4: Aleqseuka folded on the Turn
Seat 6: shootingGRID (button) folded before Flop (didn't bet)



PokerStars Hand #254460500968:  Hold'em No Limit ($0.50/$1.00 USD) - 2025/01/19 2:02:38 WET [2025/01/19 21:02:38 ET]
Table 'Jugurtha III' 6-max Seat #1 is the button
Seat 3: iwolsing ($119.35 in chips) is sitting out
Seat 5: fataleggs13 ($102.48 in chips) is sitting out
Seat 1: rrrro ($211.67 in chips) 
Seat 2: Seri15428 ($25.44 in chips) 
Seat 4: Aleqseuka ($180.58 in chips) 
Seat 6: shootingGRID ($100.25 in chips) 
Seri15428: posts small blind $0.50
Aleqseuka: posts big blind $1
fataleggs13: sits out 
*** HOLE CARDS ***
shootingGRID: folds 
rrrro: raises $1.50 to $2.50
Seri15428: calls $2
Aleqseuka: folds 
*** FLOP *** [9h Qh Jh]
Seri15428: checks 
rrrro: bets $1.43
Seri15428: calls $1.43
*** TURN *** [9h Qh Jh] [8c]
Seri15428: checks 
rrrro: checks 
*** RIVER *** [9h Qh Jh 8c] [5h]
Seri15428: checks 
rrrro: checks 
*** SHOW DOWN ***
Seri15428: shows [7d 7h] (a flush, Queen high)
rrrro: mucks hand 
Seri15428 collected $8.31 from pot
*** SUMMARY ***
Total pot $8.86 | Rake $0.55 
Board [9h Qh Jh 8c 5h]
Seat 3: iwolsing
Seat 5: fataleggs13
Seat 1: rrrro (button) mucked
Seat 2: Seri15428 (small blind) showed [7d 7h] and won ($8.31) with a flush, Queen high
Seat 4: Aleqseuka (big blind) folded before Flop
Seat 6: shootingGRID folded before Flop (didn't bet)



PokerStars Hand #254460514199:  Hold'em No Limit ($0.50/$1.00 USD) - 2025/01/19 2:03:59 WET [2025/01/19 21:03:59 ET]
Table 'Jugurtha III' 6-max Seat #2 is the button
Seat 3: iwolsing ($119.35 in chips) is sitting out
Seat 1: rrrro ($207.74 in chips) 
Seat 2: Seri15428 ($29.82 in chips) 
Seat 4: Aleqseuka ($179.58 in chips) 
Seat 5: fataleggs13 ($102.48 in chips) 
Seat 6: shootingGRID ($100.25 in chips) 
Aleqseuka: posts small blind $0.50
fataleggs13: posts big blind $1
*** HOLE CARDS ***
shootingGRID: folds 
rrrro: raises $1.30 to $2.30
Seri15428: calls $2.30
Aleqseuka: folds 
fataleggs13: folds 
*** FLOP *** [8d Ts 4d]
rrrro: bets $2.90
Seri15428: folds 
Uncalled bet ($2.90) returned to rrrro
rrrro collected $5.80 from pot
rrrro: doesn't show hand 
*** SUMMARY ***
Total pot $6.10 | Rake $0.30 
Board [8d Ts 4d]
Seat 3: iwolsing
Seat 1: rrrro collected ($5.80)
Seat 2: Seri15428 (button) folded on the Flop
Seat 4: Aleqseuka (small blind) folded before Flop
Seat 5: fataleggs13 (big blind) folded before Flop
Seat 6: shootingGRID folded before Flop (didn't bet)



PokerStars Hand #254460518977:  Hold'em No Limit ($0.50/$1.00 USD) - 2025/01/19 2:04:29 WET [2025/01/19 21:04:29 ET]
Table 'Jugurtha III' 6-max Seat #4 is the button
Seat 1: rrrro ($211.24 in chips) 
Seat 2: Seri15428 ($27.52 in chips) 
Seat 3: iwolsing ($119.35 in chips) 
Seat 4: Aleqseuka ($179.08 in chips) 
Seat 5: fataleggs13 ($101.48 in chips) 
Seat 6: shootingGRID ($100.25 in chips) 
fataleggs13: posts small blind $0.50
shootingGRID: posts big blind $1
iwolsing: posts small & big blinds $1.50
*** HOLE CARDS ***
rrrro: folds 
Seri15428: folds 
iwolsing: raises $1 to $2
Aleqseuka: raises $6 to $8
fataleggs13: folds 
shootingGRID: folds 
iwolsing: folds 
Uncalled bet ($6) returned to Aleqseuka
Aleqseuka collected $6 from pot
Aleqseuka: doesn't show hand 
*** SUMMARY ***
Total pot $6 | Rake $0 
Seat 1: rrrro folded before Flop (didn't bet)
Seat 2: Seri15428 folded before Flop (didn't bet)
Seat 3: iwolsing folded before Flop
Seat 4: Aleqseuka (button) collected ($6)
Seat 5: fataleggs13 (small blind) folded before Flop
Seat 6: shootingGRID (big blind) folded before Flop



PokerStars Hand #254460522242:  Hold'em No Limit ($0.50/$1.00 USD) - 2025/01/19 2:04:49 WET [2025/01/19 21:04:49 ET]
Table 'Jugurtha III' 6-max Seat #5 is the button
Seat 1: rrrro ($211.24 in chips) 
Seat 2: Seri15428 ($27.52 in chips) 
Seat 3: iwolsing ($116.85 in chips) 
Seat 4: Aleqseuka ($183.08 in chips) 
Seat 5: fataleggs13 ($100.98 in chips) 
Seat 6: shootingGRID ($100 in chips) 
shootingGRID: posts small blind $0.50
rrrro: posts big blind $1
*** HOLE CARDS ***
Seri15428: calls $1
iwolsing: folds 
Aleqseuka: folds 
fataleggs13: folds 
shootingGRID: raises $3.50 to $4.50
rrrro: folds 
Seri15428: calls $3.50
*** FLOP *** [9h Ah 7d]
shootingGRID: bets $3.14
Seri15428: calls $3.14
*** TURN *** [9h Ah 7d] [Tc]
shootingGRID: checks 
Seri15428: bets $15.47
shootingGRID: folds 
Uncalled bet ($15.47) returned to Seri15428
Seri15428 collected $15.27 from pot
*** SUMMARY ***
Total pot $16.28 | Rake $1.01 
Board [9h Ah 7d Tc]
Seat 1: rrrro (big blind) folded before Flop
Seat 2: Seri15428 collected ($15.27)
Seat 3: iwolsing folded before Flop (didn't bet)
Seat 4: Aleqseuka folded before Flop (didn't bet)
Seat 5: fataleggs13 (button) folded before Flop (didn't bet)
Seat 6: shootingGRID (small blind) folded on the Turn



PokerStars Hand #254460532820:  Hold'em No Limit ($0.50/$1.00 USD) - 2025/01/19 2:05:56 WET [2025/01/19 21:05:56 ET]
Table 'Jugurtha III' 6-max Seat #6 is the button
Seat 1: rrrro ($210.24 in chips) 
Seat 2: Seri15428 ($35.15 in chips) 
Seat 3: iwolsing ($116.85 in chips) 
Seat 4: Aleqseuka ($183.08 in chips) 
Seat 5: fataleggs13 ($100.98 in chips) 
Seat 6: shootingGRID ($100 in chips) 
rrrro: posts small blind $0.50
Seri15428: posts big blind $1
*** HOLE CARDS ***
iwolsing: folds 
Aleqseuka: folds 
fataleggs13: raises $1.20 to $2.20
shootingGRID: folds 
rrrro: folds 
Seri15428: calls $1.20
*** FLOP *** [5h Tc Ad]
Seri15428: checks 
fataleggs13: bets $1.63
Seri15428: calls $1.63
*** TURN *** [5h Tc Ad] [As]
Seri15428: checks 
fataleggs13: checks 
*** RIVER *** [5h Tc Ad As] [Qc]
Seri15428: checks 
fataleggs13: checks 
*** SHOW DOWN ***
Seri15428: shows [5c 9c] (two pair, Aces and Fives)
fataleggs13: shows [6h 6c] (two pair, Aces and Sixes)
fataleggs13 collected $7.75 from pot
*** SUMMARY ***
Total pot $8.16 | Rake $0.41 
Board [5h Tc Ad As Qc]
Seat 1: rrrro (small blind) folded before Flop
Seat 2: Seri15428 (big blind) showed [5c 9c] and lost with two pair, Aces and Fives
Seat 3: iwolsing folded before Flop (didn't bet)
Seat 4: Aleqseuka folded before Flop (didn't bet)
Seat 5: fataleggs13 showed [6h 6c] and won ($7.75) with two pair, Aces and Sixes
Seat 6: shootingGRID (button) folded before Flop (didn't bet)



PokerStars Hand #254460542725:  Hold'em No Limit ($0.50/$1.00 USD) - 2025/01/19 2:06:58 WET [2025/01/19 21:06:58 ET]
Table 'Jugurtha III' 6-max Seat #1 is the button
Seat 1: rrrro ($209.74 in chips) 
Seat 2: Seri15428 ($31.32 in chips) 
Seat 3: iwolsing ($116.85 in chips) 
Seat 4: Aleqseuka ($183.08 in chips) 
Seat 5: fataleggs13 ($104.90 in chips) 
Seat 6: shootingGRID ($100 in chips) 
Seri15428: posts small blind $0.50
iwolsing: posts big blind $1
*** HOLE CARDS ***
Aleqseuka: folds 
fataleggs13: folds 
shootingGRID: folds 
rrrro: raises $1.50 to $2.50
Seri15428: calls $2
iwolsing: calls $1.50
*** FLOP *** [Ad Td 8d]
Seri15428: checks 
iwolsing: bets $3.56
rrrro: calls $3.56
Seri15428: folds 
*** TURN *** [Ad Td 8d] [Jh]
iwolsing: bets $6.95
rrrro: calls $6.95
*** RIVER *** [Ad Td 8d Jh] [8s]
iwolsing: checks 
rrrro: bets $18.15
iwolsing: folds 
Uncalled bet ($18.15) returned to rrrro
rrrro collected $27.09 from pot
rrrro: doesn't show hand 
*** SUMMARY ***
Total pot $28.52 | Rake $1.43 
Board [Ad Td 8d Jh 8s]
Seat 1: rrrro (button) collected ($27.09)
Seat 2: Seri15428 (small blind) folded on the Flop
Seat 3: iwolsing (big blind) folded on the River
Seat 4: Aleqseuka folded before Flop (didn't bet)
Seat 5: fataleggs13 folded before Flop (didn't bet)
Seat 6: shootingGRID folded before Flop (didn't bet)



PokerStars Hand #254460554130:  Hold'em No Limit ($0.50/$1.00 USD) - 2025/01/19 2:08:11 WET [2025/01/19 21:08:11 ET]
Table 'Jugurtha III' 6-max Seat #2 is the button
Seat 1: rrrro ($223.82 in chips) 
Seat 2: Seri15428 ($28.82 in chips) 
Seat 3: iwolsing ($103.84 in chips) 
Seat 4: Aleqseuka ($183.08 in chips) 
Seat 5: fataleggs13 ($104.90 in chips) 
Seat 6: shootingGRID ($100 in chips) 
iwolsing: posts small blind $0.50
Aleqseuka: posts big blind $1
*** HOLE CARDS ***
fataleggs13: folds 
shootingGRID: raises $1.25 to $2.25
rrrro: folds 
Seri15428: folds 
iwolsing: folds 
Aleqseuka: calls $1.25
*** FLOP *** [Qc 8c 5s]
Aleqseuka: checks 
shootingGRID: checks 
*** TURN *** [Qc 8c 5s] [3h]
Aleqseuka: checks 
shootingGRID: checks 
*** RIVER *** [Qc 8c 5s 3h] [7s]
Aleqseuka: bets $19
shootingGRID: calls $19
*** SHOW DOWN ***
Aleqseuka: shows [7d 7h] (three of a kind, Sevens)
shootingGRID: mucks hand 
Aleqseuka collected $40.85 from pot
*** SUMMARY ***
Total pot $43 | Rake $2.15 
Board [Qc 8c 5s 3h 7s]
Seat 1: rrrro folded before Flop (didn't bet)
Seat 2: Seri15428 (button) folded before Flop (didn't bet)
Seat 3: iwolsing (small blind) folded before Flop
Seat 4: Aleqseuka (big blind) showed [7d 7h] and won ($40.85) with three of a kind, Sevens
Seat 5: fataleggs13 folded before Flop (didn't bet)
Seat 6: shootingGRID mucked



PokerStars Hand #254460570706:  Hold'em No Limit ($0.50/$1.00 USD) - 2025/01/19 2:09:59 WET [2025/01/19 21:09:59 ET]
Table 'Jugurtha III' 6-max Seat #3 is the button
Seat 1: rrrro ($223.82 in chips) 
Seat 2: Seri15428 ($28.82 in chips) 
Seat 3: iwolsing ($103.34 in chips) 
Seat 4: Aleqseuka ($202.68 in chips) 
Seat 5: fataleggs13 ($104.90 in chips) 
Seat 6: shootingGRID ($100 in chips) 
Aleqseuka: posts small blind $0.50
fataleggs13: posts big blind $1
*** HOLE CARDS ***
shootingGRID: folds 
rrrro: raises $1 to $2
Seri15428: folds 
iwolsing: calls $2
Aleqseuka: folds 
fataleggs13: folds 
*** FLOP *** [Kd 3s 7s]
rrrro: checks 
iwolsing: bets $2.61
rrrro: calls $2.61
*** TURN *** [Kd 3s 7s] [3h]
rrrro: checks 
iwolsing: bets $5.09
rrrro: folds 
Uncalled bet ($5.09) returned to iwolsing
iwolsing collected $10.18 from pot
iwolsing: doesn't show hand 
*** SUMMARY ***
Total pot $10.72 | Rake $0.54 
Board [Kd 3s 7s 3h]
Seat 1: rrrro folded on the Turn
Seat 2: Seri15428 folded before Flop (didn't bet)
Seat 3: iwolsing (button) collected ($10.18)
Seat 4: Aleqseuka (small blind) folded before Flop
Seat 5: fataleggs13 (big blind) folded before Flop
Seat 6: shootingGRID folded before Flop (didn't bet)



PokerStars Hand #254460575919:  Hold'em No Limit ($0.50/$1.00 USD) - 2025/01/19 2:10:32 WET [2025/01/19 21:10:32 ET]
Table 'Jugurtha III' 6-max Seat #4 is the button
Seat 1: rrrro ($219.21 in chips) 
Seat 2: Seri15428 ($28.82 in chips) 
Seat 3: iwolsing ($108.91 in chips) 
Seat 4: Aleqseuka ($202.18 in chips) 
Seat 5: fataleggs13 ($103.90 in chips) 
Seat 6: shootingGRID ($100 in chips) 
fataleggs13: posts small blind $0.50
shootingGRID: posts big blind $1
*** HOLE CARDS ***
rrrro: folds 
Seri15428: calls $1
iwolsing: raises $1 to $2
Aleqseuka: folds 
fataleggs13: folds 
shootingGRID: calls $1
Seri15428: calls $1
*** FLOP *** [Ts 3c 2c]
shootingGRID: checks 
Seri15428: checks 
iwolsing: bets $2
shootingGRID: raises $5.09 to $7.09
Seri15428: calls $7.09
iwolsing: folds 
*** TURN *** [Ts 3c 2c] [6s]
shootingGRID: checks 
Seri15428: bets $19.73 and is all-in
shootingGRID: folds 
Uncalled bet ($19.73) returned to Seri15428
Seri15428 collected $21.27 from pot
*** SUMMARY ***
Total pot $22.68 | Rake $1.41 
Board [Ts 3c 2c 6s]
Seat 1: rrrro folded before Flop (didn't bet)
Seat 2: Seri15428 collected ($21.27)
Seat 3: iwolsing folded on the Flop
Seat 4: Aleqseuka (button) folded before Flop (didn't bet)
Seat 5: fataleggs13 (small blind) folded before Flop
Seat 6: shootingGRID (big blind) folded on the Turn



PokerStars Hand #254460591042:  Hold'em No Limit ($0.50/$1.00 USD) - 2025/01/19 2:12:17 WET [2025/01/19 21:12:17 ET]
Table 'Jugurtha III' 6-max Seat #5 is the button
Seat 1: rrrro ($219.21 in chips) 
Seat 2: Seri15428 ($41 in chips) 
Seat 3: iwolsing ($104.91 in chips) 
Seat 4: Aleqseuka ($202.18 in chips) 
Seat 5: fataleggs13 ($103.40 in chips) 
Seat 6: shootingGRID ($100 in chips) 
shootingGRID: posts small blind $0.50
rrrro: posts big blind $1
*** HOLE CARDS ***
Seri15428: folds 
iwolsing: folds 
Aleqseuka: folds 
fataleggs13: folds 
shootingGRID: folds 
Uncalled bet ($0.50) returned to rrrro
rrrro collected $1 from pot
rrrro: doesn't show hand 
*** SUMMARY ***
Total pot $1 | Rake $0 
Seat 1: rrrro (big blind) collected ($1)
Seat 2: Seri15428 folded before Flop (didn't bet)
Seat 3: iwolsing folded before Flop (didn't bet)
Seat 4: Aleqseuka folded before Flop (didn't bet)
Seat 5: fataleggs13 (button) folded before Flop (didn't bet)
Seat 6: shootingGRID (small blind) folded before Flop



PokerStars Hand #254460593095:  Hold'em No Limit ($0.50/$1.00 USD) - 2025/01/19 2:12:30 WET [2025/01/19 21:12:30 ET]
Table 'Jugurtha III' 6-max Seat #6 is the button
Seat 1: rrrro ($219.71 in chips) 
Seat 2: Seri15428 ($41 in chips) 
Seat 3: iwolsing ($104.91 in chips) 
Seat 4: Aleqseuka ($202.18 in chips) 
Seat 5: fataleggs13 ($103.40 in chips) 
Seat 6: shootingGRID ($100 in chips) 
rrrro: posts small blind $0.50
Seri15428: posts big blind $1
*** HOLE CARDS ***
iwolsing: raises $1 to $2
Aleqseuka: raises $4 to $6
fataleggs13: folds 
shootingGRID: folds 
rrrro: folds 
Seri15428: calls $5
iwolsing: calls $4
*** FLOP *** [4c 8d As]
Seri15428: checks 
iwolsing: checks 
Aleqseuka: checks 
*** TURN *** [4c 8d As] [4s]
Seri15428: bets $5.79
iwolsing: folds 
Aleqseuka: raises $190.39 to $196.18 and is all-in
Seri15428: calls $29.21 and is all-in
Uncalled bet ($161.18) returned to Aleqseuka
*** RIVER *** [4c 8d As 4s] [Qs]
*** SHOW DOWN ***
Seri15428: shows [8h 5d] (two pair, Eights and Fours)
Aleqseuka: shows [Ac Jc] (two pair, Aces and Fours)
Aleqseuka collected $86 from pot
*** SUMMARY ***
Total pot $88.50 | Rake $2.50 
Board [4c 8d As 4s Qs]
Seat 1: rrrro (small blind) folded before Flop
Seat 2: Seri15428 (big blind) showed [8h 5d] and lost with two pair, Eights and Fours
Seat 3: iwolsing folded on the Turn
Seat 4: Aleqseuka showed [Ac Jc] and won ($86) with two pair, Aces and Fours
Seat 5: fataleggs13 folded before Flop (didn't bet)
Seat 6: shootingGRID (button) folded before Flop (didn't bet)



PokerStars Hand #254460605741:  Hold'em No Limit ($0.50/$1.00 USD) - 2025/01/19 2:13:54 WET [2025/01/19 21:13:54 ET]
Table 'Jugurtha III' 6-max Seat #1 is the button
Seat 2: Seri15428 ($0 in chips) is sitting out
Seat 4: Aleqseuka ($247.18 in chips) is sitting out
Seat 1: rrrro ($219.21 in chips) 
Seat 3: iwolsing ($98.91 in chips) 
Seat 5: fataleggs13 ($103.40 in chips) 
Seat 6: shootingGRID ($100 in chips) 
iwolsing: posts small blind $0.50
Aleqseuka: is sitting out 
fataleggs13: posts big blind $1
*** HOLE CARDS ***
shootingGRID: folds 
rrrro: folds 
iwolsing: raises $1 to $2
Seri15428 is disconnected 
fataleggs13: calls $1
*** FLOP *** [8s 3d 8c]
iwolsing: bets $1.90
fataleggs13: folds 
Uncalled bet ($1.90) returned to iwolsing
iwolsing collected $3.80 from pot
iwolsing: doesn't show hand 
*** SUMMARY ***
Total pot $4 | Rake $0.20 
Board [8s 3d 8c]
Seat 2: Seri15428
Seat 4: Aleqseuka
Seat 1: rrrro (button) folded before Flop (didn't bet)
Seat 3: iwolsing (small blind) collected ($3.80)
Seat 5: fataleggs13 (big blind) folded on the Flop
Seat 6: shootingGRID folded before Flop (didn't bet)



PokerStars Hand #254460609602:  Hold'em No Limit ($0.50/$1.00 USD) - 2025/01/19 2:14:21 WET [2025/01/19 21:14:21 ET]
Table 'Jugurtha III' 6-max Seat #3 is the button
Seat 2: Seri15428 ($0 in chips) is sitting out
Seat 4: Aleqseuka ($247.18 in chips) is sitting out
Seat 1: rrrro ($219.21 in chips) 
Seat 3: iwolsing ($100.71 in chips) 
Seat 5: fataleggs13 ($101.40 in chips) 
Seat 6: shootingGRID ($100 in chips) 
fataleggs13: posts small blind $0.50
shootingGRID: posts big blind $1
*** HOLE CARDS ***
rrrro: folds 
iwolsing: raises $1 to $2
fataleggs13: folds 
shootingGRID: folds 
Uncalled bet ($1) returned to iwolsing
iwolsing collected $2.50 from pot
iwolsing: doesn't show hand 
*** SUMMARY ***
Total pot $2.50 | Rake $0 
Seat 2: Seri15428
Seat 4: Aleqseuka
Seat 1: rrrro folded before Flop (didn't bet)
Seat 3: iwolsing (button) collected ($2.50)
Seat 5: fataleggs13 (small blind) folded before Flop
Seat 6: shootingGRID (big blind) folded before Flop



PokerStars Hand #254460612913:  Hold'em No Limit ($0.50/$1.00 USD) - 2025/01/19 2:14:43 WET [2025/01/19 21:14:43 ET]
Table 'Jugurtha III' 6-max Seat #5 is the button
Seat 2: Seri15428 ($0 in chips) is sitting out
Seat 4: Aleqseuka ($247.18 in chips) is sitting out
Seat 1: rrrro ($219.21 in chips) 
Seat 3: iwolsing ($102.21 in chips) 
Seat 5: fataleggs13 ($100.90 in chips) 
Seat 6: shootingGRID ($100 in chips) 
shootingGRID: posts small blind $0.50
rrrro: posts big blind $1
*** HOLE CARDS ***
iwolsing: folds 
fataleggs13: folds 
shootingGRID: folds 
Uncalled bet ($0.50) returned to rrrro
rrrro collected $1 from pot
rrrro: doesn't show hand 
*** SUMMARY ***
Total pot $1 | Rake $0 
Seat 2: Seri15428
Seat 4: Aleqseuka
Seat 1: rrrro (big blind) collected ($1)
Seat 3: iwolsing folded before Flop (didn't bet)
Seat 5: fataleggs13 (button) folded before Flop (didn't bet)
Seat 6: shootingGRID (small blind) folded before Flop



PokerStars Hand #254460687478:  Hold'em No Limit ($0.50/$1.00 USD) - 2025/01/19 2:30:13 WET [2025/01/19 21:30:13 ET]
Table 'Jugurtha III' 6-max Seat #6 is the button
Seat 5: fataleggs13 ($100.90 in chips) 
Seat 6: shootingGRID ($100 in chips) 
shootingGRID: posts small blind $0.50
fataleggs13: posts big blind $1
*** HOLE CARDS ***
shootingGRID: raises $1.25 to $2.25
fataleggs13: folds 
Uncalled bet ($1.25) returned to shootingGRID
shootingGRID collected $2 from pot
*** SUMMARY ***
Total pot $2 | Rake $0 
Seat 5: fataleggs13 (big blind) folded before Flop
Seat 6: shootingGRID (button) (small blind) collected ($2)



PokerStars Hand #254460765324:  Hold'em No Limit ($0.50/$1.00 USD) - 2025/01/19 2:38:57 WET [2025/01/19 21:38:57 ET]
Table 'Jugurtha III' 6-max Seat #2 is the button
Seat 1: sutata ($100 in chips) is sitting out
Seat 2: GroundCrew2 ($102.96 in chips) 
Seat 3: Eredar5 ($100 in chips) 
Seat 4: Pumuking ($100 in chips) 
Eredar5: posts small blind $0.50
Pumuking: posts big blind $1
*** HOLE CARDS ***
GroundCrew2: folds 
Eredar5: raises $2 to $3
Pumuking: calls $2
*** FLOP *** [2d 9s Qs]
50CandyJoe joins the table at seat #5 
Eredar5: checks 
Pumuking: checks 
*** TURN *** [2d 9s Qs] [Ac]
Eredar5: checks 
Pumuking: checks 
*** RIVER *** [2d 9s Qs Ac] [4c]
Eredar5: bets $1.94
Pumuking: folds 
Uncalled bet ($1.94) returned to Eredar5
Eredar5 collected $5.70 from pot
Eredar5: doesn't show hand 
*** SUMMARY ***
Total pot $6 | Rake $0.30 
Board [2d 9s Qs Ac 4c]
Seat 1: sutata
Seat 2: GroundCrew2 (button) folded before Flop (didn't bet)
Seat 3: Eredar5 (small blind) collected ($5.70)
Seat 4: Pumuking (big blind) folded on the River



PokerStars Hand #254460775086:  Hold'em No Limit ($0.50/$1.00 USD) - 2025/01/19 2:40:03 WET [2025/01/19 21:40:03 ET]
Table 'Jugurtha III' 6-max Seat #3 is the button
Seat 1: sutata ($100 in chips) is sitting out
Seat 2: GroundCrew2 ($102.96 in chips) 
Seat 3: Eredar5 ($102.70 in chips) 
Seat 4: Pumuking ($100 in chips) 
Seat 5: 50CandyJoe ($100 in chips) 
Pumuking: posts small blind $0.50
50CandyJoe: posts big blind $1
sutata: sits out 
*** HOLE CARDS ***
GroundCrew2: raises $1 to $2
Eredar5: folds 
Pumuking: calls $1.50
50CandyJoe: calls $1
*** FLOP *** [Jc 5s 7c]
Pumuking: checks 
50CandyJoe: checks 
GroundCrew2: bets $2
Pumuking: calls $2
50CandyJoe: calls $2
*** TURN *** [Jc 5s 7c] [Ad]
Pumuking: checks 
50CandyJoe: checks 
GroundCrew2: checks 
*** RIVER *** [Jc 5s 7c Ad] [Jh]
Pumuking: checks 
50CandyJoe: checks 
GroundCrew2: checks 
*** SHOW DOWN ***
Pumuking: shows [3c 3s] (two pair, Jacks and Threes)
50CandyJoe: shows [Ks 7h] (two pair, Jacks and Sevens)
GroundCrew2: mucks hand 
50CandyJoe collected $11.40 from pot
*** SUMMARY ***
Total pot $12 | Rake $0.60 
Board [Jc 5s 7c Ad Jh]
Seat 1: sutata
Seat 2: GroundCrew2 mucked
Seat 3: Eredar5 (button) folded before Flop (didn't bet)
Seat 4: Pumuking (small blind) showed [3c 3s] and lost with two pair, Jacks and Threes
Seat 5: 50CandyJoe (big blind) showed [Ks 7h] and won ($11.40) with two pair, Jacks and Sevens



PokerStars Hand #254460785241:  Hold'em No Limit ($0.50/$1.00 USD) - 2025/01/19 2:41:12 WET [2025/01/19 21:41:12 ET]
Table 'Jugurtha III' 6-max Seat #4 is the button
Seat 1: sutata ($100 in chips) 
Seat 2: GroundCrew2 ($98.96 in chips) 
Seat 3: Eredar5 ($102.70 in chips) 
Seat 4: Pumuking ($100 in chips) 
Seat 5: 50CandyJoe ($107.40 in chips) 
50CandyJoe: posts small blind $0.50
sutata: posts big blind $1
*** HOLE CARDS ***
GroundCrew2: folds 
Eredar5: folds 
Pumuking: folds 
50CandyJoe: raises $2 to $3
sutata: calls $2
*** FLOP *** [Qh Ac 6d]
50CandyJoe: bets $1.43
sutata: calls $1.43
*** TURN *** [Qh Ac 6d] [Ah]
50CandyJoe: checks 
sutata: checks 
*** RIVER *** [Qh Ac 6d Ah] [3d]
50CandyJoe: checks 
sutata: checks 
*** SHOW DOWN ***
50CandyJoe: shows [Kc Jc] (a pair of Aces)
sutata: shows [Js 6s] (two pair, Aces and Sixes)
sutata collected $8.42 from pot
*** SUMMARY ***
Total pot $8.86 | Rake $0.44 
Board [Qh Ac 6d Ah 3d]
Seat 1: sutata (big blind) showed [Js 6s] and won ($8.42) with two pair, Aces and Sixes
Seat 2: GroundCrew2 folded before Flop (didn't bet)
Seat 3: Eredar5 folded before Flop (didn't bet)
Seat 4: Pumuking (button) folded before Flop (didn't bet)
Seat 5: 50CandyJoe (small blind) showed [Kc Jc] and lost with a pair of Aces



PokerStars Hand #254460792807:  Hold'em No Limit ($0.50/$1.00 USD) - 2025/01/19 2:42:03 WET [2025/01/19 21:42:03 ET]
Table 'Jugurtha III' 6-max Seat #5 is the button
Seat 1: sutata ($103.99 in chips) 
Seat 2: GroundCrew2 ($98.96 in chips) 
Seat 3: Eredar5 ($102.70 in chips) 
Seat 4: Pumuking ($100 in chips) 
Seat 5: 50CandyJoe ($102.97 in chips) 
sutata: posts small blind $0.50
GroundCrew2: posts big blind $1
*** HOLE CARDS ***
Eredar5: folds 
Pumuking: folds 
50CandyJoe: folds 
sutata: raises $2 to $3
GroundCrew2: calls $2
*** FLOP *** [2s Ad 5s]
sutata: bets $1.90
GroundCrew2: calls $1.90
*** TURN *** [2s Ad 5s] [4c]
sutata: checks 
GroundCrew2: checks 
*** RIVER *** [2s Ad 5s 4c] [Ac]
sutata: bets $18.53
GroundCrew2: calls $18.53
*** SHOW DOWN ***
sutata: shows [3c Kc] (a straight, Ace to Five)
GroundCrew2: shows [3s Ah] (a straight, Ace to Five)
sutata collected $22.26 from pot
GroundCrew2 collected $22.26 from pot
*** SUMMARY ***
Total pot $46.86 | Rake $2.34 
Board [2s Ad 5s 4c Ac]
Seat 1: sutata (small blind) showed [3c Kc] and won ($22.26) with a straight, Ace to Five
Seat 2: GroundCrew2 (big blind) showed [3s Ah] and won ($22.26) with a straight, Ace to Five
Seat 3: Eredar5 folded before Flop (didn't bet)
Seat 4: Pumuking folded before Flop (didn't bet)
Seat 5: 50CandyJoe (button) folded before Flop (didn't bet)



PokerStars Hand #254460798968:  Hold'em No Limit ($0.50/$1.00 USD) - 2025/01/19 2:42:46 WET [2025/01/19 21:42:46 ET]
Table 'Jugurtha III' 6-max Seat #1 is the button
Seat 3: Eredar5 ($102.70 in chips) is sitting out
Seat 1: sutata ($102.82 in chips) 
Seat 2: GroundCrew2 ($97.79 in chips) 
Seat 4: Pumuking ($100 in chips) 
Seat 5: 50CandyJoe ($102.97 in chips) 
GroundCrew2: posts small blind $0.50
Eredar5: is sitting out 
Pumuking: posts big blind $1
*** HOLE CARDS ***
50CandyJoe: raises $1.20 to $2.20
sutata: folds 
GroundCrew2: calls $1.70
Eredar5 leaves the table
Pumuking: calls $1.20
*** FLOP *** [7s 8d 2c]
GroundCrew2: checks 
Pumuking: checks 
50CandyJoe: checks 
*** TURN *** [7s 8d 2c] [4c]
GroundCrew2: bets $1
Pumuking: raises $5.54 to $6.54
50CandyJoe: folds 
GroundCrew2: folds 
Uncalled bet ($5.54) returned to Pumuking
Pumuking collected $8.17 from pot
Pumuking: doesn't show hand 
*** SUMMARY ***
Total pot $8.60 | Rake $0.43 
Board [7s 8d 2c 4c]
Seat 3: Eredar5
Seat 1: sutata (button) folded before Flop (didn't bet)
Seat 2: GroundCrew2 (small blind) folded on the Turn
Seat 4: Pumuking (big blind) collected ($8.17)
Seat 5: 50CandyJoe folded on the Turn



PokerStars Hand #254460806715:  Hold'em No Limit ($0.50/$1.00 USD) - 2025/01/19 2:43:38 WET [2025/01/19 21:43:38 ET]
Table 'Jugurtha III' 6-max Seat #2 is the button
Seat 1: sutata ($102.82 in chips) 
Seat 2: GroundCrew2 ($94.59 in chips) 
Seat 4: Pumuking ($104.97 in chips) 
Seat 5: 50CandyJoe ($100.77 in chips) 
Pumuking: posts small blind $0.50
50CandyJoe: posts big blind $1
*** HOLE CARDS ***
sutata: folds 
GroundCrew2: calls $1
Pumuking: folds 
50CandyJoe: checks 
*** FLOP *** [Tc 8h As]
50CandyJoe: checks 
GroundCrew2: bets $1
50CandyJoe: folds 
Uncalled bet ($1) returned to GroundCrew2
GroundCrew2 collected $2.38 from pot
GroundCrew2: doesn't show hand 
*** SUMMARY ***
Total pot $2.50 | Rake $0.12 
Board [Tc 8h As]
Seat 1: sutata folded before Flop (didn't bet)
Seat 2: GroundCrew2 (button) collected ($2.38)
Seat 4: Pumuking (small blind) folded before Flop
Seat 5: 50CandyJoe (big blind) folded on the Flop



PokerStars Hand #254460810460:  Hold'em No Limit ($0.50/$1.00 USD) - 2025/01/19 2:44:04 WET [2025/01/19 21:44:04 ET]
Table 'Jugurtha III' 6-max Seat #4 is the button
Seat 1: sutata ($102.82 in chips) 
Seat 2: GroundCrew2 ($95.97 in chips) 
Seat 4: Pumuking ($104.47 in chips) 
Seat 5: 50CandyJoe ($100 in chips) 
50CandyJoe: posts small blind $0.50
sutata: posts big blind $1
*** HOLE CARDS ***
GroundCrew2: raises $2 to $3
Pumuking: folds 
50CandyJoe: folds 
sutata: folds 
Uncalled bet ($2) returned to GroundCrew2
GroundCrew2 collected $2.50 from pot
GroundCrew2: doesn't show hand 
*** SUMMARY ***
Total pot $2.50 | Rake $0 
Seat 1: sutata (big blind) folded before Flop
Seat 2: GroundCrew2 collected ($2.50)
Seat 4: Pumuking (button) folded before Flop (didn't bet)
Seat 5: 50CandyJoe (small blind) folded before Flop



PokerStars Hand #254460813220:  Hold'em No Limit ($0.50/$1.00 USD) - 2025/01/19 2:44:23 WET [2025/01/19 21:44:23 ET]
Table 'Jugurtha III' 6-max Seat #5 is the button
Seat 1: sutata ($101.82 in chips) 
Seat 2: GroundCrew2 ($97.47 in chips) 
Seat 4: Pumuking ($104.47 in chips) 
Seat 5: 50CandyJoe ($100 in chips) 
sutata: posts small blind $0.50
GroundCrew2: posts big blind $1
*** HOLE CARDS ***
Pumuking: folds 
50CandyJoe: raises $1.50 to $2.50
sutata: folds 
GroundCrew2: folds 
Uncalled bet ($1.50) returned to 50CandyJoe
50CandyJoe collected $2.50 from pot
50CandyJoe: doesn't show hand 
*** SUMMARY ***
Total pot $2.50 | Rake $0 
Seat 1: sutata (small blind) folded before Flop
Seat 2: GroundCrew2 (big blind) folded before Flop
Seat 4: Pumuking folded before Flop (didn't bet)
Seat 5: 50CandyJoe (button) collected ($2.50)



PokerStars Hand #254460815737:  Hold'em No Limit ($0.50/$1.00 USD) - 2025/01/19 2:44:40 WET [2025/01/19 21:44:40 ET]
Table 'Jugurtha III' 6-max Seat #1 is the button
Seat 1: sutata ($101.32 in chips) 
Seat 2: GroundCrew2 ($96.47 in chips) 
Seat 4: Pumuking ($104.47 in chips) 
Seat 5: 50CandyJoe ($101.50 in chips) 
GroundCrew2: posts small blind $0.50
Pumuking: posts big blind $1
*** HOLE CARDS ***
50CandyJoe: folds 
sutata: raises $2 to $3
GroundCrew2: folds 
Pumuking: calls $2
*** FLOP *** [Td Tc 4d]
Pumuking: checks 
sutata: bets $2.06
Pumuking: calls $2.06
*** TURN *** [Td Tc 4d] [9s]
Pumuking: checks 
sutata: bets $7.67
Pumuking: calls $7.67
*** RIVER *** [Td Tc 4d 9s] [Kd]
Pumuking: checks 
sutata: bets $12.48
rrrro joins the table at seat #3 
Pumuking: calls $12.48
*** SHOW DOWN ***
sutata: shows [Kc Th] (a full house, Tens full of Kings)
Pumuking: mucks hand 
sutata collected $49.92 from pot
*** SUMMARY ***
Total pot $50.92 | Rake $1 
Board [Td Tc 4d 9s Kd]
Seat 1: sutata (button) showed [Kc Th] and won ($49.92) with a full house, Tens full of Kings
Seat 2: GroundCrew2 (small blind) folded before Flop
Seat 4: Pumuking (big blind) mucked
Seat 5: 50CandyJoe folded before Flop (didn't bet)



PokerStars Hand #254460825455:  Hold'em No Limit ($0.50/$1.00 USD) - 2025/01/19 2:45:48 WET [2025/01/19 21:45:48 ET]
Table 'Jugurtha III' 6-max Seat #2 is the button
Seat 3: rrrro ($100 in chips) is sitting out
Seat 1: sutata ($126.03 in chips) 
Seat 2: GroundCrew2 ($95.97 in chips) 
Seat 4: Pumuking ($100 in chips) 
Seat 5: 50CandyJoe ($101.50 in chips) 
Pumuking: posts small blind $0.50
50CandyJoe: posts big blind $1
*** HOLE CARDS ***
sutata: folds 
GroundCrew2: calls $1
Pumuking: folds 
50CandyJoe: checks 
*** FLOP *** [Qs 4c Jd]
50CandyJoe: checks 
GroundCrew2: checks 
*** TURN *** [Qs 4c Jd] [2s]
50CandyJoe: checks 
GroundCrew2: checks 
*** RIVER *** [Qs 4c Jd 2s] [9d]
50CandyJoe: checks 
GroundCrew2: bets $1
Xenicide joins the table at seat #6 
50CandyJoe: folds 
Uncalled bet ($1) returned to GroundCrew2
GroundCrew2 collected $2.38 from pot
GroundCrew2: doesn't show hand 
*** SUMMARY ***
Total pot $2.50 | Rake $0.12 
Board [Qs 4c Jd 2s 9d]
Seat 3: rrrro
Seat 1: sutata folded before Flop (didn't bet)
Seat 2: GroundCrew2 (button) collected ($2.38)
Seat 4: Pumuking (small blind) folded before Flop
Seat 5: 50CandyJoe (big blind) folded on the River



PokerStars Hand #254460831349:  Hold'em No Limit ($0.50/$1.00 USD) - 2025/01/19 2:46:29 WET [2025/01/19 21:46:29 ET]
Table 'Jugurtha III' 6-max Seat #4 is the button
Seat 3: rrrro ($100 in chips) is sitting out
Seat 1: sutata ($126.03 in chips) 
Seat 2: GroundCrew2 ($97.35 in chips) 
Seat 4: Pumuking ($100 in chips) 
Seat 5: 50CandyJoe ($100.50 in chips) 
Seat 6: Xenicide ($100 in chips) 
50CandyJoe: posts small blind $0.50
Xenicide: posts big blind $1
rrrro: sits out 
*** HOLE CARDS ***
sutata: raises $1.50 to $2.50
GroundCrew2: folds 
Pumuking: folds 
50CandyJoe: folds 
Xenicide: folds 
Uncalled bet ($1.50) returned to sutata
sutata collected $2.50 from pot
sutata: doesn't show hand 
*** SUMMARY ***
Total pot $2.50 | Rake $0 
Seat 3: rrrro
Seat 1: sutata collected ($2.50)
Seat 2: GroundCrew2 folded before Flop (didn't bet)
Seat 4: Pumuking (button) folded before Flop (didn't bet)
Seat 5: 50CandyJoe (small blind) folded before Flop
Seat 6: Xenicide (big blind) folded before Flop



PokerStars Hand #254460833950:  Hold'em No Limit ($0.50/$1.00 USD) - 2025/01/19 2:46:47 WET [2025/01/19 21:46:47 ET]
Table 'Jugurtha III' 6-max Seat #5 is the button
Seat 3: rrrro ($100 in chips) is sitting out
Seat 1: sutata ($127.53 in chips) 
Seat 2: GroundCrew2 ($97.35 in chips) 
Seat 4: Pumuking ($100 in chips) 
Seat 5: 50CandyJoe ($100 in chips) 
Seat 6: Xenicide ($100 in chips) 
Xenicide: posts small blind $0.50
sutata: posts big blind $1
rrrro: sits out 
*** HOLE CARDS ***
GroundCrew2: raises $1 to $2
Pumuking: folds 
50CandyJoe: folds 
Xenicide: folds 
sutata: folds 
Uncalled bet ($1) returned to GroundCrew2
GroundCrew2 collected $2.50 from pot
GroundCrew2: doesn't show hand 
*** SUMMARY ***
Total pot $2.50 | Rake $0 
Seat 3: rrrro
Seat 1: sutata (big blind) folded before Flop
Seat 2: GroundCrew2 collected ($2.50)
Seat 4: Pumuking folded before Flop (didn't bet)
Seat 5: 50CandyJoe (button) folded before Flop (didn't bet)
Seat 6: Xenicide (small blind) folded before Flop



PokerStars Hand #254460836993:  Hold'em No Limit ($0.50/$1.00 USD) - 2025/01/19 2:47:08 WET [2025/01/19 21:47:08 ET]
Table 'Jugurtha III' 6-max Seat #6 is the button
Seat 3: rrrro ($100 in chips) is sitting out
Seat 1: sutata ($126.53 in chips) 
Seat 2: GroundCrew2 ($98.85 in chips) 
Seat 4: Pumuking ($100 in chips) 
Seat 5: 50CandyJoe ($100 in chips) 
Seat 6: Xenicide ($100 in chips) 
sutata: posts small blind $0.50
GroundCrew2: posts big blind $1
rrrro: sits out 
*** HOLE CARDS ***
Pumuking: folds 
50CandyJoe: folds 
Xenicide: folds 
sutata: raises $2 to $3
GroundCrew2: folds 
Uncalled bet ($2) returned to sutata
sutata collected $2 from pot
sutata: doesn't show hand 
*** SUMMARY ***
Total pot $2 | Rake $0 
Seat 3: rrrro
Seat 1: sutata (small blind) collected ($2)
Seat 2: GroundCrew2 (big blind) folded before Flop
Seat 4: Pumuking folded before Flop (didn't bet)
Seat 5: 50CandyJoe folded before Flop (didn't bet)
Seat 6: Xenicide (button) folded before Flop (didn't bet)



PokerStars Hand #254460839267:  Hold'em No Limit ($0.50/$1.00 USD) - 2025/01/19 2:47:24 WET [2025/01/19 21:47:24 ET]
Table 'Jugurtha III' 6-max Seat #1 is the button
Seat 1: sutata ($127.53 in chips) 
Seat 2: GroundCrew2 ($97.85 in chips) 
Seat 3: rrrro ($100 in chips) 
Seat 4: Pumuking ($100 in chips) 
Seat 5: 50CandyJoe ($100 in chips) 
Seat 6: Xenicide ($100 in chips) 
GroundCrew2: posts small blind $0.50
rrrro: posts big blind $1
*** HOLE CARDS ***
Pumuking: folds 
50CandyJoe: folds 
Xenicide: folds 
sutata: raises $2 to $3
GroundCrew2: folds 
rrrro: folds 
Uncalled bet ($2) returned to sutata
sutata collected $2.50 from pot
sutata: doesn't show hand 
*** SUMMARY ***
Total pot $2.50 | Rake $0 
Seat 1: sutata (button) collected ($2.50)
Seat 2: GroundCrew2 (small blind) folded before Flop
Seat 3: rrrro (big blind) folded before Flop
Seat 4: Pumuking folded before Flop (didn't bet)
Seat 5: 50CandyJoe folded before Flop (didn't bet)
Seat 6: Xenicide folded before Flop (didn't bet)



PokerStars Hand #254460844279:  Hold'em No Limit ($0.50/$1.00 USD) - 2025/01/19 2:47:59 WET [2025/01/19 21:47:59 ET]
Table 'Jugurtha III' 6-max Seat #2 is the button
Seat 1: sutata ($129.03 in chips) 
Seat 2: GroundCrew2 ($97.35 in chips) 
Seat 3: rrrro ($100 in chips) 
Seat 4: Pumuking ($100 in chips) 
Seat 5: 50CandyJoe ($100 in chips) 
Seat 6: Xenicide ($100 in chips) 
rrrro: posts small blind $0.50
Pumuking: posts big blind $1
*** HOLE CARDS ***
50CandyJoe: folds 
Xenicide: folds 
sutata: folds 
GroundCrew2: folds 
rrrro: raises $2 to $3
Pumuking: folds 
Uncalled bet ($2) returned to rrrro
rrrro collected $2 from pot
rrrro: doesn't show hand 
*** SUMMARY ***
Total pot $2 | Rake $0 
Seat 1: sutata folded before Flop (didn't bet)
Seat 2: GroundCrew2 (button) folded before Flop (didn't bet)
Seat 3: rrrro (small blind) collected ($2)
Seat 4: Pumuking (big blind) folded before Flop
Seat 5: 50CandyJoe folded before Flop (didn't bet)
Seat 6: Xenicide folded before Flop (didn't bet)



PokerStars Hand #254460847072:  Hold'em No Limit ($0.50/$1.00 USD) - 2025/01/19 2:48:19 WET [2025/01/19 21:48:19 ET]
Table 'Jugurtha III' 6-max Seat #3 is the button
Seat 1: sutata ($129.03 in chips) 
Seat 2: GroundCrew2 ($97.35 in chips) 
Seat 3: rrrro ($101 in chips) 
Seat 4: Pumuking ($100 in chips) 
Seat 5: 50CandyJoe ($100 in chips) 
Seat 6: Xenicide ($100 in chips) 
Pumuking: posts small blind $0.50
50CandyJoe: posts big blind $1
*** HOLE CARDS ***
Xenicide: folds 
sutata: raises $1.50 to $2.50
GroundCrew2: calls $2.50
rrrro: folds 
Pumuking: folds 
50CandyJoe: calls $1.50
*** FLOP *** [Kc Th 9c]
50CandyJoe: checks 
sutata: bets $4
GroundCrew2: calls $4
50CandyJoe: calls $4
*** TURN *** [Kc Th 9c] [Qh]
50CandyJoe: checks 
sutata: bets $9.50
GroundCrew2: raises $19 to $28.50
50CandyJoe: folds 
sutata: calls $19
*** RIVER *** [Kc Th 9c Qh] [2d]
sutata: checks 
GroundCrew2: bets $62.35 and is all-in
sutata: calls $62.35
*** SHOW DOWN ***
GroundCrew2: shows [Kh Jd] (a straight, Nine to King)
sutata: shows [Qs Jc] (a straight, Nine to King)
sutata collected $99.60 from pot
GroundCrew2 collected $99.60 from pot
*** SUMMARY ***
Total pot $201.70 | Rake $2.50 
Board [Kc Th 9c Qh 2d]
Seat 1: sutata showed [Qs Jc] and won ($99.60) with a straight, Nine to King
Seat 2: GroundCrew2 showed [Kh Jd] and won ($99.60) with a straight, Nine to King
Seat 3: rrrro (button) folded before Flop (didn't bet)
Seat 4: Pumuking (small blind) folded before Flop
Seat 5: 50CandyJoe (big blind) folded on the Turn
Seat 6: Xenicide folded before Flop (didn't bet)



PokerStars Hand #254460858550:  Hold'em No Limit ($0.50/$1.00 USD) - 2025/01/19 2:49:39 WET [2025/01/19 21:49:39 ET]
Table 'Jugurtha III' 6-max Seat #4 is the button
Seat 1: sutata ($131.28 in chips) 
Seat 2: GroundCrew2 ($99.60 in chips) 
Seat 3: rrrro ($101 in chips) 
Seat 4: Pumuking ($100 in chips) 
Seat 5: 50CandyJoe ($100 in chips) 
Seat 6: Xenicide ($100 in chips) 
50CandyJoe: posts small blind $0.50
Xenicide: posts big blind $1
*** HOLE CARDS ***
sutata: folds 
GroundCrew2: folds 
rrrro: folds 
Pumuking: raises $1.50 to $2.50
50CandyJoe: folds 
Xenicide: folds 
Uncalled bet ($1.50) returned to Pumuking
Pumuking collected $2.50 from pot
Pumuking: doesn't show hand 
*** SUMMARY ***
Total pot $2.50 | Rake $0 
Seat 1: sutata folded before Flop (didn't bet)
Seat 2: GroundCrew2 folded before Flop (didn't bet)
Seat 3: rrrro folded before Flop (didn't bet)
Seat 4: Pumuking (button) collected ($2.50)
Seat 5: 50CandyJoe (small blind) folded before Flop
Seat 6: Xenicide (big blind) folded before Flop



PokerStars Hand #254460862326:  Hold'em No Limit ($0.50/$1.00 USD) - 2025/01/19 2:50:06 WET [2025/01/19 21:50:06 ET]
Table 'Jugurtha III' 6-max Seat #5 is the button
Seat 1: sutata ($131.28 in chips) 
Seat 2: GroundCrew2 ($99.60 in chips) 
Seat 3: rrrro ($101 in chips) 
Seat 4: Pumuking ($101.50 in chips) 
Seat 5: 50CandyJoe ($100 in chips) 
Seat 6: Xenicide ($100 in chips) 
Xenicide: posts small blind $0.50
sutata: posts big blind $1
*** HOLE CARDS ***
GroundCrew2 has timed out
GroundCrew2: folds 
rrrro: folds 
Pumuking: folds 
50CandyJoe: folds 
Xenicide: raises $2.50 to $3.50
sutata: calls $2.50
*** FLOP *** [Kd 4d 3s]
Xenicide: checks 
sutata: checks 
*** TURN *** [Kd 4d 3s] [Jd]
Xenicide: bets $6.65
sutata: folds 
Uncalled bet ($6.65) returned to Xenicide
Xenicide collected $6.65 from pot
*** SUMMARY ***
Total pot $7 | Rake $0.35 
Board [Kd 4d 3s Jd]
Seat 1: sutata (big blind) folded on the Turn
Seat 2: GroundCrew2 folded before Flop (didn't bet)
Seat 3: rrrro folded before Flop (didn't bet)
Seat 4: Pumuking folded before Flop (didn't bet)
Seat 5: 50CandyJoe (button) folded before Flop (didn't bet)
Seat 6: Xenicide (small blind) collected ($6.65)



PokerStars Hand #254460871782:  Hold'em No Limit ($0.50/$1.00 USD) - 2025/01/19 2:51:12 WET [2025/01/19 21:51:12 ET]
Table 'Jugurtha III' 6-max Seat #6 is the button
Seat 1: sutata ($127.78 in chips) 
Seat 2: GroundCrew2 ($99.60 in chips) 
Seat 3: rrrro ($101 in chips) 
Seat 4: Pumuking ($101.50 in chips) 
Seat 5: 50CandyJoe ($100 in chips) 
Seat 6: Xenicide ($103.15 in chips) 
sutata: posts small blind $0.50
GroundCrew2: posts big blind $1
*** HOLE CARDS ***
rrrro: folds 
Pumuking: folds 
50CandyJoe: folds 
Xenicide: folds 
sutata: raises $2 to $3
GroundCrew2: folds 
Uncalled bet ($2) returned to sutata
sutata collected $2 from pot
sutata: doesn't show hand 
*** SUMMARY ***
Total pot $2 | Rake $0 
Seat 1: sutata (small blind) collected ($2)
Seat 2: GroundCrew2 (big blind) folded before Flop
Seat 3: rrrro folded before Flop (didn't bet)
Seat 4: Pumuking folded before Flop (didn't bet)
Seat 5: 50CandyJoe folded before Flop (didn't bet)
Seat 6: Xenicide (button) folded before Flop (didn't bet)



PokerStars Hand #254460874394:  Hold'em No Limit ($0.50/$1.00 USD) - 2025/01/19 2:51:30 WET [2025/01/19 21:51:30 ET]
Table 'Jugurtha III' 6-max Seat #1 is the button
Seat 1: sutata ($128.78 in chips) 
Seat 2: GroundCrew2 ($98.60 in chips) 
Seat 3: rrrro ($101 in chips) 
Seat 4: Pumuking ($101.50 in chips) 
Seat 5: 50CandyJoe ($100 in chips) 
Seat 6: Xenicide ($103.15 in chips) 
GroundCrew2: posts small blind $0.50
rrrro: posts big blind $1
*** HOLE CARDS ***
Pumuking: folds 
50CandyJoe: folds 
Xenicide: folds 
sutata: raises $2 to $3
GroundCrew2: calls $2.50
rrrro: folds 
*** FLOP *** [Js 3s 7h]
GroundCrew2: checks 
sutata: checks 
*** TURN *** [Js 3s 7h] [As]
GroundCrew2: checks 
sutata: bets $2.22
GroundCrew2: folds 
Uncalled bet ($2.22) returned to sutata
sutata collected $6.65 from pot
sutata: doesn't show hand 
*** SUMMARY ***
Total pot $7 | Rake $0.35 
Board [Js 3s 7h As]
Seat 1: sutata (button) collected ($6.65)
Seat 2: GroundCrew2 (small blind) folded on the Turn
Seat 3: rrrro (big blind) folded before Flop
Seat 4: Pumuking folded before Flop (didn't bet)
Seat 5: 50CandyJoe folded before Flop (didn't bet)
Seat 6: Xenicide folded before Flop (didn't bet)



PokerStars Hand #254460882458:  Hold'em No Limit ($0.50/$1.00 USD) - 2025/01/19 2:52:28 WET [2025/01/19 21:52:28 ET]
Table 'Jugurtha III' 6-max Seat #2 is the button
Seat 1: sutata ($132.43 in chips) 
Seat 2: GroundCrew2 ($95.60 in chips) 
Seat 3: rrrro ($100 in chips) 
Seat 4: Pumuking ($101.50 in chips) 
Seat 5: 50CandyJoe ($100 in chips) 
Seat 6: Xenicide ($103.15 in chips) 
rrrro: posts small blind $0.50
Pumuking: posts big blind $1
*** HOLE CARDS ***
50CandyJoe: folds 
Xenicide: folds 
sutata: folds 
GroundCrew2: raises $1 to $2
rrrro: folds 
Pumuking: calls $1
*** FLOP *** [Qh 3h Ad]
Pumuking: checks 
GroundCrew2: bets $3
Pumuking: folds 
Uncalled bet ($3) returned to GroundCrew2
GroundCrew2 collected $4.28 from pot
GroundCrew2: doesn't show hand 
*** SUMMARY ***
Total pot $4.50 | Rake $0.22 
Board [Qh 3h Ad]
Seat 1: sutata folded before Flop (didn't bet)
Seat 2: GroundCrew2 (button) collected ($4.28)
Seat 3: rrrro (small blind) folded before Flop
Seat 4: Pumuking (big blind) folded on the Flop
Seat 5: 50CandyJoe folded before Flop (didn't bet)
Seat 6: Xenicide folded before Flop (didn't bet)



PokerStars Hand #254460889025:  Hold'em No Limit ($0.50/$1.00 USD) - 2025/01/19 2:53:14 WET [2025/01/19 21:53:14 ET]
Table 'Jugurtha III' 6-max Seat #3 is the button
Seat 1: sutata ($132.43 in chips) 
Seat 2: GroundCrew2 ($97.88 in chips) 
Seat 3: rrrro ($100 in chips) 
Seat 4: Pumuking ($100 in chips) 
Seat 5: 50CandyJoe ($100 in chips) 
Seat 6: Xenicide ($103.15 in chips) 
Pumuking: posts small blind $0.50
50CandyJoe: posts big blind $1
*** HOLE CARDS ***
Xenicide: folds 
sutata: folds 
GroundCrew2: folds 
rrrro: raises $1.50 to $2.50
Pumuking: folds 
50CandyJoe: folds 
Uncalled bet ($1.50) returned to rrrro
rrrro collected $2.50 from pot
rrrro: doesn't show hand 
*** SUMMARY ***
Total pot $2.50 | Rake $0 
Seat 1: sutata folded before Flop (didn't bet)
Seat 2: GroundCrew2 folded before Flop (didn't bet)
Seat 3: rrrro (button) collected ($2.50)
Seat 4: Pumuking (small blind) folded before Flop
Seat 5: 50CandyJoe (big blind) folded before Flop
Seat 6: Xenicide folded before Flop (didn't bet)



PokerStars Hand #254460891065:  Hold'em No Limit ($0.50/$1.00 USD) - 2025/01/19 2:53:28 WET [2025/01/19 21:53:28 ET]
Table 'Jugurtha III' 6-max Seat #4 is the button
Seat 1: sutata ($132.43 in chips) 
Seat 2: GroundCrew2 ($97.88 in chips) 
Seat 3: rrrro ($101.50 in chips) 
Seat 4: Pumuking ($100 in chips) 
Seat 5: 50CandyJoe ($100 in chips) 
Seat 6: Xenicide ($103.15 in chips) 
50CandyJoe: posts small blind $0.50
Xenicide: posts big blind $1
*** HOLE CARDS ***
sutata: folds 
GroundCrew2: folds 
rrrro: raises $1.30 to $2.30
Pumuking: folds 
50CandyJoe: folds 
Xenicide: folds 
Uncalled bet ($1.30) returned to rrrro
rrrro collected $2.50 from pot
rrrro: doesn't show hand 
*** SUMMARY ***
Total pot $2.50 | Rake $0 
Seat 1: sutata folded before Flop (didn't bet)
Seat 2: GroundCrew2 folded before Flop (didn't bet)
Seat 3: rrrro collected ($2.50)
Seat 4: Pumuking (button) folded before Flop (didn't bet)
Seat 5: 50CandyJoe (small blind) folded before Flop
Seat 6: Xenicide (big blind) folded before Flop



PokerStars Hand #254460893391:  Hold'em No Limit ($0.50/$1.00 USD) - 2025/01/19 2:53:45 WET [2025/01/19 21:53:45 ET]
Table 'Jugurtha III' 6-max Seat #5 is the button
Seat 1: sutata ($132.43 in chips) 
Seat 2: GroundCrew2 ($97.88 in chips) 
Seat 3: rrrro ($103 in chips) 
Seat 4: Pumuking ($100 in chips) 
Seat 5: 50CandyJoe ($100 in chips) 
Seat 6: Xenicide ($102.15 in chips) 
Xenicide: posts small blind $0.50
sutata: posts big blind $1
*** HOLE CARDS ***
GroundCrew2: folds 
rrrro: raises $1 to $2
Pumuking: folds 
50CandyJoe: folds 
Xenicide: folds 
sutata: calls $1
*** FLOP *** [7h Qd Kh]
sutata: checks 
rrrro: bets $1.07
sutata: calls $1.07
*** TURN *** [7h Qd Kh] [6s]
sutata: checks 
rrrro: checks 
*** RIVER *** [7h Qd Kh 6s] [Ac]
sutata: bets $3.79
rrrro: calls $3.79
*** SHOW DOWN ***
sutata: shows [2h 4h] (high card Ace)
rrrro: shows [Kd Ts] (a pair of Kings)
rrrro collected $13.51 from pot
*** SUMMARY ***
Total pot $14.22 | Rake $0.71 
Board [7h Qd Kh 6s Ac]
Seat 1: sutata (big blind) showed [2h 4h] and lost with high card Ace
Seat 2: GroundCrew2 folded before Flop (didn't bet)
Seat 3: rrrro showed [Kd Ts] and won ($13.51) with a pair of Kings
Seat 4: Pumuking folded before Flop (didn't bet)
Seat 5: 50CandyJoe (button) folded before Flop (didn't bet)
Seat 6: Xenicide (small blind) folded before Flop



PokerStars Hand #254460903148:  Hold'em No Limit ($0.50/$1.00 USD) - 2025/01/19 2:54:54 WET [2025/01/19 21:54:54 ET]
Table 'Jugurtha III' 6-max Seat #6 is the button
Seat 1: sutata ($125.57 in chips) 
Seat 2: GroundCrew2 ($97.88 in chips) 
Seat 3: rrrro ($109.65 in chips) 
Seat 4: Pumuking ($100 in chips) 
Seat 5: 50CandyJoe ($100 in chips) 
Seat 6: Xenicide ($101.65 in chips) 
sutata: posts small blind $0.50
GroundCrew2: posts big blind $1
*** HOLE CARDS ***
rrrro: folds 
Pumuking: raises $1.25 to $2.25
50CandyJoe: folds 
Xenicide: folds 
sutata: folds 
GroundCrew2: folds 
Uncalled bet ($1.25) returned to Pumuking
Pumuking collected $2.50 from pot
Pumuking: doesn't show hand 
*** SUMMARY ***
Total pot $2.50 | Rake $0 
Seat 1: sutata (small blind) folded before Flop
Seat 2: GroundCrew2 (big blind) folded before Flop
Seat 3: rrrro folded before Flop (didn't bet)
Seat 4: Pumuking collected ($2.50)
Seat 5: 50CandyJoe folded before Flop (didn't bet)
Seat 6: Xenicide (button) folded before Flop (didn't bet)



PokerStars Hand #254460905992:  Hold'em No Limit ($0.50/$1.00 USD) - 2025/01/19 2:55:17 WET [2025/01/19 21:55:17 ET]
Table 'Jugurtha III' 6-max Seat #1 is the button
Seat 1: sutata ($125.07 in chips) 
Seat 2: GroundCrew2 ($96.88 in chips) 
Seat 3: rrrro ($109.65 in chips) 
Seat 4: Pumuking ($101.50 in chips) 
Seat 5: 50CandyJoe ($100 in chips) 
Seat 6: Xenicide ($101.65 in chips) 
GroundCrew2: posts small blind $0.50
rrrro: posts big blind $1
*** HOLE CARDS ***
Pumuking: raises $1.25 to $2.25
50CandyJoe: folds 
Xenicide: folds 
sutata: folds 
GroundCrew2: folds 
rrrro: folds 
Uncalled bet ($1.25) returned to Pumuking
Pumuking collected $2.50 from pot
Pumuking: doesn't show hand 
*** SUMMARY ***
Total pot $2.50 | Rake $0 
Seat 1: sutata (button) folded before Flop (didn't bet)
Seat 2: GroundCrew2 (small blind) folded before Flop
Seat 3: rrrro (big blind) folded before Flop
Seat 4: Pumuking collected ($2.50)
Seat 5: 50CandyJoe folded before Flop (didn't bet)
Seat 6: Xenicide folded before Flop (didn't bet)



PokerStars Hand #254460908229:  Hold'em No Limit ($0.50/$1.00 USD) - 2025/01/19 2:55:37 WET [2025/01/19 21:55:37 ET]
Table 'Jugurtha III' 6-max Seat #2 is the button
Seat 1: sutata ($125.07 in chips) 
Seat 2: GroundCrew2 ($96.38 in chips) 
Seat 3: rrrro ($108.65 in chips) 
Seat 4: Pumuking ($103 in chips) 
Seat 5: 50CandyJoe ($100 in chips) 
Seat 6: Xenicide ($101.65 in chips) 
rrrro: posts small blind $0.50
Pumuking: posts big blind $1
*** HOLE CARDS ***
50CandyJoe: folds 
Xenicide: folds 
sutata: raises $1.50 to $2.50
GroundCrew2: calls $2.50
rrrro: folds 
Pumuking: folds 
*** FLOP *** [Ac Ts 2d]
sutata: bets $3.09
GroundCrew2: folds 
Uncalled bet ($3.09) returned to sutata
sutata collected $6.18 from pot
sutata: doesn't show hand 
*** SUMMARY ***
Total pot $6.50 | Rake $0.32 
Board [Ac Ts 2d]
Seat 1: sutata collected ($6.18)
Seat 2: GroundCrew2 (button) folded on the Flop
Seat 3: rrrro (small blind) folded before Flop
Seat 4: Pumuking (big blind) folded before Flop
Seat 5: 50CandyJoe folded before Flop (didn't bet)
Seat 6: Xenicide folded before Flop (didn't bet)



PokerStars Hand #254460913078:  Hold'em No Limit ($0.50/$1.00 USD) - 2025/01/19 2:56:21 WET [2025/01/19 21:56:21 ET]
Table 'Jugurtha III' 6-max Seat #3 is the button
Seat 2: GroundCrew2 ($93.88 in chips) is sitting out
Seat 1: sutata ($128.75 in chips) 
Seat 3: rrrro ($108.15 in chips) 
Seat 4: Pumuking ($102 in chips) 
Seat 5: 50CandyJoe ($100 in chips) 
Seat 6: Xenicide ($101.65 in chips) 
Pumuking: posts small blind $0.50
50CandyJoe: posts big blind $1
*** HOLE CARDS ***
Xenicide: raises $1 to $2
sutata: folds 
rrrro: folds 
Pumuking: folds 
50CandyJoe: folds 
Uncalled bet ($1) returned to Xenicide
Xenicide collected $2.50 from pot
*** SUMMARY ***
Total pot $2.50 | Rake $0 
Seat 2: GroundCrew2
Seat 1: sutata folded before Flop (didn't bet)
Seat 3: rrrro (button) folded before Flop (didn't bet)
Seat 4: Pumuking (small blind) folded before Flop
Seat 5: 50CandyJoe (big blind) folded before Flop
Seat 6: Xenicide collected ($2.50)



PokerStars Hand #254460916294:  Hold'em No Limit ($0.50/$1.00 USD) - 2025/01/19 2:56:50 WET [2025/01/19 21:56:50 ET]
Table 'Jugurtha III' 6-max Seat #4 is the button
Seat 2: GroundCrew2 ($93.88 in chips) is sitting out
Seat 1: sutata ($128.75 in chips) 
Seat 3: rrrro ($108.15 in chips) 
Seat 4: Pumuking ($101.50 in chips) 
Seat 5: 50CandyJoe ($100 in chips) 
Seat 6: Xenicide ($103.15 in chips) 
50CandyJoe: posts small blind $0.50
Xenicide: posts big blind $1
*** HOLE CARDS ***
sutata: folds 
rrrro: folds 
Pumuking: folds 
50CandyJoe: folds 
Uncalled bet ($0.50) returned to Xenicide
Xenicide collected $1 from pot
*** SUMMARY ***
Total pot $1 | Rake $0 
Seat 2: GroundCrew2
Seat 1: sutata folded before Flop (didn't bet)
Seat 3: rrrro folded before Flop (didn't bet)
Seat 4: Pumuking (button) folded before Flop (didn't bet)
Seat 5: 50CandyJoe (small blind) folded before Flop
Seat 6: Xenicide (big blind) collected ($1)



PokerStars Hand #254460917521:  Hold'em No Limit ($0.50/$1.00 USD) - 2025/01/19 2:57:01 WET [2025/01/19 21:57:01 ET]
Table 'Jugurtha III' 6-max Seat #5 is the button
Seat 2: GroundCrew2 ($93.88 in chips) is sitting out
Seat 1: sutata ($128.75 in chips) 
Seat 3: rrrro ($108.15 in chips) 
Seat 4: Pumuking ($101.50 in chips) 
Seat 5: 50CandyJoe ($100 in chips) 
Seat 6: Xenicide ($103.65 in chips) 
Xenicide: posts small blind $0.50
sutata: posts big blind $1
*** HOLE CARDS ***
rrrro: raises $1 to $2
Pumuking: folds 
50CandyJoe: folds 
Xenicide: folds 
sutata: folds 
Uncalled bet ($1) returned to rrrro
rrrro collected $2.50 from pot
rrrro: doesn't show hand 
*** SUMMARY ***
Total pot $2.50 | Rake $0 
Seat 2: GroundCrew2
Seat 1: sutata (big blind) folded before Flop
Seat 3: rrrro collected ($2.50)
Seat 4: Pumuking folded before Flop (didn't bet)
Seat 5: 50CandyJoe (button) folded before Flop (didn't bet)
Seat 6: Xenicide (small blind) folded before Flop



PokerStars Hand #254460919219:  Hold'em No Limit ($0.50/$1.00 USD) - 2025/01/19 2:57:16 WET [2025/01/19 21:57:16 ET]
Table 'Jugurtha III' 6-max Seat #6 is the button
Seat 2: GroundCrew2 ($93.88 in chips) is sitting out
Seat 1: sutata ($127.75 in chips) 
Seat 3: rrrro ($109.65 in chips) 
Seat 4: Pumuking ($101.50 in chips) 
Seat 5: 50CandyJoe ($100 in chips) 
Seat 6: Xenicide ($103.15 in chips) 
sutata: posts small blind $0.50
rrrro: posts big blind $1
*** HOLE CARDS ***
Pumuking: folds 
50CandyJoe: folds 
Xenicide: folds 
sutata: raises $2 to $3
rrrro: folds 
Uncalled bet ($2) returned to sutata
sutata collected $2 from pot
sutata: doesn't show hand 
*** SUMMARY ***
Total pot $2 | Rake $0 
Seat 2: GroundCrew2
Seat 1: sutata (small blind) collected ($2)
Seat 3: rrrro (big blind) folded before Flop
Seat 4: Pumuking folded before Flop (didn't bet)
Seat 5: 50CandyJoe folded before Flop (didn't bet)
Seat 6: Xenicide (button) folded before Flop (didn't bet)



PokerStars Hand #254460920698:  Hold'em No Limit ($0.50/$1.00 USD) - 2025/01/19 2:57:30 WET [2025/01/19 21:57:30 ET]
Table 'Jugurtha III' 6-max Seat #1 is the button
Seat 2: GroundCrew2 ($93.88 in chips) is sitting out
Seat 1: sutata ($128.75 in chips) 
Seat 3: rrrro ($108.65 in chips) 
Seat 4: Pumuking ($101.50 in chips) 
Seat 5: 50CandyJoe ($100 in chips) 
Seat 6: Xenicide ($103.15 in chips) 
rrrro: posts small blind $0.50
Pumuking: posts big blind $1
*** HOLE CARDS ***
50CandyJoe: folds 
Xenicide: folds 
sutata: raises $2 to $3
rrrro: folds 
Pumuking: folds 
Uncalled bet ($2) returned to sutata
sutata collected $2.50 from pot
sutata: doesn't show hand 
*** SUMMARY ***
Total pot $2.50 | Rake $0 
Seat 2: GroundCrew2
Seat 1: sutata (button) collected ($2.50)
Seat 3: rrrro (small blind) folded before Flop
Seat 4: Pumuking (big blind) folded before Flop
Seat 5: 50CandyJoe folded before Flop (didn't bet)
Seat 6: Xenicide folded before Flop (didn't bet)



PokerStars Hand #254460922850:  Hold'em No Limit ($0.50/$1.00 USD) - 2025/01/19 2:57:50 WET [2025/01/19 21:57:50 ET]
Table 'Jugurtha III' 6-max Seat #3 is the button
Seat 2: GroundCrew2 ($93.88 in chips) is sitting out
Seat 1: sutata ($130.25 in chips) 
Seat 3: rrrro ($108.15 in chips) 
Seat 4: Pumuking ($100.50 in chips) 
Seat 5: 50CandyJoe ($100 in chips) 
Seat 6: Xenicide ($103.15 in chips) 
Pumuking: posts small blind $0.50
50CandyJoe: posts big blind $1
*** HOLE CARDS ***
Xenicide: folds 
sutata: folds 
rrrro: folds 
Pumuking: folds 
Uncalled bet ($0.50) returned to 50CandyJoe
50CandyJoe collected $1 from pot
50CandyJoe: doesn't show hand 
*** SUMMARY ***
Total pot $1 | Rake $0 
Seat 2: GroundCrew2
Seat 1: sutata folded before Flop (didn't bet)
Seat 3: rrrro (button) folded before Flop (didn't bet)
Seat 4: Pumuking (small blind) folded before Flop
Seat 5: 50CandyJoe (big blind) collected ($1)
Seat 6: Xenicide folded before Flop (didn't bet)



PokerStars Hand #254460980189:  Hold'em No Limit ($0.50/$1.00 USD) - 2025/01/19 3:05:55 WET [2025/01/19 22:05:55 ET]
Table 'Jugurtha III' 6-max Seat #5 is the button
Seat 3: rrrro ($119.69 in chips) is sitting out
Seat 1: sutata ($138.37 in chips) 
Seat 2: BigBoll2023 ($59.71 in chips) 
Seat 4: Pumuking ($101.50 in chips) 
Seat 5: 50CandyJoe ($100 in chips) 
Seat 6: Xenicide ($108.79 in chips) 
Xenicide: posts small blind $0.50
sutata: posts big blind $1
*** HOLE CARDS ***
BigBoll2023: folds 
Pumuking: folds 
50CandyJoe: raises $1.50 to $2.50
Xenicide: raises $7 to $9.50
sutata: folds 
50CandyJoe: folds 
Uncalled bet ($7) returned to Xenicide
Xenicide collected $6 from pot
*** SUMMARY ***
Total pot $6 | Rake $0 
Seat 3: rrrro
Seat 1: sutata (big blind) folded before Flop
Seat 2: BigBoll2023 folded before Flop (didn't bet)
Seat 4: Pumuking folded before Flop (didn't bet)
Seat 5: 50CandyJoe (button) folded before Flop
Seat 6: Xenicide (small blind) collected ($6)



PokerStars Hand #254460984149:  Hold'em No Limit ($0.50/$1.00 USD) - 2025/01/19 3:06:26 WET [2025/01/19 22:06:26 ET]
Table 'Jugurtha III' 6-max Seat #6 is the button
Seat 3: rrrro ($119.69 in chips) is sitting out
Seat 1: sutata ($137.37 in chips) 
Seat 2: BigBoll2023 ($59.71 in chips) 
Seat 4: Pumuking ($101.50 in chips) 
Seat 5: 50CandyJoe ($100 in chips) 
Seat 6: Xenicide ($112.29 in chips) 
sutata: posts small blind $0.50
BigBoll2023: posts big blind $1
*** HOLE CARDS ***
Pumuking: folds 
50CandyJoe: folds 
Xenicide: folds 
sutata: folds 
Uncalled bet ($0.50) returned to BigBoll2023
BigBoll2023 collected $1 from pot
*** SUMMARY ***
Total pot $1 | Rake $0 
Seat 3: rrrro
Seat 1: sutata (small blind) folded before Flop
Seat 2: BigBoll2023 (big blind) collected ($1)
Seat 4: Pumuking folded before Flop (didn't bet)
Seat 5: 50CandyJoe folded before Flop (didn't bet)
Seat 6: Xenicide (button) folded before Flop (didn't bet)



PokerStars Hand #254460985668:  Hold'em No Limit ($0.50/$1.00 USD) - 2025/01/19 3:06:38 WET [2025/01/19 22:06:38 ET]
Table 'Jugurtha III' 6-max Seat #1 is the button
Seat 3: rrrro ($119.69 in chips) is sitting out
Seat 1: sutata ($136.87 in chips) 
Seat 2: BigBoll2023 ($60.21 in chips) 
Seat 4: Pumuking ($101.50 in chips) 
Seat 5: 50CandyJoe ($100 in chips) 
Seat 6: Xenicide ($112.29 in chips) 
BigBoll2023: posts small blind $0.50
Pumuking: posts big blind $1
*** HOLE CARDS ***
50CandyJoe: folds 
Xenicide: raises $1 to $2
sutata: folds 
BigBoll2023: calls $1.50
Pumuking: calls $1
*** FLOP *** [As 6c Td]
BigBoll2023: checks 
Pumuking: checks 
Xenicide: bets $2.85
BigBoll2023: calls $2.85
Pumuking: folds 
*** TURN *** [As 6c Td] [Jc]
BigBoll2023: checks 
Xenicide: bets $11.12
BigBoll2023: folds 
Uncalled bet ($11.12) returned to Xenicide
Xenicide collected $11.12 from pot
*** SUMMARY ***
Total pot $11.70 | Rake $0.58 
Board [As 6c Td Jc]
Seat 3: rrrro
Seat 1: sutata (button) folded before Flop (didn't bet)
Seat 2: BigBoll2023 (small blind) folded on the Turn
Seat 4: Pumuking (big blind) folded on the Flop
Seat 5: 50CandyJoe folded before Flop (didn't bet)
Seat 6: Xenicide collected ($11.12)



PokerStars Hand #254460992127:  Hold'em No Limit ($0.50/$1.00 USD) - 2025/01/19 3:07:29 WET [2025/01/19 22:07:29 ET]
Table 'Jugurtha III' 6-max Seat #2 is the button
Seat 3: rrrro ($119.69 in chips) is sitting out
Seat 1: sutata ($136.87 in chips) 
Seat 2: BigBoll2023 ($55.36 in chips) 
Seat 4: Pumuking ($100 in chips) 
Seat 5: 50CandyJoe ($100 in chips) 
Seat 6: Xenicide ($118.56 in chips) 
Pumuking: posts small blind $0.50
50CandyJoe: posts big blind $1
*** HOLE CARDS ***
Xenicide: folds 
sutata: folds 
BigBoll2023: folds 
Pumuking: folds 
Uncalled bet ($0.50) returned to 50CandyJoe
50CandyJoe collected $1 from pot
50CandyJoe: doesn't show hand 
*** SUMMARY ***
Total pot $1 | Rake $0 
Seat 3: rrrro
Seat 1: sutata folded before Flop (didn't bet)
Seat 2: BigBoll2023 (button) folded before Flop (didn't bet)
Seat 4: Pumuking (small blind) folded before Flop
Seat 5: 50CandyJoe (big blind) collected ($1)
Seat 6: Xenicide folded before Flop (didn't bet)



PokerStars Hand #254460993315:  Hold'em No Limit ($0.50/$1.00 USD) - 2025/01/19 3:07:38 WET [2025/01/19 22:07:38 ET]
Table 'Jugurtha III' 6-max Seat #4 is the button
Seat 3: rrrro ($119.69 in chips) is sitting out
Seat 1: sutata ($136.87 in chips) 
Seat 2: BigBoll2023 ($55.36 in chips) 
Seat 4: Pumuking ($100 in chips) 
Seat 5: 50CandyJoe ($100.50 in chips) 
Seat 6: Xenicide ($118.56 in chips) 
50CandyJoe: posts small blind $0.50
Xenicide: posts big blind $1
*** HOLE CARDS ***
sutata: folds 
BigBoll2023: folds 
Pumuking: folds 
50CandyJoe: folds 
Uncalled bet ($0.50) returned to Xenicide
Xenicide collected $1 from pot
*** SUMMARY ***
Total pot $1 | Rake $0 
Seat 3: rrrro
Seat 1: sutata folded before Flop (didn't bet)
Seat 2: BigBoll2023 folded before Flop (didn't bet)
Seat 4: Pumuking (button) folded before Flop (didn't bet)
Seat 5: 50CandyJoe (small blind) folded before Flop
Seat 6: Xenicide (big blind) collected ($1)



PokerStars Hand #254460994660:  Hold'em No Limit ($0.50/$1.00 USD) - 2025/01/19 3:07:49 WET [2025/01/19 22:07:49 ET]
Table 'Jugurtha III' 6-max Seat #5 is the button
Seat 3: rrrro ($119.69 in chips) is sitting out
Seat 1: sutata ($136.87 in chips) 
Seat 2: BigBoll2023 ($55.36 in chips) 
Seat 4: Pumuking ($100 in chips) 
Seat 5: 50CandyJoe ($100 in chips) 
Seat 6: Xenicide ($119.06 in chips) 
Xenicide: posts small blind $0.50
sutata: posts big blind $1
*** HOLE CARDS ***
BigBoll2023: raises $2 to $3
Pumuking: folds 
50CandyJoe: folds 
Xenicide: folds 
sutata: folds 
Uncalled bet ($2) returned to BigBoll2023
BigBoll2023 collected $2.50 from pot
*** SUMMARY ***
Total pot $2.50 | Rake $0 
Seat 3: rrrro
Seat 1: sutata (big blind) folded before Flop
Seat 2: BigBoll2023 collected ($2.50)
Seat 4: Pumuking folded before Flop (didn't bet)
Seat 5: 50CandyJoe (button) folded before Flop (didn't bet)
Seat 6: Xenicide (small blind) folded before Flop



PokerStars Hand #254460996906:  Hold'em No Limit ($0.50/$1.00 USD) - 2025/01/19 3:08:07 WET [2025/01/19 22:08:07 ET]
Table 'Jugurtha III' 6-max Seat #6 is the button
Seat 3: rrrro ($119.69 in chips) is sitting out
Seat 1: sutata ($135.87 in chips) 
Seat 2: BigBoll2023 ($56.86 in chips) 
Seat 4: Pumuking ($100 in chips) 
Seat 5: 50CandyJoe ($100 in chips) 
Seat 6: Xenicide ($118.56 in chips) 
sutata: posts small blind $0.50
BigBoll2023: posts big blind $1
*** HOLE CARDS ***
Pumuking: folds 
50CandyJoe: raises $1.20 to $2.20
Xenicide: folds 
sutata: calls $1.70
BigBoll2023: calls $1.20
*** FLOP *** [5s Jd Tc]
sutata: checks 
BigBoll2023: bets $3.14
50CandyJoe: folds 
sutata: calls $3.14
*** TURN *** [5s Jd Tc] [6d]
sutata: checks 
BigBoll2023: checks 
*** RIVER *** [5s Jd Tc 6d] [9c]
sutata: checks 
BigBoll2023: checks 
*** SHOW DOWN ***
sutata: shows [7h 7s] (a pair of Sevens)
BigBoll2023: shows [Ts 2d] (a pair of Tens)
BigBoll2023 collected $12.24 from pot
*** SUMMARY ***
Total pot $12.88 | Rake $0.64 
Board [5s Jd Tc 6d 9c]
Seat 3: rrrro
Seat 1: sutata (small blind) showed [7h 7s] and lost with a pair of Sevens
Seat 2: BigBoll2023 (big blind) showed [Ts 2d] and won ($12.24) with a pair of Tens
Seat 4: Pumuking folded before Flop (didn't bet)
Seat 5: 50CandyJoe folded on the Flop
Seat 6: Xenicide (button) folded before Flop (didn't bet)



PokerStars Hand #254461000693:  Hold'em No Limit ($0.50/$1.00 USD) - 2025/01/19 3:08:39 WET [2025/01/19 22:08:39 ET]
Table 'Jugurtha III' 6-max Seat #1 is the button
Seat 3: rrrro ($119.69 in chips) is sitting out
Seat 1: sutata ($130.53 in chips) 
Seat 2: BigBoll2023 ($63.76 in chips) 
Seat 4: Pumuking ($100 in chips) 
Seat 5: 50CandyJoe ($100 in chips) 
Seat 6: Xenicide ($118.56 in chips) 
BigBoll2023: posts small blind $0.50
Pumuking: posts big blind $1
*** HOLE CARDS ***
50CandyJoe: folds 
Xenicide: folds 
sutata: folds 
BigBoll2023: folds 
Uncalled bet ($0.50) returned to Pumuking
Pumuking collected $1 from pot
Pumuking: doesn't show hand 
*** SUMMARY ***
Total pot $1 | Rake $0 
Seat 3: rrrro
Seat 1: sutata (button) folded before Flop (didn't bet)
Seat 2: BigBoll2023 (small blind) folded before Flop
Seat 4: Pumuking (big blind) collected ($1)
Seat 5: 50CandyJoe folded before Flop (didn't bet)
Seat 6: Xenicide folded before Flop (didn't bet)



PokerStars Hand #254461001865:  Hold'em No Limit ($0.50/$1.00 USD) - 2025/01/19 3:08:49 WET [2025/01/19 22:08:49 ET]
Table 'Jugurtha III' 6-max Seat #2 is the button
Seat 3: rrrro ($119.69 in chips) is sitting out
Seat 1: sutata ($130.53 in chips) 
Seat 2: BigBoll2023 ($63.26 in chips) 
Seat 4: Pumuking ($100.50 in chips) 
Seat 5: 50CandyJoe ($100 in chips) 
Seat 6: Xenicide ($118.56 in chips) 
Pumuking: posts small blind $0.50
50CandyJoe: posts big blind $1
*** HOLE CARDS ***
Xenicide: folds 
sutata: folds 
BigBoll2023: folds 
Pumuking: folds 
Uncalled bet ($0.50) returned to 50CandyJoe
50CandyJoe collected $1 from pot
50CandyJoe: doesn't show hand 
*** SUMMARY ***
Total pot $1 | Rake $0 
Seat 3: rrrro
Seat 1: sutata folded before Flop (didn't bet)
Seat 2: BigBoll2023 (button) folded before Flop (didn't bet)
Seat 4: Pumuking (small blind) folded before Flop
Seat 5: 50CandyJoe (big blind) collected ($1)
Seat 6: Xenicide folded before Flop (didn't bet)



PokerStars Hand #254461004126:  Hold'em No Limit ($0.50/$1.00 USD) - 2025/01/19 3:09:08 WET [2025/01/19 22:09:08 ET]
Table 'Jugurtha III' 6-max Seat #4 is the button
Seat 3: rrrro ($119.69 in chips) is sitting out
Seat 1: sutata ($130.53 in chips) 
Seat 2: BigBoll2023 ($63.26 in chips) 
Seat 4: Pumuking ($100 in chips) 
Seat 5: 50CandyJoe ($100.50 in chips) 
Seat 6: Xenicide ($118.56 in chips) 
50CandyJoe: posts small blind $0.50
Xenicide: posts big blind $1
*** HOLE CARDS ***
sutata: raises $1.50 to $2.50
BigBoll2023: folds 
Pumuking: folds 
50CandyJoe: folds 
Xenicide: folds 
Uncalled bet ($1.50) returned to sutata
sutata collected $2.50 from pot
sutata: doesn't show hand 
*** SUMMARY ***
Total pot $2.50 | Rake $0 
Seat 3: rrrro
Seat 1: sutata collected ($2.50)
Seat 2: BigBoll2023 folded before Flop (didn't bet)
Seat 4: Pumuking (button) folded before Flop (didn't bet)
Seat 5: 50CandyJoe (small blind) folded before Flop
Seat 6: Xenicide (big blind) folded before Flop



PokerStars Hand #254461005900:  Hold'em No Limit ($0.50/$1.00 USD) - 2025/01/19 3:09:24 WET [2025/01/19 22:09:24 ET]
Table 'Jugurtha III' 6-max Seat #5 is the button
Seat 3: rrrro ($119.69 in chips) is sitting out
Seat 1: sutata ($132.03 in chips) 
Seat 2: BigBoll2023 ($63.26 in chips) 
Seat 4: Pumuking ($100 in chips) 
Seat 5: 50CandyJoe ($100 in chips) 
Seat 6: Xenicide ($117.56 in chips) 
Xenicide: posts small blind $0.50
sutata: posts big blind $1
*** HOLE CARDS ***
BigBoll2023: folds 
Pumuking: folds 
50CandyJoe: raises $1.50 to $2.50
Xenicide: folds 
sutata: folds 
Uncalled bet ($1.50) returned to 50CandyJoe
50CandyJoe collected $2.50 from pot
50CandyJoe: doesn't show hand 
*** SUMMARY ***
Total pot $2.50 | Rake $0 
Seat 3: rrrro
Seat 1: sutata (big blind) folded before Flop
Seat 2: BigBoll2023 folded before Flop (didn't bet)
Seat 4: Pumuking folded before Flop (didn't bet)
Seat 5: 50CandyJoe (button) collected ($2.50)
Seat 6: Xenicide (small blind) folded before Flop



PokerStars Hand #254461008247:  Hold'em No Limit ($0.50/$1.00 USD) - 2025/01/19 3:09:44 WET [2025/01/19 22:09:44 ET]
Table 'Jugurtha III' 6-max Seat #6 is the button
Seat 3: rrrro ($119.69 in chips) is sitting out
Seat 1: sutata ($131.03 in chips) 
Seat 2: BigBoll2023 ($63.26 in chips) 
Seat 4: Pumuking ($100 in chips) 
Seat 5: 50CandyJoe ($101.50 in chips) 
Seat 6: Xenicide ($117.06 in chips) 
sutata: posts small blind $0.50
BigBoll2023: posts big blind $1
*** HOLE CARDS ***
Pumuking: raises $1.25 to $2.25
50CandyJoe: folds 
Xenicide: folds 
sutata: folds 
BigBoll2023: calls $1.25
*** FLOP *** [8h Ah Jd]
BigBoll2023: checks 
Pumuking: bets $1.57
BigBoll2023: calls $1.57
*** TURN *** [8h Ah Jd] [5c]
BigBoll2023: checks 
Pumuking: checks 
*** RIVER *** [8h Ah Jd 5c] [5h]
BigBoll2023: bets $1
Pumuking: calls $1
*** SHOW DOWN ***
BigBoll2023: shows [Ac 2h] (two pair, Aces and Fives)
Pumuking: mucks hand 
BigBoll2023 collected $9.63 from pot
*** SUMMARY ***
Total pot $10.14 | Rake $0.51 
Board [8h Ah Jd 5c 5h]
Seat 3: rrrro
Seat 1: sutata (small blind) folded before Flop
Seat 2: BigBoll2023 (big blind) showed [Ac 2h] and won ($9.63) with two pair, Aces and Fives
Seat 4: Pumuking mucked
Seat 5: 50CandyJoe folded before Flop (didn't bet)
Seat 6: Xenicide (button) folded before Flop (didn't bet)



PokerStars Hand #254461066598:  Hold'em No Limit ($0.50/$1.00 USD) - 2025/01/19 3:21:08 WET [2025/01/19 22:21:08 ET]
Table 'Jugurtha III' 6-max Seat #1 is the button
Seat 3: rrrro ($119.69 in chips) is sitting out
Seat 1: sutata ($130.53 in chips) 
Seat 6: Xenicide ($117.06 in chips) 
sutata: posts small blind $0.50
Xenicide: posts big blind $1
*** HOLE CARDS ***
sutata: raises $2 to $3
Xenicide: calls $2
*** FLOP *** [8c 2d 9d]
Xenicide: checks 
sutata: checks 
*** TURN *** [8c 2d 9d] [2c]
Xenicide: checks 
sutata: bets $2.85
BigBoll2023 joins the table at seat #2 
BigBoll2023 is disconnected 
rrrro leaves the table
Xenicide: calls $2.85
*** RIVER *** [8c 2d 9d 2c] [8d]
m0nTTu joins the table at seat #3 
Xenicide: bets $3.45
sutata: calls $3.45
*** SHOW DOWN ***
Xenicide: shows [Jc 8h] (a full house, Eights full of Deuces)
rrrro joins the table at seat #4 
sutata: mucks hand 
Xenicide collected $17.67 from pot
*** SUMMARY ***
Total pot $18.60 | Rake $0.93 
Board [8c 2d 9d 2c 8d]
Seat 3: rrrro
Seat 1: sutata (button) (small blind) mucked
Seat 6: Xenicide (big blind) showed [Jc 8h] and won ($17.67) with a full house, Eights full of Deuces



PokerStars Hand #254461083081:  Hold'em No Limit ($0.50/$1.00 USD) - 2025/01/19 3:22:33 WET [2025/01/19 22:22:33 ET]
Table 'Jugurtha III' 6-max Seat #6 is the button
Seat 3: m0nTTu ($80 in chips) is sitting out
Seat 4: rrrro ($119.69 in chips) is sitting out
Seat 1: sutata ($121.23 in chips) 
Seat 2: BigBoll2023 ($68.07 in chips) 
Seat 6: Xenicide ($125.43 in chips) 
sutata: posts small blind $0.50
BigBoll2023: posts big blind $1
m0nTTu: sits out 
rrrro: sits out 
*** HOLE CARDS ***
mironchikvld joins the table at seat #5 
Xenicide: folds 
sutata: raises $2 to $3
BigBoll2023: calls $2
*** FLOP *** [Kh Js Th]
sutata: checks 
BigBoll2023: checks 
*** TURN *** [Kh Js Th] [8d]
sutata: bets $2.85
BigBoll2023: folds 
Uncalled bet ($2.85) returned to sutata
sutata collected $5.70 from pot
sutata: doesn't show hand 
*** SUMMARY ***
Total pot $6 | Rake $0.30 
Board [Kh Js Th 8d]
Seat 3: m0nTTu
Seat 4: rrrro
Seat 1: sutata (small blind) collected ($5.70)
Seat 2: BigBoll2023 (big blind) folded on the Turn
Seat 6: Xenicide (button) folded before Flop (didn't bet)



PokerStars Hand #254461089806:  Hold'em No Limit ($0.50/$1.00 USD) - 2025/01/19 3:22:59 WET [2025/01/19 22:22:59 ET]
Table 'Jugurtha III' 6-max Seat #1 is the button
Seat 4: rrrro ($119.69 in chips) is sitting out
Seat 5: mironchikvld ($100 in chips) is sitting out
Seat 1: sutata ($123.93 in chips) 
Seat 2: BigBoll2023 ($65.07 in chips) 
Seat 3: m0nTTu ($80 in chips) 
Seat 6: Xenicide ($125.43 in chips) 
BigBoll2023: posts small blind $0.50
m0nTTu: posts big blind $1
rrrro: sits out 
mironchikvld: sits out 
*** HOLE CARDS ***
Xenicide: raises $1 to $2
sutata: folds 
BigBoll2023: folds 
m0nTTu: folds 
Uncalled bet ($1) returned to Xenicide
Xenicide collected $2.50 from pot
*** SUMMARY ***
Total pot $2.50 | Rake $0 
Seat 4: rrrro
Seat 5: mironchikvld
Seat 1: sutata (button) folded before Flop (didn't bet)
Seat 2: BigBoll2023 (small blind) folded before Flop
Seat 3: m0nTTu (big blind) folded before Flop
Seat 6: Xenicide collected ($2.50)



PokerStars Hand #254461098514:  Hold'em No Limit ($0.50/$1.00 USD) - 2025/01/19 3:23:33 WET [2025/01/19 22:23:33 ET]
Table 'Jugurtha III' 6-max Seat #2 is the button
Seat 5: mironchikvld ($100 in chips) is sitting out
Seat 1: sutata ($123.93 in chips) 
Seat 2: BigBoll2023 ($64.57 in chips) 
Seat 3: m0nTTu ($79 in chips) 
Seat 4: rrrro ($119.69 in chips) 
Seat 6: Xenicide ($126.93 in chips) 
m0nTTu: posts small blind $0.50
rrrro: posts big blind $1
mironchikvld: sits out 
*** HOLE CARDS ***
Xenicide: folds 
sutata: raises $1.50 to $2.50
BigBoll2023: folds 
m0nTTu: folds 
rrrro: folds 
Uncalled bet ($1.50) returned to sutata
sutata collected $2.50 from pot
sutata: doesn't show hand 
*** SUMMARY ***
Total pot $2.50 | Rake $0 
Seat 5: mironchikvld
Seat 1: sutata collected ($2.50)
Seat 2: BigBoll2023 (button) folded before Flop (didn't bet)
Seat 3: m0nTTu (small blind) folded before Flop
Seat 4: rrrro (big blind) folded before Flop
Seat 6: Xenicide folded before Flop (didn't bet)



PokerStars Hand #254461104551:  Hold'em No Limit ($0.50/$1.00 USD) - 2025/01/19 3:23:57 WET [2025/01/19 22:23:57 ET]
Table 'Jugurtha III' 6-max Seat #3 is the button
Seat 1: sutata ($125.43 in chips) 
Seat 2: BigBoll2023 ($64.57 in chips) 
Seat 3: m0nTTu ($100 in chips) 
Seat 4: rrrro ($118.69 in chips) 
Seat 5: mironchikvld ($100 in chips) 
Seat 6: Xenicide ($126.93 in chips) 
rrrro: posts small blind $0.50
mironchikvld: posts big blind $1
*** HOLE CARDS ***
Xenicide: folds 
sutata: folds 
BigBoll2023: folds 
m0nTTu: folds 
rrrro: folds 
Uncalled bet ($0.50) returned to mironchikvld
mironchikvld collected $1 from pot
mironchikvld: doesn't show hand 
*** SUMMARY ***
Total pot $1 | Rake $0 
Seat 1: sutata folded before Flop (didn't bet)
Seat 2: BigBoll2023 folded before Flop (didn't bet)
Seat 3: m0nTTu (button) folded before Flop (didn't bet)
Seat 4: rrrro (small blind) folded before Flop
Seat 5: mironchikvld (big blind) collected ($1)
Seat 6: Xenicide folded before Flop (didn't bet)



PokerStars Hand #254461111841:  Hold'em No Limit ($0.50/$1.00 USD) - 2025/01/19 3:24:26 WET [2025/01/19 22:24:26 ET]
Table 'Jugurtha III' 6-max Seat #4 is the button
Seat 1: sutata ($125.43 in chips) 
Seat 2: BigBoll2023 ($64.57 in chips) 
Seat 3: m0nTTu ($100 in chips) 
Seat 4: rrrro ($118.19 in chips) 
Seat 5: mironchikvld ($100.50 in chips) 
Seat 6: Xenicide ($126.93 in chips) 
mironchikvld: posts small blind $0.50
Xenicide: posts big blind $1
*** HOLE CARDS ***
sutata: folds 
BigBoll2023: raises $1 to $2
m0nTTu: calls $2
rrrro: folds 
mironchikvld: folds 
Xenicide: calls $1
*** FLOP *** [Jh Ad 9c]
Xenicide: checks 
BigBoll2023: bets $1
m0nTTu: calls $1
Xenicide: calls $1
*** TURN *** [Jh Ad 9c] [4s]
Xenicide: checks 
BigBoll2023: checks 
m0nTTu: bets $4.51
Xenicide: folds 
BigBoll2023: folds 
Uncalled bet ($4.51) returned to m0nTTu
m0nTTu collected $9.02 from pot
m0nTTu: doesn't show hand 
*** SUMMARY ***
Total pot $9.50 | Rake $0.48 
Board [Jh Ad 9c 4s]
Seat 1: sutata folded before Flop (didn't bet)
Seat 2: BigBoll2023 folded on the Turn
Seat 3: m0nTTu collected ($9.02)
Seat 4: rrrro (button) folded before Flop (didn't bet)
Seat 5: mironchikvld (small blind) folded before Flop
Seat 6: Xenicide (big blind) folded on the Turn



PokerStars Hand #254461133500:  Hold'em No Limit ($0.50/$1.00 USD) - 2025/01/19 3:26:03 WET [2025/01/19 22:26:03 ET]
Table 'Jugurtha III' 6-max Seat #5 is the button
Seat 1: sutata ($125.43 in chips) 
Seat 2: BigBoll2023 ($61.57 in chips) 
Seat 3: m0nTTu ($106.02 in chips) 
Seat 4: rrrro ($118.19 in chips) 
Seat 5: mironchikvld ($100 in chips) 
Seat 6: Xenicide ($123.93 in chips) 
Xenicide: posts small blind $0.50
sutata: posts big blind $1
*** HOLE CARDS ***
BigBoll2023: folds 
m0nTTu: folds 
rrrro: raises $1.30 to $2.30
mironchikvld: folds 
Xenicide: folds 
sutata: calls $1.30
*** FLOP *** [Kd 2h 8d]
sutata: checks 
rrrro: bets $1.21
sutata: calls $1.21
*** TURN *** [Kd 2h 8d] [8s]
sutata: bets $2.78
rrrro: folds 
Uncalled bet ($2.78) returned to sutata
sutata collected $7.14 from pot
sutata: doesn't show hand 
*** SUMMARY ***
Total pot $7.52 | Rake $0.38 
Board [Kd 2h 8d 8s]
Seat 1: sutata (big blind) collected ($7.14)
Seat 2: BigBoll2023 folded before Flop (didn't bet)
Seat 3: m0nTTu folded before Flop (didn't bet)
Seat 4: rrrro folded on the Turn
Seat 5: mironchikvld (button) folded before Flop (didn't bet)
Seat 6: Xenicide (small blind) folded before Flop



PokerStars Hand #254461141919:  Hold'em No Limit ($0.50/$1.00 USD) - 2025/01/19 3:26:45 WET [2025/01/19 22:26:45 ET]
Table 'Jugurtha III' 6-max Seat #6 is the button
Seat 1: sutata ($129.06 in chips) 
Seat 2: BigBoll2023 ($61.57 in chips) 
Seat 3: m0nTTu ($106.02 in chips) 
Seat 4: rrrro ($114.68 in chips) 
Seat 5: mironchikvld ($100 in chips) 
Seat 6: Xenicide ($123.43 in chips) 
sutata: posts small blind $0.50
BigBoll2023: posts big blind $1
*** HOLE CARDS ***
m0nTTu has timed out
m0nTTu: folds 
rrrro: raises $1 to $2
mironchikvld: raises $6 to $8
Xenicide: folds 
sutata: folds 
BigBoll2023: calls $7
m0nTTu leaves the table
rrrro: calls $6
*** FLOP *** [8s 7s Qs]
BigBoll2023: checks 
rrrro: checks 
mironchikvld: bets $6
BigBoll2023: calls $6
Marneyy joins the table at seat #3 
Marneyy is disconnected 
rrrro: folds 
*** TURN *** [8s 7s Qs] [Jd]
BigBoll2023: checks 
mironchikvld: bets $11.44
BigBoll2023: calls $11.44
*** RIVER *** [8s 7s Qs Jd] [5c]
BigBoll2023: bets $14
mironchikvld: calls $14
*** SHOW DOWN ***
BigBoll2023: shows [4s Ts] (a flush, Queen high)
mironchikvld: mucks hand 
BigBoll2023 collected $84.88 from pot
*** SUMMARY ***
Total pot $87.38 | Rake $2.50 
Board [8s 7s Qs Jd 5c]
Seat 1: sutata (small blind) folded before Flop
Seat 2: BigBoll2023 (big blind) showed [4s Ts] and won ($84.88) with a flush, Queen high
Seat 3: m0nTTu folded before Flop (didn't bet)
Seat 4: rrrro folded on the Flop
Seat 5: mironchikvld mucked
Seat 6: Xenicide (button) folded before Flop (didn't bet)



PokerStars Hand #254461171579:  Hold'em No Limit ($0.50/$1.00 USD) - 2025/01/19 3:29:28 WET [2025/01/19 22:29:28 ET]
Table 'Jugurtha III' 6-max Seat #1 is the button
Seat 1: sutata ($128.56 in chips) 
Seat 2: BigBoll2023 ($107.01 in chips) 
Seat 3: Marneyy ($80 in chips) 
Seat 4: rrrro ($106.68 in chips) 
Seat 5: mironchikvld ($100 in chips) 
Seat 6: Xenicide ($123.43 in chips) 
BigBoll2023: posts small blind $0.50
Marneyy: posts big blind $1
*** HOLE CARDS ***
rrrro: folds 
mironchikvld: folds 
Xenicide: folds 
sutata: folds 
BigBoll2023: raises $1 to $2
Marneyy: calls $1
*** FLOP *** [Ac Qc 2c]
BigBoll2023: checks 
Marneyy: checks 
*** TURN *** [Ac Qc 2c] [7c]
BigBoll2023: checks 
Marneyy: checks 
*** RIVER *** [Ac Qc 2c 7c] [8d]
BigBoll2023: checks 
Marneyy: bets $5
BigBoll2023: folds 
Uncalled bet ($5) returned to Marneyy
Marneyy collected $3.80 from pot
Marneyy: shows [Td 5s] (high card Ace)
*** SUMMARY ***
Total pot $4 | Rake $0.20 
Board [Ac Qc 2c 7c 8d]
Seat 1: sutata (button) folded before Flop (didn't bet)
Seat 2: BigBoll2023 (small blind) folded on the River
Seat 3: Marneyy (big blind) collected ($3.80)
Seat 4: rrrro folded before Flop (didn't bet)
Seat 5: mironchikvld folded before Flop (didn't bet)
Seat 6: Xenicide folded before Flop (didn't bet)



PokerStars Hand #254461176305:  Hold'em No Limit ($0.50/$1.00 USD) - 2025/01/19 3:29:56 WET [2025/01/19 22:29:56 ET]
Table 'Jugurtha III' 6-max Seat #2 is the button
Seat 1: sutata ($128.56 in chips) 
Seat 2: BigBoll2023 ($105.01 in chips) 
Seat 3: Marneyy ($81.80 in chips) 
Seat 4: rrrro ($106.68 in chips) 
Seat 5: mironchikvld ($100 in chips) 
Seat 6: Xenicide ($123.43 in chips) 
Marneyy: posts small blind $0.50
rrrro: posts big blind $1
*** HOLE CARDS ***
mironchikvld: folds 
Xenicide: raises $1 to $2
sutata: folds 
BigBoll2023: folds 
Marneyy: calls $1.50
rrrro: folds 
*** FLOP *** [6h 2c Js]
Marneyy: checks 
Xenicide: bets $1.47
Marneyy: calls $1.47
*** TURN *** [6h 2c Js] [Td]
Marneyy: checks 
Xenicide: checks 
*** RIVER *** [6h 2c Js Td] [9h]
Marneyy: bets $5
Xenicide: raises $5 to $10
Marneyy: calls $5
*** SHOW DOWN ***
Xenicide: shows [Jd Qs] (a pair of Jacks)
Marneyy: shows [4s 6c] (a pair of Sixes)
Xenicide collected $26.54 from pot
*** SUMMARY ***
Total pot $27.94 | Rake $1.40 
Board [6h 2c Js Td 9h]
Seat 1: sutata folded before Flop (didn't bet)
Seat 2: BigBoll2023 (button) folded before Flop (didn't bet)
Seat 3: Marneyy (small blind) showed [4s 6c] and lost with a pair of Sixes
Seat 4: rrrro (big blind) folded before Flop
Seat 5: mironchikvld folded before Flop (didn't bet)
Seat 6: Xenicide showed [Jd Qs] and won ($26.54) with a pair of Jacks



PokerStars Hand #254461188018:  Hold'em No Limit ($0.50/$1.00 USD) - 2025/01/19 3:31:08 WET [2025/01/19 22:31:08 ET]
Table 'Jugurtha III' 6-max Seat #3 is the button
Seat 1: sutata ($128.56 in chips) 
Seat 2: BigBoll2023 ($105.01 in chips) 
Seat 3: Marneyy ($68.33 in chips) 
Seat 4: rrrro ($105.68 in chips) 
Seat 5: mironchikvld ($100 in chips) 
Seat 6: Xenicide ($136.50 in chips) 
rrrro: posts small blind $0.50
mironchikvld: posts big blind $1
*** HOLE CARDS ***
Xenicide: folds 
sutata: folds 
BigBoll2023: calls $1
Marneyy: raises $7 to $8
rrrro: folds 
mironchikvld: folds 
BigBoll2023: calls $7
*** FLOP *** [3d 3h 9s]
BigBoll2023: checks 
Marneyy: bets $5
BigBoll2023: folds 
Uncalled bet ($5) returned to Marneyy
Marneyy collected $16.62 from pot
Marneyy: shows [Qd Ad] (a pair of Threes)
*** SUMMARY ***
Total pot $17.50 | Rake $0.88 
Board [3d 3h 9s]
Seat 1: sutata folded before Flop (didn't bet)
Seat 2: BigBoll2023 folded on the Flop
Seat 3: Marneyy (button) collected ($16.62)
Seat 4: rrrro (small blind) folded before Flop
Seat 5: mironchikvld (big blind) folded before Flop
Seat 6: Xenicide folded before Flop (didn't bet)



PokerStars Hand #254461195692:  Hold'em No Limit ($0.50/$1.00 USD) - 2025/01/19 3:31:57 WET [2025/01/19 22:31:57 ET]
Table 'Jugurtha III' 6-max Seat #4 is the button
Seat 1: sutata ($128.56 in chips) 
Seat 2: BigBoll2023 ($97.01 in chips) 
Seat 3: Marneyy ($76.95 in chips) 
Seat 4: rrrro ($105.18 in chips) 
Seat 5: mironchikvld ($100 in chips) 
Seat 6: Xenicide ($136.50 in chips) 
mironchikvld: posts small blind $0.50
Xenicide: posts big blind $1
*** HOLE CARDS ***
sutata has timed out
sutata: folds 
BigBoll2023: calls $1
Marneyy: raises $4 to $5
rrrro: raises $7.50 to $12.50
mironchikvld: folds 
Xenicide: folds 
BigBoll2023: folds 
Marneyy: calls $7.50
*** FLOP *** [8c 4c 4h]
Marneyy: checks 
rrrro: checks 
*** TURN *** [8c 4c 4h] [9s]
Marneyy: bets $5
rrrro: calls $5
*** RIVER *** [8c 4c 4h 9s] [Qh]
BigBoll2023 is disconnected 
Marneyy: bets $15
rrrro: raises $72.68 to $87.68 and is all-in
Marneyy: calls $44.45 and is all-in
Uncalled bet ($28.23) returned to rrrro
*** SHOW DOWN ***
rrrro: shows [Ad Qd] (two pair, Queens and Fours)
Marneyy: shows [Td Jc] (a straight, Eight to Queen)
Marneyy collected $153.90 from pot
*** SUMMARY ***
Total pot $156.40 | Rake $2.50 
Board [8c 4c 4h 9s Qh]
Seat 1: sutata folded before Flop (didn't bet)
Seat 2: BigBoll2023 folded before Flop
Seat 3: Marneyy showed [Td Jc] and won ($153.90) with a straight, Eight to Queen
Seat 4: rrrro (button) showed [Ad Qd] and lost with two pair, Queens and Fours
Seat 5: mironchikvld (small blind) folded before Flop
Seat 6: Xenicide (big blind) folded before Flop



PokerStars Hand #254461212420:  Hold'em No Limit ($0.50/$1.00 USD) - 2025/01/19 3:33:43 WET [2025/01/19 22:33:43 ET]
Table 'Jugurtha III' 6-max Seat #5 is the button
Seat 1: sutata ($128.56 in chips) 
Seat 2: BigBoll2023 ($96.01 in chips) 
Seat 3: Marneyy ($153.90 in chips) 
Seat 4: rrrro ($100 in chips) 
Seat 5: mironchikvld ($100 in chips) 
Seat 6: Xenicide ($135.50 in chips) 
Xenicide: posts small blind $0.50
sutata: posts big blind $1
*** HOLE CARDS ***
BigBoll2023: calls $1
Marneyy: calls $1
rrrro: folds 
mironchikvld has timed out
mironchikvld: folds 
Xenicide: folds 
sutata: checks 
*** FLOP *** [Ks 4h 9d]
sutata: checks 
BigBoll2023: checks 
Marneyy: checks 
*** TURN *** [Ks 4h 9d] [Kh]
sutata: checks 
BigBoll2023: checks 
Marneyy: checks 
*** RIVER *** [Ks 4h 9d Kh] [4s]
sutata: checks 
BigBoll2023: checks 
Marneyy: bets $5
sutata: folds 
BigBoll2023: folds 
Uncalled bet ($5) returned to Marneyy
Marneyy collected $3.32 from pot
Marneyy: shows [Qs 2d] (two pair, Kings and Fours)
*** SUMMARY ***
Total pot $3.50 | Rake $0.18 
Board [Ks 4h 9d Kh 4s]
Seat 1: sutata (big blind) folded on the River
Seat 2: BigBoll2023 folded on the River
Seat 3: Marneyy collected ($3.32)
Seat 4: rrrro folded before Flop (didn't bet)
Seat 5: mironchikvld (button) folded before Flop (didn't bet)
Seat 6: Xenicide (small blind) folded before Flop



PokerStars Hand #254461222002:  Hold'em No Limit ($0.50/$1.00 USD) - 2025/01/19 3:34:44 WET [2025/01/19 22:34:44 ET]
Table 'Jugurtha III' 6-max Seat #6 is the button
Seat 1: sutata ($127.56 in chips) 
Seat 2: BigBoll2023 ($95.01 in chips) 
Seat 3: Marneyy ($156.22 in chips) 
Seat 4: rrrro ($100 in chips) 
Seat 5: mironchikvld ($100 in chips) 
Seat 6: Xenicide ($135 in chips) 
sutata: posts small blind $0.50
BigBoll2023: posts big blind $1
*** HOLE CARDS ***
Marneyy: raises $3 to $4
rrrro: raises $8 to $12
mironchikvld: folds 
Xenicide: folds 
sutata: folds 
BigBoll2023: folds 
Marneyy: calls $8
*** FLOP *** [Ac 3d 2s]
Marneyy: bets $4
rrrro: calls $4
*** TURN *** [Ac 3d 2s] [2d]
Marneyy: bets $3
rrrro: calls $3
*** RIVER *** [Ac 3d 2s 2d] [Td]
Marneyy: checks 
rrrro: bets $28.14
Marneyy: folds 
Uncalled bet ($28.14) returned to rrrro
rrrro collected $37.52 from pot
rrrro: doesn't show hand 
*** SUMMARY ***
Total pot $39.50 | Rake $1.98 
Board [Ac 3d 2s 2d Td]
Seat 1: sutata (small blind) folded before Flop
Seat 2: BigBoll2023 (big blind) folded before Flop
Seat 3: Marneyy folded on the River
Seat 4: rrrro collected ($37.52)
Seat 5: mironchikvld folded before Flop (didn't bet)
Seat 6: Xenicide (button) folded before Flop (didn't bet)



PokerStars Hand #254461233341:  Hold'em No Limit ($0.50/$1.00 USD) - 2025/01/19 3:35:58 WET [2025/01/19 22:35:58 ET]
Table 'Jugurtha III' 6-max Seat #1 is the button
Seat 2: BigBoll2023 ($94.01 in chips) is sitting out
Seat 1: sutata ($127.06 in chips) 
Seat 3: Marneyy ($137.22 in chips) 
Seat 4: rrrro ($118.52 in chips) 
Seat 5: mironchikvld ($100 in chips) 
Seat 6: Xenicide ($135 in chips) 
BigBoll2023 has timed out
BigBoll2023: is sitting out 
Marneyy: posts small blind $0.50
rrrro: posts big blind $1
*** HOLE CARDS ***
mironchikvld: folds 
Xenicide: folds 
BigBoll2023 is disconnected 
sutata: raises $2 to $3
Marneyy: calls $2.50
rrrro: folds 
*** FLOP *** [4s 2h Jd]
Marneyy: checks 
sutata: checks 
*** TURN *** [4s 2h Jd] [Qh]
Marneyy: bets $5
sutata: folds 
Uncalled bet ($5) returned to Marneyy
Marneyy collected $6.65 from pot
Marneyy: shows [4c Qd] (two pair, Queens and Fours)
*** SUMMARY ***
Total pot $7 | Rake $0.35 
Board [4s 2h Jd Qh]
Seat 2: BigBoll2023
Seat 1: sutata (button) folded on the Turn
Seat 3: Marneyy (small blind) collected ($6.65)
Seat 4: rrrro (big blind) folded before Flop
Seat 5: mironchikvld folded before Flop (didn't bet)
Seat 6: Xenicide folded before Flop (didn't bet)



PokerStars Hand #254461240933:  Hold'em No Limit ($0.50/$1.00 USD) - 2025/01/19 3:36:49 WET [2025/01/19 22:36:49 ET]
Table 'Jugurtha III' 6-max Seat #3 is the button
Seat 1: sutata ($124.06 in chips) 
Seat 2: BigBoll2023 ($94.01 in chips) 
Seat 3: Marneyy ($140.87 in chips) 
Seat 4: rrrro ($117.52 in chips) 
Seat 5: mironchikvld ($100 in chips) 
Seat 6: Xenicide ($135 in chips) 
rrrro: posts small blind $0.50
mironchikvld: posts big blind $1
BigBoll2023: posts small blind $0.50
*** HOLE CARDS ***
Xenicide: folds 
sutata: raises $2 to $3
BigBoll2023: folds 
Marneyy: calls $3
rrrro: folds 
mironchikvld: raises $11 to $14
sutata: calls $11
Marneyy: folds 
*** FLOP *** [3d Qs 7d]
Marneyy leaves the table
shootingGRID joins the table at seat #3 
mironchikvld: checks 
sutata: bets $10.13
BigBoll2023 is disconnected 
mironchikvld: folds 
Uncalled bet ($10.13) returned to sutata
sutata collected $30.40 from pot
sutata: doesn't show hand 
*** SUMMARY ***
Total pot $32 | Rake $1.60 
Board [3d Qs 7d]
Seat 1: sutata collected ($30.40)
Seat 2: BigBoll2023 folded before Flop (didn't bet)
Seat 3: Marneyy (button) folded before Flop
Seat 4: rrrro (small blind) folded before Flop
Seat 5: mironchikvld (big blind) folded on the Flop
Seat 6: Xenicide folded before Flop (didn't bet)



PokerStars Hand #254461253261:  Hold'em No Limit ($0.50/$1.00 USD) - 2025/01/19 3:38:13 WET [2025/01/19 22:38:13 ET]
Table 'Jugurtha III' 6-max Seat #4 is the button
Seat 3: shootingGRID ($100 in chips) is sitting out
Seat 1: sutata ($140.46 in chips) 
Seat 2: BigBoll2023 ($93.51 in chips) 
Seat 4: rrrro ($117.02 in chips) 
Seat 5: mironchikvld ($100 in chips) 
Seat 6: Xenicide ($135 in chips) 
mironchikvld: posts small blind $0.50
Xenicide: posts big blind $1
shootingGRID: sits out 
*** HOLE CARDS ***
sutata: folds 
BigBoll2023: calls $1
rrrro: folds 
mironchikvld: folds 
Xenicide: checks 
*** FLOP *** [Ks 6s Js]
Xenicide: checks 
BigBoll2023: checks 
*** TURN *** [Ks 6s Js] [9c]
Xenicide: checks 
BigBoll2023: bets $1.19
Xenicide: folds 
Uncalled bet ($1.19) returned to BigBoll2023
BigBoll2023 collected $2.38 from pot
*** SUMMARY ***
Total pot $2.50 | Rake $0.12 
Board [Ks 6s Js 9c]
Seat 3: shootingGRID
Seat 1: sutata folded before Flop (didn't bet)
Seat 2: BigBoll2023 collected ($2.38)
Seat 4: rrrro (button) folded before Flop (didn't bet)
Seat 5: mironchikvld (small blind) folded before Flop
Seat 6: Xenicide (big blind) folded on the Turn



