PokerStars Hand #254680269763:  Hold'em No Limit ($0.50/$1.00 USD) - 2025/02/02 23:55:43 WET [2025/02/02 18:55:43 ET]
Table 'Chertan' 6-max Seat #3 is the button
Seat 1: XneferX ($100 in chips) 
Seat 2: Nutt94 ($45.32 in chips) 
Seat 3: z00mba ($100 in chips) 
Seat 4: [FB]Voodoo ($103.93 in chips) 
Seat 5: chelsea16730 ($27.25 in chips) 
Seat 6: ReVeu710 ($101.50 in chips) 
[FB]Voodoo: posts small blind $0.50
chelsea16730: posts big blind $1
*** HOLE CARDS ***
ReVeu710: folds 
XneferX: raises $1.10 to $2.10
Nutt94: calls $2.10
z00mba: calls $2.10
[FB]Voodoo: folds 
chelsea16730: folds 
*** FLOP *** [5c Ah 9h]
XneferX: checks 
Nutt94: checks 
z00mba: bets $3.63
XneferX: folds 
Nutt94: folds 
Uncalled bet ($3.63) returned to z00mba
z00mba collected $7.41 from pot
z00mba: doesn't show hand 
*** SUMMARY ***
Total pot $7.80 | Rake $0.39 
Board [5c Ah 9h]
Seat 1: XneferX folded on the Flop
Seat 2: Nutt94 folded on the Flop
Seat 3: z00mba (button) collected ($7.41)
Seat 4: [FB]Voodoo (small blind) folded before Flop
Seat 5: chelsea16730 (big blind) folded before Flop
Seat 6: ReVeu710 folded before Flop (didn't bet)



PokerStars Hand #254680281955:  Hold'em No Limit ($0.50/$1.00 USD) - 2025/02/02 23:56:57 WET [2025/02/02 18:56:57 ET]
Table 'Chertan' 6-max Seat #4 is the button
Seat 1: XneferX ($100 in chips) 
Seat 2: Nutt94 ($43.22 in chips) 
Seat 3: z00mba ($105.31 in chips) 
Seat 4: [FB]Voodoo ($103.43 in chips) 
Seat 5: chelsea16730 ($26.25 in chips) 
Seat 6: ReVeu710 ($101.50 in chips) 
chelsea16730: posts small blind $0.50
ReVeu710: posts big blind $1
*** HOLE CARDS ***
XneferX: folds 
Nutt94: folds 
z00mba: raises $1.50 to $2.50
[FB]Voodoo: folds 
chelsea16730: calls $2
ReVeu710: calls $1.50
*** FLOP *** [3h Td 6d]
chelsea16730: checks 
ReVeu710: checks 
z00mba: checks 
*** TURN *** [3h Td 6d] [Ts]
chelsea16730: checks 
ReVeu710: bets $3.84
z00mba: folds 
chelsea16730: calls $3.84
*** RIVER *** [3h Td 6d Ts] [3c]
chelsea16730: checks 
ReVeu710: checks 
*** SHOW DOWN ***
chelsea16730: shows [4h 4s] (two pair, Tens and Fours)
ReVeu710: shows [6c Ad] (two pair, Tens and Sixes)
ReVeu710 collected $14.42 from pot
*** SUMMARY ***
Total pot $15.18 | Rake $0.76 
Board [3h Td 6d Ts 3c]
Seat 1: XneferX folded before Flop (didn't bet)
Seat 2: Nutt94 folded before Flop (didn't bet)
Seat 3: z00mba folded on the Turn
Seat 4: [FB]Voodoo (button) folded before Flop (didn't bet)
Seat 5: chelsea16730 (small blind) showed [4h 4s] and lost with two pair, Tens and Fours
Seat 6: ReVeu710 (big blind) showed [6c Ad] and won ($14.42) with two pair, Tens and Sixes



PokerStars Hand #254680292032:  Hold'em No Limit ($0.50/$1.00 USD) - 2025/02/02 23:57:56 WET [2025/02/02 18:57:56 ET]
Table 'Chertan' 6-max Seat #5 is the button
Seat 1: XneferX ($100 in chips) 
Seat 2: Nutt94 ($43.22 in chips) 
Seat 3: z00mba ($102.81 in chips) 
Seat 4: [FB]Voodoo ($103.43 in chips) 
Seat 5: chelsea16730 ($19.91 in chips) 
Seat 6: ReVeu710 ($109.58 in chips) 
ReVeu710: posts small blind $0.50
XneferX: posts big blind $1
*** HOLE CARDS ***
Nutt94: folds 
z00mba: folds 
[FB]Voodoo: raises $1.50 to $2.50
chelsea16730: raises $13.50 to $16
ReVeu710: folds 
XneferX: folds 
[FB]Voodoo: folds 
Uncalled bet ($13.50) returned to chelsea16730
chelsea16730 collected $6.50 from pot
*** SUMMARY ***
Total pot $6.50 | Rake $0 
Seat 1: XneferX (big blind) folded before Flop
Seat 2: Nutt94 folded before Flop (didn't bet)
Seat 3: z00mba folded before Flop (didn't bet)
Seat 4: [FB]Voodoo folded before Flop
Seat 5: chelsea16730 (button) collected ($6.50)
Seat 6: ReVeu710 (small blind) folded before Flop



PokerStars Hand #254680295938:  Hold'em No Limit ($0.50/$1.00 USD) - 2025/02/02 23:58:19 WET [2025/02/02 18:58:19 ET]
Table 'Chertan' 6-max Seat #6 is the button
Seat 1: XneferX ($100 in chips) 
Seat 2: Nutt94 ($43.22 in chips) 
Seat 3: z00mba ($102.81 in chips) 
Seat 4: [FB]Voodoo ($100.93 in chips) 
Seat 5: chelsea16730 ($23.91 in chips) 
Seat 6: ReVeu710 ($109.08 in chips) 
XneferX: posts small blind $0.50
Nutt94: posts big blind $1
*** HOLE CARDS ***
z00mba: folds 
[FB]Voodoo: folds 
chelsea16730: calls $1
ReVeu710: raises $3.50 to $4.50
XneferX: folds 
Nutt94: folds 
chelsea16730: folds 
Uncalled bet ($3.50) returned to ReVeu710
ReVeu710 collected $3.50 from pot
ReVeu710: doesn't show hand 
*** SUMMARY ***
Total pot $3.50 | Rake $0 
Seat 1: XneferX (small blind) folded before Flop
Seat 2: Nutt94 (big blind) folded before Flop
Seat 3: z00mba folded before Flop (didn't bet)
Seat 4: [FB]Voodoo folded before Flop (didn't bet)
Seat 5: chelsea16730 folded before Flop
Seat 6: ReVeu710 (button) collected ($3.50)



PokerStars Hand #254680299553:  Hold'em No Limit ($0.50/$1.00 USD) - 2025/02/02 23:58:41 WET [2025/02/02 18:58:41 ET]
Table 'Chertan' 6-max Seat #1 is the button
Seat 1: XneferX ($100 in chips) 
Seat 2: Nutt94 ($42.22 in chips) 
Seat 3: z00mba ($102.81 in chips) 
Seat 4: [FB]Voodoo ($100.93 in chips) 
Seat 5: chelsea16730 ($22.91 in chips) 
Seat 6: ReVeu710 ($111.58 in chips) 
Nutt94: posts small blind $0.50
z00mba: posts big blind $1
*** HOLE CARDS ***
[FB]Voodoo: folds 
chelsea16730: calls $1
ReVeu710: folds 
XneferX: raises $3 to $4
Nutt94: folds 
z00mba: folds 
chelsea16730: raises $15 to $19
XneferX: raises $15 to $34
chelsea16730: calls $3.91 and is all-in
Uncalled bet ($11.09) returned to XneferX
*** FLOP *** [2s 9c Qd]
*** TURN *** [2s 9c Qd] [Th]
*** RIVER *** [2s 9c Qd Th] [Ac]
*** SHOW DOWN ***
chelsea16730: shows [2h 2d] (three of a kind, Deuces)
XneferX: shows [Ah Qc] (two pair, Aces and Queens)
chelsea16730 collected $44.95 from pot
XneferX cashed out the hand for $21.01 | Cash Out Fee $0.43
*** SUMMARY ***
Total pot $47.32 | Rake $2.37 
Board [2s 9c Qd Th Ac]
Seat 1: XneferX (button) showed [Ah Qc] and lost with two pair, Aces and Queens (cashed out).
Seat 2: Nutt94 (small blind) folded before Flop
Seat 3: z00mba (big blind) folded before Flop
Seat 4: [FB]Voodoo folded before Flop (didn't bet)
Seat 5: chelsea16730 showed [2h 2d] and won ($44.95) with three of a kind, Deuces
Seat 6: ReVeu710 folded before Flop (didn't bet)



PokerStars Hand #254680308499:  Hold'em No Limit ($0.50/$1.00 USD) - 2025/02/02 23:59:34 WET [2025/02/02 18:59:34 ET]
Table 'Chertan' 6-max Seat #2 is the button
Seat 1: XneferX ($100 in chips) 
Seat 2: Nutt94 ($41.72 in chips) 
Seat 3: z00mba ($101.81 in chips) 
Seat 4: [FB]Voodoo ($100.93 in chips) 
Seat 5: chelsea16730 ($44.95 in chips) 
Seat 6: ReVeu710 ($111.58 in chips) 
z00mba: posts small blind $0.50
[FB]Voodoo: posts big blind $1
*** HOLE CARDS ***
chelsea16730: calls $1
ReVeu710: folds 
XneferX: raises $3 to $4
Nutt94: folds 
z00mba: folds 
[FB]Voodoo: raises $9 to $13
chelsea16730: folds 
XneferX: calls $9
*** FLOP *** [6h 2c Th]
[FB]Voodoo: checks 
XneferX: checks 
*** TURN *** [6h 2c Th] [2d]
[FB]Voodoo: checks 
XneferX: checks 
*** RIVER *** [6h 2c Th 2d] [9s]
[FB]Voodoo: checks 
XneferX: checks 
*** SHOW DOWN ***
[FB]Voodoo: shows [Jd Ac] (a pair of Deuces)
XneferX: shows [Kc As] (a pair of Deuces - Ace+King kicker)
XneferX collected $26.12 from pot
*** SUMMARY ***
Total pot $27.50 | Rake $1.38 
Board [6h 2c Th 2d 9s]
Seat 1: XneferX showed [Kc As] and won ($26.12) with a pair of Deuces
Seat 2: Nutt94 (button) folded before Flop (didn't bet)
Seat 3: z00mba (small blind) folded before Flop
Seat 4: [FB]Voodoo (big blind) showed [Jd Ac] and lost with a pair of Deuces
Seat 5: chelsea16730 folded before Flop
Seat 6: ReVeu710 folded before Flop (didn't bet)



PokerStars Hand #254680326795:  Hold'em No Limit ($0.50/$1.00 USD) - 2025/02/02 0:01:15 WET [2025/02/02 19:01:15 ET]
Table 'Chertan' 6-max Seat #3 is the button
Seat 1: XneferX ($113.12 in chips) 
Seat 2: Nutt94 ($41.72 in chips) 
Seat 3: z00mba ($101.31 in chips) 
Seat 4: [FB]Voodoo ($100 in chips) 
Seat 5: chelsea16730 ($43.95 in chips) 
Seat 6: ReVeu710 ($111.58 in chips) 
[FB]Voodoo: posts small blind $0.50
chelsea16730: posts big blind $1
*** HOLE CARDS ***
ReVeu710: folds 
XneferX: folds 
Nutt94: calls $1
z00mba: folds 
[FB]Voodoo: raises $3.50 to $4.50
chelsea16730: folds 
Nutt94: calls $3.50
*** FLOP *** [Jh 4s Ac]
[FB]Voodoo: bets $3.14
Nutt94: calls $3.14
*** TURN *** [Jh 4s Ac] [8s]
[FB]Voodoo: checks 
Nutt94: checks 
*** RIVER *** [Jh 4s Ac 8s] [9h]
[FB]Voodoo: checks 
Nutt94: checks 
*** SHOW DOWN ***
[FB]Voodoo: shows [Ad Qs] (a pair of Aces)
Nutt94: mucks hand 
[FB]Voodoo collected $15.47 from pot
*** SUMMARY ***
Total pot $16.28 | Rake $0.81 
Board [Jh 4s Ac 8s 9h]
Seat 1: XneferX folded before Flop (didn't bet)
Seat 2: Nutt94 mucked
Seat 3: z00mba (button) folded before Flop (didn't bet)
Seat 4: [FB]Voodoo (small blind) showed [Ad Qs] and won ($15.47) with a pair of Aces
Seat 5: chelsea16730 (big blind) folded before Flop
Seat 6: ReVeu710 folded before Flop (didn't bet)



PokerStars Hand #254680341459:  Hold'em No Limit ($0.50/$1.00 USD) - 2025/02/02 0:02:19 WET [2025/02/02 19:02:19 ET]
Table 'Chertan' 6-max Seat #4 is the button
Seat 1: XneferX ($113.12 in chips) 
Seat 2: Nutt94 ($34.08 in chips) 
Seat 3: z00mba ($101.31 in chips) 
Seat 4: [FB]Voodoo ($107.83 in chips) 
Seat 5: chelsea16730 ($42.95 in chips) 
Seat 6: ReVeu710 ($111.58 in chips) 
chelsea16730: posts small blind $0.50
ReVeu710: posts big blind $1
*** HOLE CARDS ***
XneferX: folds 
Nutt94: folds 
z00mba: folds 
[FB]Voodoo: folds 
chelsea16730: calls $0.50
ReVeu710: checks 
*** FLOP *** [As 6c 6d]
chelsea16730: checks 
ReVeu710: checks 
*** TURN *** [As 6c 6d] [8h]
chelsea16730: checks 
ReVeu710: bets $1.46
chelsea16730: calls $1.46
*** RIVER *** [As 6c 6d 8h] [3h]
chelsea16730: checks 
ReVeu710: bets $3.46
chelsea16730: folds 
Uncalled bet ($3.46) returned to ReVeu710
ReVeu710 collected $4.67 from pot
ReVeu710: doesn't show hand 
*** SUMMARY ***
Total pot $4.92 | Rake $0.25 
Board [As 6c 6d 8h 3h]
Seat 1: XneferX folded before Flop (didn't bet)
Seat 2: Nutt94 folded before Flop (didn't bet)
Seat 3: z00mba folded before Flop (didn't bet)
Seat 4: [FB]Voodoo (button) folded before Flop (didn't bet)
Seat 5: chelsea16730 (small blind) folded on the River
Seat 6: ReVeu710 (big blind) collected ($4.67)



PokerStars Hand #254680352708:  Hold'em No Limit ($0.50/$1.00 USD) - 2025/02/02 0:03:06 WET [2025/02/02 19:03:06 ET]
Table 'Chertan' 6-max Seat #5 is the button
Seat 1: XneferX ($113.12 in chips) 
Seat 2: Nutt94 ($34.08 in chips) 
Seat 3: z00mba ($101.31 in chips) 
Seat 4: [FB]Voodoo ($107.83 in chips) 
Seat 5: chelsea16730 ($40.49 in chips) 
Seat 6: ReVeu710 ($113.79 in chips) 
ReVeu710: posts small blind $0.50
XneferX: posts big blind $1
*** HOLE CARDS ***
Nutt94: folds 
z00mba: folds 
[FB]Voodoo: folds 
chelsea16730: folds 
ReVeu710: raises $2 to $3
XneferX: calls $2
*** FLOP *** [2d 2s 5h]
ReVeu710: checks 
XneferX: checks 
*** TURN *** [2d 2s 5h] [Qs]
ReVeu710: bets $3.08
XneferX: folds 
Uncalled bet ($3.08) returned to ReVeu710
ReVeu710 collected $5.70 from pot
ReVeu710: doesn't show hand 
*** SUMMARY ***
Total pot $6 | Rake $0.30 
Board [2d 2s 5h Qs]
Seat 1: XneferX (big blind) folded on the Turn
Seat 2: Nutt94 folded before Flop (didn't bet)
Seat 3: z00mba folded before Flop (didn't bet)
Seat 4: [FB]Voodoo folded before Flop (didn't bet)
Seat 5: chelsea16730 (button) folded before Flop (didn't bet)
Seat 6: ReVeu710 (small blind) collected ($5.70)



PokerStars Hand #254680367101:  Hold'em No Limit ($0.50/$1.00 USD) - 2025/02/02 0:04:08 WET [2025/02/02 19:04:08 ET]
Table 'Chertan' 6-max Seat #6 is the button
Seat 1: XneferX ($110.12 in chips) 
Seat 2: Nutt94 ($34.08 in chips) 
Seat 3: z00mba ($101.31 in chips) 
Seat 4: [FB]Voodoo ($107.83 in chips) 
Seat 5: chelsea16730 ($40.49 in chips) 
Seat 6: ReVeu710 ($116.49 in chips) 
XneferX: posts small blind $0.50
Nutt94: posts big blind $1
*** HOLE CARDS ***
z00mba: folds 
[FB]Voodoo: folds 
chelsea16730: folds 
ReVeu710: raises $1.50 to $2.50
XneferX: folds 
Nutt94: calls $1.50
*** FLOP *** [5d Ts 2c]
Nutt94: bets $1
ReVeu710: calls $1
*** TURN *** [5d Ts 2c] [7c]
Nutt94: checks 
ReVeu710: checks 
*** RIVER *** [5d Ts 2c 7c] [8s]
Nutt94: checks 
ReVeu710: checks 
*** SHOW DOWN ***
Nutt94: shows [2d Qd] (a pair of Deuces)
ReVeu710: mucks hand 
Nutt94 collected $7.12 from pot
*** SUMMARY ***
Total pot $7.50 | Rake $0.38 
Board [5d Ts 2c 7c 8s]
Seat 1: XneferX (small blind) folded before Flop
Seat 2: Nutt94 (big blind) showed [2d Qd] and won ($7.12) with a pair of Deuces
Seat 3: z00mba folded before Flop (didn't bet)
Seat 4: [FB]Voodoo folded before Flop (didn't bet)
Seat 5: chelsea16730 folded before Flop (didn't bet)
Seat 6: ReVeu710 (button) mucked



PokerStars Hand #254680374422:  Hold'em No Limit ($0.50/$1.00 USD) - 2025/02/02 0:04:39 WET [2025/02/02 19:04:39 ET]
Table 'Chertan' 6-max Seat #1 is the button
Seat 1: XneferX ($109.62 in chips) 
Seat 2: Nutt94 ($37.70 in chips) 
Seat 3: z00mba ($101.31 in chips) 
Seat 4: [FB]Voodoo ($107.83 in chips) 
Seat 5: chelsea16730 ($40.49 in chips) 
Seat 6: ReVeu710 ($112.99 in chips) 
Nutt94: posts small blind $0.50
z00mba: posts big blind $1
*** HOLE CARDS ***
[FB]Voodoo: folds 
chelsea16730: folds 
ReVeu710: folds 
[FB]Voodoo leaves the table
XneferX: folds 
Nutt94: calls $0.50
z00mba: checks 
*** FLOP *** [5h 8h Qc]
Nutt94: bets $1
z00mba: raises $3 to $4
Nutt94: calls $3
*** TURN *** [5h 8h Qc] [Qd]
Magnodive joins the table at seat #4 
Nutt94: checks 
z00mba: bets $3.04
Nutt94: folds 
Uncalled bet ($3.04) returned to z00mba
z00mba collected $9.50 from pot
z00mba: doesn't show hand 
*** SUMMARY ***
Total pot $10 | Rake $0.50 
Board [5h 8h Qc Qd]
Seat 1: XneferX (button) folded before Flop (didn't bet)
Seat 2: Nutt94 (small blind) folded on the Turn
Seat 3: z00mba (big blind) collected ($9.50)
Seat 4: [FB]Voodoo folded before Flop (didn't bet)
Seat 5: chelsea16730 folded before Flop (didn't bet)
Seat 6: ReVeu710 folded before Flop (didn't bet)



PokerStars Hand #254680385044:  Hold'em No Limit ($0.50/$1.00 USD) - 2025/02/02 0:05:24 WET [2025/02/02 19:05:24 ET]
Table 'Chertan' 6-max Seat #2 is the button
Seat 1: XneferX ($109.62 in chips) 
Seat 2: Nutt94 ($32.70 in chips) 
Seat 3: z00mba ($105.81 in chips) 
Seat 4: Magnodive ($100 in chips) 
Seat 5: chelsea16730 ($40.49 in chips) 
Seat 6: ReVeu710 ($112.99 in chips) 
z00mba: posts small blind $0.50
Magnodive: posts big blind $1
*** HOLE CARDS ***
chelsea16730: folds 
ReVeu710: folds 
XneferX: raises $1.30 to $2.30
Nutt94: calls $2.30
z00mba: folds 
Magnodive: folds 
*** FLOP *** [9d 2c 9s]
XneferX: checks 
Nutt94: checks 
*** TURN *** [9d 2c 9s] [Ts]
XneferX: bets $4.47
Nutt94: raises $4.47 to $8.94
XneferX: calls $4.47
*** RIVER *** [9d 2c 9s Ts] [5c]
XneferX: checks 
Nutt94: checks 
*** SHOW DOWN ***
XneferX: shows [Ks Tc] (two pair, Tens and Nines)
Nutt94: mucks hand 
XneferX collected $22.78 from pot
*** SUMMARY ***
Total pot $23.98 | Rake $1.20 
Board [9d 2c 9s Ts 5c]
Seat 1: XneferX showed [Ks Tc] and won ($22.78) with two pair, Tens and Nines
Seat 2: Nutt94 (button) mucked
Seat 3: z00mba (small blind) folded before Flop
Seat 4: Magnodive (big blind) folded before Flop
Seat 5: chelsea16730 folded before Flop (didn't bet)
Seat 6: ReVeu710 folded before Flop (didn't bet)



PokerStars Hand #254680406563:  Hold'em No Limit ($0.50/$1.00 USD) - 2025/02/02 0:06:56 WET [2025/02/02 19:06:56 ET]
Table 'Chertan' 6-max Seat #3 is the button
Seat 1: XneferX ($121.16 in chips) 
Seat 2: Nutt94 ($21.46 in chips) 
Seat 3: z00mba ($105.31 in chips) 
Seat 4: Magnodive ($100 in chips) 
Seat 5: chelsea16730 ($40.49 in chips) 
Seat 6: ReVeu710 ($112.99 in chips) 
Magnodive: posts small blind $0.50
chelsea16730: posts big blind $1
*** HOLE CARDS ***
ReVeu710: raises $1 to $2
XneferX: folds 
Nutt94: folds 
Nutt94 leaves the table
z00mba: folds 
Magnodive: folds 
chelsea16730: calls $1
*** FLOP *** [9d 7d 2h]
chelsea16730: checks 
ReVeu710: bets $2.61
chelsea16730: folds 
Uncalled bet ($2.61) returned to ReVeu710
Xenicide joins the table at seat #2 
ReVeu710 collected $4.28 from pot
ReVeu710: doesn't show hand 
*** SUMMARY ***
Total pot $4.50 | Rake $0.22 
Board [9d 7d 2h]
Seat 1: XneferX folded before Flop (didn't bet)
Seat 2: Nutt94 folded before Flop (didn't bet)
Seat 3: z00mba (button) folded before Flop (didn't bet)
Seat 4: Magnodive (small blind) folded before Flop
Seat 5: chelsea16730 (big blind) folded on the Flop
Seat 6: ReVeu710 collected ($4.28)



PokerStars Hand #254680411317:  Hold'em No Limit ($0.50/$1.00 USD) - 2025/02/02 0:07:16 WET [2025/02/02 19:07:16 ET]
Table 'Chertan' 6-max Seat #4 is the button
Seat 1: XneferX ($121.16 in chips) is sitting out
Seat 6: ReVeu710 ($115.27 in chips) is sitting out
Seat 2: Xenicide ($100 in chips) 
Seat 3: z00mba ($105.31 in chips) 
Seat 4: Magnodive ($100 in chips) 
Seat 5: chelsea16730 ($38.49 in chips) 
chelsea16730: posts small blind $0.50
ReVeu710: is sitting out 
XneferX: is sitting out 
Xenicide: posts big blind $1
*** HOLE CARDS ***
z00mba: folds 
Magnodive: raises $1.50 to $2.50
ReVeu710 leaves the table
chelsea16730: folds 
XneferX leaves the table
BGS013 joins the table at seat #6 
tintin641 joins the table at seat #1 
Xenicide: calls $1.50
*** FLOP *** [9c Qs 8s]
Xenicide: checks 
Magnodive: checks 
*** TURN *** [9c Qs 8s] [Kc]
Xenicide: checks 
Magnodive: checks 
*** RIVER *** [9c Qs 8s Kc] [Js]
Xenicide: bets $6.52
Magnodive: folds 
Uncalled bet ($6.52) returned to Xenicide
Xenicide collected $5.22 from pot
*** SUMMARY ***
Total pot $5.50 | Rake $0.28 
Board [9c Qs 8s Kc Js]
Seat 1: XneferX
Seat 6: ReVeu710
Seat 2: Xenicide (big blind) collected ($5.22)
Seat 3: z00mba folded before Flop (didn't bet)
Seat 4: Magnodive (button) folded on the River
Seat 5: chelsea16730 (small blind) folded before Flop



PokerStars Hand #254680466463:  Hold'em No Limit ($0.50/$1.00 USD) - 2025/02/02 0:11:16 WET [2025/02/02 19:11:16 ET]
Table 'Chertan' 6-max Seat #6 is the button
Seat 1: tintin641 ($100 in chips) 
Seat 2: Xenicide ($100 in chips) 
Seat 3: z00mba ($104.81 in chips) 
Seat 4: Magnodive ($101.25 in chips) 
Seat 5: chelsea16730 ($42.96 in chips) 
Seat 6: BGS013 ($100 in chips) 
tintin641: posts small blind $0.50
Xenicide: posts big blind $1
*** HOLE CARDS ***
z00mba: folds 
Magnodive: folds 
chelsea16730: folds 
BGS013: folds 
tintin641: folds 
Uncalled bet ($0.50) returned to Xenicide
Xenicide collected $1 from pot
*** SUMMARY ***
Total pot $1 | Rake $0 
Seat 1: tintin641 (small blind) folded before Flop
Seat 2: Xenicide (big blind) collected ($1)
Seat 3: z00mba folded before Flop (didn't bet)
Seat 4: Magnodive folded before Flop (didn't bet)
Seat 5: chelsea16730 folded before Flop (didn't bet)
Seat 6: BGS013 (button) folded before Flop (didn't bet)



PokerStars Hand #254680469131:  Hold'em No Limit ($0.50/$1.00 USD) - 2025/02/02 0:11:27 WET [2025/02/02 19:11:27 ET]
Table 'Chertan' 6-max Seat #1 is the button
Seat 1: tintin641 ($100 in chips) 
Seat 2: Xenicide ($100.50 in chips) 
Seat 3: z00mba ($104.81 in chips) 
Seat 4: Magnodive ($101.25 in chips) 
Seat 5: chelsea16730 ($42.96 in chips) 
Seat 6: BGS013 ($100 in chips) 
Xenicide: posts small blind $0.50
z00mba: posts big blind $1
*** HOLE CARDS ***
Magnodive: folds 
chelsea16730: folds 
BGS013: folds 
tintin641: raises $1.50 to $2.50
Xenicide: raises $7 to $9.50
z00mba: folds 
tintin641: folds 
Uncalled bet ($7) returned to Xenicide
Xenicide collected $6 from pot
*** SUMMARY ***
Total pot $6 | Rake $0 
Seat 1: tintin641 (button) folded before Flop
Seat 2: Xenicide (small blind) collected ($6)
Seat 3: z00mba (big blind) folded before Flop
Seat 4: Magnodive folded before Flop (didn't bet)
Seat 5: chelsea16730 folded before Flop (didn't bet)
Seat 6: BGS013 folded before Flop (didn't bet)



PokerStars Hand #254680478375:  Hold'em No Limit ($0.50/$1.00 USD) - 2025/02/02 0:12:08 WET [2025/02/02 19:12:08 ET]
Table 'Chertan' 6-max Seat #2 is the button
Seat 1: tintin641 ($100 in chips) 
Seat 2: Xenicide ($104 in chips) 
Seat 3: z00mba ($103.81 in chips) 
Seat 4: Magnodive ($101.25 in chips) 
Seat 5: chelsea16730 ($42.96 in chips) 
Seat 6: BGS013 ($100 in chips) 
z00mba: posts small blind $0.50
Magnodive: posts big blind $1
*** HOLE CARDS ***
chelsea16730: raises $1 to $2
BGS013: raises $4.50 to $6.50
tintin641: folds 
Xenicide: folds 
z00mba: folds 
Magnodive: folds 
chelsea16730: calls $4.50
*** FLOP *** [4c 9h 6s]
chelsea16730: checks 
BGS013: bets $3.58
chelsea16730: calls $3.58
*** TURN *** [4c 9h 6s] [9c]
chelsea16730: checks 
BGS013: checks 
*** RIVER *** [4c 9h 6s 9c] [4s]
chelsea16730: bets $32.88 and is all-in
BGS013: calls $32.88
*** SHOW DOWN ***
chelsea16730: shows [Td Jd] (two pair, Nines and Fours)
BGS013: shows [Qs Ah] (two pair, Nines and Fours - Ace kicker)
BGS013 collected $84.92 from pot
*** SUMMARY ***
Total pot $87.42 | Rake $2.50 
Board [4c 9h 6s 9c 4s]
Seat 1: tintin641 folded before Flop (didn't bet)
Seat 2: Xenicide (button) folded before Flop (didn't bet)
Seat 3: z00mba (small blind) folded before Flop
Seat 4: Magnodive (big blind) folded before Flop
Seat 5: chelsea16730 showed [Td Jd] and lost with two pair, Nines and Fours
Seat 6: BGS013 showed [Qs Ah] and won ($84.92) with two pair, Nines and Fours



PokerStars Hand #254680494159:  Hold'em No Limit ($0.50/$1.00 USD) - 2025/02/02 0:13:18 WET [2025/02/02 19:13:18 ET]
Table 'Chertan' 6-max Seat #3 is the button
Seat 5: chelsea16730 ($0 in chips) is sitting out
Seat 1: tintin641 ($100 in chips) 
Seat 2: Xenicide ($104 in chips) 
Seat 3: z00mba ($103.31 in chips) 
Seat 4: Magnodive ($100.25 in chips) 
Seat 6: BGS013 ($141.96 in chips) 
Magnodive: posts small blind $0.50
BGS013: posts big blind $1
*** HOLE CARDS ***
tintin641: folds 
chelsea16730 leaves the table
Xenicide: folds 
Xenicide leaves the table
z00mba: folds 
Magnodive: raises $2 to $3
BGS013: raises $6.50 to $9.50
Magnodive: folds 
Uncalled bet ($6.50) returned to BGS013
BGS013 collected $6 from pot
BGS013: doesn't show hand 
*** SUMMARY ***
Total pot $6 | Rake $0 
Seat 5: chelsea16730
Seat 1: tintin641 folded before Flop (didn't bet)
Seat 2: Xenicide folded before Flop (didn't bet)
Seat 3: z00mba (button) folded before Flop (didn't bet)
Seat 4: Magnodive (small blind) folded before Flop
Seat 6: BGS013 (big blind) collected ($6)



