PokerStars Hand #254675818862:  Hold'em No Limit ($0.50/$1.00 USD) - 2025/02/02 20:07:37 WET [2025/02/02 15:07:37 ET]
Table 'Asporina' 6-max Seat #6 is the button
Seat 3: michasia ($100 in chips) is sitting out
Seat 4: straight77777 ($10 in chips) is sitting out
Seat 1: SorinS28 ($100 in chips) 
Seat 2: sta$igk ($100 in chips) 
Seat 5: radu10101 ($27.36 in chips) 
Seat 6: blistein ($100 in chips) 
SorinS28: posts small blind $0.50
sta$igk: posts big blind $1
michasia: sits out 
straight77777: sits out 
*** HOLE CARDS ***
radu10101: folds 
blistein: folds 
SorinS28: folds 
Uncalled bet ($0.50) returned to sta$igk
sta$igk collected $1 from pot
sta$igk: doesn't show hand 
*** SUMMARY ***
Total pot $1 | Rake $0 
Seat 3: michasia
Seat 4: straight77777
Seat 1: SorinS28 (small blind) folded before Flop
Seat 2: sta$igk (big blind) collected ($1)
Seat 5: radu10101 folded before Flop (didn't bet)
Seat 6: blistein (button) folded before Flop (didn't bet)



PokerStars Hand #254675829072:  Hold'em No Limit ($0.50/$1.00 USD) - 2025/02/02 20:08:03 WET [2025/02/02 15:08:03 ET]
Table 'Asporina' 6-max Seat #1 is the button
Seat 4: straight77777 ($10 in chips) is sitting out
Seat 1: SorinS28 ($100 in chips) 
Seat 2: sta$igk ($100.50 in chips) 
Seat 3: michasia ($100 in chips) 
Seat 5: radu10101 ($27.36 in chips) 
Seat 6: blistein ($100 in chips) 
sta$igk: posts small blind $0.50
michasia: posts big blind $1
straight77777: sits out 
*** HOLE CARDS ***
radu10101: folds 
blistein: folds 
SorinS28: raises $1.50 to $2.50
sta$igk: folds 
michasia: calls $1.50
*** FLOP *** [6d 2s 4s]
michasia: checks 
SorinS28: checks 
*** TURN *** [6d 2s 4s] [9s]
michasia: checks 
SorinS28: bets $2.61
michasia: calls $2.61
*** RIVER *** [6d 2s 4s 9s] [4c]
michasia: checks 
SorinS28: checks 
*** SHOW DOWN ***
michasia: shows [5c 5s] (two pair, Fives and Fours)
SorinS28: mucks hand 
michasia collected $10.18 from pot
*** SUMMARY ***
Total pot $10.72 | Rake $0.54 
Board [6d 2s 4s 9s 4c]
Seat 4: straight77777
Seat 1: SorinS28 (button) mucked
Seat 2: sta$igk (small blind) folded before Flop
Seat 3: michasia (big blind) showed [5c 5s] and won ($10.18) with two pair, Fives and Fours
Seat 5: radu10101 folded before Flop (didn't bet)
Seat 6: blistein folded before Flop (didn't bet)



PokerStars Hand #254675851324:  Hold'em No Limit ($0.50/$1.00 USD) - 2025/02/02 20:09:00 WET [2025/02/02 15:09:00 ET]
Table 'Asporina' 6-max Seat #2 is the button
Seat 1: SorinS28 ($100 in chips) 
Seat 2: sta$igk ($100 in chips) 
Seat 3: michasia ($105.07 in chips) 
Seat 4: straight77777 ($10 in chips) 
Seat 5: radu10101 ($27.36 in chips) 
Seat 6: blistein ($100 in chips) 
michasia: posts small blind $0.50
straight77777: posts big blind $1
*** HOLE CARDS ***
radu10101: folds 
blistein: folds 
SorinS28: folds 
sta$igk: folds 
michasia: folds 
Uncalled bet ($0.50) returned to straight77777
straight77777 collected $1 from pot
*** SUMMARY ***
Total pot $1 | Rake $0 
Seat 1: SorinS28 folded before Flop (didn't bet)
Seat 2: sta$igk (button) folded before Flop (didn't bet)
Seat 3: michasia (small blind) folded before Flop
Seat 4: straight77777 (big blind) collected ($1)
Seat 5: radu10101 folded before Flop (didn't bet)
Seat 6: blistein folded before Flop (didn't bet)



PokerStars Hand #254675856512:  Hold'em No Limit ($0.50/$1.00 USD) - 2025/02/02 20:09:14 WET [2025/02/02 15:09:14 ET]
Table 'Asporina' 6-max Seat #3 is the button
Seat 1: SorinS28 ($100 in chips) 
Seat 2: sta$igk ($100 in chips) 
Seat 3: michasia ($104.57 in chips) 
Seat 4: straight77777 ($10.50 in chips) 
Seat 5: radu10101 ($27.36 in chips) 
Seat 6: blistein ($100 in chips) 
straight77777: posts small blind $0.50
radu10101: posts big blind $1
*** HOLE CARDS ***
blistein: folds 
SorinS28: folds 
sta$igk: folds 
michasia: folds 
straight77777: calls $0.50
radu10101: checks 
*** FLOP *** [Ac 9s Kc]
straight77777: bets $1
radu10101: folds 
Uncalled bet ($1) returned to straight77777
straight77777 collected $1.90 from pot
*** SUMMARY ***
Total pot $2 | Rake $0.10 
Board [Ac 9s Kc]
Seat 1: SorinS28 folded before Flop (didn't bet)
Seat 2: sta$igk folded before Flop (didn't bet)
Seat 3: michasia (button) folded before Flop (didn't bet)
Seat 4: straight77777 (small blind) collected ($1.90)
Seat 5: radu10101 (big blind) folded on the Flop
Seat 6: blistein folded before Flop (didn't bet)



PokerStars Hand #254675863980:  Hold'em No Limit ($0.50/$1.00 USD) - 2025/02/02 20:09:32 WET [2025/02/02 15:09:32 ET]
Table 'Asporina' 6-max Seat #4 is the button
Seat 6: blistein ($100 in chips) is sitting out
Seat 1: SorinS28 ($100 in chips) 
Seat 2: sta$igk ($100 in chips) 
Seat 3: michasia ($104.57 in chips) 
Seat 4: straight77777 ($11.40 in chips) 
Seat 5: radu10101 ($26.36 in chips) 
radu10101: posts small blind $0.50
blistein: is sitting out 
SorinS28: posts big blind $1
*** HOLE CARDS ***
sta$igk: folds 
michasia: folds 
straight77777: folds 
radu10101: raises $1 to $2
SorinS28: folds 
Uncalled bet ($1) returned to radu10101
radu10101 collected $2 from pot
blistein leaves the table
*** SUMMARY ***
Total pot $2 | Rake $0 
Seat 6: blistein
Seat 1: SorinS28 (big blind) folded before Flop
Seat 2: sta$igk folded before Flop (didn't bet)
Seat 3: michasia folded before Flop (didn't bet)
Seat 4: straight77777 (button) folded before Flop (didn't bet)
Seat 5: radu10101 (small blind) collected ($2)



PokerStars Hand #254675869146:  Hold'em No Limit ($0.50/$1.00 USD) - 2025/02/02 20:09:46 WET [2025/02/02 15:09:46 ET]
Table 'Asporina' 6-max Seat #5 is the button
Seat 1: SorinS28 ($100 in chips) 
Seat 2: sta$igk ($100 in chips) 
Seat 3: michasia ($104.57 in chips) 
Seat 4: straight77777 ($11.40 in chips) 
Seat 5: radu10101 ($27.36 in chips) 
SorinS28: posts small blind $0.50
sta$igk: posts big blind $1
*** HOLE CARDS ***
michasia: folds 
straight77777: folds 
radu10101: folds 
SorinS28: folds 
Uncalled bet ($0.50) returned to sta$igk
sta$igk collected $1 from pot
sta$igk: doesn't show hand 
paramourx joins the table at seat #6 
*** SUMMARY ***
Total pot $1 | Rake $0 
Seat 1: SorinS28 (small blind) folded before Flop
Seat 2: sta$igk (big blind) collected ($1)
Seat 3: michasia folded before Flop (didn't bet)
Seat 4: straight77777 folded before Flop (didn't bet)
Seat 5: radu10101 (button) folded before Flop (didn't bet)



PokerStars Hand #254675875366:  Hold'em No Limit ($0.50/$1.00 USD) - 2025/02/02 20:10:01 WET [2025/02/02 15:10:01 ET]
Table 'Asporina' 6-max Seat #1 is the button
Seat 6: paramourx ($100 in chips) is sitting out
Seat 1: SorinS28 ($100 in chips) 
Seat 2: sta$igk ($100.50 in chips) 
Seat 3: michasia ($104.57 in chips) 
Seat 4: straight77777 ($11.40 in chips) 
Seat 5: radu10101 ($27.36 in chips) 
sta$igk: posts small blind $0.50
michasia: posts big blind $1
paramourx: sits out 
*** HOLE CARDS ***
straight77777: folds 
radu10101: calls $1
SorinS28: folds 
sta$igk: folds 
michasia: checks 
*** FLOP *** [2h 9c Kd]
michasia: checks 
radu10101: bets $1
michasia: folds 
Uncalled bet ($1) returned to radu10101
michasia leaves the table
radu10101 collected $2.38 from pot
*** SUMMARY ***
Total pot $2.50 | Rake $0.12 
Board [2h 9c Kd]
Seat 6: paramourx
Seat 1: SorinS28 (button) folded before Flop (didn't bet)
Seat 2: sta$igk (small blind) folded before Flop
Seat 3: michasia (big blind) folded on the Flop
Seat 4: straight77777 folded before Flop (didn't bet)
Seat 5: radu10101 collected ($2.38)



PokerStars Hand #254675893512:  Hold'em No Limit ($0.50/$1.00 USD) - 2025/02/02 20:10:47 WET [2025/02/02 15:10:47 ET]
Table 'Asporina' 6-max Seat #2 is the button
Seat 6: paramourx ($100 in chips) is sitting out
Seat 1: SorinS28 ($100 in chips) 
Seat 2: sta$igk ($100 in chips) 
Seat 4: straight77777 ($11.40 in chips) 
Seat 5: radu10101 ($28.74 in chips) 
straight77777: posts small blind $0.50
radu10101: posts big blind $1
paramourx: sits out 
*** HOLE CARDS ***
SorinS28: folds 
sta$igk: raises $1.50 to $2.50
straight77777: folds 
RedEyeJedi444 joins the table at seat #3 
RedEyeJedi444 is disconnected 
radu10101: folds 
Uncalled bet ($1.50) returned to sta$igk
sta$igk collected $2.50 from pot
sta$igk: doesn't show hand 
*** SUMMARY ***
Total pot $2.50 | Rake $0 
Seat 6: paramourx
Seat 1: SorinS28 folded before Flop (didn't bet)
Seat 2: sta$igk (button) collected ($2.50)
Seat 4: straight77777 (small blind) folded before Flop
Seat 5: radu10101 (big blind) folded before Flop



PokerStars Hand #254675902177:  Hold'em No Limit ($0.50/$1.00 USD) - 2025/02/02 20:11:09 WET [2025/02/02 15:11:09 ET]
Table 'Asporina' 6-max Seat #4 is the button
Seat 1: SorinS28 ($100 in chips) 
Seat 2: sta$igk ($101.50 in chips) 
Seat 3: RedEyeJedi444 ($23.59 in chips) 
Seat 4: straight77777 ($10.90 in chips) 
Seat 5: radu10101 ($27.74 in chips) 
Seat 6: paramourx ($100 in chips) 
radu10101: posts small blind $0.50
paramourx: posts big blind $1
RedEyeJedi444: posts big blind $1
*** HOLE CARDS ***
SorinS28: folds 
sta$igk: folds 
RedEyeJedi444: checks 
straight77777: folds 
radu10101: calls $0.50
paramourx: checks 
*** FLOP *** [Qd 2s 3c]
radu10101: checks 
paramourx: bets $1
RedEyeJedi444: calls $1
radu10101: folds 
*** TURN *** [Qd 2s 3c] [7d]
paramourx: checks 
RedEyeJedi444: bets $3
paramourx: calls $3
*** RIVER *** [Qd 2s 3c 7d] [Jd]
paramourx: checks 
RedEyeJedi444: checks 
*** SHOW DOWN ***
paramourx: shows [Th 3d] (a pair of Threes)
RedEyeJedi444: mucks hand 
paramourx collected $10.45 from pot
*** SUMMARY ***
Total pot $11 | Rake $0.55 
Board [Qd 2s 3c 7d Jd]
Seat 1: SorinS28 folded before Flop (didn't bet)
Seat 2: sta$igk folded before Flop (didn't bet)
Seat 3: RedEyeJedi444 mucked
Seat 4: straight77777 (button) folded before Flop (didn't bet)
Seat 5: radu10101 (small blind) folded on the Flop
Seat 6: paramourx (big blind) showed [Th 3d] and won ($10.45) with a pair of Threes



PokerStars Hand #254675941332:  Hold'em No Limit ($0.50/$1.00 USD) - 2025/02/02 20:12:49 WET [2025/02/02 15:12:49 ET]
Table 'Asporina' 6-max Seat #5 is the button
Seat 1: SorinS28 ($100 in chips) 
Seat 2: sta$igk ($101.50 in chips) 
Seat 3: RedEyeJedi444 ($18.59 in chips) 
Seat 4: straight77777 ($10.90 in chips) 
Seat 5: radu10101 ($26.74 in chips) 
Seat 6: paramourx ($105.45 in chips) 
paramourx: posts small blind $0.50
SorinS28: posts big blind $1
*** HOLE CARDS ***
sta$igk: folds 
RedEyeJedi444: calls $1
straight77777: folds 
radu10101: folds 
paramourx: calls $0.50
SorinS28: checks 
*** FLOP *** [Jc Tc Ad]
paramourx: bets $1.43
SorinS28: folds 
RedEyeJedi444: calls $1.43
*** TURN *** [Jc Tc Ad] [8h]
paramourx: bets $4.34
RedEyeJedi444: calls $4.34
*** RIVER *** [Jc Tc Ad 8h] [Th]
paramourx has timed out
paramourx: checks 
RedEyeJedi444: checks 
*** SHOW DOWN ***
paramourx: shows [Ts Jh] (a full house, Tens full of Jacks)
RedEyeJedi444: mucks hand 
paramourx collected $13.81 from pot
*** SUMMARY ***
Total pot $14.54 | Rake $0.73 
Board [Jc Tc Ad 8h Th]
Seat 1: SorinS28 (big blind) folded on the Flop
Seat 2: sta$igk folded before Flop (didn't bet)
Seat 3: RedEyeJedi444 mucked
Seat 4: straight77777 folded before Flop (didn't bet)
Seat 5: radu10101 (button) folded before Flop (didn't bet)
Seat 6: paramourx (small blind) showed [Ts Jh] and won ($13.81) with a full house, Tens full of Jacks



PokerStars Hand #254675977454:  Hold'em No Limit ($0.50/$1.00 USD) - 2025/02/02 20:14:20 WET [2025/02/02 15:14:20 ET]
Table 'Asporina' 6-max Seat #6 is the button
Seat 1: SorinS28 ($100 in chips) 
Seat 2: sta$igk ($101.50 in chips) 
Seat 3: RedEyeJedi444 ($11.82 in chips) 
Seat 4: straight77777 ($10.90 in chips) 
Seat 5: radu10101 ($26.74 in chips) 
Seat 6: paramourx ($112.49 in chips) 
SorinS28: posts small blind $0.50
sta$igk: posts big blind $1
*** HOLE CARDS ***
RedEyeJedi444: folds 
straight77777: folds 
radu10101: calls $1
paramourx: folds 
SorinS28: raises $4 to $5
sta$igk: folds 
radu10101: folds 
Uncalled bet ($4) returned to SorinS28
SorinS28 collected $3 from pot
SorinS28: doesn't show hand 
*** SUMMARY ***
Total pot $3 | Rake $0 
Seat 1: SorinS28 (small blind) collected ($3)
Seat 2: sta$igk (big blind) folded before Flop
Seat 3: RedEyeJedi444 folded before Flop (didn't bet)
Seat 4: straight77777 folded before Flop (didn't bet)
Seat 5: radu10101 folded before Flop
Seat 6: paramourx (button) folded before Flop (didn't bet)



PokerStars Hand #254675988413:  Hold'em No Limit ($0.50/$1.00 USD) - 2025/02/02 20:14:48 WET [2025/02/02 15:14:48 ET]
Table 'Asporina' 6-max Seat #1 is the button
Seat 1: SorinS28 ($102 in chips) 
Seat 2: sta$igk ($100.50 in chips) 
Seat 3: RedEyeJedi444 ($11.82 in chips) 
Seat 4: straight77777 ($10.90 in chips) 
Seat 5: radu10101 ($25.74 in chips) 
Seat 6: paramourx ($112.49 in chips) 
sta$igk: posts small blind $0.50
RedEyeJedi444: posts big blind $1
*** HOLE CARDS ***
straight77777: folds 
radu10101: folds 
paramourx: folds 
SorinS28: folds 
sta$igk: folds 
Uncalled bet ($0.50) returned to RedEyeJedi444
RedEyeJedi444 collected $1 from pot
*** SUMMARY ***
Total pot $1 | Rake $0 
Seat 1: SorinS28 (button) folded before Flop (didn't bet)
Seat 2: sta$igk (small blind) folded before Flop
Seat 3: RedEyeJedi444 (big blind) collected ($1)
Seat 4: straight77777 folded before Flop (didn't bet)
Seat 5: radu10101 folded before Flop (didn't bet)
Seat 6: paramourx folded before Flop (didn't bet)



PokerStars Hand #254675998997:  Hold'em No Limit ($0.50/$1.00 USD) - 2025/02/02 20:15:15 WET [2025/02/02 15:15:15 ET]
Table 'Asporina' 6-max Seat #2 is the button
Seat 1: SorinS28 ($102 in chips) 
Seat 2: sta$igk ($100 in chips) 
Seat 3: RedEyeJedi444 ($12.32 in chips) 
Seat 4: straight77777 ($10.90 in chips) 
Seat 5: radu10101 ($25.74 in chips) 
Seat 6: paramourx ($112.49 in chips) 
RedEyeJedi444: posts small blind $0.50
straight77777: posts big blind $1
*** HOLE CARDS ***
radu10101 has timed out
radu10101: folds 
paramourx: folds 
SorinS28: folds 
sta$igk: folds 
RedEyeJedi444: folds 
Uncalled bet ($0.50) returned to straight77777
straight77777 collected $1 from pot
*** SUMMARY ***
Total pot $1 | Rake $0 
Seat 1: SorinS28 folded before Flop (didn't bet)
Seat 2: sta$igk (button) folded before Flop (didn't bet)
Seat 3: RedEyeJedi444 (small blind) folded before Flop
Seat 4: straight77777 (big blind) collected ($1)
Seat 5: radu10101 folded before Flop (didn't bet)
Seat 6: paramourx folded before Flop (didn't bet)



PokerStars Hand #254676006392:  Hold'em No Limit ($0.50/$1.00 USD) - 2025/02/02 20:15:34 WET [2025/02/02 15:15:34 ET]
Table 'Asporina' 6-max Seat #3 is the button
Seat 5: radu10101 ($25.74 in chips) is sitting out
Seat 1: SorinS28 ($102 in chips) 
Seat 2: sta$igk ($100 in chips) 
Seat 3: RedEyeJedi444 ($11.82 in chips) 
Seat 4: straight77777 ($11.40 in chips) 
Seat 6: paramourx ($112.49 in chips) 
straight77777: posts small blind $0.50
paramourx: posts big blind $1
*** HOLE CARDS ***
SorinS28: folds 
sta$igk: raises $1 to $2
RedEyeJedi444: folds 
straight77777: calls $1.50
paramourx: calls $1
*** FLOP *** [8c 6c Ac]
straight77777: checks 
paramourx: checks 
sta$igk: checks 
*** TURN *** [8c 6c Ac] [Ah]
straight77777: bets $2.85
paramourx: folds 
sta$igk: raises $13.15 to $16
straight77777: folds 
Uncalled bet ($13.15) returned to sta$igk
sta$igk collected $11.12 from pot
sta$igk: doesn't show hand 
*** SUMMARY ***
Total pot $11.70 | Rake $0.58 
Board [8c 6c Ac Ah]
Seat 5: radu10101
Seat 1: SorinS28 folded before Flop (didn't bet)
Seat 2: sta$igk collected ($11.12)
Seat 3: RedEyeJedi444 (button) folded before Flop (didn't bet)
Seat 4: straight77777 (small blind) folded on the Turn
Seat 6: paramourx (big blind) folded on the Turn



PokerStars Hand #254676024314:  Hold'em No Limit ($0.50/$1.00 USD) - 2025/02/02 20:16:19 WET [2025/02/02 15:16:19 ET]
Table 'Asporina' 6-max Seat #4 is the button
Seat 5: radu10101 ($25.74 in chips) is sitting out
Seat 1: SorinS28 ($102 in chips) 
Seat 2: sta$igk ($106.27 in chips) 
Seat 3: RedEyeJedi444 ($11.82 in chips) 
Seat 4: straight77777 ($6.55 in chips) 
Seat 6: paramourx ($110.49 in chips) 
paramourx: posts small blind $0.50
SorinS28: posts big blind $1
*** HOLE CARDS ***
sta$igk: folds 
RedEyeJedi444: folds 
straight77777: folds 
paramourx: raises $2 to $3
SorinS28: raises $7 to $10
paramourx: folds 
Uncalled bet ($7) returned to SorinS28
SorinS28 collected $6 from pot
SorinS28: doesn't show hand 
*** SUMMARY ***
Total pot $6 | Rake $0 
Seat 5: radu10101
Seat 1: SorinS28 (big blind) collected ($6)
Seat 2: sta$igk folded before Flop (didn't bet)
Seat 3: RedEyeJedi444 folded before Flop (didn't bet)
Seat 4: straight77777 (button) folded before Flop (didn't bet)
Seat 6: paramourx (small blind) folded before Flop



PokerStars Hand #254676031889:  Hold'em No Limit ($0.50/$1.00 USD) - 2025/02/02 20:16:38 WET [2025/02/02 15:16:38 ET]
Table 'Asporina' 6-max Seat #6 is the button
Seat 1: SorinS28 ($105 in chips) 
Seat 2: sta$igk ($106.27 in chips) 
Seat 3: RedEyeJedi444 ($11.82 in chips) 
Seat 4: straight77777 ($6.55 in chips) 
Seat 5: radu10101 ($25.74 in chips) 
Seat 6: paramourx ($107.49 in chips) 
SorinS28: posts small blind $0.50
sta$igk: posts big blind $1
radu10101: posts small & big blinds $1.50
*** HOLE CARDS ***
RedEyeJedi444: calls $1
straight77777: raises $5.55 to $6.55 and is all-in
radu10101: folds 
paramourx: raises $11.45 to $18
SorinS28: folds 
sta$igk: folds 
RedEyeJedi444: folds 
Uncalled bet ($11.45) returned to paramourx
*** FLOP *** [Jc 5h 3h]
*** TURN *** [Jc 5h 3h] [4h]
*** RIVER *** [Jc 5h 3h 4h] [2s]
*** SHOW DOWN ***
straight77777: shows [Qh Kh] (a flush, King high)
paramourx: shows [As Qc] (a straight, Ace to Five)
straight77777 collected $16.24 from pot
*** SUMMARY ***
Total pot $17.10 | Rake $0.86 
Board [Jc 5h 3h 4h 2s]
Seat 1: SorinS28 (small blind) folded before Flop
Seat 2: sta$igk (big blind) folded before Flop
Seat 3: RedEyeJedi444 folded before Flop
Seat 4: straight77777 showed [Qh Kh] and won ($16.24) with a flush, King high
Seat 5: radu10101 folded before Flop (didn't bet)
Seat 6: paramourx (button) showed [As Qc] and lost with a straight, Ace to Five



PokerStars Hand #254676050670:  Hold'em No Limit ($0.50/$1.00 USD) - 2025/02/02 20:17:26 WET [2025/02/02 15:17:26 ET]
Table 'Asporina' 6-max Seat #1 is the button
Seat 1: SorinS28 ($104.50 in chips) 
Seat 2: sta$igk ($105.27 in chips) 
Seat 3: RedEyeJedi444 ($10.82 in chips) 
Seat 4: straight77777 ($16.24 in chips) 
Seat 5: radu10101 ($24.24 in chips) 
Seat 6: paramourx ($100.94 in chips) 
sta$igk: posts small blind $0.50
RedEyeJedi444: posts big blind $1
*** HOLE CARDS ***
straight77777: folds 
radu10101: calls $1
paramourx: folds 
SorinS28: folds 
sta$igk: folds 
RedEyeJedi444: checks 
*** FLOP *** [Jh 3h 5s]
RedEyeJedi444: checks 
radu10101: bets $2
RedEyeJedi444: raises $7.82 to $9.82 and is all-in
radu10101: calls $7.82
*** TURN *** [Jh 3h 5s] [4d]
*** RIVER *** [Jh 3h 5s 4d] [Ac]
*** SHOW DOWN ***
RedEyeJedi444: shows [Jc 6s] (a pair of Jacks)
radu10101: shows [As 9s] (a pair of Aces)
radu10101 collected $21.03 from pot
*** SUMMARY ***
Total pot $22.14 | Rake $1.11 
Board [Jh 3h 5s 4d Ac]
Seat 1: SorinS28 (button) folded before Flop (didn't bet)
Seat 2: sta$igk (small blind) folded before Flop
Seat 3: RedEyeJedi444 (big blind) showed [Jc 6s] and lost with a pair of Jacks
Seat 4: straight77777 folded before Flop (didn't bet)
Seat 5: radu10101 showed [As 9s] and won ($21.03) with a pair of Aces
Seat 6: paramourx folded before Flop (didn't bet)



PokerStars Hand #254676074984:  Hold'em No Limit ($0.50/$1.00 USD) - 2025/02/02 20:18:28 WET [2025/02/02 15:18:28 ET]
Table 'Asporina' 6-max Seat #2 is the button
Seat 3: RedEyeJedi444 ($0 in chips) is sitting out
Seat 1: SorinS28 ($104.50 in chips) 
Seat 2: sta$igk ($104.77 in chips) 
Seat 4: straight77777 ($16.24 in chips) 
Seat 5: radu10101 ($34.45 in chips) 
Seat 6: paramourx ($100.94 in chips) 
straight77777: posts small blind $0.50
radu10101: posts big blind $1
*** HOLE CARDS ***
paramourx: folds 
SorinS28: folds 
sta$igk: folds 
straight77777: calls $0.50
radu10101: folds 
radu10101 leaves the table
straight77777 collected $2 from pot
RedEyeJedi444 leaves the table
*** SUMMARY ***
Total pot $2 | Rake $0 
Seat 3: RedEyeJedi444
Seat 1: SorinS28 folded before Flop (didn't bet)
Seat 2: sta$igk (button) folded before Flop (didn't bet)
Seat 4: straight77777 (small blind) collected ($2)
Seat 5: radu10101 (big blind) folded before Flop
Seat 6: paramourx folded before Flop (didn't bet)



PokerStars Hand #254676082384:  Hold'em No Limit ($0.50/$1.00 USD) - 2025/02/02 20:18:46 WET [2025/02/02 15:18:46 ET]
Table 'Asporina' 6-max Seat #4 is the button
Seat 1: SorinS28 ($104.50 in chips) 
Seat 2: sta$igk ($104.77 in chips) 
Seat 4: straight77777 ($17.24 in chips) 
Seat 6: paramourx ($100.94 in chips) 
paramourx: posts small blind $0.50
SorinS28: posts big blind $1
*** HOLE CARDS ***
sta$igk: raises $1.50 to $2.50
straight77777: folds 
paramourx: folds 
SorinS28: folds 
Uncalled bet ($1.50) returned to sta$igk
sta$igk collected $2.50 from pot
sta$igk: doesn't show hand 
*** SUMMARY ***
Total pot $2.50 | Rake $0 
Seat 1: SorinS28 (big blind) folded before Flop
Seat 2: sta$igk collected ($2.50)
Seat 4: straight77777 (button) folded before Flop (didn't bet)
Seat 6: paramourx (small blind) folded before Flop



PokerStars Hand #254676088060:  Hold'em No Limit ($0.50/$1.00 USD) - 2025/02/02 20:19:00 WET [2025/02/02 15:19:00 ET]
Table 'Asporina' 6-max Seat #6 is the button
Seat 2: sta$igk ($106.27 in chips) is sitting out
Seat 1: SorinS28 ($103.50 in chips) 
Seat 4: straight77777 ($17.24 in chips) 
Seat 6: paramourx ($100.44 in chips) 
SorinS28: posts small blind $0.50
sta$igk: is sitting out 
straight77777: posts big blind $1
*** HOLE CARDS ***
sta$igk leaves the table
paramourx: folds 
SorinS28: folds 
Uncalled bet ($0.50) returned to straight77777
michasia joins the table at seat #5 
straight77777 collected $1 from pot
*** SUMMARY ***
Total pot $1 | Rake $0 
Seat 2: sta$igk
Seat 1: SorinS28 (small blind) folded before Flop
Seat 4: straight77777 (big blind) collected ($1)
Seat 6: paramourx (button) folded before Flop (didn't bet)



PokerStars Hand #254676092120:  Hold'em No Limit ($0.50/$1.00 USD) - 2025/02/02 20:19:11 WET [2025/02/02 15:19:11 ET]
Table 'Asporina' 6-max Seat #1 is the button
Seat 1: SorinS28 ($103 in chips) 
Seat 4: straight77777 ($17.74 in chips) 
Seat 5: michasia ($103.57 in chips) 
Seat 6: paramourx ($100.44 in chips) 
straight77777: posts small blind $0.50
michasia: posts big blind $1
*** HOLE CARDS ***
paramourx: folds 
SorinS28: folds 
straight77777: raises $1 to $2
michasia: raises $16 to $18
straight77777: folds 
Uncalled bet ($16) returned to michasia
michasia collected $4 from pot
michasia: doesn't show hand 
*** SUMMARY ***
Total pot $4 | Rake $0 
Seat 1: SorinS28 (button) folded before Flop (didn't bet)
Seat 4: straight77777 (small blind) folded before Flop
Seat 5: michasia (big blind) collected ($4)
Seat 6: paramourx folded before Flop (didn't bet)



PokerStars Hand #254676099454:  Hold'em No Limit ($0.50/$1.00 USD) - 2025/02/02 20:19:29 WET [2025/02/02 15:19:29 ET]
Table 'Asporina' 6-max Seat #4 is the button
Seat 1: SorinS28 ($103 in chips) 
Seat 4: straight77777 ($15.74 in chips) 
Seat 5: michasia ($105.57 in chips) 
Seat 6: paramourx ($100.44 in chips) 
michasia: posts small blind $0.50
paramourx: posts big blind $1
*** HOLE CARDS ***
SorinS28: folds 
straight77777: folds 
michasia: folds 
Uncalled bet ($0.50) returned to paramourx
paramourx collected $1 from pot
paramourx: doesn't show hand 
*** SUMMARY ***
Total pot $1 | Rake $0 
Seat 1: SorinS28 folded before Flop (didn't bet)
Seat 4: straight77777 (button) folded before Flop (didn't bet)
Seat 5: michasia (small blind) folded before Flop
Seat 6: paramourx (big blind) collected ($1)



PokerStars Hand #254676105752:  Hold'em No Limit ($0.50/$1.00 USD) - 2025/02/02 20:19:45 WET [2025/02/02 15:19:45 ET]
Table 'Asporina' 6-max Seat #5 is the button
Seat 1: SorinS28 ($103 in chips) 
Seat 4: straight77777 ($15.74 in chips) 
Seat 5: michasia ($105.07 in chips) 
Seat 6: paramourx ($100.94 in chips) 
paramourx: posts small blind $0.50
SorinS28: posts big blind $1
*** HOLE CARDS ***
straight77777: raises $1.50 to $2.50
michasia: raises $5 to $7.50
paramourx: folds 
SorinS28: folds 
straight77777: raises $8.24 to $15.74 and is all-in
michasia: calls $8.24
*** FLOP *** [2s Kh Qd]
*** TURN *** [2s Kh Qd] [7h]
*** RIVER *** [2s Kh Qd 7h] [9c]
*** SHOW DOWN ***
straight77777: shows [Ah Jc] (high card Ace)
michasia: shows [8c 8h] (a pair of Eights)
michasia collected $31.98 from pot
*** SUMMARY ***
Total pot $32.98 | Rake $1 
Board [2s Kh Qd 7h 9c]
Seat 1: SorinS28 (big blind) folded before Flop
Seat 4: straight77777 showed [Ah Jc] and lost with high card Ace
Seat 5: michasia (button) showed [8c 8h] and won ($31.98) with a pair of Eights
Seat 6: paramourx (small blind) folded before Flop



PokerStars Hand #254676121557:  Hold'em No Limit ($0.50/$1.00 USD) - 2025/02/02 20:20:25 WET [2025/02/02 15:20:25 ET]
Table 'Asporina' 6-max Seat #1 is the button
Seat 4: straight77777 ($0 in chips) is sitting out
Seat 5: michasia ($121.31 in chips) is sitting out
Seat 1: SorinS28 ($102 in chips) 
Seat 6: paramourx ($100.44 in chips) 
SorinS28: posts small blind $0.50
michasia: is sitting out 
paramourx: posts big blind $1
*** HOLE CARDS ***
SorinS28: folds 
Uncalled bet ($0.50) returned to paramourx
michasia leaves the table
paramourx collected $1 from pot
paramourx: doesn't show hand 
*** SUMMARY ***
Total pot $1 | Rake $0 
Seat 4: straight77777
Seat 5: michasia
Seat 1: SorinS28 (button) (small blind) folded before Flop
Seat 6: paramourx (big blind) collected ($1)



PokerStars Hand #254676123800:  Hold'em No Limit ($0.50/$1.00 USD) - 2025/02/02 20:20:30 WET [2025/02/02 15:20:30 ET]
Table 'Asporina' 6-max Seat #6 is the button
Seat 4: straight77777 ($0 in chips) is sitting out
Seat 1: SorinS28 ($101.50 in chips) 
Seat 6: paramourx ($100.94 in chips) 
paramourx: posts small blind $0.50
SorinS28: posts big blind $1
*** HOLE CARDS ***
paramourx: folds 
Uncalled bet ($0.50) returned to SorinS28
SorinS28 collected $1 from pot
SorinS28: doesn't show hand 
*** SUMMARY ***
Total pot $1 | Rake $0 
Seat 4: straight77777
Seat 1: SorinS28 (big blind) collected ($1)
Seat 6: paramourx (button) (small blind) folded before Flop



