PokerStars Hand #254674614343:  Hold'em No Limit ($0.50/$1.00 USD) - 2025/02/02 19:10:59 WET [2025/02/02 14:10:59 ET]
Table 'Valeria' 6-max Seat #5 is the button
Seat 1: goyo89 ($29.59 in chips) 
Seat 2: Joker007r ($100 in chips) 
Seat 3: toplusen ($210 in chips) 
Seat 4: z00mba ($100 in chips) 
Seat 5: Joe_Li7 ($112.40 in chips) 
Seat 6: worker0k ($100 in chips) 
worker0k: posts small blind $0.50
goyo89: posts big blind $1
*** HOLE CARDS ***
Joker007r: folds 
toplusen: folds 
z00mba: folds 
Joe_Li7: raises $1.50 to $2.50
worker0k: folds 
goyo89: raises $5.50 to $8
Joe_Li7: raises $24.50 to $32.50
goyo89: calls $21.59 and is all-in
Uncalled bet ($2.91) returned to Joe_Li7
*** FLOP *** [Kc 5c Td]
*** TURN *** [Kc 5c Td] [8h]
*** RIVER *** [Kc 5c Td 8h] [Kh]
*** SHOW DOWN ***
goyo89: shows [5d 6c] (two pair, Kings and Fives)
Joe_Li7: shows [9h 9d] (two pair, Kings and Nines)
Joe_Li7 collected $57.18 from pot
*** SUMMARY ***
Total pot $59.68 | Rake $2.50 
Board [Kc 5c Td 8h Kh]
Seat 1: goyo89 (big blind) showed [5d 6c] and lost with two pair, Kings and Fives
Seat 2: Joker007r folded before Flop (didn't bet)
Seat 3: toplusen folded before Flop (didn't bet)
Seat 4: z00mba folded before Flop (didn't bet)
Seat 5: Joe_Li7 (button) showed [9h 9d] and won ($57.18) with two pair, Kings and Nines
Seat 6: worker0k (small blind) folded before Flop



PokerStars Hand #254674627024:  Hold'em No Limit ($0.50/$1.00 USD) - 2025/02/02 19:11:33 WET [2025/02/02 14:11:33 ET]
Table 'Valeria' 6-max Seat #6 is the button
Seat 1: goyo89 ($0 in chips) is sitting out
Seat 2: Joker007r ($100 in chips) 
Seat 3: toplusen ($210 in chips) 
Seat 4: z00mba ($100 in chips) 
Seat 5: Joe_Li7 ($139.99 in chips) 
Seat 6: worker0k ($100 in chips) 
Joker007r: posts small blind $0.50
toplusen: posts big blind $1
*** HOLE CARDS ***
z00mba: folds 
goyo89 leaves the table
xxxZeka joins the table at seat #1 
Joe_Li7: folds 
worker0k: folds 
Joker007r: calls $0.50
toplusen: checks 
*** FLOP *** [9c Ad 5s]
Joker007r: bets $1.27
toplusen: folds 
Uncalled bet ($1.27) returned to Joker007r
Joker007r collected $1.90 from pot
Joker007r: doesn't show hand 
*** SUMMARY ***
Total pot $2 | Rake $0.10 
Board [9c Ad 5s]
Seat 1: goyo89
Seat 2: Joker007r (small blind) collected ($1.90)
Seat 3: toplusen (big blind) folded on the Flop
Seat 4: z00mba folded before Flop (didn't bet)
Seat 5: Joe_Li7 folded before Flop (didn't bet)
Seat 6: worker0k (button) folded before Flop (didn't bet)



PokerStars Hand #254674635779:  Hold'em No Limit ($0.50/$1.00 USD) - 2025/02/02 19:11:57 WET [2025/02/02 14:11:57 ET]
Table 'Valeria' 6-max Seat #2 is the button
Seat 1: xxxZeka ($100 in chips) is sitting out
Seat 2: Joker007r ($100.90 in chips) 
Seat 3: toplusen ($209 in chips) 
Seat 4: z00mba ($100 in chips) 
Seat 5: Joe_Li7 ($139.99 in chips) 
Seat 6: worker0k ($100 in chips) 
toplusen: posts small blind $0.50
z00mba: posts big blind $1
xxxZeka: sits out 
*** HOLE CARDS ***
Joe_Li7: raises $1.20 to $2.20
worker0k: folds 
Joker007r: folds 
toplusen: calls $1.70
z00mba: calls $1.20
*** FLOP *** [3s 8s Kh]
toplusen: checks 
z00mba: checks 
Joe_Li7: bets $2.07
toplusen: calls $2.07
z00mba: folds 
*** TURN *** [3s 8s Kh] [Qh]
toplusen: checks 
Joe_Li7: checks 
*** RIVER *** [3s 8s Kh Qh] [3d]
toplusen: checks 
Joe_Li7: checks 
*** SHOW DOWN ***
toplusen: shows [7s 8h] (two pair, Eights and Threes)
Joe_Li7: shows [7d 8d] (two pair, Eights and Threes)
toplusen collected $5.10 from pot
Joe_Li7 collected $5.10 from pot
*** SUMMARY ***
Total pot $10.74 | Rake $0.54 
Board [3s 8s Kh Qh 3d]
Seat 1: xxxZeka
Seat 2: Joker007r (button) folded before Flop (didn't bet)
Seat 3: toplusen (small blind) showed [7s 8h] and won ($5.10) with two pair, Eights and Threes
Seat 4: z00mba (big blind) folded on the Flop
Seat 5: Joe_Li7 showed [7d 8d] and won ($5.10) with two pair, Eights and Threes
Seat 6: worker0k folded before Flop (didn't bet)



PokerStars Hand #254674658813:  Hold'em No Limit ($0.50/$1.00 USD) - 2025/02/02 19:12:59 WET [2025/02/02 14:12:59 ET]
Table 'Valeria' 6-max Seat #3 is the button
Seat 1: xxxZeka ($100 in chips) is sitting out
Seat 2: Joker007r ($100.90 in chips) 
Seat 3: toplusen ($209.83 in chips) 
Seat 4: z00mba ($100 in chips) 
Seat 5: Joe_Li7 ($140.82 in chips) 
Seat 6: worker0k ($100 in chips) 
z00mba: posts small blind $0.50
Joe_Li7: posts big blind $1
xxxZeka: sits out 
*** HOLE CARDS ***
worker0k: folds 
worker0k leaves the table
Joker007r: folds 
toplusen: raises $1 to $2
z00mba: folds 
Joe_Li7: calls $1
*** FLOP *** [3h Th Jc]
Joe_Li7: checks 
toplusen: bets $2.14
kHhox joins the table at seat #6 
Joe_Li7: calls $2.14
*** TURN *** [3h Th Jc] [As]
Joe_Li7: checks 
toplusen: bets $6.17
Joe_Li7: folds 
Uncalled bet ($6.17) returned to toplusen
toplusen collected $8.34 from pot
*** SUMMARY ***
Total pot $8.78 | Rake $0.44 
Board [3h Th Jc As]
Seat 1: xxxZeka
Seat 2: Joker007r folded before Flop (didn't bet)
Seat 3: toplusen (button) collected ($8.34)
Seat 4: z00mba (small blind) folded before Flop
Seat 5: Joe_Li7 (big blind) folded on the Turn
Seat 6: worker0k folded before Flop (didn't bet)



PokerStars Hand #254674680450:  Hold'em No Limit ($0.50/$1.00 USD) - 2025/02/02 19:13:59 WET [2025/02/02 14:13:59 ET]
Table 'Valeria' 6-max Seat #4 is the button
Seat 1: xxxZeka ($100 in chips) is sitting out
Seat 2: Joker007r ($100.90 in chips) 
Seat 3: toplusen ($214.03 in chips) 
Seat 4: z00mba ($100 in chips) 
Seat 5: Joe_Li7 ($136.68 in chips) 
Seat 6: kHhox ($100 in chips) 
Joe_Li7: posts small blind $0.50
kHhox: posts big blind $1
xxxZeka: sits out 
*** HOLE CARDS ***
Joker007r: folds 
toplusen: folds 
z00mba: raises $1.50 to $2.50
Joe_Li7: folds 
kHhox: calls $1.50
*** FLOP *** [4s Jc 3s]
kHhox: checks 
z00mba: bets $2.56
kHhox: calls $2.56
*** TURN *** [4s Jc 3s] [5c]
kHhox: checks 
z00mba: bets $7.67
kHhox: calls $7.67
*** RIVER *** [4s Jc 3s 5c] [9c]
kHhox: checks 
z00mba: bets $18.74
kHhox: calls $18.74
*** SHOW DOWN ***
z00mba: shows [6c 4c] (a flush, Jack high)
kHhox: mucks hand 
z00mba collected $60.94 from pot
*** SUMMARY ***
Total pot $63.44 | Rake $2.50 
Board [4s Jc 3s 5c 9c]
Seat 1: xxxZeka
Seat 2: Joker007r folded before Flop (didn't bet)
Seat 3: toplusen folded before Flop (didn't bet)
Seat 4: z00mba (button) showed [6c 4c] and won ($60.94) with a flush, Jack high
Seat 5: Joe_Li7 (small blind) folded before Flop
Seat 6: kHhox (big blind) mucked



PokerStars Hand #254674695714:  Hold'em No Limit ($0.50/$1.00 USD) - 2025/02/02 19:14:40 WET [2025/02/02 14:14:40 ET]
Table 'Valeria' 6-max Seat #5 is the button
Seat 1: xxxZeka ($100 in chips) 
Seat 2: Joker007r ($100.90 in chips) 
Seat 3: toplusen ($214.03 in chips) 
Seat 4: z00mba ($129.47 in chips) 
Seat 5: Joe_Li7 ($136.18 in chips) 
Seat 6: kHhox ($68.53 in chips) 
kHhox: posts small blind $0.50
xxxZeka: posts big blind $1
*** HOLE CARDS ***
Joker007r: raises $1.38 to $2.38
toplusen: folds 
z00mba: folds 
Joe_Li7: folds 
kHhox: folds 
xxxZeka: folds 
Uncalled bet ($1.38) returned to Joker007r
Joker007r collected $2.50 from pot
Joker007r: doesn't show hand 
*** SUMMARY ***
Total pot $2.50 | Rake $0 
Seat 1: xxxZeka (big blind) folded before Flop
Seat 2: Joker007r collected ($2.50)
Seat 3: toplusen folded before Flop (didn't bet)
Seat 4: z00mba folded before Flop (didn't bet)
Seat 5: Joe_Li7 (button) folded before Flop (didn't bet)
Seat 6: kHhox (small blind) folded before Flop



PokerStars Hand #254674700143:  Hold'em No Limit ($0.50/$1.00 USD) - 2025/02/02 19:14:52 WET [2025/02/02 14:14:52 ET]
Table 'Valeria' 6-max Seat #6 is the button
Seat 1: xxxZeka ($100 in chips) 
Seat 2: Joker007r ($102.40 in chips) 
Seat 3: toplusen ($214.03 in chips) 
Seat 4: z00mba ($129.47 in chips) 
Seat 5: Joe_Li7 ($136.18 in chips) 
Seat 6: kHhox ($68.03 in chips) 
xxxZeka: posts small blind $0.50
Joker007r: posts big blind $1
*** HOLE CARDS ***
toplusen: folds 
z00mba: folds 
Joe_Li7: folds 
kHhox: calls $1
xxxZeka: folds 
Joker007r: checks 
*** FLOP *** [7d Kc Qd]
Joker007r: checks 
kHhox: bets $1
Joker007r: folds 
Uncalled bet ($1) returned to kHhox
kHhox collected $2.38 from pot
*** SUMMARY ***
Total pot $2.50 | Rake $0.12 
Board [7d Kc Qd]
Seat 1: xxxZeka (small blind) folded before Flop
Seat 2: Joker007r (big blind) folded on the Flop
Seat 3: toplusen folded before Flop (didn't bet)
Seat 4: z00mba folded before Flop (didn't bet)
Seat 5: Joe_Li7 folded before Flop (didn't bet)
Seat 6: kHhox (button) collected ($2.38)



PokerStars Hand #254674712634:  Hold'em No Limit ($0.50/$1.00 USD) - 2025/02/02 19:15:26 WET [2025/02/02 14:15:26 ET]
Table 'Valeria' 6-max Seat #1 is the button
Seat 1: xxxZeka ($100 in chips) 
Seat 2: Joker007r ($101.40 in chips) 
Seat 3: toplusen ($214.03 in chips) 
Seat 4: z00mba ($129.47 in chips) 
Seat 5: Joe_Li7 ($136.18 in chips) 
Seat 6: kHhox ($69.41 in chips) 
Joker007r: posts small blind $0.50
toplusen: posts big blind $1
*** HOLE CARDS ***
z00mba: folds 
Joe_Li7: folds 
kHhox: raises $1 to $2
xxxZeka: folds 
Joker007r: folds 
toplusen: calls $1
*** FLOP *** [7s 3s Td]
toplusen: checks 
kHhox: checks 
*** TURN *** [7s 3s Td] [7h]
toplusen: checks 
kHhox: checks 
*** RIVER *** [7s 3s Td 7h] [9d]
toplusen: checks 
kHhox: bets $3
toplusen: folds 
Uncalled bet ($3) returned to kHhox
kHhox collected $4.28 from pot
*** SUMMARY ***
Total pot $4.50 | Rake $0.22 
Board [7s 3s Td 7h 9d]
Seat 1: xxxZeka (button) folded before Flop (didn't bet)
Seat 2: Joker007r (small blind) folded before Flop
Seat 3: toplusen (big blind) folded on the River
Seat 4: z00mba folded before Flop (didn't bet)
Seat 5: Joe_Li7 folded before Flop (didn't bet)
Seat 6: kHhox collected ($4.28)



PokerStars Hand #254674726996:  Hold'em No Limit ($0.50/$1.00 USD) - 2025/02/02 19:16:05 WET [2025/02/02 14:16:05 ET]
Table 'Valeria' 6-max Seat #2 is the button
Seat 1: xxxZeka ($100 in chips) 
Seat 2: Joker007r ($100.90 in chips) 
Seat 3: toplusen ($212.03 in chips) 
Seat 4: z00mba ($129.47 in chips) 
Seat 5: Joe_Li7 ($136.18 in chips) 
Seat 6: kHhox ($71.69 in chips) 
toplusen: posts small blind $0.50
z00mba: posts big blind $1
*** HOLE CARDS ***
Joe_Li7: folds 
kHhox: calls $1
xxxZeka: raises $3 to $4
Joker007r: folds 
toplusen: folds 
z00mba: folds 
kHhox: calls $3
*** FLOP *** [2s 6s 5s]
kHhox: checks 
xxxZeka: bets $2.98
kHhox: folds 
Uncalled bet ($2.98) returned to xxxZeka
xxxZeka collected $9.02 from pot
xxxZeka: doesn't show hand 
*** SUMMARY ***
Total pot $9.50 | Rake $0.48 
Board [2s 6s 5s]
Seat 1: xxxZeka collected ($9.02)
Seat 2: Joker007r (button) folded before Flop (didn't bet)
Seat 3: toplusen (small blind) folded before Flop
Seat 4: z00mba (big blind) folded before Flop
Seat 5: Joe_Li7 folded before Flop (didn't bet)
Seat 6: kHhox folded on the Flop



PokerStars Hand #254674737569:  Hold'em No Limit ($0.50/$1.00 USD) - 2025/02/02 19:16:34 WET [2025/02/02 14:16:34 ET]
Table 'Valeria' 6-max Seat #3 is the button
Seat 1: xxxZeka ($105.02 in chips) 
Seat 2: Joker007r ($100.90 in chips) 
Seat 3: toplusen ($211.53 in chips) 
Seat 4: z00mba ($128.47 in chips) 
Seat 5: Joe_Li7 ($136.18 in chips) 
Seat 6: kHhox ($67.69 in chips) 
z00mba: posts small blind $0.50
Joe_Li7: posts big blind $1
*** HOLE CARDS ***
kHhox: folds 
xxxZeka: folds 
Joker007r: folds 
toplusen: folds 
z00mba: raises $2 to $3
Joe_Li7: folds 
Uncalled bet ($2) returned to z00mba
z00mba collected $2 from pot
z00mba: doesn't show hand 
*** SUMMARY ***
Total pot $2 | Rake $0 
Seat 1: xxxZeka folded before Flop (didn't bet)
Seat 2: Joker007r folded before Flop (didn't bet)
Seat 3: toplusen (button) folded before Flop (didn't bet)
Seat 4: z00mba (small blind) collected ($2)
Seat 5: Joe_Li7 (big blind) folded before Flop
Seat 6: kHhox folded before Flop (didn't bet)



PokerStars Hand #254674743081:  Hold'em No Limit ($0.50/$1.00 USD) - 2025/02/02 19:16:49 WET [2025/02/02 14:16:49 ET]
Table 'Valeria' 6-max Seat #4 is the button
Seat 1: xxxZeka ($105.02 in chips) 
Seat 2: Joker007r ($100.90 in chips) 
Seat 3: toplusen ($211.53 in chips) 
Seat 4: z00mba ($129.47 in chips) 
Seat 5: Joe_Li7 ($135.18 in chips) 
Seat 6: kHhox ($67.69 in chips) 
Joe_Li7: posts small blind $0.50
kHhox: posts big blind $1
*** HOLE CARDS ***
xxxZeka: folds 
Joker007r: raises $1.38 to $2.38
toplusen: folds 
z00mba: folds 
Joe_Li7: folds 
kHhox: folds 
Uncalled bet ($1.38) returned to Joker007r
Joker007r collected $2.50 from pot
Joker007r: doesn't show hand 
*** SUMMARY ***
Total pot $2.50 | Rake $0 
Seat 1: xxxZeka folded before Flop (didn't bet)
Seat 2: Joker007r collected ($2.50)
Seat 3: toplusen folded before Flop (didn't bet)
Seat 4: z00mba (button) folded before Flop (didn't bet)
Seat 5: Joe_Li7 (small blind) folded before Flop
Seat 6: kHhox (big blind) folded before Flop



PokerStars Hand #254674752693:  Hold'em No Limit ($0.50/$1.00 USD) - 2025/02/02 19:17:15 WET [2025/02/02 14:17:15 ET]
Table 'Valeria' 6-max Seat #5 is the button
Seat 1: xxxZeka ($105.02 in chips) 
Seat 2: Joker007r ($102.40 in chips) 
Seat 3: toplusen ($211.53 in chips) 
Seat 4: z00mba ($129.47 in chips) 
Seat 5: Joe_Li7 ($134.68 in chips) 
Seat 6: kHhox ($66.69 in chips) 
kHhox: posts small blind $0.50
xxxZeka: posts big blind $1
*** HOLE CARDS ***
Joker007r: raises $1.38 to $2.38
toplusen: folds 
z00mba: folds 
Joe_Li7: folds 
kHhox: calls $1.88
xxxZeka: folds 
*** FLOP *** [4s 5d Ts]
kHhox: checks 
Joker007r: bets $3.99
kHhox: folds 
Uncalled bet ($3.99) returned to Joker007r
Joker007r collected $5.47 from pot
Joker007r: doesn't show hand 
*** SUMMARY ***
Total pot $5.76 | Rake $0.29 
Board [4s 5d Ts]
Seat 1: xxxZeka (big blind) folded before Flop
Seat 2: Joker007r collected ($5.47)
Seat 3: toplusen folded before Flop (didn't bet)
Seat 4: z00mba folded before Flop (didn't bet)
Seat 5: Joe_Li7 (button) folded before Flop (didn't bet)
Seat 6: kHhox (small blind) folded on the Flop



PokerStars Hand #254674763552:  Hold'em No Limit ($0.50/$1.00 USD) - 2025/02/02 19:17:44 WET [2025/02/02 14:17:44 ET]
Table 'Valeria' 6-max Seat #6 is the button
Seat 1: xxxZeka ($104.02 in chips) 
Seat 2: Joker007r ($105.49 in chips) 
Seat 3: toplusen ($211.53 in chips) 
Seat 4: z00mba ($129.47 in chips) 
Seat 5: Joe_Li7 ($134.68 in chips) 
Seat 6: kHhox ($64.31 in chips) 
xxxZeka: posts small blind $0.50
Joker007r: posts big blind $1
*** HOLE CARDS ***
toplusen: raises $1 to $2
z00mba: folds 
Joe_Li7: folds 
kHhox: folds 
xxxZeka: folds 
Joker007r: calls $1
*** FLOP *** [Jh Th 6d]
Joker007r: checks 
toplusen: bets $2.14
Joker007r: folds 
Uncalled bet ($2.14) returned to toplusen
toplusen collected $4.28 from pot
*** SUMMARY ***
Total pot $4.50 | Rake $0.22 
Board [Jh Th 6d]
Seat 1: xxxZeka (small blind) folded before Flop
Seat 2: Joker007r (big blind) folded on the Flop
Seat 3: toplusen collected ($4.28)
Seat 4: z00mba folded before Flop (didn't bet)
Seat 5: Joe_Li7 folded before Flop (didn't bet)
Seat 6: kHhox (button) folded before Flop (didn't bet)



PokerStars Hand #254674777839:  Hold'em No Limit ($0.50/$1.00 USD) - 2025/02/02 19:18:23 WET [2025/02/02 14:18:23 ET]
Table 'Valeria' 6-max Seat #1 is the button
Seat 1: xxxZeka ($103.52 in chips) 
Seat 2: Joker007r ($103.49 in chips) 
Seat 3: toplusen ($213.81 in chips) 
Seat 4: z00mba ($129.47 in chips) 
Seat 5: Joe_Li7 ($134.68 in chips) 
Seat 6: kHhox ($64.31 in chips) 
Joker007r: posts small blind $0.50
toplusen: posts big blind $1
*** HOLE CARDS ***
z00mba: folds 
Joe_Li7: folds 
kHhox: calls $1
xxxZeka: folds 
Joker007r: raises $4 to $5
toplusen: folds 
kHhox: calls $4
*** FLOP *** [Th 9d 4s]
Joker007r: checks 
kHhox: bets $8
Joker007r: raises $13.75 to $21.75
kHhox: calls $13.75
*** TURN *** [Th 9d 4s] [Tc]
Joker007r: bets $38
kHhox: folds 
Uncalled bet ($38) returned to Joker007r
Joker007r collected $52 from pot
Joker007r: doesn't show hand 
*** SUMMARY ***
Total pot $54.50 | Rake $2.50 
Board [Th 9d 4s Tc]
Seat 1: xxxZeka (button) folded before Flop (didn't bet)
Seat 2: Joker007r (small blind) collected ($52)
Seat 3: toplusen (big blind) folded before Flop
Seat 4: z00mba folded before Flop (didn't bet)
Seat 5: Joe_Li7 folded before Flop (didn't bet)
Seat 6: kHhox folded on the Turn



PokerStars Hand #254674799106:  Hold'em No Limit ($0.50/$1.00 USD) - 2025/02/02 19:19:21 WET [2025/02/02 14:19:21 ET]
Table 'Valeria' 6-max Seat #2 is the button
Seat 1: xxxZeka ($103.52 in chips) 
Seat 2: Joker007r ($128.74 in chips) 
Seat 3: toplusen ($212.81 in chips) 
Seat 4: z00mba ($129.47 in chips) 
Seat 5: Joe_Li7 ($134.68 in chips) 
Seat 6: kHhox ($37.56 in chips) 
toplusen: posts small blind $0.50
z00mba: posts big blind $1
*** HOLE CARDS ***
Joe_Li7: folds 
kHhox: folds 
xxxZeka: raises $1.50 to $2.50
Joker007r: raises $5 to $7.50
toplusen: folds 
z00mba: folds 
xxxZeka: folds 
Uncalled bet ($5) returned to Joker007r
Joker007r collected $6.50 from pot
Joker007r: doesn't show hand 
*** SUMMARY ***
Total pot $6.50 | Rake $0 
Seat 1: xxxZeka folded before Flop
Seat 2: Joker007r (button) collected ($6.50)
Seat 3: toplusen (small blind) folded before Flop
Seat 4: z00mba (big blind) folded before Flop
Seat 5: Joe_Li7 folded before Flop (didn't bet)
Seat 6: kHhox folded before Flop (didn't bet)



PokerStars Hand #254674815631:  Hold'em No Limit ($0.50/$1.00 USD) - 2025/02/02 19:20:05 WET [2025/02/02 14:20:05 ET]
Table 'Valeria' 6-max Seat #3 is the button
Seat 1: xxxZeka ($101.02 in chips) 
Seat 2: Joker007r ($132.74 in chips) 
Seat 3: toplusen ($212.31 in chips) 
Seat 4: z00mba ($128.47 in chips) 
Seat 5: Joe_Li7 ($134.68 in chips) 
Seat 6: kHhox ($37.56 in chips) 
z00mba: posts small blind $0.50
Joe_Li7: posts big blind $1
*** HOLE CARDS ***
kHhox: calls $1
xxxZeka: folds 
Joker007r: folds 
toplusen: folds 
z00mba: folds 
Joe_Li7: checks 
*** FLOP *** [Qh 8c 6h]
Joe_Li7: checks 
kHhox: bets $2
Joe_Li7: calls $2
*** TURN *** [Qh 8c 6h] [Jd]
Joe_Li7: checks 
kHhox: checks 
*** RIVER *** [Qh 8c 6h Jd] [2s]
Joe_Li7: bets $3.09
kHhox: folds 
Uncalled bet ($3.09) returned to Joe_Li7
Joe_Li7 collected $6.18 from pot
*** SUMMARY ***
Total pot $6.50 | Rake $0.32 
Board [Qh 8c 6h Jd 2s]
Seat 1: xxxZeka folded before Flop (didn't bet)
Seat 2: Joker007r folded before Flop (didn't bet)
Seat 3: toplusen (button) folded before Flop (didn't bet)
Seat 4: z00mba (small blind) folded before Flop
Seat 5: Joe_Li7 (big blind) collected ($6.18)
Seat 6: kHhox folded on the River



PokerStars Hand #254674839753:  Hold'em No Limit ($0.50/$1.00 USD) - 2025/02/02 19:21:11 WET [2025/02/02 14:21:11 ET]
Table 'Valeria' 6-max Seat #4 is the button
Seat 1: xxxZeka ($101.02 in chips) 
Seat 2: Joker007r ($132.74 in chips) 
Seat 3: toplusen ($212.31 in chips) 
Seat 4: z00mba ($127.97 in chips) 
Seat 5: Joe_Li7 ($137.86 in chips) 
Seat 6: kHhox ($34.56 in chips) 
Joe_Li7: posts small blind $0.50
kHhox: posts big blind $1
*** HOLE CARDS ***
xxxZeka: raises $1.50 to $2.50
Joker007r: folds 
toplusen: raises $1.50 to $4
z00mba: folds 
Joe_Li7: folds 
kHhox: calls $3
xxxZeka: calls $1.50
*** FLOP *** [5d Tc 4h]
kHhox: bets $4
xxxZeka: folds 
toplusen: calls $4
*** TURN *** [5d Tc 4h] [Ah]
kHhox: checks 
toplusen: bets $9.74
kHhox: calls $9.74
*** RIVER *** [5d Tc 4h Ah] [Td]
kHhox: checks 
toplusen: checks 
*** SHOW DOWN ***
kHhox: shows [8d 8c] (two pair, Tens and Eights)
toplusen: mucks hand 
kHhox collected $37.98 from pot
*** SUMMARY ***
Total pot $39.98 | Rake $2 
Board [5d Tc 4h Ah Td]
Seat 1: xxxZeka folded on the Flop
Seat 2: Joker007r folded before Flop (didn't bet)
Seat 3: toplusen mucked
Seat 4: z00mba (button) folded before Flop (didn't bet)
Seat 5: Joe_Li7 (small blind) folded before Flop
Seat 6: kHhox (big blind) showed [8d 8c] and won ($37.98) with two pair, Tens and Eights



PokerStars Hand #254674865437:  Hold'em No Limit ($0.50/$1.00 USD) - 2025/02/02 19:22:20 WET [2025/02/02 14:22:20 ET]
Table 'Valeria' 6-max Seat #5 is the button
Seat 1: xxxZeka ($100 in chips) 
Seat 2: Joker007r ($132.74 in chips) 
Seat 3: toplusen ($194.57 in chips) 
Seat 4: z00mba ($127.97 in chips) 
Seat 5: Joe_Li7 ($137.36 in chips) 
Seat 6: kHhox ($54.80 in chips) 
kHhox: posts small blind $0.50
xxxZeka: posts big blind $1
*** HOLE CARDS ***
Joker007r: folds 
toplusen: raises $1 to $2
z00mba: folds 
Joe_Li7: folds 
kHhox: raises $1 to $3
xxxZeka: raises $10 to $13
toplusen: folds 
kHhox: calls $10
*** FLOP *** [6d 4d Tc]
kHhox: checks 
xxxZeka: bets $8.78
kHhox: folds 
Uncalled bet ($8.78) returned to xxxZeka
xxxZeka collected $26.60 from pot
xxxZeka: doesn't show hand 
*** SUMMARY ***
Total pot $28 | Rake $1.40 
Board [6d 4d Tc]
Seat 1: xxxZeka (big blind) collected ($26.60)
Seat 2: Joker007r folded before Flop (didn't bet)
Seat 3: toplusen folded before Flop
Seat 4: z00mba folded before Flop (didn't bet)
Seat 5: Joe_Li7 (button) folded before Flop (didn't bet)
Seat 6: kHhox (small blind) folded on the Flop



PokerStars Hand #254674884478:  Hold'em No Limit ($0.50/$1.00 USD) - 2025/02/02 19:23:12 WET [2025/02/02 14:23:12 ET]
Table 'Valeria' 6-max Seat #6 is the button
Seat 1: xxxZeka ($113.60 in chips) 
Seat 2: Joker007r ($132.74 in chips) 
Seat 3: toplusen ($192.57 in chips) 
Seat 4: z00mba ($127.97 in chips) 
Seat 5: Joe_Li7 ($137.36 in chips) 
Seat 6: kHhox ($41.80 in chips) 
xxxZeka: posts small blind $0.50
Joker007r: posts big blind $1
*** HOLE CARDS ***
toplusen: folds 
z00mba: folds 
Joe_Li7: raises $1.20 to $2.20
kHhox: raises $2.80 to $5
xxxZeka: raises $11 to $16
Joker007r: raises $116.74 to $132.74 and is all-in
Joe_Li7: folds 
kHhox: calls $36.80 and is all-in
xxxZeka: folds 
Uncalled bet ($90.94) returned to Joker007r
*** FLOP *** [Td 7c 4d]
*** TURN *** [Td 7c 4d] [2c]
*** RIVER *** [Td 7c 4d 2c] [8h]
*** SHOW DOWN ***
Joker007r: shows [Ks Ad] (high card Ace)
kHhox: shows [Ac Qd] (high card Ace - lower kicker)
Joker007r collected $99.30 from pot
*** SUMMARY ***
Total pot $101.80 | Rake $2.50 
Board [Td 7c 4d 2c 8h]
Seat 1: xxxZeka (small blind) folded before Flop
Seat 2: Joker007r (big blind) showed [Ks Ad] and won ($99.30) with high card Ace
Seat 3: toplusen folded before Flop (didn't bet)
Seat 4: z00mba folded before Flop (didn't bet)
Seat 5: Joe_Li7 folded before Flop
Seat 6: kHhox (button) showed [Ac Qd] and lost with high card Ace



PokerStars Hand #254674910373:  Hold'em No Limit ($0.50/$1.00 USD) - 2025/02/02 19:24:22 WET [2025/02/02 14:24:22 ET]
Table 'Valeria' 6-max Seat #1 is the button
Seat 6: kHhox ($0 in chips) is sitting out
Seat 1: xxxZeka ($100 in chips) 
Seat 2: Joker007r ($190.24 in chips) 
Seat 3: toplusen ($192.57 in chips) 
Seat 4: z00mba ($127.97 in chips) 
Seat 5: Joe_Li7 ($135.16 in chips) 
Joker007r: posts small blind $0.50
toplusen: posts big blind $1
*** HOLE CARDS ***
z00mba: folds 
Joe_Li7: raises $1.20 to $2.20
xxxZeka: folds 
Joker007r: folds 
toplusen: raises $4.90 to $7.10
Joe_Li7: folds 
Uncalled bet ($4.90) returned to toplusen
toplusen collected $4.90 from pot
*** SUMMARY ***
Total pot $4.90 | Rake $0 
Seat 6: kHhox
Seat 1: xxxZeka (button) folded before Flop (didn't bet)
Seat 2: Joker007r (small blind) folded before Flop
Seat 3: toplusen (big blind) collected ($4.90)
Seat 4: z00mba folded before Flop (didn't bet)
Seat 5: Joe_Li7 folded before Flop



PokerStars Hand #254674918754:  Hold'em No Limit ($0.50/$1.00 USD) - 2025/02/02 19:24:44 WET [2025/02/02 14:24:44 ET]
Table 'Valeria' 6-max Seat #2 is the button
Seat 1: xxxZeka ($100 in chips) 
Seat 2: Joker007r ($189.74 in chips) 
Seat 3: toplusen ($195.27 in chips) 
Seat 4: z00mba ($127.97 in chips) 
Seat 5: Joe_Li7 ($132.96 in chips) 
Seat 6: kHhox ($100 in chips) 
toplusen: posts small blind $0.50
z00mba: posts big blind $1
*** HOLE CARDS ***
Joe_Li7: folds 
kHhox: raises $2.60 to $3.60
xxxZeka: folds 
Joker007r: raises $5.40 to $9
toplusen: folds 
z00mba: folds 
kHhox: calls $5.40
*** FLOP *** [Kh 5s 2h]
kHhox: checks 
Joker007r: bets $6.11
kHhox: calls $6.11
*** TURN *** [Kh 5s 2h] [Kc]
kHhox: bets $18.80
Joker007r: folds 
Uncalled bet ($18.80) returned to kHhox
kHhox collected $30.13 from pot
*** SUMMARY ***
Total pot $31.72 | Rake $1.59 
Board [Kh 5s 2h Kc]
Seat 1: xxxZeka folded before Flop (didn't bet)
Seat 2: Joker007r (button) folded on the Turn
Seat 3: toplusen (small blind) folded before Flop
Seat 4: z00mba (big blind) folded before Flop
Seat 5: Joe_Li7 folded before Flop (didn't bet)
Seat 6: kHhox collected ($30.13)



PokerStars Hand #254674938445:  Hold'em No Limit ($0.50/$1.00 USD) - 2025/02/02 19:25:38 WET [2025/02/02 14:25:38 ET]
Table 'Valeria' 6-max Seat #3 is the button
Seat 1: xxxZeka ($100 in chips) 
Seat 2: Joker007r ($174.63 in chips) 
Seat 3: toplusen ($194.77 in chips) 
Seat 4: z00mba ($126.97 in chips) 
Seat 5: Joe_Li7 ($132.96 in chips) 
Seat 6: kHhox ($115.02 in chips) 
z00mba: posts small blind $0.50
Joe_Li7: posts big blind $1
*** HOLE CARDS ***
kHhox: folds 
xxxZeka: folds 
Joker007r: folds 
toplusen: folds 
toplusen leaves the table
z00mba: raises $2 to $3
Joe_Li7: folds 
Uncalled bet ($2) returned to z00mba
z00mba collected $2 from pot
z00mba: doesn't show hand 
*** SUMMARY ***
Total pot $2 | Rake $0 
Seat 1: xxxZeka folded before Flop (didn't bet)
Seat 2: Joker007r folded before Flop (didn't bet)
Seat 3: toplusen (button) folded before Flop (didn't bet)
Seat 4: z00mba (small blind) collected ($2)
Seat 5: Joe_Li7 (big blind) folded before Flop
Seat 6: kHhox folded before Flop (didn't bet)



PokerStars Hand #254674944330:  Hold'em No Limit ($0.50/$1.00 USD) - 2025/02/02 19:25:54 WET [2025/02/02 14:25:54 ET]
Table 'Valeria' 6-max Seat #4 is the button
Seat 1: xxxZeka ($100 in chips) 
Seat 2: Joker007r ($174.63 in chips) 
Seat 4: z00mba ($127.97 in chips) 
Seat 5: Joe_Li7 ($131.96 in chips) 
Seat 6: kHhox ($115.02 in chips) 
Joe_Li7: posts small blind $0.50
kHhox: posts big blind $1
*** HOLE CARDS ***
xxxZeka: folds 
Joker007r: folds 
z00mba: raises $1.50 to $2.50
Joe_Li7: folds 
kHhox: calls $1.50
*** FLOP *** [Qh 4d 4h]
kHhox: checks 
z00mba: bets $2.56
kHhox: folds 
Uncalled bet ($2.56) returned to z00mba
ZinePablo joins the table at seat #3 
z00mba collected $5.22 from pot
z00mba: doesn't show hand 
*** SUMMARY ***
Total pot $5.50 | Rake $0.28 
Board [Qh 4d 4h]
Seat 1: xxxZeka folded before Flop (didn't bet)
Seat 2: Joker007r folded before Flop (didn't bet)
Seat 4: z00mba (button) collected ($5.22)
Seat 5: Joe_Li7 (small blind) folded before Flop
Seat 6: kHhox (big blind) folded on the Flop



PokerStars Hand #254674956593:  Hold'em No Limit ($0.50/$1.00 USD) - 2025/02/02 19:26:28 WET [2025/02/02 14:26:28 ET]
Table 'Valeria' 6-max Seat #5 is the button
Seat 3: ZinePablo ($100 in chips) is sitting out
Seat 1: xxxZeka ($100 in chips) 
Seat 2: Joker007r ($174.63 in chips) 
Seat 4: z00mba ($130.69 in chips) 
Seat 5: Joe_Li7 ($131.46 in chips) 
Seat 6: kHhox ($112.52 in chips) 
kHhox: posts small blind $0.50
xxxZeka: posts big blind $1
ZinePablo: sits out 
*** HOLE CARDS ***
Joker007r: folds 
z00mba: raises $1.50 to $2.50
Joe_Li7: raises $5 to $7.50
kHhox: calls $7
xxxZeka: folds 
z00mba: calls $5
*** FLOP *** [6d Jh 4d]
kHhox: checks 
z00mba: checks 
Joe_Li7: checks 
*** TURN *** [6d Jh 4d] [Qs]
kHhox: bets $10
z00mba: folds 
Joe_Li7: raises $19.87 to $29.87
kHhox: folds 
Uncalled bet ($19.87) returned to Joe_Li7
Joe_Li7 collected $41.32 from pot
*** SUMMARY ***
Total pot $43.50 | Rake $2.18 
Board [6d Jh 4d Qs]
Seat 3: ZinePablo
Seat 1: xxxZeka (big blind) folded before Flop
Seat 2: Joker007r folded before Flop (didn't bet)
Seat 4: z00mba folded on the Turn
Seat 5: Joe_Li7 (button) collected ($41.32)
Seat 6: kHhox (small blind) folded on the Turn



PokerStars Hand #254674992614:  Hold'em No Limit ($0.50/$1.00 USD) - 2025/02/02 19:28:05 WET [2025/02/02 14:28:05 ET]
Table 'Valeria' 6-max Seat #6 is the button
Seat 3: ZinePablo ($100 in chips) is sitting out
Seat 1: xxxZeka ($100 in chips) 
Seat 2: Joker007r ($174.63 in chips) 
Seat 4: z00mba ($123.19 in chips) 
Seat 5: Joe_Li7 ($155.28 in chips) 
Seat 6: kHhox ($95.02 in chips) 
xxxZeka: posts small blind $0.50
Joker007r: posts big blind $1
ZinePablo: sits out 
*** HOLE CARDS ***
z00mba: folds 
Joe_Li7: raises $1.20 to $2.20
kHhox: folds 
xxxZeka: folds 
Joker007r: folds 
Uncalled bet ($1.20) returned to Joe_Li7
Joe_Li7 collected $2.50 from pot
*** SUMMARY ***
Total pot $2.50 | Rake $0 
Seat 3: ZinePablo
Seat 1: xxxZeka (small blind) folded before Flop
Seat 2: Joker007r (big blind) folded before Flop
Seat 4: z00mba folded before Flop (didn't bet)
Seat 5: Joe_Li7 collected ($2.50)
Seat 6: kHhox (button) folded before Flop (didn't bet)



PokerStars Hand #254674997498:  Hold'em No Limit ($0.50/$1.00 USD) - 2025/02/02 19:28:19 WET [2025/02/02 14:28:19 ET]
Table 'Valeria' 6-max Seat #1 is the button
Seat 1: xxxZeka ($100 in chips) 
Seat 2: Joker007r ($173.63 in chips) 
Seat 3: ZinePablo ($100 in chips) 
Seat 4: z00mba ($123.19 in chips) 
Seat 5: Joe_Li7 ($156.78 in chips) 
Seat 6: kHhox ($95.02 in chips) 
Joker007r: posts small blind $0.50
ZinePablo: posts big blind $1
*** HOLE CARDS ***
z00mba: raises $1.50 to $2.50
Joe_Li7: folds 
kHhox: calls $2.50
xxxZeka: calls $2.50
Joker007r: folds 
ZinePablo: folds 
*** FLOP *** [4c 2c 4h]
z00mba: bets $4.19
kHhox: calls $4.19
xxxZeka: folds 
*** TURN *** [4c 2c 4h] [5c]
z00mba: checks 
kHhox: checks 
*** RIVER *** [4c 2c 4h 5c] [2h]
z00mba: bets $8.09
kHhox: raises $32.69 to $40.78
z00mba: folds 
Uncalled bet ($32.69) returned to kHhox
kHhox collected $31.88 from pot
*** SUMMARY ***
Total pot $33.56 | Rake $1.68 
Board [4c 2c 4h 5c 2h]
Seat 1: xxxZeka (button) folded on the Flop
Seat 2: Joker007r (small blind) folded before Flop
Seat 3: ZinePablo (big blind) folded before Flop
Seat 4: z00mba folded on the River
Seat 5: Joe_Li7 folded before Flop (didn't bet)
Seat 6: kHhox collected ($31.88)



PokerStars Hand #254675022688:  Hold'em No Limit ($0.50/$1.00 USD) - 2025/02/02 19:29:28 WET [2025/02/02 14:29:28 ET]
Table 'Valeria' 6-max Seat #2 is the button
Seat 1: xxxZeka ($100 in chips) 
Seat 2: Joker007r ($173.13 in chips) 
Seat 3: ZinePablo ($100 in chips) 
Seat 4: z00mba ($108.41 in chips) 
Seat 5: Joe_Li7 ($156.78 in chips) 
Seat 6: kHhox ($112.12 in chips) 
ZinePablo: posts small blind $0.50
z00mba: posts big blind $1
*** HOLE CARDS ***
Joe_Li7: raises $1.20 to $2.20
kHhox: calls $2.20
xxxZeka: folds 
Joker007r: folds 
ZinePablo: folds 
z00mba: calls $1.20
*** FLOP *** [6c Qs 7h]
z00mba: checks 
Joe_Li7: checks 
kHhox: bets $2
z00mba: folds 
Joe_Li7: calls $2
*** TURN *** [6c Qs 7h] [5h]
Joe_Li7: checks 
kHhox: checks 
*** RIVER *** [6c Qs 7h 5h] [Ts]
Joe_Li7: bets $7.04
kHhox: folds 
Uncalled bet ($7.04) returned to Joe_Li7
Joe_Li7 collected $10.54 from pot
*** SUMMARY ***
Total pot $11.10 | Rake $0.56 
Board [6c Qs 7h 5h Ts]
Seat 1: xxxZeka folded before Flop (didn't bet)
Seat 2: Joker007r (button) folded before Flop (didn't bet)
Seat 3: ZinePablo (small blind) folded before Flop
Seat 4: z00mba (big blind) folded on the Flop
Seat 5: Joe_Li7 collected ($10.54)
Seat 6: kHhox folded on the River



PokerStars Hand #254675055826:  Hold'em No Limit ($0.50/$1.00 USD) - 2025/02/02 19:30:56 WET [2025/02/02 14:30:56 ET]
Table 'Valeria' 6-max Seat #3 is the button
Seat 1: xxxZeka ($100 in chips) 
Seat 2: Joker007r ($173.13 in chips) 
Seat 3: ZinePablo ($100 in chips) 
Seat 4: z00mba ($106.21 in chips) 
Seat 5: Joe_Li7 ($163.12 in chips) 
Seat 6: kHhox ($107.92 in chips) 
z00mba: posts small blind $0.50
Joe_Li7: posts big blind $1
*** HOLE CARDS ***
kHhox has timed out
kHhox: folds 
xxxZeka: folds 
Joker007r: folds 
ZinePablo: folds 
z00mba: raises $2 to $3
Joe_Li7: folds 
Uncalled bet ($2) returned to z00mba
z00mba collected $2 from pot
z00mba: doesn't show hand 
*** SUMMARY ***
Total pot $2 | Rake $0 
Seat 1: xxxZeka folded before Flop (didn't bet)
Seat 2: Joker007r folded before Flop (didn't bet)
Seat 3: ZinePablo (button) folded before Flop (didn't bet)
Seat 4: z00mba (small blind) collected ($2)
Seat 5: Joe_Li7 (big blind) folded before Flop
Seat 6: kHhox folded before Flop (didn't bet)



PokerStars Hand #254675064676:  Hold'em No Limit ($0.50/$1.00 USD) - 2025/02/02 19:31:20 WET [2025/02/02 14:31:20 ET]
Table 'Valeria' 6-max Seat #4 is the button
Seat 6: kHhox ($107.92 in chips) is sitting out
Seat 1: xxxZeka ($100 in chips) 
Seat 2: Joker007r ($173.13 in chips) 
Seat 3: ZinePablo ($100 in chips) 
Seat 4: z00mba ($107.21 in chips) 
Seat 5: Joe_Li7 ($162.12 in chips) 
Joe_Li7: posts small blind $0.50
xxxZeka: posts big blind $1
*** HOLE CARDS ***
Joker007r: folds 
ZinePablo: folds 
z00mba: folds 
Joe_Li7: raises $2 to $3
xxxZeka: calls $2
*** FLOP *** [Js 3s 8d]
Joe_Li7: checks 
xxxZeka: checks 
*** TURN *** [Js 3s 8d] [4c]
Joe_Li7: bets $4.28
xxxZeka: calls $4.28
*** RIVER *** [Js 3s 8d 4c] [Ah]
Joe_Li7: checks 
xxxZeka: checks 
*** SHOW DOWN ***
Joe_Li7: shows [2c 5d] (a straight, Ace to Five)
xxxZeka: mucks hand 
Joe_Li7 collected $13.83 from pot
*** SUMMARY ***
Total pot $14.56 | Rake $0.73 
Board [Js 3s 8d 4c Ah]
Seat 6: kHhox
Seat 1: xxxZeka (big blind) mucked
Seat 2: Joker007r folded before Flop (didn't bet)
Seat 3: ZinePablo folded before Flop (didn't bet)
Seat 4: z00mba (button) folded before Flop (didn't bet)
Seat 5: Joe_Li7 (small blind) showed [2c 5d] and won ($13.83) with a straight, Ace to Five



PokerStars Hand #254675088793:  Hold'em No Limit ($0.50/$1.00 USD) - 2025/02/02 19:32:24 WET [2025/02/02 14:32:24 ET]
Table 'Valeria' 6-max Seat #5 is the button
Seat 6: kHhox ($107.92 in chips) is sitting out
Seat 1: xxxZeka ($100 in chips) 
Seat 2: Joker007r ($173.13 in chips) 
Seat 3: ZinePablo ($100 in chips) 
Seat 4: z00mba ($107.21 in chips) 
Seat 5: Joe_Li7 ($168.67 in chips) 
xxxZeka: posts small blind $0.50
Joker007r: posts big blind $1
*** HOLE CARDS ***
ZinePablo: folds 
z00mba: folds 
Joe_Li7: folds 
xxxZeka: raises $2 to $3
Joker007r: calls $2
*** FLOP *** [6h 8c 2s]
xxxZeka: checks 
Joker007r: bets $1.88
xxxZeka: raises $6.12 to $8
Joker007r: raises $11.28 to $19.28
xxxZeka: folds 
Uncalled bet ($11.28) returned to Joker007r
Joker007r collected $20.90 from pot
Joker007r: doesn't show hand 
*** SUMMARY ***
Total pot $22 | Rake $1.10 
Board [6h 8c 2s]
Seat 6: kHhox
Seat 1: xxxZeka (small blind) folded on the Flop
Seat 2: Joker007r (big blind) collected ($20.90)
Seat 3: ZinePablo folded before Flop (didn't bet)
Seat 4: z00mba folded before Flop (didn't bet)
Seat 5: Joe_Li7 (button) folded before Flop (didn't bet)



PokerStars Hand #254675118016:  Hold'em No Limit ($0.50/$1.00 USD) - 2025/02/02 19:33:42 WET [2025/02/02 14:33:42 ET]
Table 'Valeria' 6-max Seat #1 is the button
Seat 6: kHhox ($107.92 in chips) is sitting out
Seat 1: xxxZeka ($100 in chips) 
Seat 2: Joker007r ($183.03 in chips) 
Seat 3: ZinePablo ($100 in chips) 
Seat 4: z00mba ($107.21 in chips) 
Seat 5: Joe_Li7 ($168.67 in chips) 
Joker007r: posts small blind $0.50
ZinePablo: posts big blind $1
*** HOLE CARDS ***
z00mba: folds 
Joe_Li7: folds 
xxxZeka: folds 
Joker007r: raises $2 to $3
ZinePablo: calls $2
*** FLOP *** [3s 6s 9d]
Joker007r: bets $9.01
ZinePablo: folds 
Uncalled bet ($9.01) returned to Joker007r
Joker007r collected $5.70 from pot
Joker007r: doesn't show hand 
*** SUMMARY ***
Total pot $6 | Rake $0.30 
Board [3s 6s 9d]
Seat 6: kHhox
Seat 1: xxxZeka (button) folded before Flop (didn't bet)
Seat 2: Joker007r (small blind) collected ($5.70)
Seat 3: ZinePablo (big blind) folded on the Flop
Seat 4: z00mba folded before Flop (didn't bet)
Seat 5: Joe_Li7 folded before Flop (didn't bet)



PokerStars Hand #254675133347:  Hold'em No Limit ($0.50/$1.00 USD) - 2025/02/02 19:34:23 WET [2025/02/02 14:34:23 ET]
Table 'Valeria' 6-max Seat #2 is the button
Seat 4: z00mba ($107.21 in chips) is sitting out
Seat 6: kHhox ($107.92 in chips) is sitting out
Seat 1: xxxZeka ($100 in chips) 
Seat 2: Joker007r ($185.73 in chips) 
Seat 3: ZinePablo ($100 in chips) 
Seat 5: Joe_Li7 ($168.67 in chips) 
ZinePablo: posts small blind $0.50
z00mba: is sitting out 
Joe_Li7: posts big blind $1
*** HOLE CARDS ***
xxxZeka: folds 
Joker007r: folds 
ZinePablo: folds 
Uncalled bet ($0.50) returned to Joe_Li7
Joe_Li7 collected $1 from pot
*** SUMMARY ***
Total pot $1 | Rake $0 
Seat 4: z00mba
Seat 6: kHhox
Seat 1: xxxZeka folded before Flop (didn't bet)
Seat 2: Joker007r (button) folded before Flop (didn't bet)
Seat 3: ZinePablo (small blind) folded before Flop
Seat 5: Joe_Li7 (big blind) collected ($1)



PokerStars Hand #254675136125:  Hold'em No Limit ($0.50/$1.00 USD) - 2025/02/02 19:34:30 WET [2025/02/02 14:34:30 ET]
Table 'Valeria' 6-max Seat #3 is the button
Seat 4: z00mba ($107.21 in chips) is sitting out
Seat 6: kHhox ($107.92 in chips) is sitting out
Seat 1: xxxZeka ($100 in chips) 
Seat 2: Joker007r ($185.73 in chips) 
Seat 3: ZinePablo ($100 in chips) 
Seat 5: Joe_Li7 ($169.17 in chips) 
Joe_Li7: posts small blind $0.50
xxxZeka: posts big blind $1
*** HOLE CARDS ***
Joker007r: raises $1.50 to $2.50
ZinePablo: folds 
Joe_Li7: folds 
xxxZeka: folds 
Uncalled bet ($1.50) returned to Joker007r
Joker007r collected $2.50 from pot
Joker007r: doesn't show hand 
*** SUMMARY ***
Total pot $2.50 | Rake $0 
Seat 4: z00mba
Seat 6: kHhox
Seat 1: xxxZeka (big blind) folded before Flop
Seat 2: Joker007r collected ($2.50)
Seat 3: ZinePablo (button) folded before Flop (didn't bet)
Seat 5: Joe_Li7 (small blind) folded before Flop



PokerStars Hand #254675144909:  Hold'em No Limit ($0.50/$1.00 USD) - 2025/02/02 19:34:54 WET [2025/02/02 14:34:54 ET]
Table 'Valeria' 6-max Seat #5 is the button
Seat 4: z00mba ($107.21 in chips) is sitting out
Seat 6: kHhox ($107.92 in chips) is sitting out
Seat 1: xxxZeka ($100 in chips) 
Seat 2: Joker007r ($187.23 in chips) 
Seat 3: ZinePablo ($100 in chips) 
Seat 5: Joe_Li7 ($168.67 in chips) 
xxxZeka: posts small blind $0.50
Joker007r: posts big blind $1
z00mba: sits out 
*** HOLE CARDS ***
ZinePablo: folds 
Joe_Li7: raises $1.20 to $2.20
xxxZeka: folds 
Joker007r: folds 
Uncalled bet ($1.20) returned to Joe_Li7
Joe_Li7 collected $2.50 from pot
*** SUMMARY ***
Total pot $2.50 | Rake $0 
Seat 4: z00mba
Seat 6: kHhox
Seat 1: xxxZeka (small blind) folded before Flop
Seat 2: Joker007r (big blind) folded before Flop
Seat 3: ZinePablo folded before Flop (didn't bet)
Seat 5: Joe_Li7 (button) collected ($2.50)



PokerStars Hand #254675153421:  Hold'em No Limit ($0.50/$1.00 USD) - 2025/02/02 19:35:17 WET [2025/02/02 14:35:17 ET]
Table 'Valeria' 6-max Seat #1 is the button
Seat 4: z00mba ($107.21 in chips) is sitting out
Seat 1: xxxZeka ($100 in chips) 
Seat 2: Joker007r ($186.23 in chips) 
Seat 3: ZinePablo ($100 in chips) 
Seat 5: Joe_Li7 ($170.17 in chips) 
Seat 6: kHhox ($107.92 in chips) 
Joker007r: posts small blind $0.50
ZinePablo: posts big blind $1
z00mba: sits out 
kHhox: posts small & big blinds $1.50
*** HOLE CARDS ***
Joe_Li7: folds 
kHhox: checks 
xxxZeka: raises $3 to $4
Joker007r: raises $12 to $16
ZinePablo: folds 
kHhox: folds 
xxxZeka: folds 
Uncalled bet ($12) returned to Joker007r
Joker007r collected $10.50 from pot
Joker007r: doesn't show hand 
*** SUMMARY ***
Total pot $10.50 | Rake $0 
Seat 4: z00mba
Seat 1: xxxZeka (button) folded before Flop
Seat 2: Joker007r (small blind) collected ($10.50)
Seat 3: ZinePablo (big blind) folded before Flop
Seat 5: Joe_Li7 folded before Flop (didn't bet)
Seat 6: kHhox folded before Flop (didn't bet)



PokerStars Hand #254675165060:  Hold'em No Limit ($0.50/$1.00 USD) - 2025/02/02 19:35:48 WET [2025/02/02 14:35:48 ET]
Table 'Valeria' 6-max Seat #2 is the button
Seat 1: xxxZeka ($100 in chips) 
Seat 2: Joker007r ($192.73 in chips) 
Seat 3: ZinePablo ($100 in chips) 
Seat 4: z00mba ($107.21 in chips) 
Seat 5: Joe_Li7 ($170.17 in chips) 
Seat 6: kHhox ($106.42 in chips) 
ZinePablo: posts small blind $0.50
z00mba: posts big blind $1
*** HOLE CARDS ***
Joe_Li7: folds 
kHhox has timed out
kHhox: folds 
xxxZeka: folds 
Joker007r: folds 
ZinePablo: folds 
Uncalled bet ($0.50) returned to z00mba
z00mba collected $1 from pot
z00mba: doesn't show hand 
*** SUMMARY ***
Total pot $1 | Rake $0 
Seat 1: xxxZeka folded before Flop (didn't bet)
Seat 2: Joker007r (button) folded before Flop (didn't bet)
Seat 3: ZinePablo (small blind) folded before Flop
Seat 4: z00mba (big blind) collected ($1)
Seat 5: Joe_Li7 folded before Flop (didn't bet)
Seat 6: kHhox folded before Flop (didn't bet)



PokerStars Hand #254675175050:  Hold'em No Limit ($0.50/$1.00 USD) - 2025/02/02 19:36:14 WET [2025/02/02 14:36:14 ET]
Table 'Valeria' 6-max Seat #3 is the button
Seat 6: kHhox ($106.42 in chips) is sitting out
Seat 1: xxxZeka ($100 in chips) 
Seat 2: Joker007r ($192.73 in chips) 
Seat 3: ZinePablo ($100 in chips) 
Seat 4: z00mba ($107.71 in chips) 
Seat 5: Joe_Li7 ($170.17 in chips) 
z00mba: posts small blind $0.50
Joe_Li7: posts big blind $1
*** HOLE CARDS ***
xxxZeka: folds 
Joker007r: folds 
ZinePablo: raises $1.50 to $2.50
z00mba: raises $9 to $11.50
Joe_Li7: folds 
ZinePablo: folds 
Uncalled bet ($9) returned to z00mba
ZinePablo leaves the table
z00mba collected $6 from pot
z00mba: doesn't show hand 
*** SUMMARY ***
Total pot $6 | Rake $0 
Seat 6: kHhox
Seat 1: xxxZeka folded before Flop (didn't bet)
Seat 2: Joker007r folded before Flop (didn't bet)
Seat 3: ZinePablo (button) folded before Flop
Seat 4: z00mba (small blind) collected ($6)
Seat 5: Joe_Li7 (big blind) folded before Flop



PokerStars Hand #254675185758:  Hold'em No Limit ($0.50/$1.00 USD) - 2025/02/02 19:36:43 WET [2025/02/02 14:36:43 ET]
Table 'Valeria' 6-max Seat #4 is the button
Seat 6: kHhox ($106.42 in chips) is sitting out
Seat 1: xxxZeka ($100 in chips) 
Seat 2: Joker007r ($192.73 in chips) 
Seat 4: z00mba ($111.21 in chips) 
Seat 5: Joe_Li7 ($169.17 in chips) 
Joe_Li7: posts small blind $0.50
xxxZeka: posts big blind $1
*** HOLE CARDS ***
Joker007r: folds 
z00mba: raises $1.50 to $2.50
Joe_Li7: folds 
xxxZeka: calls $1.50
*** FLOP *** [7c 2d 7h]
xxxZeka: checks 
z00mba: checks 
*** TURN *** [7c 2d 7h] [Js]
xxxZeka: checks 
z00mba: checks 
*** RIVER *** [7c 2d 7h Js] [6s]
xxxZeka: checks 
z00mba: checks 
*** SHOW DOWN ***
xxxZeka: shows [8s Ah] (a pair of Sevens)
z00mba: mucks hand 
xxxZeka collected $5.22 from pot
*** SUMMARY ***
Total pot $5.50 | Rake $0.28 
Board [7c 2d 7h Js 6s]
Seat 6: kHhox
Seat 1: xxxZeka (big blind) showed [8s Ah] and won ($5.22) with a pair of Sevens
Seat 2: Joker007r folded before Flop (didn't bet)
Seat 4: z00mba (button) mucked
Seat 5: Joe_Li7 (small blind) folded before Flop



PokerStars Hand #254675202085:  Hold'em No Limit ($0.50/$1.00 USD) - 2025/02/02 19:37:27 WET [2025/02/02 14:37:27 ET]
Table 'Valeria' 6-max Seat #5 is the button
Seat 6: kHhox ($106.42 in chips) is sitting out
Seat 1: xxxZeka ($102.72 in chips) 
Seat 2: Joker007r ($192.73 in chips) 
Seat 4: z00mba ($108.71 in chips) 
Seat 5: Joe_Li7 ($168.67 in chips) 
xxxZeka: posts small blind $0.50
Joker007r: posts big blind $1
*** HOLE CARDS ***
z00mba: raises $1.50 to $2.50
Joe_Li7: folds 
xxxZeka: folds 
Joker007r: folds 
Uncalled bet ($1.50) returned to z00mba
z00mba collected $2.50 from pot
z00mba: doesn't show hand 
*** SUMMARY ***
Total pot $2.50 | Rake $0 
Seat 6: kHhox
Seat 1: xxxZeka (small blind) folded before Flop
Seat 2: Joker007r (big blind) folded before Flop
Seat 4: z00mba collected ($2.50)
Seat 5: Joe_Li7 (button) folded before Flop (didn't bet)



PokerStars Hand #254675205438:  Hold'em No Limit ($0.50/$1.00 USD) - 2025/02/02 19:37:36 WET [2025/02/02 14:37:36 ET]
Table 'Valeria' 6-max Seat #1 is the button
Seat 6: kHhox ($106.42 in chips) is sitting out
Seat 1: xxxZeka ($102.22 in chips) 
Seat 2: Joker007r ($191.73 in chips) 
Seat 4: z00mba ($110.21 in chips) 
Seat 5: Joe_Li7 ($168.67 in chips) 
Joker007r: posts small blind $0.50
z00mba: posts big blind $1
*** HOLE CARDS ***
michasia joins the table at seat #3 
Joe_Li7: folds 
xxxZeka: folds 
Joker007r: raises $2 to $3
z00mba: folds 
Uncalled bet ($2) returned to Joker007r
Joker007r collected $2 from pot
Joker007r: doesn't show hand 
*** SUMMARY ***
Total pot $2 | Rake $0 
Seat 6: kHhox
Seat 1: xxxZeka (button) folded before Flop (didn't bet)
Seat 2: Joker007r (small blind) collected ($2)
Seat 4: z00mba (big blind) folded before Flop
Seat 5: Joe_Li7 folded before Flop (didn't bet)



PokerStars Hand #254675209976:  Hold'em No Limit ($0.50/$1.00 USD) - 2025/02/02 19:37:48 WET [2025/02/02 14:37:48 ET]
Table 'Valeria' 6-max Seat #2 is the button
Seat 3: michasia ($100 in chips) is sitting out
Seat 6: kHhox ($106.42 in chips) is sitting out
Seat 1: xxxZeka ($102.22 in chips) 
Seat 2: Joker007r ($192.73 in chips) 
Seat 4: z00mba ($109.21 in chips) 
Seat 5: Joe_Li7 ($168.67 in chips) 
z00mba: posts small blind $0.50
Joe_Li7: posts big blind $1
*** HOLE CARDS ***
xxxZeka: folds 
Joker007r: folds 
z00mba: raises $2 to $3
Joe_Li7: raises $6 to $9
z00mba: folds 
Uncalled bet ($6) returned to Joe_Li7
Joe_Li7 collected $6 from pot
*** SUMMARY ***
Total pot $6 | Rake $0 
Seat 3: michasia
Seat 6: kHhox
Seat 1: xxxZeka folded before Flop (didn't bet)
Seat 2: Joker007r (button) folded before Flop (didn't bet)
Seat 4: z00mba (small blind) folded before Flop
Seat 5: Joe_Li7 (big blind) collected ($6)



PokerStars Hand #254675217521:  Hold'em No Limit ($0.50/$1.00 USD) - 2025/02/02 19:38:08 WET [2025/02/02 14:38:08 ET]
Table 'Valeria' 6-max Seat #4 is the button
Seat 3: michasia ($100 in chips) is sitting out
Seat 6: kHhox ($106.42 in chips) is sitting out
Seat 1: xxxZeka ($102.22 in chips) 
Seat 2: Joker007r ($192.73 in chips) 
Seat 4: z00mba ($106.21 in chips) 
Seat 5: Joe_Li7 ($171.67 in chips) 
Joe_Li7: posts small blind $0.50
xxxZeka: posts big blind $1
michasia: sits out 
*** HOLE CARDS ***
Joker007r: raises $1.50 to $2.50
z00mba: folds 
Joe_Li7: folds 
xxxZeka: folds 
Uncalled bet ($1.50) returned to Joker007r
Joker007r collected $2.50 from pot
Joker007r: doesn't show hand 
*** SUMMARY ***
Total pot $2.50 | Rake $0 
Seat 3: michasia
Seat 6: kHhox
Seat 1: xxxZeka (big blind) folded before Flop
Seat 2: Joker007r collected ($2.50)
Seat 4: z00mba (button) folded before Flop (didn't bet)
Seat 5: Joe_Li7 (small blind) folded before Flop



PokerStars Hand #254675268909:  Hold'em No Limit ($0.50/$1.00 USD) - 2025/02/02 19:40:26 WET [2025/02/02 14:40:26 ET]
Table 'Valeria' 6-max Seat #2 is the button
Seat 4: z00mba ($117.71 in chips) is sitting out
Seat 5: Joe_Li7 ($196.67 in chips) is sitting out
Seat 1: xxxZeka ($100.72 in chips) 
Seat 2: Joker007r ($156.23 in chips) 
Seat 3: michasia ($100 in chips) 
Seat 6: kHhox ($106.42 in chips) 
michasia: posts small blind $0.50
z00mba: is sitting out 
Joe_Li7: is sitting out 
kHhox: posts big blind $1
*** HOLE CARDS ***
xxxZeka: folds 
Joker007r: folds 
michasia: folds 
Uncalled bet ($0.50) returned to kHhox
kHhox collected $1 from pot
*** SUMMARY ***
Total pot $1 | Rake $0 
Seat 4: z00mba
Seat 5: Joe_Li7
Seat 1: xxxZeka folded before Flop (didn't bet)
Seat 2: Joker007r (button) folded before Flop (didn't bet)
Seat 3: michasia (small blind) folded before Flop
Seat 6: kHhox (big blind) collected ($1)



PokerStars Hand #254675272688:  Hold'em No Limit ($0.50/$1.00 USD) - 2025/02/02 19:40:36 WET [2025/02/02 14:40:36 ET]
Table 'Valeria' 6-max Seat #3 is the button
Seat 4: z00mba ($117.71 in chips) is sitting out
Seat 5: Joe_Li7 ($196.67 in chips) is sitting out
Seat 1: xxxZeka ($100.72 in chips) 
Seat 2: Joker007r ($156.23 in chips) 
Seat 3: michasia ($100 in chips) 
Seat 6: kHhox ($106.92 in chips) 
kHhox: posts small blind $0.50
xxxZeka: posts big blind $1
*** HOLE CARDS ***
Joker007r: folds 
michasia: folds 
kHhox: calls $0.50
xxxZeka: checks 
*** FLOP *** [8s Tc Kc]
kHhox: bets $1
xxxZeka: calls $1
*** TURN *** [8s Tc Kc] [8c]
kHhox: checks 
xxxZeka: bets $4
kHhox: folds 
Uncalled bet ($4) returned to xxxZeka
xxxZeka collected $3.80 from pot
xxxZeka: doesn't show hand 
*** SUMMARY ***
Total pot $4 | Rake $0.20 
Board [8s Tc Kc 8c]
Seat 4: z00mba
Seat 5: Joe_Li7
Seat 1: xxxZeka (big blind) collected ($3.80)
Seat 2: Joker007r folded before Flop (didn't bet)
Seat 3: michasia (button) folded before Flop (didn't bet)
Seat 6: kHhox (small blind) folded on the Turn



PokerStars Hand #254675285800:  Hold'em No Limit ($0.50/$1.00 USD) - 2025/02/02 19:41:12 WET [2025/02/02 14:41:12 ET]
Table 'Valeria' 6-max Seat #6 is the button
Seat 4: z00mba ($117.71 in chips) is sitting out
Seat 5: Joe_Li7 ($196.67 in chips) is sitting out
Seat 1: xxxZeka ($102.52 in chips) 
Seat 2: Joker007r ($156.23 in chips) 
Seat 3: michasia ($100 in chips) 
Seat 6: kHhox ($104.92 in chips) 
xxxZeka: posts small blind $0.50
Joker007r: posts big blind $1
z00mba: sits out 
*** HOLE CARDS ***
michasia: raises $1.80 to $2.80
kHhox: folds 
xxxZeka: folds 
Joe_Li7 leaves the table
Joker007r: calls $1.80
*** FLOP *** [Js 4d 9h]
Joker007r: checks 
michasia: bets $1.91
Joker007r: calls $1.91
*** TURN *** [Js 4d 9h] [Jc]
Joker007r: checks 
michasia: bets $14.13
Joker007r: calls $14.13
*** RIVER *** [Js 4d 9h Jc] [7s]
skars07 joins the table at seat #5 
Joker007r: checks 
michasia: checks 
*** SHOW DOWN ***
Joker007r: shows [Th Ts] (two pair, Jacks and Tens)
michasia: mucks hand 
Joker007r collected $37.18 from pot
*** SUMMARY ***
Total pot $38.18 | Rake $1 
Board [Js 4d 9h Jc 7s]
Seat 4: z00mba
Seat 5: Joe_Li7
Seat 1: xxxZeka (small blind) folded before Flop
Seat 2: Joker007r (big blind) showed [Th Ts] and won ($37.18) with two pair, Jacks and Tens
Seat 3: michasia mucked
Seat 6: kHhox (button) folded before Flop (didn't bet)



PokerStars Hand #254675305552:  Hold'em No Limit ($0.50/$1.00 USD) - 2025/02/02 19:42:04 WET [2025/02/02 14:42:04 ET]
Table 'Valeria' 6-max Seat #1 is the button
Seat 4: z00mba ($117.71 in chips) is sitting out
Seat 5: skars07 ($100 in chips) is sitting out
Seat 1: xxxZeka ($102.02 in chips) 
Seat 2: Joker007r ($174.57 in chips) 
Seat 3: michasia ($100 in chips) 
Seat 6: kHhox ($104.92 in chips) 
Joker007r: posts small blind $0.50
michasia: posts big blind $1
z00mba: sits out 
skars07: sits out 
*** HOLE CARDS ***
kHhox: raises $2 to $3
xxxZeka: folds 
Joker007r: folds 
michasia: folds 
Uncalled bet ($2) returned to kHhox
kHhox collected $2.50 from pot
*** SUMMARY ***
Total pot $2.50 | Rake $0 
Seat 4: z00mba
Seat 5: skars07
Seat 1: xxxZeka (button) folded before Flop (didn't bet)
Seat 2: Joker007r (small blind) folded before Flop
Seat 3: michasia (big blind) folded before Flop
Seat 6: kHhox collected ($2.50)



PokerStars Hand #254675312604:  Hold'em No Limit ($0.50/$1.00 USD) - 2025/02/02 19:42:23 WET [2025/02/02 14:42:23 ET]
Table 'Valeria' 6-max Seat #2 is the button
Seat 5: skars07 ($100 in chips) is sitting out
Seat 1: xxxZeka ($102.02 in chips) 
Seat 2: Joker007r ($174.07 in chips) 
Seat 3: michasia ($100 in chips) 
Seat 4: z00mba ($117.71 in chips) 
Seat 6: kHhox ($106.42 in chips) 
michasia: posts small blind $0.50
z00mba: posts big blind $1
skars07: sits out 
*** HOLE CARDS ***
kHhox: calls $1
xxxZeka: raises $4 to $5
Joker007r: folds 
michasia: folds 
z00mba: folds 
kHhox: folds 
Uncalled bet ($4) returned to xxxZeka
xxxZeka collected $3.50 from pot
xxxZeka: doesn't show hand 
*** SUMMARY ***
Total pot $3.50 | Rake $0 
Seat 5: skars07
Seat 1: xxxZeka collected ($3.50)
Seat 2: Joker007r (button) folded before Flop (didn't bet)
Seat 3: michasia (small blind) folded before Flop
Seat 4: z00mba (big blind) folded before Flop
Seat 6: kHhox folded before Flop



PokerStars Hand #254675318308:  Hold'em No Limit ($0.50/$1.00 USD) - 2025/02/02 19:42:38 WET [2025/02/02 14:42:38 ET]
Table 'Valeria' 6-max Seat #3 is the button
Seat 1: xxxZeka ($104.52 in chips) 
Seat 2: Joker007r ($174.07 in chips) 
Seat 3: michasia ($100 in chips) 
Seat 4: z00mba ($116.71 in chips) 
Seat 5: skars07 ($100 in chips) 
Seat 6: kHhox ($105.42 in chips) 
z00mba: posts small blind $0.50
skars07: posts big blind $1
*** HOLE CARDS ***
kHhox: calls $1
xxxZeka: folds 
Joker007r: raises $2.50 to $3.50
michasia: folds 
z00mba: folds 
skars07: folds 
kHhox: calls $2.50
*** FLOP *** [9d Kd 2h]
kHhox: checks 
Joker007r: bets $2.67
kHhox: folds 
Uncalled bet ($2.67) returned to Joker007r
Joker007r collected $8.08 from pot
Joker007r: doesn't show hand 
*** SUMMARY ***
Total pot $8.50 | Rake $0.42 
Board [9d Kd 2h]
Seat 1: xxxZeka folded before Flop (didn't bet)
Seat 2: Joker007r collected ($8.08)
Seat 3: michasia (button) folded before Flop (didn't bet)
Seat 4: z00mba (small blind) folded before Flop
Seat 5: skars07 (big blind) folded before Flop
Seat 6: kHhox folded on the Flop



PokerStars Hand #254675331840:  Hold'em No Limit ($0.50/$1.00 USD) - 2025/02/02 19:43:15 WET [2025/02/02 14:43:15 ET]
Table 'Valeria' 6-max Seat #4 is the button
Seat 1: xxxZeka ($104.52 in chips) 
Seat 2: Joker007r ($178.65 in chips) 
Seat 3: michasia ($100 in chips) 
Seat 4: z00mba ($116.21 in chips) 
Seat 5: skars07 ($100 in chips) 
Seat 6: kHhox ($101.92 in chips) 
skars07: posts small blind $0.50
kHhox: posts big blind $1
*** HOLE CARDS ***
xxxZeka: folds 
Joker007r: folds 
michasia: folds 
z00mba: folds 
skars07: raises $2 to $3
kHhox: folds 
Uncalled bet ($2) returned to skars07
skars07 collected $2 from pot
skars07: doesn't show hand 
*** SUMMARY ***
Total pot $2 | Rake $0 
Seat 1: xxxZeka folded before Flop (didn't bet)
Seat 2: Joker007r folded before Flop (didn't bet)
Seat 3: michasia folded before Flop (didn't bet)
Seat 4: z00mba (button) folded before Flop (didn't bet)
Seat 5: skars07 (small blind) collected ($2)
Seat 6: kHhox (big blind) folded before Flop



PokerStars Hand #254675337903:  Hold'em No Limit ($0.50/$1.00 USD) - 2025/02/02 19:43:31 WET [2025/02/02 14:43:31 ET]
Table 'Valeria' 6-max Seat #5 is the button
Seat 1: xxxZeka ($104.52 in chips) 
Seat 2: Joker007r ($178.65 in chips) 
Seat 3: michasia ($100 in chips) 
Seat 4: z00mba ($116.21 in chips) 
Seat 5: skars07 ($101 in chips) 
Seat 6: kHhox ($100.92 in chips) 
kHhox: posts small blind $0.50
xxxZeka: posts big blind $1
*** HOLE CARDS ***
Joker007r: folds 
michasia: raises $1.60 to $2.60
z00mba: raises $6.40 to $9
skars07: folds 
kHhox: calls $8.50
xxxZeka: folds 
michasia: calls $6.40
*** FLOP *** [9s 3c 4s]
kHhox: checks 
michasia: checks 
z00mba: bets $8.51
kHhox: calls $8.51
michasia: folds 
*** TURN *** [9s 3c 4s] [8s]
kHhox: checks 
z00mba: bets $13.69
kHhox: folds 
Uncalled bet ($13.69) returned to z00mba
z00mba collected $42.77 from pot
z00mba: doesn't show hand 
*** SUMMARY ***
Total pot $45.02 | Rake $2.25 
Board [9s 3c 4s 8s]
Seat 1: xxxZeka (big blind) folded before Flop
Seat 2: Joker007r folded before Flop (didn't bet)
Seat 3: michasia folded on the Flop
Seat 4: z00mba collected ($42.77)
Seat 5: skars07 (button) folded before Flop (didn't bet)
Seat 6: kHhox (small blind) folded on the Turn



PokerStars Hand #254675360899:  Hold'em No Limit ($0.50/$1.00 USD) - 2025/02/02 19:44:33 WET [2025/02/02 14:44:33 ET]
Table 'Valeria' 6-max Seat #6 is the button
Seat 1: xxxZeka ($103.52 in chips) 
Seat 2: Joker007r ($178.65 in chips) 
Seat 3: michasia ($100 in chips) 
Seat 4: z00mba ($141.47 in chips) 
Seat 5: skars07 ($101 in chips) 
Seat 6: kHhox ($83.41 in chips) 
xxxZeka: posts small blind $0.50
Joker007r: posts big blind $1
*** HOLE CARDS ***
michasia: folds 
z00mba: raises $1.50 to $2.50
skars07: folds 
kHhox: raises $1.50 to $4
xxxZeka: folds 
Joker007r: folds 
z00mba: calls $1.50
*** FLOP *** [Kh 8c Th]
z00mba: checks 
kHhox: bets $4
z00mba: calls $4
*** TURN *** [Kh 8c Th] [2d]
z00mba: checks 
kHhox: bets $7
z00mba: folds 
Uncalled bet ($7) returned to kHhox
kHhox collected $16.62 from pot
*** SUMMARY ***
Total pot $17.50 | Rake $0.88 
Board [Kh 8c Th 2d]
Seat 1: xxxZeka (small blind) folded before Flop
Seat 2: Joker007r (big blind) folded before Flop
Seat 3: michasia folded before Flop (didn't bet)
Seat 4: z00mba folded on the Turn
Seat 5: skars07 folded before Flop (didn't bet)
Seat 6: kHhox (button) collected ($16.62)



PokerStars Hand #254675380352:  Hold'em No Limit ($0.50/$1.00 USD) - 2025/02/02 19:45:26 WET [2025/02/02 14:45:26 ET]
Table 'Valeria' 6-max Seat #1 is the button
Seat 1: xxxZeka ($103.02 in chips) 
Seat 2: Joker007r ($177.65 in chips) 
Seat 3: michasia ($100 in chips) 
Seat 4: z00mba ($133.47 in chips) 
Seat 5: skars07 ($101 in chips) 
Seat 6: kHhox ($92.03 in chips) 
Joker007r: posts small blind $0.50
michasia: posts big blind $1
*** HOLE CARDS ***
z00mba: raises $1.50 to $2.50
skars07: folds 
kHhox has timed out
kHhox: folds 
xxxZeka: folds 
Joker007r: folds 
michasia: folds 
Uncalled bet ($1.50) returned to z00mba
z00mba collected $2.50 from pot
z00mba: doesn't show hand 
*** SUMMARY ***
Total pot $2.50 | Rake $0 
Seat 1: xxxZeka (button) folded before Flop (didn't bet)
Seat 2: Joker007r (small blind) folded before Flop
Seat 3: michasia (big blind) folded before Flop
Seat 4: z00mba collected ($2.50)
Seat 5: skars07 folded before Flop (didn't bet)
Seat 6: kHhox folded before Flop (didn't bet)



PokerStars Hand #254675393145:  Hold'em No Limit ($0.50/$1.00 USD) - 2025/02/02 19:46:00 WET [2025/02/02 14:46:00 ET]
Table 'Valeria' 6-max Seat #2 is the button
Seat 6: kHhox ($92.03 in chips) is sitting out
Seat 1: xxxZeka ($103.02 in chips) 
Seat 2: Joker007r ($177.15 in chips) 
Seat 3: michasia ($100 in chips) 
Seat 4: z00mba ($134.97 in chips) 
Seat 5: skars07 ($101 in chips) 
michasia: posts small blind $0.50
z00mba: posts big blind $1
*** HOLE CARDS ***
skars07: folds 
xxxZeka: folds 
Joker007r: folds 
michasia: raises $2 to $3
z00mba: calls $2
*** FLOP *** [6s 2c Td]
michasia: checks 
z00mba: checks 
*** TURN *** [6s 2c Td] [Kd]
michasia: bets $3.80
z00mba: folds 
Uncalled bet ($3.80) returned to michasia
michasia collected $5.70 from pot
michasia: doesn't show hand 
*** SUMMARY ***
Total pot $6 | Rake $0.30 
Board [6s 2c Td Kd]
Seat 6: kHhox
Seat 1: xxxZeka folded before Flop (didn't bet)
Seat 2: Joker007r (button) folded before Flop (didn't bet)
Seat 3: michasia (small blind) collected ($5.70)
Seat 4: z00mba (big blind) folded on the Turn
Seat 5: skars07 folded before Flop (didn't bet)



PokerStars Hand #254675415271:  Hold'em No Limit ($0.50/$1.00 USD) - 2025/02/02 19:46:59 WET [2025/02/02 14:46:59 ET]
Table 'Valeria' 6-max Seat #4 is the button
Seat 6: kHhox ($92.03 in chips) is sitting out
Seat 1: xxxZeka ($103.02 in chips) 
Seat 2: Joker007r ($177.15 in chips) 
Seat 4: z00mba ($131.97 in chips) 
Seat 5: skars07 ($101 in chips) 
skars07: posts small blind $0.50
xxxZeka: posts big blind $1
*** HOLE CARDS ***
Joker007r: raises $1.50 to $2.50
z00mba: folds 
skars07: folds 
xxxZeka: folds 
Uncalled bet ($1.50) returned to Joker007r
Joker007r collected $2.50 from pot
Joker007r: doesn't show hand 
*** SUMMARY ***
Total pot $2.50 | Rake $0 
Seat 6: kHhox
Seat 1: xxxZeka (big blind) folded before Flop
Seat 2: Joker007r collected ($2.50)
Seat 4: z00mba (button) folded before Flop (didn't bet)
Seat 5: skars07 (small blind) folded before Flop



PokerStars Hand #254675421110:  Hold'em No Limit ($0.50/$1.00 USD) - 2025/02/02 19:47:15 WET [2025/02/02 14:47:15 ET]
Table 'Valeria' 6-max Seat #5 is the button
Seat 6: kHhox ($92.03 in chips) is sitting out
Seat 1: xxxZeka ($102.02 in chips) 
Seat 2: Joker007r ($178.65 in chips) 
Seat 4: z00mba ($131.97 in chips) 
Seat 5: skars07 ($100.50 in chips) 
xxxZeka: posts small blind $0.50
Joker007r: posts big blind $1
*** HOLE CARDS ***
z00mba: folds 
skars07: raises $1.50 to $2.50
sta$igk joins the table at seat #3 
xxxZeka: folds 
Joker007r: folds 
Uncalled bet ($1.50) returned to skars07
skars07 collected $2.50 from pot
skars07: doesn't show hand 
*** SUMMARY ***
Total pot $2.50 | Rake $0 
Seat 6: kHhox
Seat 1: xxxZeka (small blind) folded before Flop
Seat 2: Joker007r (big blind) folded before Flop
Seat 4: z00mba folded before Flop (didn't bet)
Seat 5: skars07 (button) collected ($2.50)



PokerStars Hand #254675426561:  Hold'em No Limit ($0.50/$1.00 USD) - 2025/02/02 19:47:30 WET [2025/02/02 14:47:30 ET]
Table 'Valeria' 6-max Seat #1 is the button
Seat 6: kHhox ($92.03 in chips) is sitting out
Seat 1: xxxZeka ($101.52 in chips) 
Seat 2: Joker007r ($177.65 in chips) 
Seat 3: sta$igk ($100 in chips) 
Seat 4: z00mba ($131.97 in chips) 
Seat 5: skars07 ($102 in chips) 
Joker007r: posts small blind $0.50
sta$igk: posts big blind $1
*** HOLE CARDS ***
z00mba: folds 
skars07: folds 
xxxZeka: folds 
Joker007r: folds 
Uncalled bet ($0.50) returned to sta$igk
sta$igk collected $1 from pot
sta$igk: doesn't show hand 
*** SUMMARY ***
Total pot $1 | Rake $0 
Seat 6: kHhox
Seat 1: xxxZeka (button) folded before Flop (didn't bet)
Seat 2: Joker007r (small blind) folded before Flop
Seat 3: sta$igk (big blind) collected ($1)
Seat 4: z00mba folded before Flop (didn't bet)
Seat 5: skars07 folded before Flop (didn't bet)



PokerStars Hand #254675433801:  Hold'em No Limit ($0.50/$1.00 USD) - 2025/02/02 19:47:49 WET [2025/02/02 14:47:49 ET]
Table 'Valeria' 6-max Seat #2 is the button
Seat 4: z00mba ($131.97 in chips) is sitting out
Seat 6: kHhox ($92.03 in chips) is sitting out
Seat 1: xxxZeka ($101.52 in chips) 
Seat 2: Joker007r ($177.15 in chips) 
Seat 3: sta$igk ($100.50 in chips) 
Seat 5: skars07 ($102 in chips) 
sta$igk: posts small blind $0.50
z00mba: is sitting out 
skars07: posts big blind $1
*** HOLE CARDS ***
xxxZeka: folds 
Joker007r: folds 
sta$igk: raises $2 to $3
skars07: folds 
Uncalled bet ($2) returned to sta$igk
sta$igk collected $2 from pot
sta$igk: doesn't show hand 
*** SUMMARY ***
Total pot $2 | Rake $0 
Seat 4: z00mba
Seat 6: kHhox
Seat 1: xxxZeka folded before Flop (didn't bet)
Seat 2: Joker007r (button) folded before Flop (didn't bet)
Seat 3: sta$igk (small blind) collected ($2)
Seat 5: skars07 (big blind) folded before Flop



PokerStars Hand #254675439765:  Hold'em No Limit ($0.50/$1.00 USD) - 2025/02/02 19:48:05 WET [2025/02/02 14:48:05 ET]
Table 'Valeria' 6-max Seat #3 is the button
Seat 4: z00mba ($131.97 in chips) is sitting out
Seat 6: kHhox ($92.03 in chips) is sitting out
Seat 1: xxxZeka ($101.52 in chips) 
Seat 2: Joker007r ($177.15 in chips) 
Seat 3: sta$igk ($101.50 in chips) 
Seat 5: skars07 ($101 in chips) 
skars07: posts small blind $0.50
xxxZeka: posts big blind $1
*** HOLE CARDS ***
Joker007r: folds 
sta$igk: raises $1.50 to $2.50
skars07: folds 
xxxZeka: folds 
Uncalled bet ($1.50) returned to sta$igk
sta$igk collected $2.50 from pot
sta$igk: doesn't show hand 
*** SUMMARY ***
Total pot $2.50 | Rake $0 
Seat 4: z00mba
Seat 6: kHhox
Seat 1: xxxZeka (big blind) folded before Flop
Seat 2: Joker007r folded before Flop (didn't bet)
Seat 3: sta$igk (button) collected ($2.50)
Seat 5: skars07 (small blind) folded before Flop



PokerStars Hand #254675444235:  Hold'em No Limit ($0.50/$1.00 USD) - 2025/02/02 19:48:17 WET [2025/02/02 14:48:17 ET]
Table 'Valeria' 6-max Seat #5 is the button
Seat 4: z00mba ($131.97 in chips) is sitting out
Seat 6: kHhox ($92.03 in chips) is sitting out
Seat 1: xxxZeka ($100.52 in chips) 
Seat 2: Joker007r ($177.15 in chips) 
Seat 3: sta$igk ($103 in chips) 
Seat 5: skars07 ($100.50 in chips) 
xxxZeka: posts small blind $0.50
Joker007r: posts big blind $1
*** HOLE CARDS ***
sta$igk: raises $1.50 to $2.50
skars07: folds 
xxxZeka: folds 
Joker007r: calls $1.50
*** FLOP *** [Jd Jh Td]
Joker007r: checks 
sta$igk: bets $1.72
Joker007r: raises $6.32 to $8.04
kHhox is disconnected 
sta$igk: calls $6.32
*** TURN *** [Jd Jh Td] [9c]
Joker007r: checks 
sta$igk: checks 
*** RIVER *** [Jd Jh Td 9c] [5s]
Joker007r: bets $13.72
sta$igk: calls $13.72
*** SHOW DOWN ***
Joker007r: shows [Ad Js] (three of a kind, Jacks)
sta$igk: mucks hand 
Joker007r collected $48.02 from pot
*** SUMMARY ***
Total pot $49.02 | Rake $1 
Board [Jd Jh Td 9c 5s]
Seat 4: z00mba
Seat 6: kHhox
Seat 1: xxxZeka (small blind) folded before Flop
Seat 2: Joker007r (big blind) showed [Ad Js] and won ($48.02) with three of a kind, Jacks
Seat 3: sta$igk mucked
Seat 5: skars07 (button) folded before Flop (didn't bet)



PokerStars Hand #254675476087:  Hold'em No Limit ($0.50/$1.00 USD) - 2025/02/02 19:49:43 WET [2025/02/02 14:49:43 ET]
Table 'Valeria' 6-max Seat #1 is the button
Seat 4: z00mba ($131.97 in chips) is sitting out
Seat 6: kHhox ($92.03 in chips) is sitting out
Seat 1: xxxZeka ($100.02 in chips) 
Seat 2: Joker007r ($200.91 in chips) 
Seat 3: sta$igk ($100 in chips) 
Seat 5: skars07 ($100.50 in chips) 
Joker007r: posts small blind $0.50
sta$igk: posts big blind $1
*** HOLE CARDS ***
skars07: folds 
xxxZeka: folds 
Joker007r: folds 
Uncalled bet ($0.50) returned to sta$igk
sta$igk collected $1 from pot
sta$igk: doesn't show hand 
*** SUMMARY ***
Total pot $1 | Rake $0 
Seat 4: z00mba
Seat 6: kHhox
Seat 1: xxxZeka (button) folded before Flop (didn't bet)
Seat 2: Joker007r (small blind) folded before Flop
Seat 3: sta$igk (big blind) collected ($1)
Seat 5: skars07 folded before Flop (didn't bet)



PokerStars Hand #254675479155:  Hold'em No Limit ($0.50/$1.00 USD) - 2025/02/02 19:49:51 WET [2025/02/02 14:49:51 ET]
Table 'Valeria' 6-max Seat #2 is the button
Seat 4: z00mba ($131.97 in chips) is sitting out
Seat 6: kHhox ($92.03 in chips) is sitting out
Seat 1: xxxZeka ($100.02 in chips) 
Seat 2: Joker007r ($200.41 in chips) 
Seat 3: sta$igk ($100.50 in chips) 
Seat 5: skars07 ($100.50 in chips) 
sta$igk: posts small blind $0.50
skars07: posts big blind $1
*** HOLE CARDS ***
xxxZeka: raises $1.50 to $2.50
Joker007r: raises $5 to $7.50
sta$igk: folds 
skars07: folds 
xxxZeka: raises $14.50 to $22
Joker007r: folds 
Uncalled bet ($14.50) returned to xxxZeka
xxxZeka collected $16.50 from pot
xxxZeka: doesn't show hand 
*** SUMMARY ***
Total pot $16.50 | Rake $0 
Seat 4: z00mba
Seat 6: kHhox
Seat 1: xxxZeka collected ($16.50)
Seat 2: Joker007r (button) folded before Flop
Seat 3: sta$igk (small blind) folded before Flop
Seat 5: skars07 (big blind) folded before Flop



PokerStars Hand #254675495731:  Hold'em No Limit ($0.50/$1.00 USD) - 2025/02/02 19:50:36 WET [2025/02/02 14:50:36 ET]
Table 'Valeria' 6-max Seat #3 is the button
Seat 4: z00mba ($131.97 in chips) is sitting out
Seat 1: xxxZeka ($109.02 in chips) 
Seat 2: Joker007r ($192.91 in chips) 
Seat 3: sta$igk ($100 in chips) 
Seat 5: skars07 ($100 in chips) 
Seat 6: kHhox ($92.03 in chips) 
skars07: posts small blind $0.50
kHhox: posts big blind $1
*** HOLE CARDS ***
xxxZeka: folds 
Joker007r: raises $1.50 to $2.50
sta$igk: folds 
skars07: folds 
kHhox: calls $1.50
*** FLOP *** [5d 7s 4c]
kHhox: checks 
Joker007r: bets $1.72
kHhox: folds 
Uncalled bet ($1.72) returned to Joker007r
Joker007r collected $5.22 from pot
Joker007r: doesn't show hand 
*** SUMMARY ***
Total pot $5.50 | Rake $0.28 
Board [5d 7s 4c]
Seat 4: z00mba
Seat 1: xxxZeka folded before Flop (didn't bet)
Seat 2: Joker007r collected ($5.22)
Seat 3: sta$igk (button) folded before Flop (didn't bet)
Seat 5: skars07 (small blind) folded before Flop
Seat 6: kHhox (big blind) folded on the Flop



PokerStars Hand #254675505288:  Hold'em No Limit ($0.50/$1.00 USD) - 2025/02/02 19:51:02 WET [2025/02/02 14:51:02 ET]
Table 'Valeria' 6-max Seat #5 is the button
Seat 4: z00mba ($131.97 in chips) is sitting out
Seat 1: xxxZeka ($109.02 in chips) 
Seat 2: Joker007r ($195.63 in chips) 
Seat 3: sta$igk ($100 in chips) 
Seat 5: skars07 ($100 in chips) 
Seat 6: kHhox ($89.53 in chips) 
kHhox: posts small blind $0.50
xxxZeka: posts big blind $1
*** HOLE CARDS ***
Joker007r: folds 
sta$igk: raises $1.50 to $2.50
skars07: folds 
kHhox: calls $2
xxxZeka: folds 
*** FLOP *** [Jc 8d 2d]
kHhox: checks 
sta$igk: bets $1.88
kHhox: calls $1.88
*** TURN *** [Jc 8d 2d] [Kc]
kHhox: checks 
sta$igk: bets $13.90
kHhox: folds 
Uncalled bet ($13.90) returned to sta$igk
sta$igk collected $9.27 from pot
sta$igk: doesn't show hand 
*** SUMMARY ***
Total pot $9.76 | Rake $0.49 
Board [Jc 8d 2d Kc]
Seat 4: z00mba
Seat 1: xxxZeka (big blind) folded before Flop
Seat 2: Joker007r folded before Flop (didn't bet)
Seat 3: sta$igk collected ($9.27)
Seat 5: skars07 (button) folded before Flop (didn't bet)
Seat 6: kHhox (small blind) folded on the Turn



PokerStars Hand #254675520136:  Hold'em No Limit ($0.50/$1.00 USD) - 2025/02/02 19:51:42 WET [2025/02/02 14:51:42 ET]
Table 'Valeria' 6-max Seat #6 is the button
Seat 4: z00mba ($131.97 in chips) is sitting out
Seat 1: xxxZeka ($108.02 in chips) 
Seat 2: Joker007r ($195.63 in chips) 
Seat 3: sta$igk ($104.89 in chips) 
Seat 5: skars07 ($100 in chips) 
Seat 6: kHhox ($85.15 in chips) 
xxxZeka: posts small blind $0.50
Joker007r: posts big blind $1
*** HOLE CARDS ***
sta$igk: raises $1.50 to $2.50
skars07: folds 
kHhox: folds 
kHhox leaves the table
xxxZeka: folds 
Joker007r: calls $1.50
*** FLOP *** [9h Ks 4d]
michasia joins the table at seat #6 
Joker007r: checks 
sta$igk: bets $1.72
Joker007r: calls $1.72
*** TURN *** [9h Ks 4d] [9d]
Joker007r: checks 
sta$igk: checks 
*** RIVER *** [9h Ks 4d 9d] [9s]
Joker007r: bets $2.80
sta$igk: calls $2.80
*** SHOW DOWN ***
Joker007r: shows [6s 6c] (a full house, Nines full of Sixes)
sta$igk: shows [Kc Qc] (a full house, Nines full of Kings)
sta$igk collected $13.81 from pot
*** SUMMARY ***
Total pot $14.54 | Rake $0.73 
Board [9h Ks 4d 9d 9s]
Seat 4: z00mba
Seat 1: xxxZeka (small blind) folded before Flop
Seat 2: Joker007r (big blind) showed [6s 6c] and lost with a full house, Nines full of Sixes
Seat 3: sta$igk showed [Kc Qc] and won ($13.81) with a full house, Nines full of Kings
Seat 5: skars07 folded before Flop (didn't bet)
Seat 6: kHhox (button) folded before Flop (didn't bet)



PokerStars Hand #254675540957:  Hold'em No Limit ($0.50/$1.00 USD) - 2025/02/02 19:52:37 WET [2025/02/02 14:52:37 ET]
Table 'Valeria' 6-max Seat #1 is the button
Seat 3: sta$igk ($111.68 in chips) is sitting out
Seat 4: z00mba ($131.97 in chips) is sitting out
Seat 5: skars07 ($100 in chips) is sitting out
Seat 1: xxxZeka ($107.52 in chips) 
Seat 2: Joker007r ($188.61 in chips) 
Seat 6: michasia ($102.70 in chips) 
Joker007r: posts small blind $0.50
sta$igk: is sitting out 
skars07: is sitting out 
michasia: posts big blind $1
*** HOLE CARDS ***
sta$igk leaves the table
xxxZeka: folds 
Joker007r: folds 
Uncalled bet ($0.50) returned to michasia
skars07 leaves the table
michasia collected $1 from pot
michasia: doesn't show hand 
*** SUMMARY ***
Total pot $1 | Rake $0 
Seat 3: sta$igk
Seat 4: z00mba
Seat 5: skars07
Seat 1: xxxZeka (button) folded before Flop (didn't bet)
Seat 2: Joker007r (small blind) folded before Flop
Seat 6: michasia (big blind) collected ($1)



