PokerStars Hand #254665426752:  Hold'em No Limit ($0.50/$1.00 USD) - 2025/02/02 5:23:34 WET [2025/02/02 0:23:34 ET]
Table 'Amalia' 6-max Seat #1 is the button
Seat 1: nastja336 ($100 in chips) 
Seat 2: app1e_j@ck ($100 in chips) 
Seat 3: zzaimo ($100 in chips) 
Seat 4: shave_mustache ($100 in chips) 
Seat 5: Pon4uk.ua ($100 in chips) 
Seat 6: reeqar ($101.50 in chips) 
app1e_j@ck: posts small blind $0.50
zzaimo: posts big blind $1
*** HOLE CARDS ***
shave_mustache has timed out
shave_mustache: folds 
Pon4uk.ua: folds 
reeqar: folds 
nastja336: folds 
app1e_j@ck: raises $2 to $3
zzaimo: calls $2
*** FLOP *** [9d 5c 8s]
app1e_j@ck: bets $4.28
zzaimo: calls $4.28
*** TURN *** [9d 5c 8s] [3d]
app1e_j@ck: bets $11.37
zzaimo: folds 
Uncalled bet ($11.37) returned to app1e_j@ck
app1e_j@ck collected $13.83 from pot
app1e_j@ck: doesn't show hand 
*** SUMMARY ***
Total pot $14.56 | Rake $0.73 
Board [9d 5c 8s 3d]
Seat 1: nastja336 (button) folded before Flop (didn't bet)
Seat 2: app1e_j@ck (small blind) collected ($13.83)
Seat 3: zzaimo (big blind) folded on the Turn
Seat 4: shave_mustache folded before Flop (didn't bet)
Seat 5: Pon4uk.ua folded before Flop (didn't bet)
Seat 6: reeqar folded before Flop (didn't bet)



PokerStars Hand #254665433017:  Hold'em No Limit ($0.50/$1.00 USD) - 2025/02/02 5:24:40 WET [2025/02/02 0:24:40 ET]
Table 'Amalia' 6-max Seat #2 is the button
Seat 1: nastja336 ($100 in chips) 
Seat 2: app1e_j@ck ($106.55 in chips) 
Seat 3: zzaimo ($92.72 in chips) 
Seat 4: shave_mustache ($100 in chips) 
Seat 5: Pon4uk.ua ($100 in chips) 
Seat 6: reeqar ($101.50 in chips) 
zzaimo: posts small blind $0.50
shave_mustache: posts big blind $1
*** HOLE CARDS ***
Pon4uk.ua: folds 
reeqar: raises $1.50 to $2.50
nastja336: folds 
app1e_j@ck: raises $6 to $8.50
zzaimo: folds 
shave_mustache: folds 
reeqar: raises $13.50 to $22
app1e_j@ck: folds 
Uncalled bet ($13.50) returned to reeqar
reeqar collected $18.50 from pot
reeqar: doesn't show hand 
*** SUMMARY ***
Total pot $18.50 | Rake $0 
Seat 1: nastja336 folded before Flop (didn't bet)
Seat 2: app1e_j@ck (button) folded before Flop
Seat 3: zzaimo (small blind) folded before Flop
Seat 4: shave_mustache (big blind) folded before Flop
Seat 5: Pon4uk.ua folded before Flop (didn't bet)
Seat 6: reeqar collected ($18.50)



PokerStars Hand #254665438172:  Hold'em No Limit ($0.50/$1.00 USD) - 2025/02/02 5:25:34 WET [2025/02/02 0:25:34 ET]
Table 'Amalia' 6-max Seat #3 is the button
Seat 1: nastja336 ($100 in chips) 
Seat 2: app1e_j@ck ($100 in chips) 
Seat 3: zzaimo ($92.22 in chips) 
Seat 4: shave_mustache ($100 in chips) 
Seat 5: Pon4uk.ua ($100 in chips) 
Seat 6: reeqar ($111.50 in chips) 
shave_mustache: posts small blind $0.50
Pon4uk.ua: posts big blind $1
*** HOLE CARDS ***
reeqar: folds 
nastja336: folds 
app1e_j@ck: folds 
zzaimo: folds 
shave_mustache: raises $2 to $3
reeqar leaves the table
Pon4uk.ua: calls $2
*** FLOP *** [Jh 8s Qh]
XneferX joins the table at seat #6 
shave_mustache: checks 
Pon4uk.ua: bets $2.85
shave_mustache: folds 
Uncalled bet ($2.85) returned to Pon4uk.ua
Pon4uk.ua collected $5.70 from pot
Pon4uk.ua: doesn't show hand 
*** SUMMARY ***
Total pot $6 | Rake $0.30 
Board [Jh 8s Qh]
Seat 1: nastja336 folded before Flop (didn't bet)
Seat 2: app1e_j@ck folded before Flop (didn't bet)
Seat 3: zzaimo (button) folded before Flop (didn't bet)
Seat 4: shave_mustache (small blind) folded on the Flop
Seat 5: Pon4uk.ua (big blind) collected ($5.70)
Seat 6: reeqar folded before Flop (didn't bet)



PokerStars Hand #254665443870:  Hold'em No Limit ($0.50/$1.00 USD) - 2025/02/02 5:26:34 WET [2025/02/02 0:26:34 ET]
Table 'Amalia' 6-max Seat #4 is the button
Seat 1: nastja336 ($100 in chips) 
Seat 2: app1e_j@ck ($100 in chips) 
Seat 3: zzaimo ($92.22 in chips) 
Seat 4: shave_mustache ($100 in chips) 
Seat 5: Pon4uk.ua ($102.70 in chips) 
Seat 6: XneferX ($100 in chips) 
Pon4uk.ua: posts small blind $0.50
XneferX: posts big blind $1
*** HOLE CARDS ***
nastja336: folds 
app1e_j@ck: folds 
zzaimo: calls $1
shave_mustache: folds 
Pon4uk.ua: calls $0.50
XneferX: checks 
*** FLOP *** [6s Ac 5d]
Pon4uk.ua: checks 
XneferX: checks 
zzaimo: bets $1.43
Pon4uk.ua: calls $1.43
XneferX: calls $1.43
*** TURN *** [6s Ac 5d] [7h]
Pon4uk.ua: checks 
XneferX: checks 
zzaimo: checks 
*** RIVER *** [6s Ac 5d 7h] [3s]
Pon4uk.ua: checks 
XneferX: bets $5.34
zzaimo: folds 
Pon4uk.ua: folds 
Uncalled bet ($5.34) returned to XneferX
XneferX collected $6.93 from pot
XneferX: doesn't show hand 
*** SUMMARY ***
Total pot $7.29 | Rake $0.36 
Board [6s Ac 5d 7h 3s]
Seat 1: nastja336 folded before Flop (didn't bet)
Seat 2: app1e_j@ck folded before Flop (didn't bet)
Seat 3: zzaimo folded on the River
Seat 4: shave_mustache (button) folded before Flop (didn't bet)
Seat 5: Pon4uk.ua (small blind) folded on the River
Seat 6: XneferX (big blind) collected ($6.93)



PokerStars Hand #254665450522:  Hold'em No Limit ($0.50/$1.00 USD) - 2025/02/02 5:27:43 WET [2025/02/02 0:27:43 ET]
Table 'Amalia' 6-max Seat #5 is the button
Seat 1: nastja336 ($100 in chips) 
Seat 2: app1e_j@ck ($100 in chips) 
Seat 3: zzaimo ($89.79 in chips) 
Seat 4: shave_mustache ($100 in chips) 
Seat 5: Pon4uk.ua ($100.27 in chips) 
Seat 6: XneferX ($104.50 in chips) 
XneferX: posts small blind $0.50
nastja336: posts big blind $1
*** HOLE CARDS ***
app1e_j@ck: raises $1.50 to $2.50
zzaimo: calls $2.50
shave_mustache: folds 
Pon4uk.ua: folds 
XneferX: folds 
nastja336: folds 
*** FLOP *** [4h 9c Ks]
app1e_j@ck: checks 
zzaimo: checks 
*** TURN *** [4h 9c Ks] [Jh]
app1e_j@ck: checks 
zzaimo: bets $3.09
app1e_j@ck: calls $3.09
*** RIVER *** [4h 9c Ks Jh] [Kc]
app1e_j@ck: checks 
zzaimo: bets $14.05
app1e_j@ck: folds 
Uncalled bet ($14.05) returned to zzaimo
zzaimo collected $11.89 from pot
*** SUMMARY ***
Total pot $12.68 | Rake $0.79 
Board [4h 9c Ks Jh Kc]
Seat 1: nastja336 (big blind) folded before Flop
Seat 2: app1e_j@ck folded on the River
Seat 3: zzaimo collected ($11.89)
Seat 4: shave_mustache folded before Flop (didn't bet)
Seat 5: Pon4uk.ua (button) folded before Flop (didn't bet)
Seat 6: XneferX (small blind) folded before Flop



PokerStars Hand #254665456000:  Hold'em No Limit ($0.50/$1.00 USD) - 2025/02/02 5:28:41 WET [2025/02/02 0:28:41 ET]
Table 'Amalia' 6-max Seat #6 is the button
Seat 1: nastja336 ($100 in chips) 
Seat 2: app1e_j@ck ($100 in chips) 
Seat 3: zzaimo ($96.09 in chips) 
Seat 4: shave_mustache ($100 in chips) 
Seat 5: Pon4uk.ua ($100.27 in chips) 
Seat 6: XneferX ($104 in chips) 
nastja336: posts small blind $0.50
app1e_j@ck: posts big blind $1
*** HOLE CARDS ***
zzaimo: raises $2 to $3
shave_mustache: folds 
Pon4uk.ua: folds 
XneferX: folds 
nastja336: folds 
app1e_j@ck: folds 
Uncalled bet ($2) returned to zzaimo
zzaimo collected $2.50 from pot
*** SUMMARY ***
Total pot $2.50 | Rake $0 
Seat 1: nastja336 (small blind) folded before Flop
Seat 2: app1e_j@ck (big blind) folded before Flop
Seat 3: zzaimo collected ($2.50)
Seat 4: shave_mustache folded before Flop (didn't bet)
Seat 5: Pon4uk.ua folded before Flop (didn't bet)
Seat 6: XneferX (button) folded before Flop (didn't bet)



PokerStars Hand #254665457837:  Hold'em No Limit ($0.50/$1.00 USD) - 2025/02/02 5:29:00 WET [2025/02/02 0:29:00 ET]
Table 'Amalia' 6-max Seat #1 is the button
Seat 1: nastja336 ($100 in chips) 
Seat 2: app1e_j@ck ($100 in chips) 
Seat 3: zzaimo ($97.59 in chips) 
Seat 4: shave_mustache ($100 in chips) 
Seat 5: Pon4uk.ua ($100.27 in chips) 
Seat 6: XneferX ($104 in chips) 
app1e_j@ck: posts small blind $0.50
zzaimo: posts big blind $1
*** HOLE CARDS ***
shave_mustache: folds 
Pon4uk.ua: folds 
XneferX: folds 
nastja336: folds 
app1e_j@ck: raises $2 to $3
zzaimo: calls $2
*** FLOP *** [5s 2s 2d]
app1e_j@ck: checks 
zzaimo: checks 
*** TURN *** [5s 2s 2d] [5h]
app1e_j@ck: checks 
zzaimo: bets $2.85
app1e_j@ck: calls $2.85
*** RIVER *** [5s 2s 2d 5h] [Td]
app1e_j@ck: checks 
zzaimo: checks 
*** SHOW DOWN ***
app1e_j@ck: shows [Qh Ac] (two pair, Fives and Deuces)
zzaimo: mucks hand 
app1e_j@ck collected $11.12 from pot
*** SUMMARY ***
Total pot $11.70 | Rake $0.58 
Board [5s 2s 2d 5h Td]
Seat 1: nastja336 (button) folded before Flop (didn't bet)
Seat 2: app1e_j@ck (small blind) showed [Qh Ac] and won ($11.12) with two pair, Fives and Deuces
Seat 3: zzaimo (big blind) mucked
Seat 4: shave_mustache folded before Flop (didn't bet)
Seat 5: Pon4uk.ua folded before Flop (didn't bet)
Seat 6: XneferX folded before Flop (didn't bet)



PokerStars Hand #254665463803:  Hold'em No Limit ($0.50/$1.00 USD) - 2025/02/02 5:30:05 WET [2025/02/02 0:30:05 ET]
Table 'Amalia' 6-max Seat #2 is the button
Seat 1: nastja336 ($100 in chips) 
Seat 2: app1e_j@ck ($105.27 in chips) 
Seat 3: zzaimo ($91.74 in chips) 
Seat 4: shave_mustache ($100 in chips) 
Seat 5: Pon4uk.ua ($100.27 in chips) 
Seat 6: XneferX ($104 in chips) 
zzaimo: posts small blind $0.50
shave_mustache: posts big blind $1
*** HOLE CARDS ***
Pon4uk.ua: folds 
XneferX: folds 
nastja336: folds 
app1e_j@ck: folds 
zzaimo: raises $1 to $2
shave_mustache: calls $1
*** FLOP *** [8c 8s 5c]
zzaimo: checks 
shave_mustache: bets $3.80
zzaimo: folds 
Uncalled bet ($3.80) returned to shave_mustache
shave_mustache collected $3.80 from pot
shave_mustache: doesn't show hand 
*** SUMMARY ***
Total pot $4 | Rake $0.20 
Board [8c 8s 5c]
Seat 1: nastja336 folded before Flop (didn't bet)
Seat 2: app1e_j@ck (button) folded before Flop (didn't bet)
Seat 3: zzaimo (small blind) folded on the Flop
Seat 4: shave_mustache (big blind) collected ($3.80)
Seat 5: Pon4uk.ua folded before Flop (didn't bet)
Seat 6: XneferX folded before Flop (didn't bet)



PokerStars Hand #254665467178:  Hold'em No Limit ($0.50/$1.00 USD) - 2025/02/02 5:30:41 WET [2025/02/02 0:30:41 ET]
Table 'Amalia' 6-max Seat #3 is the button
Seat 1: nastja336 ($100 in chips) 
Seat 2: app1e_j@ck ($105.27 in chips) 
Seat 3: zzaimo ($89.74 in chips) 
Seat 4: shave_mustache ($101.80 in chips) 
Seat 5: Pon4uk.ua ($100.27 in chips) 
Seat 6: XneferX ($104 in chips) 
shave_mustache: posts small blind $0.50
Pon4uk.ua: posts big blind $1
*** HOLE CARDS ***
XneferX: folds 
nastja336: folds 
app1e_j@ck: raises $1.50 to $2.50
zzaimo: folds 
shave_mustache: folds 
Pon4uk.ua: folds 
Uncalled bet ($1.50) returned to app1e_j@ck
app1e_j@ck collected $2.50 from pot
app1e_j@ck: doesn't show hand 
*** SUMMARY ***
Total pot $2.50 | Rake $0 
Seat 1: nastja336 folded before Flop (didn't bet)
Seat 2: app1e_j@ck collected ($2.50)
Seat 3: zzaimo (button) folded before Flop (didn't bet)
Seat 4: shave_mustache (small blind) folded before Flop
Seat 5: Pon4uk.ua (big blind) folded before Flop
Seat 6: XneferX folded before Flop (didn't bet)



PokerStars Hand #254665468839:  Hold'em No Limit ($0.50/$1.00 USD) - 2025/02/02 5:30:58 WET [2025/02/02 0:30:58 ET]
Table 'Amalia' 6-max Seat #4 is the button
Seat 1: nastja336 ($100 in chips) 
Seat 2: app1e_j@ck ($106.77 in chips) 
Seat 3: zzaimo ($89.74 in chips) 
Seat 4: shave_mustache ($101.30 in chips) 
Seat 5: Pon4uk.ua ($100 in chips) 
Seat 6: XneferX ($104 in chips) 
Pon4uk.ua: posts small blind $0.50
XneferX: posts big blind $1
*** HOLE CARDS ***
nastja336: raises $1.50 to $2.50
app1e_j@ck: folds 
zzaimo: folds 
shave_mustache: folds 
Pon4uk.ua: raises $8.50 to $11
XneferX: folds 
nastja336: folds 
Uncalled bet ($8.50) returned to Pon4uk.ua
Pon4uk.ua collected $6 from pot
Pon4uk.ua: doesn't show hand 
*** SUMMARY ***
Total pot $6 | Rake $0 
Seat 1: nastja336 folded before Flop
Seat 2: app1e_j@ck folded before Flop (didn't bet)
Seat 3: zzaimo folded before Flop (didn't bet)
Seat 4: shave_mustache (button) folded before Flop (didn't bet)
Seat 5: Pon4uk.ua (small blind) collected ($6)
Seat 6: XneferX (big blind) folded before Flop



PokerStars Hand #254665471413:  Hold'em No Limit ($0.50/$1.00 USD) - 2025/02/02 5:31:26 WET [2025/02/02 0:31:26 ET]
Table 'Amalia' 6-max Seat #5 is the button
Seat 1: nastja336 ($100 in chips) 
Seat 2: app1e_j@ck ($106.77 in chips) 
Seat 3: zzaimo ($89.74 in chips) 
Seat 4: shave_mustache ($101.30 in chips) 
Seat 5: Pon4uk.ua ($103.50 in chips) 
Seat 6: XneferX ($103 in chips) 
XneferX: posts small blind $0.50
nastja336: posts big blind $1
*** HOLE CARDS ***
app1e_j@ck: folds 
zzaimo: calls $1
shave_mustache: raises $3 to $4
Pon4uk.ua: folds 
XneferX: folds 
nastja336: folds 
zzaimo: calls $3
*** FLOP *** [Jd Ah 9s]
zzaimo: checks 
shave_mustache: checks 
*** TURN *** [Jd Ah 9s] [Qs]
zzaimo: checks 
shave_mustache: bets $2.98
zzaimo: calls $2.98
*** RIVER *** [Jd Ah 9s Qs] [8c]
zzaimo: checks 
shave_mustache: bets $22.04
zzaimo: calls $22.04
*** SHOW DOWN ***
shave_mustache: shows [5c 5d] (a pair of Fives)
zzaimo: shows [Ad 9c] (two pair, Aces and Nines)
zzaimo collected $56.42 from pot
*** SUMMARY ***
Total pot $59.54 | Rake $3.12 
Board [Jd Ah 9s Qs 8c]
Seat 1: nastja336 (big blind) folded before Flop
Seat 2: app1e_j@ck folded before Flop (didn't bet)
Seat 3: zzaimo showed [Ad 9c] and won ($56.42) with two pair, Aces and Nines
Seat 4: shave_mustache showed [5c 5d] and lost with a pair of Fives
Seat 5: Pon4uk.ua (button) folded before Flop (didn't bet)
Seat 6: XneferX (small blind) folded before Flop



PokerStars Hand #254665477478:  Hold'em No Limit ($0.50/$1.00 USD) - 2025/02/02 5:32:32 WET [2025/02/02 0:32:32 ET]
Table 'Amalia' 6-max Seat #6 is the button
Seat 1: nastja336 ($100 in chips) 
Seat 2: app1e_j@ck ($106.77 in chips) 
Seat 3: zzaimo ($117.14 in chips) 
Seat 4: shave_mustache ($100 in chips) 
Seat 5: Pon4uk.ua ($103.50 in chips) 
Seat 6: XneferX ($102.50 in chips) 
nastja336: posts small blind $0.50
app1e_j@ck: posts big blind $1
*** HOLE CARDS ***
zzaimo: calls $1
shave_mustache: folds 
Pon4uk.ua: folds 
XneferX: folds 
nastja336: calls $0.50
app1e_j@ck: checks 
*** FLOP *** [2d 4c 4h]
nastja336: bets $1.43
app1e_j@ck: folds 
zzaimo: calls $1.43
*** TURN *** [2d 4c 4h] [Ac]
nastja336: checks 
zzaimo: checks 
*** RIVER *** [2d 4c 4h Ac] [Qd]
nastja336: bets $3.68
zzaimo: calls $3.68
*** SHOW DOWN ***
nastja336: shows [5c As] (two pair, Aces and Fours)
zzaimo: mucks hand 
nastja336 collected $12.56 from pot
*** SUMMARY ***
Total pot $13.22 | Rake $0.66 
Board [2d 4c 4h Ac Qd]
Seat 1: nastja336 (small blind) showed [5c As] and won ($12.56) with two pair, Aces and Fours
Seat 2: app1e_j@ck (big blind) folded on the Flop
Seat 3: zzaimo mucked
Seat 4: shave_mustache folded before Flop (didn't bet)
Seat 5: Pon4uk.ua folded before Flop (didn't bet)
Seat 6: XneferX (button) folded before Flop (didn't bet)



PokerStars Hand #254665481503:  Hold'em No Limit ($0.50/$1.00 USD) - 2025/02/02 5:33:16 WET [2025/02/02 0:33:16 ET]
Table 'Amalia' 6-max Seat #1 is the button
Seat 1: nastja336 ($106.45 in chips) 
Seat 2: app1e_j@ck ($105.77 in chips) 
Seat 3: zzaimo ($111.03 in chips) 
Seat 4: shave_mustache ($100 in chips) 
Seat 5: Pon4uk.ua ($103.50 in chips) 
Seat 6: XneferX ($102.50 in chips) 
app1e_j@ck: posts small blind $0.50
zzaimo: posts big blind $1
*** HOLE CARDS ***
shave_mustache: folds 
Pon4uk.ua: folds 
XneferX: raises $1.30 to $2.30
nastja336: folds 
app1e_j@ck: raises $10.20 to $12.50
zzaimo: folds 
XneferX: folds 
Uncalled bet ($10.20) returned to app1e_j@ck
app1e_j@ck collected $5.60 from pot
app1e_j@ck: doesn't show hand 
*** SUMMARY ***
Total pot $5.60 | Rake $0 
Seat 1: nastja336 (button) folded before Flop (didn't bet)
Seat 2: app1e_j@ck (small blind) collected ($5.60)
Seat 3: zzaimo (big blind) folded before Flop
Seat 4: shave_mustache folded before Flop (didn't bet)
Seat 5: Pon4uk.ua folded before Flop (didn't bet)
Seat 6: XneferX folded before Flop



PokerStars Hand #254665485412:  Hold'em No Limit ($0.50/$1.00 USD) - 2025/02/02 5:33:58 WET [2025/02/02 0:33:58 ET]
Table 'Amalia' 6-max Seat #2 is the button
Seat 1: nastja336 ($106.45 in chips) 
Seat 2: app1e_j@ck ($109.07 in chips) 
Seat 3: zzaimo ($110.03 in chips) 
Seat 4: shave_mustache ($100 in chips) 
Seat 5: Pon4uk.ua ($103.50 in chips) 
Seat 6: XneferX ($100.20 in chips) 
zzaimo: posts small blind $0.50
shave_mustache: posts big blind $1
*** HOLE CARDS ***
Pon4uk.ua: folds 
XneferX: folds 
nastja336: raises $1.50 to $2.50
app1e_j@ck: folds 
zzaimo: folds 
shave_mustache: folds 
Uncalled bet ($1.50) returned to nastja336
nastja336 collected $2.50 from pot
nastja336: doesn't show hand 
*** SUMMARY ***
Total pot $2.50 | Rake $0 
Seat 1: nastja336 collected ($2.50)
Seat 2: app1e_j@ck (button) folded before Flop (didn't bet)
Seat 3: zzaimo (small blind) folded before Flop
Seat 4: shave_mustache (big blind) folded before Flop
Seat 5: Pon4uk.ua folded before Flop (didn't bet)
Seat 6: XneferX folded before Flop (didn't bet)



PokerStars Hand #254665487059:  Hold'em No Limit ($0.50/$1.00 USD) - 2025/02/02 5:34:16 WET [2025/02/02 0:34:16 ET]
Table 'Amalia' 6-max Seat #3 is the button
Seat 1: nastja336 ($107.95 in chips) 
Seat 2: app1e_j@ck ($109.07 in chips) 
Seat 3: zzaimo ($109.53 in chips) 
Seat 4: shave_mustache ($100 in chips) 
Seat 5: Pon4uk.ua ($103.50 in chips) 
Seat 6: XneferX ($100.20 in chips) 
shave_mustache: posts small blind $0.50
Pon4uk.ua: posts big blind $1
*** HOLE CARDS ***
XneferX: folds 
nastja336: raises $1.50 to $2.50
app1e_j@ck: folds 
zzaimo: calls $2.50
shave_mustache: folds 
Pon4uk.ua: folds 
*** FLOP *** [Qh 4s 4h]
nastja336: bets $2.04
zzaimo: calls $2.04
*** TURN *** [Qh 4s 4h] [3c]
nastja336: bets $8.80
zzaimo: folds 
Uncalled bet ($8.80) returned to nastja336
nastja336 collected $10.05 from pot
nastja336: doesn't show hand 
*** SUMMARY ***
Total pot $10.58 | Rake $0.53 
Board [Qh 4s 4h 3c]
Seat 1: nastja336 collected ($10.05)
Seat 2: app1e_j@ck folded before Flop (didn't bet)
Seat 3: zzaimo (button) folded on the Turn
Seat 4: shave_mustache (small blind) folded before Flop
Seat 5: Pon4uk.ua (big blind) folded before Flop
Seat 6: XneferX folded before Flop (didn't bet)



PokerStars Hand #254665490220:  Hold'em No Limit ($0.50/$1.00 USD) - 2025/02/02 5:34:50 WET [2025/02/02 0:34:50 ET]
Table 'Amalia' 6-max Seat #4 is the button
Seat 1: nastja336 ($113.46 in chips) 
Seat 2: app1e_j@ck ($109.07 in chips) 
Seat 3: zzaimo ($104.99 in chips) 
Seat 4: shave_mustache ($100 in chips) 
Seat 5: Pon4uk.ua ($102.50 in chips) 
Seat 6: XneferX ($100.20 in chips) 
Pon4uk.ua: posts small blind $0.50
XneferX: posts big blind $1
*** HOLE CARDS ***
nastja336: raises $2.50 to $3.50
app1e_j@ck: folds 
zzaimo: calls $3.50
shave_mustache: folds 
Pon4uk.ua: folds 
XneferX: folds 
*** FLOP *** [Jh 5s 5c]
nastja336: bets $6
zzaimo: folds 
Uncalled bet ($6) returned to nastja336
nastja336 collected $8.08 from pot
nastja336: doesn't show hand 
*** SUMMARY ***
Total pot $8.50 | Rake $0.42 
Board [Jh 5s 5c]
Seat 1: nastja336 collected ($8.08)
Seat 2: app1e_j@ck folded before Flop (didn't bet)
Seat 3: zzaimo folded on the Flop
Seat 4: shave_mustache (button) folded before Flop (didn't bet)
Seat 5: Pon4uk.ua (small blind) folded before Flop
Seat 6: XneferX (big blind) folded before Flop



PokerStars Hand #254665492857:  Hold'em No Limit ($0.50/$1.00 USD) - 2025/02/02 5:35:19 WET [2025/02/02 0:35:19 ET]
Table 'Amalia' 6-max Seat #5 is the button
Seat 1: nastja336 ($118.04 in chips) 
Seat 2: app1e_j@ck ($109.07 in chips) 
Seat 3: zzaimo ($101.49 in chips) 
Seat 4: shave_mustache ($100 in chips) 
Seat 5: Pon4uk.ua ($102 in chips) 
Seat 6: XneferX ($100 in chips) 
XneferX: posts small blind $0.50
nastja336: posts big blind $1
*** HOLE CARDS ***
app1e_j@ck: folds 
zzaimo: folds 
shave_mustache: raises $1.50 to $2.50
Pon4uk.ua: folds 
XneferX: folds 
nastja336: folds 
Uncalled bet ($1.50) returned to shave_mustache
shave_mustache collected $2.50 from pot
shave_mustache: doesn't show hand 
*** SUMMARY ***
Total pot $2.50 | Rake $0 
Seat 1: nastja336 (big blind) folded before Flop
Seat 2: app1e_j@ck folded before Flop (didn't bet)
Seat 3: zzaimo folded before Flop (didn't bet)
Seat 4: shave_mustache collected ($2.50)
Seat 5: Pon4uk.ua (button) folded before Flop (didn't bet)
Seat 6: XneferX (small blind) folded before Flop



PokerStars Hand #254665496994:  Hold'em No Limit ($0.50/$1.00 USD) - 2025/02/02 5:36:04 WET [2025/02/02 0:36:04 ET]
Table 'Amalia' 6-max Seat #6 is the button
Seat 1: nastja336 ($117.04 in chips) 
Seat 2: app1e_j@ck ($109.07 in chips) 
Seat 3: zzaimo ($101.49 in chips) 
Seat 4: shave_mustache ($101.50 in chips) 
Seat 5: Pon4uk.ua ($102 in chips) 
Seat 6: XneferX ($100 in chips) 
nastja336: posts small blind $0.50
app1e_j@ck: posts big blind $1
*** HOLE CARDS ***
zzaimo: folds 
shave_mustache: folds 
Pon4uk.ua: raises $1.50 to $2.50
XneferX: folds 
nastja336: folds 
app1e_j@ck: raises $10 to $12.50
Pon4uk.ua: folds 
Uncalled bet ($10) returned to app1e_j@ck
app1e_j@ck collected $5.50 from pot
app1e_j@ck: doesn't show hand 
*** SUMMARY ***
Total pot $5.50 | Rake $0 
Seat 1: nastja336 (small blind) folded before Flop
Seat 2: app1e_j@ck (big blind) collected ($5.50)
Seat 3: zzaimo folded before Flop (didn't bet)
Seat 4: shave_mustache folded before Flop (didn't bet)
Seat 5: Pon4uk.ua folded before Flop
Seat 6: XneferX (button) folded before Flop (didn't bet)



PokerStars Hand #254665499802:  Hold'em No Limit ($0.50/$1.00 USD) - 2025/02/02 5:36:36 WET [2025/02/02 0:36:36 ET]
Table 'Amalia' 6-max Seat #1 is the button
Seat 1: nastja336 ($116.54 in chips) 
Seat 2: app1e_j@ck ($112.07 in chips) 
Seat 3: zzaimo ($101.49 in chips) 
Seat 4: shave_mustache ($101.50 in chips) 
Seat 5: Pon4uk.ua ($100 in chips) 
Seat 6: XneferX ($100 in chips) 
app1e_j@ck: posts small blind $0.50
zzaimo: posts big blind $1
*** HOLE CARDS ***
shave_mustache has timed out
shave_mustache: folds 
Pon4uk.ua: folds 
XneferX: folds 
nastja336: folds 
app1e_j@ck: calls $0.50
zzaimo: checks 
*** FLOP *** [5s 6d As]
app1e_j@ck: checks 
zzaimo: checks 
*** TURN *** [5s 6d As] [4d]
app1e_j@ck: bets $1.63
zzaimo: calls $1.63
*** RIVER *** [5s 6d As 4d] [2h]
app1e_j@ck: checks 
zzaimo: bets $5
app1e_j@ck: folds 
Uncalled bet ($5) returned to zzaimo
zzaimo collected $4.94 from pot
*** SUMMARY ***
Total pot $5.26 | Rake $0.32 
Board [5s 6d As 4d 2h]
Seat 1: nastja336 (button) folded before Flop (didn't bet)
Seat 2: app1e_j@ck (small blind) folded on the River
Seat 3: zzaimo (big blind) collected ($4.94)
Seat 4: shave_mustache folded before Flop (didn't bet)
Seat 5: Pon4uk.ua folded before Flop (didn't bet)
Seat 6: XneferX folded before Flop (didn't bet)



PokerStars Hand #254665507554:  Hold'em No Limit ($0.50/$1.00 USD) - 2025/02/02 5:38:02 WET [2025/02/02 0:38:02 ET]
Table 'Amalia' 6-max Seat #2 is the button
Seat 1: nastja336 ($116.54 in chips) 
Seat 2: app1e_j@ck ($109.44 in chips) 
Seat 3: zzaimo ($103.80 in chips) 
Seat 4: shave_mustache ($101.50 in chips) 
Seat 5: Pon4uk.ua ($100 in chips) 
Seat 6: XneferX ($100 in chips) 
zzaimo: posts small blind $0.50
shave_mustache: posts big blind $1
*** HOLE CARDS ***
Pon4uk.ua: folds 
XneferX: folds 
nastja336: folds 
app1e_j@ck: raises $1.50 to $2.50
zzaimo: folds 
shave_mustache: folds 
Uncalled bet ($1.50) returned to app1e_j@ck
app1e_j@ck collected $2.50 from pot
app1e_j@ck: doesn't show hand 
*** SUMMARY ***
Total pot $2.50 | Rake $0 
Seat 1: nastja336 folded before Flop (didn't bet)
Seat 2: app1e_j@ck (button) collected ($2.50)
Seat 3: zzaimo (small blind) folded before Flop
Seat 4: shave_mustache (big blind) folded before Flop
Seat 5: Pon4uk.ua folded before Flop (didn't bet)
Seat 6: XneferX folded before Flop (didn't bet)



PokerStars Hand #254665510621:  Hold'em No Limit ($0.50/$1.00 USD) - 2025/02/02 5:38:35 WET [2025/02/02 0:38:35 ET]
Table 'Amalia' 6-max Seat #3 is the button
Seat 1: nastja336 ($116.54 in chips) 
Seat 2: app1e_j@ck ($110.94 in chips) 
Seat 3: zzaimo ($103.30 in chips) 
Seat 4: shave_mustache ($100.50 in chips) 
Seat 5: Pon4uk.ua ($100 in chips) 
Seat 6: XneferX ($100 in chips) 
shave_mustache: posts small blind $0.50
Pon4uk.ua: posts big blind $1
*** HOLE CARDS ***
XneferX: folds 
nastja336: folds 
app1e_j@ck: folds 
zzaimo: folds 
shave_mustache: raises $2 to $3
Pon4uk.ua: folds 
Uncalled bet ($2) returned to shave_mustache
shave_mustache collected $2 from pot
shave_mustache: doesn't show hand 
*** SUMMARY ***
Total pot $2 | Rake $0 
Seat 1: nastja336 folded before Flop (didn't bet)
Seat 2: app1e_j@ck folded before Flop (didn't bet)
Seat 3: zzaimo (button) folded before Flop (didn't bet)
Seat 4: shave_mustache (small blind) collected ($2)
Seat 5: Pon4uk.ua (big blind) folded before Flop
Seat 6: XneferX folded before Flop (didn't bet)



PokerStars Hand #254665512304:  Hold'em No Limit ($0.50/$1.00 USD) - 2025/02/02 5:38:54 WET [2025/02/02 0:38:54 ET]
Table 'Amalia' 6-max Seat #4 is the button
Seat 1: nastja336 ($116.54 in chips) 
Seat 2: app1e_j@ck ($110.94 in chips) 
Seat 3: zzaimo ($103.30 in chips) 
Seat 4: shave_mustache ($101.50 in chips) 
Seat 5: Pon4uk.ua ($100 in chips) 
Seat 6: XneferX ($100 in chips) 
Pon4uk.ua: posts small blind $0.50
XneferX: posts big blind $1
*** HOLE CARDS ***
nastja336: raises $1.50 to $2.50
app1e_j@ck: folds 
zzaimo: calls $2.50
shave_mustache: folds 
Pon4uk.ua: folds 
XneferX: calls $1.50
*** FLOP *** [Ks 2d 8d]
XneferX: checks 
nastja336: bets $2.51
zzaimo: folds 
XneferX: folds 
Uncalled bet ($2.51) returned to nastja336
nastja336 collected $7.60 from pot
nastja336: doesn't show hand 
*** SUMMARY ***
Total pot $8 | Rake $0.40 
Board [Ks 2d 8d]
Seat 1: nastja336 collected ($7.60)
Seat 2: app1e_j@ck folded before Flop (didn't bet)
Seat 3: zzaimo folded on the Flop
Seat 4: shave_mustache (button) folded before Flop (didn't bet)
Seat 5: Pon4uk.ua (small blind) folded before Flop
Seat 6: XneferX (big blind) folded on the Flop



PokerStars Hand #254665517656:  Hold'em No Limit ($0.50/$1.00 USD) - 2025/02/02 5:39:53 WET [2025/02/02 0:39:53 ET]
Table 'Amalia' 6-max Seat #5 is the button
Seat 1: nastja336 ($121.64 in chips) 
Seat 2: app1e_j@ck ($110.94 in chips) 
Seat 3: zzaimo ($100.80 in chips) 
Seat 4: shave_mustache ($101.50 in chips) 
Seat 5: Pon4uk.ua ($100 in chips) 
Seat 6: XneferX ($100 in chips) 
XneferX: posts small blind $0.50
nastja336: posts big blind $1
*** HOLE CARDS ***
app1e_j@ck: folds 
zzaimo: raises $1 to $2
shave_mustache: folds 
Pon4uk.ua: folds 
XneferX: raises $9 to $11
nastja336: folds 
zzaimo: folds 
Uncalled bet ($9) returned to XneferX
XneferX collected $5 from pot
XneferX: doesn't show hand 
*** SUMMARY ***
Total pot $5 | Rake $0 
Seat 1: nastja336 (big blind) folded before Flop
Seat 2: app1e_j@ck folded before Flop (didn't bet)
Seat 3: zzaimo folded before Flop
Seat 4: shave_mustache folded before Flop (didn't bet)
Seat 5: Pon4uk.ua (button) folded before Flop (didn't bet)
Seat 6: XneferX (small blind) collected ($5)



PokerStars Hand #254665521229:  Hold'em No Limit ($0.50/$1.00 USD) - 2025/02/02 5:40:31 WET [2025/02/02 0:40:31 ET]
Table 'Amalia' 6-max Seat #6 is the button
Seat 1: nastja336 ($120.64 in chips) 
Seat 2: app1e_j@ck ($110.94 in chips) 
Seat 3: zzaimo ($98.80 in chips) 
Seat 4: shave_mustache ($101.50 in chips) 
Seat 5: Pon4uk.ua ($100 in chips) 
Seat 6: XneferX ($103 in chips) 
nastja336: posts small blind $0.50
app1e_j@ck: posts big blind $1
*** HOLE CARDS ***
zzaimo: calls $1
shave_mustache: folds 
Pon4uk.ua: raises $3 to $4
XneferX: folds 
nastja336: folds 
app1e_j@ck: folds 
zzaimo: calls $3
*** FLOP *** [Th 7h 9s]
zzaimo: checks 
Pon4uk.ua: bets $4
zzaimo: calls $4
*** TURN *** [Th 7h 9s] [Js]
zzaimo: checks 
Pon4uk.ua: bets $12.47
zzaimo: calls $12.47
*** RIVER *** [Th 7h 9s Js] [3h]
zzaimo: checks 
Pon4uk.ua: checks 
*** SHOW DOWN ***
zzaimo: shows [Jh 8c] (a straight, Seven to Jack)
Pon4uk.ua: shows [9d 8d] (a straight, Seven to Jack)
zzaimo collected $19.90 from pot
Pon4uk.ua collected $20.16 from pot
*** SUMMARY ***
Total pot $42.44 | Rake $2.38 
Board [Th 7h 9s Js 3h]
Seat 1: nastja336 (small blind) folded before Flop
Seat 2: app1e_j@ck (big blind) folded before Flop
Seat 3: zzaimo showed [Jh 8c] and won ($19.90) with a straight, Seven to Jack
Seat 4: shave_mustache folded before Flop (didn't bet)
Seat 5: Pon4uk.ua showed [9d 8d] and won ($20.16) with a straight, Seven to Jack
Seat 6: XneferX (button) folded before Flop (didn't bet)



PokerStars Hand #254665525697:  Hold'em No Limit ($0.50/$1.00 USD) - 2025/02/02 5:41:20 WET [2025/02/02 0:41:20 ET]
Table 'Amalia' 6-max Seat #1 is the button
Seat 1: nastja336 ($120.14 in chips) 
Seat 2: app1e_j@ck ($109.94 in chips) 
Seat 3: zzaimo ($98.23 in chips) 
Seat 4: shave_mustache ($101.50 in chips) 
Seat 5: Pon4uk.ua ($100 in chips) 
Seat 6: XneferX ($103 in chips) 
app1e_j@ck: posts small blind $0.50
zzaimo: posts big blind $1
*** HOLE CARDS ***
shave_mustache: folds 
Pon4uk.ua: folds 
XneferX: folds 
nastja336: raises $1.50 to $2.50
app1e_j@ck: raises $10 to $12.50
zzaimo: calls $11.50
nastja336: folds 
*** FLOP *** [3d Ac 9s]
app1e_j@ck: checks 
zzaimo: checks 
*** TURN *** [3d Ac 9s] [8s]
app1e_j@ck: checks 
zzaimo: checks 
*** RIVER *** [3d Ac 9s 8s] [7c]
app1e_j@ck: bets $8.62
zzaimo: folds 
Uncalled bet ($8.62) returned to app1e_j@ck
app1e_j@ck collected $26.12 from pot
app1e_j@ck: doesn't show hand 
*** SUMMARY ***
Total pot $27.50 | Rake $1.38 
Board [3d Ac 9s 8s 7c]
Seat 1: nastja336 (button) folded before Flop
Seat 2: app1e_j@ck (small blind) collected ($26.12)
Seat 3: zzaimo (big blind) folded on the River
Seat 4: shave_mustache folded before Flop (didn't bet)
Seat 5: Pon4uk.ua folded before Flop (didn't bet)
Seat 6: XneferX folded before Flop (didn't bet)



PokerStars Hand #254665530946:  Hold'em No Limit ($0.50/$1.00 USD) - 2025/02/02 5:42:18 WET [2025/02/02 0:42:18 ET]
Table 'Amalia' 6-max Seat #2 is the button
Seat 1: nastja336 ($117.64 in chips) 
Seat 2: app1e_j@ck ($123.56 in chips) 
Seat 3: zzaimo ($85.73 in chips) 
Seat 4: shave_mustache ($101.50 in chips) 
Seat 5: Pon4uk.ua ($100 in chips) 
Seat 6: XneferX ($103 in chips) 
zzaimo: posts small blind $0.50
shave_mustache: posts big blind $1
*** HOLE CARDS ***
Pon4uk.ua: folds 
XneferX: folds 
nastja336: folds 
app1e_j@ck: raises $1.50 to $2.50
zzaimo: calls $2
shave_mustache: folds 
*** FLOP *** [9d 5c 8d]
zzaimo: checks 
app1e_j@ck: checks 
*** TURN *** [9d 5c 8d] [3c]
zzaimo: checks 
app1e_j@ck: checks 
*** RIVER *** [9d 5c 8d 3c] [Jh]
zzaimo: checks 
app1e_j@ck: checks 
*** SHOW DOWN ***
zzaimo: shows [Kh 6h] (high card King)
app1e_j@ck: shows [5d Ah] (a pair of Fives)
app1e_j@ck collected $5.70 from pot
*** SUMMARY ***
Total pot $6 | Rake $0.30 
Board [9d 5c 8d 3c Jh]
Seat 1: nastja336 folded before Flop (didn't bet)
Seat 2: app1e_j@ck (button) showed [5d Ah] and won ($5.70) with a pair of Fives
Seat 3: zzaimo (small blind) showed [Kh 6h] and lost with high card King
Seat 4: shave_mustache (big blind) folded before Flop
Seat 5: Pon4uk.ua folded before Flop (didn't bet)
Seat 6: XneferX folded before Flop (didn't bet)



PokerStars Hand #254665535451:  Hold'em No Limit ($0.50/$1.00 USD) - 2025/02/02 5:43:08 WET [2025/02/02 0:43:08 ET]
Table 'Amalia' 6-max Seat #3 is the button
Seat 1: nastja336 ($117.64 in chips) 
Seat 2: app1e_j@ck ($126.76 in chips) 
Seat 3: zzaimo ($83.23 in chips) 
Seat 4: shave_mustache ($100.50 in chips) 
Seat 5: Pon4uk.ua ($100 in chips) 
Seat 6: XneferX ($103 in chips) 
shave_mustache: posts small blind $0.50
Pon4uk.ua: posts big blind $1
*** HOLE CARDS ***
XneferX: folds 
nastja336: folds 
app1e_j@ck: folds 
zzaimo: calls $1
shave_mustache: folds 
Pon4uk.ua: checks 
*** FLOP *** [8d As 3c]
Pon4uk.ua: checks 
zzaimo: bets $1.19
Pon4uk.ua: calls $1.19
*** TURN *** [8d As 3c] [2d]
Pon4uk.ua: checks 
zzaimo: bets $2.32
Pon4uk.ua: calls $2.32
*** RIVER *** [8d As 3c 2d] [Tc]
Pon4uk.ua: checks 
zzaimo: bets $9.04
Pon4uk.ua: folds 
Uncalled bet ($9.04) returned to zzaimo
zzaimo collected $8.92 from pot
*** SUMMARY ***
Total pot $9.52 | Rake $0.60 
Board [8d As 3c 2d Tc]
Seat 1: nastja336 folded before Flop (didn't bet)
Seat 2: app1e_j@ck folded before Flop (didn't bet)
Seat 3: zzaimo (button) collected ($8.92)
Seat 4: shave_mustache (small blind) folded before Flop
Seat 5: Pon4uk.ua (big blind) folded on the River
Seat 6: XneferX folded before Flop (didn't bet)



PokerStars Hand #254665540029:  Hold'em No Limit ($0.50/$1.00 USD) - 2025/02/02 5:43:58 WET [2025/02/02 0:43:58 ET]
Table 'Amalia' 6-max Seat #4 is the button
Seat 1: nastja336 ($117.64 in chips) 
Seat 2: app1e_j@ck ($126.76 in chips) 
Seat 3: zzaimo ($87.64 in chips) 
Seat 4: shave_mustache ($100 in chips) 
Seat 5: Pon4uk.ua ($100 in chips) 
Seat 6: XneferX ($103 in chips) 
Pon4uk.ua: posts small blind $0.50
XneferX: posts big blind $1
*** HOLE CARDS ***
nastja336: folds 
app1e_j@ck: folds 
zzaimo: calls $1
shave_mustache: folds 
Pon4uk.ua: raises $4 to $5
XneferX: folds 
zzaimo: calls $4
*** FLOP *** [7s Kc 7c]
Pon4uk.ua: bets $3
zzaimo: calls $3
*** TURN *** [7s Kc 7c] [8d]
Pon4uk.ua: checks 
zzaimo: checks 
*** RIVER *** [7s Kc 7c 8d] [6h]
Pon4uk.ua: bets $2
zzaimo: raises $15.15 to $17.15
Pon4uk.ua: calls $15.15
*** SHOW DOWN ***
zzaimo: shows [Ac 4h] (a pair of Sevens)
Pon4uk.ua: shows [Th Td] (two pair, Tens and Sevens)
Pon4uk.ua collected $48.80 from pot
*** SUMMARY ***
Total pot $51.30 | Rake $2.50 
Board [7s Kc 7c 8d 6h]
Seat 1: nastja336 folded before Flop (didn't bet)
Seat 2: app1e_j@ck folded before Flop (didn't bet)
Seat 3: zzaimo showed [Ac 4h] and lost with a pair of Sevens
Seat 4: shave_mustache (button) folded before Flop (didn't bet)
Seat 5: Pon4uk.ua (small blind) showed [Th Td] and won ($48.80) with two pair, Tens and Sevens
Seat 6: XneferX (big blind) folded before Flop



PokerStars Hand #254665545472:  Hold'em No Limit ($0.50/$1.00 USD) - 2025/02/02 5:44:58 WET [2025/02/02 0:44:58 ET]
Table 'Amalia' 6-max Seat #5 is the button
Seat 1: nastja336 ($117.64 in chips) 
Seat 2: app1e_j@ck ($126.76 in chips) 
Seat 3: zzaimo ($62.49 in chips) 
Seat 4: shave_mustache ($100 in chips) 
Seat 5: Pon4uk.ua ($123.65 in chips) 
Seat 6: XneferX ($102 in chips) 
XneferX: posts small blind $0.50
nastja336: posts big blind $1
*** HOLE CARDS ***
app1e_j@ck: folds 
zzaimo: raises $2.50 to $3.50
shave_mustache: folds 
Pon4uk.ua: folds 
XneferX: folds 
nastja336: folds 
Uncalled bet ($2.50) returned to zzaimo
zzaimo collected $2.50 from pot
*** SUMMARY ***
Total pot $2.50 | Rake $0 
Seat 1: nastja336 (big blind) folded before Flop
Seat 2: app1e_j@ck folded before Flop (didn't bet)
Seat 3: zzaimo collected ($2.50)
Seat 4: shave_mustache folded before Flop (didn't bet)
Seat 5: Pon4uk.ua (button) folded before Flop (didn't bet)
Seat 6: XneferX (small blind) folded before Flop



PokerStars Hand #254665547429:  Hold'em No Limit ($0.50/$1.00 USD) - 2025/02/02 5:45:19 WET [2025/02/02 0:45:19 ET]
Table 'Amalia' 6-max Seat #6 is the button
Seat 1: nastja336 ($116.64 in chips) 
Seat 2: app1e_j@ck ($126.76 in chips) 
Seat 3: zzaimo ($63.99 in chips) 
Seat 4: shave_mustache ($100 in chips) 
Seat 5: Pon4uk.ua ($123.65 in chips) 
Seat 6: XneferX ($101.50 in chips) 
nastja336: posts small blind $0.50
app1e_j@ck: posts big blind $1
*** HOLE CARDS ***
zzaimo: calls $1
shave_mustache: raises $3 to $4
Pon4uk.ua: folds 
XneferX: folds 
nastja336: folds 
app1e_j@ck: folds 
zzaimo: calls $3
*** FLOP *** [Kd 3c Kc]
zzaimo: checks 
shave_mustache: bets $2.98
zzaimo: calls $2.98
*** TURN *** [Kd 3c Kc] [Qc]
zzaimo: checks 
shave_mustache: checks 
*** RIVER *** [Kd 3c Kc Qc] [5h]
zzaimo: bets $7.35
shave_mustache: calls $7.35
*** SHOW DOWN ***
zzaimo: shows [Th Qs] (two pair, Kings and Queens)
shave_mustache: mucks hand 
zzaimo collected $28.27 from pot
*** SUMMARY ***
Total pot $30.16 | Rake $1.89 
Board [Kd 3c Kc Qc 5h]
Seat 1: nastja336 (small blind) folded before Flop
Seat 2: app1e_j@ck (big blind) folded before Flop
Seat 3: zzaimo showed [Th Qs] and won ($28.27) with two pair, Kings and Queens
Seat 4: shave_mustache mucked
Seat 5: Pon4uk.ua folded before Flop (didn't bet)
Seat 6: XneferX (button) folded before Flop (didn't bet)



PokerStars Hand #254665552574:  Hold'em No Limit ($0.50/$1.00 USD) - 2025/02/02 5:46:17 WET [2025/02/02 0:46:17 ET]
Table 'Amalia' 6-max Seat #1 is the button
Seat 1: nastja336 ($116.14 in chips) 
Seat 2: app1e_j@ck ($125.76 in chips) 
Seat 3: zzaimo ($77.93 in chips) 
Seat 4: shave_mustache ($100 in chips) 
Seat 5: Pon4uk.ua ($123.65 in chips) 
Seat 6: XneferX ($101.50 in chips) 
app1e_j@ck: posts small blind $0.50
zzaimo: posts big blind $1
*** HOLE CARDS ***
shave_mustache: folds 
Pon4uk.ua: folds 
XneferX: raises $1.30 to $2.30
nastja336: folds 
app1e_j@ck: folds 
zzaimo: calls $1.30
*** FLOP *** [3c Td Tc]
zzaimo: checks 
XneferX: bets $1.20
zzaimo: calls $1.20
*** TURN *** [3c Td Tc] [Ah]
zzaimo: checks 
XneferX: bets $5
zzaimo: calls $5
*** RIVER *** [3c Td Tc Ah] [Kh]
zzaimo: checks 
XneferX: checks 
*** SHOW DOWN ***
zzaimo: shows [9c Th] (three of a kind, Tens)
XneferX: mucks hand 
zzaimo collected $16.40 from pot
*** SUMMARY ***
Total pot $17.50 | Rake $1.10 
Board [3c Td Tc Ah Kh]
Seat 1: nastja336 (button) folded before Flop (didn't bet)
Seat 2: app1e_j@ck (small blind) folded before Flop
Seat 3: zzaimo (big blind) showed [9c Th] and won ($16.40) with three of a kind, Tens
Seat 4: shave_mustache folded before Flop (didn't bet)
Seat 5: Pon4uk.ua folded before Flop (didn't bet)
Seat 6: XneferX mucked



PokerStars Hand #254665559601:  Hold'em No Limit ($0.50/$1.00 USD) - 2025/02/02 5:47:35 WET [2025/02/02 0:47:35 ET]
Table 'Amalia' 6-max Seat #2 is the button
Seat 1: nastja336 ($116.14 in chips) 
Seat 2: app1e_j@ck ($125.26 in chips) 
Seat 3: zzaimo ($85.83 in chips) 
Seat 4: shave_mustache ($100 in chips) 
Seat 5: Pon4uk.ua ($123.65 in chips) 
Seat 6: XneferX ($100 in chips) 
zzaimo: posts small blind $0.50
shave_mustache: posts big blind $1
*** HOLE CARDS ***
Pon4uk.ua: folds 
XneferX: folds 
nastja336: raises $1.50 to $2.50
app1e_j@ck: folds 
zzaimo: calls $2
shave_mustache: folds 
*** FLOP *** [Ac Kd 8d]
zzaimo: checks 
nastja336: bets $1
zzaimo: calls $1
*** TURN *** [Ac Kd 8d] [9d]
zzaimo: checks 
nastja336: bets $1.60
zzaimo: calls $1.60
*** RIVER *** [Ac Kd 8d 9d] [3h]
zzaimo: checks 
nastja336: bets $2.75
zzaimo: calls $2.75
*** SHOW DOWN ***
nastja336: shows [Ad Ah] (three of a kind, Aces)
zzaimo: mucks hand 
nastja336 collected $15.86 from pot
*** SUMMARY ***
Total pot $16.70 | Rake $0.84 
Board [Ac Kd 8d 9d 3h]
Seat 1: nastja336 showed [Ad Ah] and won ($15.86) with three of a kind, Aces
Seat 2: app1e_j@ck (button) folded before Flop (didn't bet)
Seat 3: zzaimo (small blind) mucked
Seat 4: shave_mustache (big blind) folded before Flop
Seat 5: Pon4uk.ua folded before Flop (didn't bet)
Seat 6: XneferX folded before Flop (didn't bet)



PokerStars Hand #254665564214:  Hold'em No Limit ($0.50/$1.00 USD) - 2025/02/02 5:48:26 WET [2025/02/02 0:48:26 ET]
Table 'Amalia' 6-max Seat #3 is the button
Seat 1: nastja336 ($124.15 in chips) 
Seat 2: app1e_j@ck ($125.26 in chips) 
Seat 3: zzaimo ($77.98 in chips) 
Seat 4: shave_mustache ($100 in chips) 
Seat 5: Pon4uk.ua ($123.65 in chips) 
Seat 6: XneferX ($100 in chips) 
shave_mustache: posts small blind $0.50
Pon4uk.ua: posts big blind $1
*** HOLE CARDS ***
XneferX: folds 
nastja336: folds 
app1e_j@ck: folds 
zzaimo: raises $2 to $3
shave_mustache: folds 
Pon4uk.ua: calls $2
*** FLOP *** [7s Ad 2d]
Pon4uk.ua: checks 
zzaimo: bets $2.09
Pon4uk.ua: calls $2.09
*** TURN *** [7s Ad 2d] [3h]
Pon4uk.ua: checks 
zzaimo: bets $3.08
Pon4uk.ua: calls $3.08
*** RIVER *** [7s Ad 2d 3h] [Jc]
Pon4uk.ua: checks 
zzaimo: bets $8
Pon4uk.ua: calls $8
*** SHOW DOWN ***
zzaimo: shows [2s As] (two pair, Aces and Deuces)
Pon4uk.ua: mucks hand 
zzaimo collected $30.79 from pot
*** SUMMARY ***
Total pot $32.84 | Rake $2.05 
Board [7s Ad 2d 3h Jc]
Seat 1: nastja336 folded before Flop (didn't bet)
Seat 2: app1e_j@ck folded before Flop (didn't bet)
Seat 3: zzaimo (button) showed [2s As] and won ($30.79) with two pair, Aces and Deuces
Seat 4: shave_mustache (small blind) folded before Flop
Seat 5: Pon4uk.ua (big blind) mucked
Seat 6: XneferX folded before Flop (didn't bet)



PokerStars Hand #254665569866:  Hold'em No Limit ($0.50/$1.00 USD) - 2025/02/02 5:49:29 WET [2025/02/02 0:49:29 ET]
Table 'Amalia' 6-max Seat #5 is the button
Seat 4: shave_mustache ($100 in chips) is sitting out
Seat 1: nastja336 ($124.15 in chips) 
Seat 2: app1e_j@ck ($125.26 in chips) 
Seat 3: zzaimo ($92.60 in chips) 
Seat 5: Pon4uk.ua ($107.48 in chips) 
Seat 6: XneferX ($100 in chips) 
XneferX: posts small blind $0.50
nastja336: posts big blind $1
*** HOLE CARDS ***
app1e_j@ck: folds 
zzaimo: calls $1
Pon4uk.ua: folds 
XneferX: folds 
nastja336: checks 
*** FLOP *** [6d Kh 8c]
nastja336: checks 
zzaimo: checks 
*** TURN *** [6d Kh 8c] [4h]
nastja336: checks 
zzaimo: bets $1.19
nastja336: folds 
Uncalled bet ($1.19) returned to zzaimo
zzaimo collected $2.35 from pot
*** SUMMARY ***
Total pot $2.50 | Rake $0.15 
Board [6d Kh 8c 4h]
Seat 4: shave_mustache
Seat 1: nastja336 (big blind) folded on the Turn
Seat 2: app1e_j@ck folded before Flop (didn't bet)
Seat 3: zzaimo collected ($2.35)
Seat 5: Pon4uk.ua (button) folded before Flop (didn't bet)
Seat 6: XneferX (small blind) folded before Flop



PokerStars Hand #254665574026:  Hold'em No Limit ($0.50/$1.00 USD) - 2025/02/02 5:50:14 WET [2025/02/02 0:50:14 ET]
Table 'Amalia' 6-max Seat #6 is the button
Seat 4: shave_mustache ($100 in chips) is sitting out
Seat 1: nastja336 ($123.15 in chips) 
Seat 2: app1e_j@ck ($125.26 in chips) 
Seat 3: zzaimo ($93.95 in chips) 
Seat 5: Pon4uk.ua ($107.48 in chips) 
Seat 6: XneferX ($100 in chips) 
nastja336: posts small blind $0.50
app1e_j@ck: posts big blind $1
*** HOLE CARDS ***
zzaimo: raises $1 to $2
Pon4uk.ua: folds 
XneferX: folds 
nastja336: folds 
app1e_j@ck: folds 
Uncalled bet ($1) returned to zzaimo
zzaimo collected $2.50 from pot
*** SUMMARY ***
Total pot $2.50 | Rake $0 
Seat 4: shave_mustache
Seat 1: nastja336 (small blind) folded before Flop
Seat 2: app1e_j@ck (big blind) folded before Flop
Seat 3: zzaimo collected ($2.50)
Seat 5: Pon4uk.ua folded before Flop (didn't bet)
Seat 6: XneferX (button) folded before Flop (didn't bet)



PokerStars Hand #254665575557:  Hold'em No Limit ($0.50/$1.00 USD) - 2025/02/02 5:50:31 WET [2025/02/02 0:50:31 ET]
Table 'Amalia' 6-max Seat #1 is the button
Seat 1: nastja336 ($122.65 in chips) 
Seat 2: app1e_j@ck ($124.26 in chips) 
Seat 3: zzaimo ($95.45 in chips) 
Seat 4: shave_mustache ($100 in chips) 
Seat 5: Pon4uk.ua ($107.48 in chips) 
Seat 6: XneferX ($100 in chips) 
app1e_j@ck: posts small blind $0.50
zzaimo: posts big blind $1
*** HOLE CARDS ***
shave_mustache: raises $1.50 to $2.50
Pon4uk.ua: raises $5 to $7.50
XneferX: calls $7.50
nastja336: folds 
app1e_j@ck: raises $20.50 to $28
zzaimo: folds 
shave_mustache: folds 
Pon4uk.ua: folds 
XneferX: raises $72 to $100 and is all-in
app1e_j@ck: calls $72
*** FLOP *** [Qh Jc 5d]
*** TURN *** [Qh Jc 5d] [7s]
*** RIVER *** [Qh Jc 5d 7s] [9c]
*** SHOW DOWN ***
app1e_j@ck: shows [Qc Qs] (three of a kind, Queens)
XneferX: shows [Ks Ac] (high card Ace)
app1e_j@ck collected $208.50 from pot
XneferX cashed out the hand for $89.18 | Cash Out Fee $1.82
*** SUMMARY ***
Total pot $211 | Rake $2.50 
Board [Qh Jc 5d 7s 9c]
Seat 1: nastja336 (button) folded before Flop (didn't bet)
Seat 2: app1e_j@ck (small blind) showed [Qc Qs] and won ($208.50) with three of a kind, Queens
Seat 3: zzaimo (big blind) folded before Flop
Seat 4: shave_mustache folded before Flop
Seat 5: Pon4uk.ua folded before Flop
Seat 6: XneferX showed [Ks Ac] and lost with high card Ace (cashed out).



PokerStars Hand #254665582926:  Hold'em No Limit ($0.50/$1.00 USD) - 2025/02/02 5:51:56 WET [2025/02/02 0:51:56 ET]
Table 'Amalia' 6-max Seat #2 is the button
Seat 1: nastja336 ($122.65 in chips) 
Seat 2: app1e_j@ck ($232.76 in chips) 
Seat 3: zzaimo ($94.45 in chips) 
Seat 4: shave_mustache ($100 in chips) 
Seat 5: Pon4uk.ua ($100 in chips) 
Seat 6: XneferX ($100 in chips) 
zzaimo: posts small blind $0.50
shave_mustache: posts big blind $1
*** HOLE CARDS ***
Pon4uk.ua: folds 
XneferX: folds 
nastja336: folds 
app1e_j@ck: raises $1.50 to $2.50
zzaimo: folds 
shave_mustache: folds 
Uncalled bet ($1.50) returned to app1e_j@ck
app1e_j@ck collected $2.50 from pot
app1e_j@ck: doesn't show hand 
*** SUMMARY ***
Total pot $2.50 | Rake $0 
Seat 1: nastja336 folded before Flop (didn't bet)
Seat 2: app1e_j@ck (button) collected ($2.50)
Seat 3: zzaimo (small blind) folded before Flop
Seat 4: shave_mustache (big blind) folded before Flop
Seat 5: Pon4uk.ua folded before Flop (didn't bet)
Seat 6: XneferX folded before Flop (didn't bet)



PokerStars Hand #254665603085:  Hold'em No Limit ($0.50/$1.00 USD) - 2025/02/02 5:55:50 WET [2025/02/02 0:55:50 ET]
Table 'Amalia' 6-max Seat #1 is the button
Seat 1: 50CandyJoe ($104.02 in chips) 
Seat 2: app1e_j@ck ($193.09 in chips) 
Seat 3: zzaimo ($87.02 in chips) 
Seat 4: shave_mustache ($142.67 in chips) 
Seat 5: Pon4uk.ua ($103.14 in chips) 
Seat 6: XneferX ($100 in chips) 
app1e_j@ck: posts small blind $0.50
zzaimo: posts big blind $1
*** HOLE CARDS ***
shave_mustache: raises $1.50 to $2.50
Pon4uk.ua: folds 
XneferX: folds 
50CandyJoe: folds 
app1e_j@ck: folds 
zzaimo: calls $1.50
*** FLOP *** [Kd 9s 2d]
zzaimo: checks 
shave_mustache: bets $4
zzaimo: folds 
Uncalled bet ($4) returned to shave_mustache
shave_mustache collected $5.22 from pot
shave_mustache: doesn't show hand 
*** SUMMARY ***
Total pot $5.50 | Rake $0.28 
Board [Kd 9s 2d]
Seat 1: 50CandyJoe (button) folded before Flop (didn't bet)
Seat 2: app1e_j@ck (small blind) folded before Flop
Seat 3: zzaimo (big blind) folded on the Flop
Seat 4: shave_mustache collected ($5.22)
Seat 5: Pon4uk.ua folded before Flop (didn't bet)
Seat 6: XneferX folded before Flop (didn't bet)



PokerStars Hand #254665605744:  Hold'em No Limit ($0.50/$1.00 USD) - 2025/02/02 5:56:27 WET [2025/02/02 0:56:27 ET]
Table 'Amalia' 6-max Seat #2 is the button
Seat 1: 50CandyJoe ($104.02 in chips) 
Seat 2: app1e_j@ck ($192.59 in chips) 
Seat 3: zzaimo ($84.52 in chips) 
Seat 4: shave_mustache ($145.39 in chips) 
Seat 5: Pon4uk.ua ($103.14 in chips) 
Seat 6: XneferX ($100 in chips) 
zzaimo: posts small blind $0.50
shave_mustache: posts big blind $1
*** HOLE CARDS ***
Pon4uk.ua: raises $1 to $2
XneferX: folds 
50CandyJoe: folds 
app1e_j@ck: raises $6 to $8
zzaimo: calls $7.50
shave_mustache: folds 
Pon4uk.ua: folds 
*** FLOP *** [8s 9c Jd]
zzaimo: checks 
app1e_j@ck: bets $4.51
zzaimo: calls $4.51
*** TURN *** [8s 9c Jd] [7c]
zzaimo: checks 
app1e_j@ck: checks 
*** RIVER *** [8s 9c Jd 7c] [Kc]
zzaimo: bets $13.31
app1e_j@ck: calls $13.31
*** SHOW DOWN ***
zzaimo: shows [Ts 9s] (a straight, Seven to Jack)
app1e_j@ck: mucks hand 
zzaimo collected $51.52 from pot
*** SUMMARY ***
Total pot $54.64 | Rake $3.12 
Board [8s 9c Jd 7c Kc]
Seat 1: 50CandyJoe folded before Flop (didn't bet)
Seat 2: app1e_j@ck (button) mucked
Seat 3: zzaimo (small blind) showed [Ts 9s] and won ($51.52) with a straight, Seven to Jack
Seat 4: shave_mustache (big blind) folded before Flop
Seat 5: Pon4uk.ua folded before Flop
Seat 6: XneferX folded before Flop (didn't bet)



PokerStars Hand #254665610778:  Hold'em No Limit ($0.50/$1.00 USD) - 2025/02/02 5:57:35 WET [2025/02/02 0:57:35 ET]
Table 'Amalia' 6-max Seat #3 is the button
Seat 1: 50CandyJoe ($104.02 in chips) 
Seat 2: app1e_j@ck ($166.77 in chips) 
Seat 3: zzaimo ($110.22 in chips) 
Seat 4: shave_mustache ($144.39 in chips) 
Seat 5: Pon4uk.ua ($101.14 in chips) 
Seat 6: XneferX ($100 in chips) 
shave_mustache: posts small blind $0.50
Pon4uk.ua: posts big blind $1
*** HOLE CARDS ***
XneferX: folds 
50CandyJoe: folds 
app1e_j@ck: folds 
zzaimo: folds 
shave_mustache: raises $2 to $3
Pon4uk.ua: raises $6 to $9
shave_mustache: calls $6
*** FLOP *** [5h Qc 7d]
shave_mustache: checks 
Pon4uk.ua: bets $5.64
shave_mustache: calls $5.64
*** TURN *** [5h Qc 7d] [2h]
shave_mustache: checks 
Pon4uk.ua: checks 
*** RIVER *** [5h Qc 7d 2h] [6d]
shave_mustache: checks 
Pon4uk.ua: bets $20.87
shave_mustache: calls $20.87
*** SHOW DOWN ***
Pon4uk.ua: shows [9h 8s] (a straight, Five to Nine)
shave_mustache: mucks hand 
Pon4uk.ua collected $68.52 from pot
*** SUMMARY ***
Total pot $71.02 | Rake $2.50 
Board [5h Qc 7d 2h 6d]
Seat 1: 50CandyJoe folded before Flop (didn't bet)
Seat 2: app1e_j@ck folded before Flop (didn't bet)
Seat 3: zzaimo (button) folded before Flop (didn't bet)
Seat 4: shave_mustache (small blind) mucked
Seat 5: Pon4uk.ua (big blind) showed [9h 8s] and won ($68.52) with a straight, Five to Nine
Seat 6: XneferX folded before Flop (didn't bet)



PokerStars Hand #254665621571:  Hold'em No Limit ($0.50/$1.00 USD) - 2025/02/02 5:59:59 WET [2025/02/02 0:59:59 ET]
Table 'Amalia' 6-max Seat #4 is the button
Seat 1: 50CandyJoe ($104.02 in chips) 
Seat 2: app1e_j@ck ($166.77 in chips) 
Seat 3: zzaimo ($110.22 in chips) 
Seat 4: shave_mustache ($108.88 in chips) 
Seat 5: Pon4uk.ua ($134.15 in chips) 
Seat 6: XneferX ($100 in chips) 
Pon4uk.ua: posts small blind $0.50
XneferX: posts big blind $1
*** HOLE CARDS ***
50CandyJoe: folds 
app1e_j@ck: raises $1.50 to $2.50
zzaimo: calls $2.50
shave_mustache: folds 
Pon4uk.ua: folds 
XneferX: folds 
*** FLOP *** [2h Qd 9s]
app1e_j@ck: bets $2.04
zzaimo: calls $2.04
*** TURN *** [2h Qd 9s] [Td]
app1e_j@ck: bets $8.04
zzaimo: folds 
Uncalled bet ($8.04) returned to app1e_j@ck
app1e_j@ck collected $10.05 from pot
app1e_j@ck: doesn't show hand 
*** SUMMARY ***
Total pot $10.58 | Rake $0.53 
Board [2h Qd 9s Td]
Seat 1: 50CandyJoe folded before Flop (didn't bet)
Seat 2: app1e_j@ck collected ($10.05)
Seat 3: zzaimo folded on the Turn
Seat 4: shave_mustache (button) folded before Flop (didn't bet)
Seat 5: Pon4uk.ua (small blind) folded before Flop
Seat 6: XneferX (big blind) folded before Flop



PokerStars Hand #254665624736:  Hold'em No Limit ($0.50/$1.00 USD) - 2025/02/02 6:00:38 WET [2025/02/02 1:00:38 ET]
Table 'Amalia' 6-max Seat #5 is the button
Seat 1: 50CandyJoe ($104.02 in chips) 
Seat 2: app1e_j@ck ($172.28 in chips) 
Seat 3: zzaimo ($105.68 in chips) 
Seat 4: shave_mustache ($108.88 in chips) 
Seat 5: Pon4uk.ua ($133.65 in chips) 
Seat 6: XneferX ($100 in chips) 
XneferX: posts small blind $0.50
50CandyJoe: posts big blind $1
*** HOLE CARDS ***
app1e_j@ck: folds 
zzaimo: folds 
shave_mustache: folds 
Pon4uk.ua: folds 
XneferX: folds 
Uncalled bet ($0.50) returned to 50CandyJoe
50CandyJoe collected $1 from pot
50CandyJoe: doesn't show hand 
*** SUMMARY ***
Total pot $1 | Rake $0 
Seat 1: 50CandyJoe (big blind) collected ($1)
Seat 2: app1e_j@ck folded before Flop (didn't bet)
Seat 3: zzaimo folded before Flop (didn't bet)
Seat 4: shave_mustache folded before Flop (didn't bet)
Seat 5: Pon4uk.ua (button) folded before Flop (didn't bet)
Seat 6: XneferX (small blind) folded before Flop



PokerStars Hand #254665626273:  Hold'em No Limit ($0.50/$1.00 USD) - 2025/02/02 6:00:57 WET [2025/02/02 1:00:57 ET]
Table 'Amalia' 6-max Seat #6 is the button
Seat 1: 50CandyJoe ($104.52 in chips) 
Seat 2: app1e_j@ck ($172.28 in chips) 
Seat 3: zzaimo ($105.68 in chips) 
Seat 4: shave_mustache ($108.88 in chips) 
Seat 5: Pon4uk.ua ($133.65 in chips) 
Seat 6: XneferX ($100 in chips) 
50CandyJoe: posts small blind $0.50
app1e_j@ck: posts big blind $1
*** HOLE CARDS ***
zzaimo: calls $1
shave_mustache: raises $2.50 to $3.50
Pon4uk.ua: folds 
XneferX: folds 
50CandyJoe: folds 
app1e_j@ck: folds 
zzaimo: calls $2.50
*** FLOP *** [Qc Kh Qd]
zzaimo: checks 
shave_mustache: bets $2.02
zzaimo: folds 
Uncalled bet ($2.02) returned to shave_mustache
shave_mustache collected $8.08 from pot
shave_mustache: doesn't show hand 
*** SUMMARY ***
Total pot $8.50 | Rake $0.42 
Board [Qc Kh Qd]
Seat 1: 50CandyJoe (small blind) folded before Flop
Seat 2: app1e_j@ck (big blind) folded before Flop
Seat 3: zzaimo folded on the Flop
Seat 4: shave_mustache collected ($8.08)
Seat 5: Pon4uk.ua folded before Flop (didn't bet)
Seat 6: XneferX (button) folded before Flop (didn't bet)



PokerStars Hand #254665629899:  Hold'em No Limit ($0.50/$1.00 USD) - 2025/02/02 6:01:38 WET [2025/02/02 1:01:38 ET]
Table 'Amalia' 6-max Seat #1 is the button
Seat 1: 50CandyJoe ($104.02 in chips) 
Seat 2: app1e_j@ck ($171.28 in chips) 
Seat 3: zzaimo ($102.18 in chips) 
Seat 4: shave_mustache ($113.46 in chips) 
Seat 5: Pon4uk.ua ($133.65 in chips) 
Seat 6: XneferX ($100 in chips) 
app1e_j@ck: posts small blind $0.50
zzaimo: posts big blind $1
*** HOLE CARDS ***
shave_mustache: folds 
Pon4uk.ua: folds 
XneferX: folds 
50CandyJoe: raises $1.50 to $2.50
app1e_j@ck: raises $10.50 to $13
zzaimo: folds 
50CandyJoe: folds 
Uncalled bet ($10.50) returned to app1e_j@ck
app1e_j@ck collected $6 from pot
app1e_j@ck: doesn't show hand 
*** SUMMARY ***
Total pot $6 | Rake $0 
Seat 1: 50CandyJoe (button) folded before Flop
Seat 2: app1e_j@ck (small blind) collected ($6)
Seat 3: zzaimo (big blind) folded before Flop
Seat 4: shave_mustache folded before Flop (didn't bet)
Seat 5: Pon4uk.ua folded before Flop (didn't bet)
Seat 6: XneferX folded before Flop (didn't bet)



PokerStars Hand #254665632429:  Hold'em No Limit ($0.50/$1.00 USD) - 2025/02/02 6:02:06 WET [2025/02/02 1:02:06 ET]
Table 'Amalia' 6-max Seat #2 is the button
Seat 1: 50CandyJoe ($101.52 in chips) 
Seat 2: app1e_j@ck ($174.78 in chips) 
Seat 3: zzaimo ($101.18 in chips) 
Seat 4: shave_mustache ($113.46 in chips) 
Seat 5: Pon4uk.ua ($133.65 in chips) 
Seat 6: XneferX ($100 in chips) 
zzaimo: posts small blind $0.50
shave_mustache: posts big blind $1
*** HOLE CARDS ***
Pon4uk.ua: raises $1 to $2
XneferX: folds 
50CandyJoe: folds 
app1e_j@ck: folds 
zzaimo: calls $1.50
shave_mustache: folds 
*** FLOP *** [5c 8h 6h]
zzaimo: checks 
Pon4uk.ua: checks 
*** TURN *** [5c 8h 6h] [2d]
zzaimo: checks 
Pon4uk.ua: checks 
*** RIVER *** [5c 8h 6h 2d] [8c]
zzaimo: checks 
Pon4uk.ua: checks 
*** SHOW DOWN ***
zzaimo: shows [4c Kc] (a pair of Eights)
Pon4uk.ua: shows [Ac 3c] (a pair of Eights - Ace kicker)
Pon4uk.ua collected $4.75 from pot
*** SUMMARY ***
Total pot $5 | Rake $0.25 
Board [5c 8h 6h 2d 8c]
Seat 1: 50CandyJoe folded before Flop (didn't bet)
Seat 2: app1e_j@ck (button) folded before Flop (didn't bet)
Seat 3: zzaimo (small blind) showed [4c Kc] and lost with a pair of Eights
Seat 4: shave_mustache (big blind) folded before Flop
Seat 5: Pon4uk.ua showed [Ac 3c] and won ($4.75) with a pair of Eights
Seat 6: XneferX folded before Flop (didn't bet)



PokerStars Hand #254665635818:  Hold'em No Limit ($0.50/$1.00 USD) - 2025/02/02 6:02:45 WET [2025/02/02 1:02:45 ET]
Table 'Amalia' 6-max Seat #3 is the button
Seat 1: 50CandyJoe ($101.52 in chips) 
Seat 2: app1e_j@ck ($174.78 in chips) 
Seat 3: zzaimo ($99.18 in chips) 
Seat 4: shave_mustache ($112.46 in chips) 
Seat 5: Pon4uk.ua ($136.40 in chips) 
Seat 6: XneferX ($100 in chips) 
shave_mustache: posts small blind $0.50
Pon4uk.ua: posts big blind $1
*** HOLE CARDS ***
XneferX: folds 
50CandyJoe: raises $1.20 to $2.20
app1e_j@ck: folds 
zzaimo: calls $2.20
shave_mustache: folds 
Pon4uk.ua: folds 
*** FLOP *** [6c Qs Ks]
50CandyJoe: bets $1.85
zzaimo: calls $1.85
*** TURN *** [6c Qs Ks] [7c]
50CandyJoe: bets $3.01
zzaimo: folds 
Uncalled bet ($3.01) returned to 50CandyJoe
50CandyJoe collected $9.12 from pot
50CandyJoe: doesn't show hand 
*** SUMMARY ***
Total pot $9.60 | Rake $0.48 
Board [6c Qs Ks 7c]
Seat 1: 50CandyJoe collected ($9.12)
Seat 2: app1e_j@ck folded before Flop (didn't bet)
Seat 3: zzaimo (button) folded on the Turn
Seat 4: shave_mustache (small blind) folded before Flop
Seat 5: Pon4uk.ua (big blind) folded before Flop
Seat 6: XneferX folded before Flop (didn't bet)



PokerStars Hand #254665640079:  Hold'em No Limit ($0.50/$1.00 USD) - 2025/02/02 6:03:34 WET [2025/02/02 1:03:34 ET]
Table 'Amalia' 6-max Seat #4 is the button
Seat 1: 50CandyJoe ($106.59 in chips) 
Seat 2: app1e_j@ck ($174.78 in chips) 
Seat 3: zzaimo ($95.13 in chips) 
Seat 4: shave_mustache ($111.96 in chips) 
Seat 5: Pon4uk.ua ($135.40 in chips) 
Seat 6: XneferX ($100 in chips) 
Pon4uk.ua: posts small blind $0.50
XneferX: posts big blind $1
*** HOLE CARDS ***
50CandyJoe: folds 
app1e_j@ck: folds 
zzaimo: raises $2 to $3
shave_mustache: folds 
Pon4uk.ua: folds 
XneferX: folds 
Uncalled bet ($2) returned to zzaimo
zzaimo collected $2.50 from pot
*** SUMMARY ***
Total pot $2.50 | Rake $0 
Seat 1: 50CandyJoe folded before Flop (didn't bet)
Seat 2: app1e_j@ck folded before Flop (didn't bet)
Seat 3: zzaimo collected ($2.50)
Seat 4: shave_mustache (button) folded before Flop (didn't bet)
Seat 5: Pon4uk.ua (small blind) folded before Flop
Seat 6: XneferX (big blind) folded before Flop



PokerStars Hand #254665645263:  Hold'em No Limit ($0.50/$1.00 USD) - 2025/02/02 6:04:34 WET [2025/02/02 1:04:34 ET]
Table 'Amalia' 6-max Seat #5 is the button
Seat 1: 50CandyJoe ($106.59 in chips) 
Seat 2: app1e_j@ck ($174.78 in chips) 
Seat 3: zzaimo ($96.63 in chips) 
Seat 4: shave_mustache ($111.96 in chips) 
Seat 5: Pon4uk.ua ($134.90 in chips) 
Seat 6: XneferX ($100 in chips) 
XneferX: posts small blind $0.50
50CandyJoe: posts big blind $1
*** HOLE CARDS ***
app1e_j@ck: folds 
zzaimo: folds 
shave_mustache: folds 
Pon4uk.ua: raises $1.50 to $2.50
XneferX: raises $9.50 to $12
50CandyJoe: folds 
Pon4uk.ua: folds 
Uncalled bet ($9.50) returned to XneferX
XneferX collected $6 from pot
XneferX: doesn't show hand 
*** SUMMARY ***
Total pot $6 | Rake $0 
Seat 1: 50CandyJoe (big blind) folded before Flop
Seat 2: app1e_j@ck folded before Flop (didn't bet)
Seat 3: zzaimo folded before Flop (didn't bet)
Seat 4: shave_mustache folded before Flop (didn't bet)
Seat 5: Pon4uk.ua (button) folded before Flop
Seat 6: XneferX (small blind) collected ($6)



PokerStars Hand #254665647283:  Hold'em No Limit ($0.50/$1.00 USD) - 2025/02/02 6:04:57 WET [2025/02/02 1:04:57 ET]
Table 'Amalia' 6-max Seat #6 is the button
Seat 1: 50CandyJoe ($105.59 in chips) 
Seat 2: app1e_j@ck ($174.78 in chips) 
Seat 3: zzaimo ($96.63 in chips) 
Seat 4: shave_mustache ($111.96 in chips) 
Seat 5: Pon4uk.ua ($132.40 in chips) 
Seat 6: XneferX ($103.50 in chips) 
50CandyJoe: posts small blind $0.50
app1e_j@ck: posts big blind $1
*** HOLE CARDS ***
zzaimo: folds 
shave_mustache: folds 
Pon4uk.ua: raises $1.50 to $2.50
XneferX: folds 
50CandyJoe: folds 
app1e_j@ck: calls $1.50
*** FLOP *** [Qd As 7h]
app1e_j@ck: checks 
Pon4uk.ua: bets $1.72
app1e_j@ck: raises $5.22 to $6.94
Pon4uk.ua: calls $5.22
*** TURN *** [Qd As 7h] [8s]
app1e_j@ck: bets $13.81
Pon4uk.ua: calls $13.81
*** RIVER *** [Qd As 7h 8s] [5d]
zzaimo is disconnected 
app1e_j@ck: bets $33.49
Pon4uk.ua: calls $33.49
*** SHOW DOWN ***
app1e_j@ck: shows [7d 7s] (three of a kind, Sevens)
Pon4uk.ua: mucks hand 
app1e_j@ck collected $111.48 from pot
*** SUMMARY ***
Total pot $113.98 | Rake $2.50 
Board [Qd As 7h 8s 5d]
Seat 1: 50CandyJoe (small blind) folded before Flop
Seat 2: app1e_j@ck (big blind) showed [7d 7s] and won ($111.48) with three of a kind, Sevens
Seat 3: zzaimo folded before Flop (didn't bet)
Seat 4: shave_mustache folded before Flop (didn't bet)
Seat 5: Pon4uk.ua mucked
Seat 6: XneferX (button) folded before Flop (didn't bet)



PokerStars Hand #254665655403:  Hold'em No Limit ($0.50/$1.00 USD) - 2025/02/02 6:06:30 WET [2025/02/02 1:06:30 ET]
Table 'Amalia' 6-max Seat #1 is the button
Seat 1: 50CandyJoe ($105.09 in chips) 
Seat 2: app1e_j@ck ($229.52 in chips) 
Seat 3: zzaimo ($96.63 in chips) 
Seat 4: shave_mustache ($111.96 in chips) 
Seat 5: Pon4uk.ua ($100 in chips) 
Seat 6: XneferX ($103.50 in chips) 
app1e_j@ck: posts small blind $0.50
zzaimo: posts big blind $1
*** HOLE CARDS ***
shave_mustache: raises $1.50 to $2.50
Pon4uk.ua: folds 
XneferX: calls $2.50
50CandyJoe: raises $7.50 to $10
app1e_j@ck: folds 
zzaimo: folds 
shave_mustache: folds 
XneferX: calls $7.50
*** FLOP *** [4d Qs 3h]
XneferX: checks 
50CandyJoe: bets $11.40
XneferX: calls $11.40
*** TURN *** [4d Qs 3h] [6d]
XneferX: checks 
50CandyJoe: checks 
*** RIVER *** [4d Qs 3h 6d] [7d]
XneferX: bets $82.10 and is all-in
50CandyJoe has timed out
50CandyJoe: folds 
Uncalled bet ($82.10) returned to XneferX
XneferX collected $44.46 from pot
XneferX: doesn't show hand 
*** SUMMARY ***
Total pot $46.80 | Rake $2.34 
Board [4d Qs 3h 6d 7d]
Seat 1: 50CandyJoe (button) folded on the River
Seat 2: app1e_j@ck (small blind) folded before Flop
Seat 3: zzaimo (big blind) folded before Flop
Seat 4: shave_mustache folded before Flop
Seat 5: Pon4uk.ua folded before Flop (didn't bet)
Seat 6: XneferX collected ($44.46)



PokerStars Hand #254665669164:  Hold'em No Limit ($0.50/$1.00 USD) - 2025/02/02 6:09:10 WET [2025/02/02 1:09:10 ET]
Table 'Amalia' 6-max Seat #2 is the button
Seat 1: 50CandyJoe ($100 in chips) 
Seat 2: app1e_j@ck ($229.02 in chips) 
Seat 3: zzaimo ($95.63 in chips) 
Seat 4: shave_mustache ($109.46 in chips) 
Seat 5: Pon4uk.ua ($100 in chips) 
Seat 6: XneferX ($126.56 in chips) 
zzaimo: posts small blind $0.50
shave_mustache: posts big blind $1
*** HOLE CARDS ***
Pon4uk.ua: folds 
XneferX: folds 
50CandyJoe: raises $1.20 to $2.20
app1e_j@ck: folds 
zzaimo: calls $1.70
shave_mustache: folds 
*** FLOP *** [7d Th 6d]
zzaimo: bets $1.57
50CandyJoe: raises $8.43 to $10
zzaimo: calls $8.43
*** TURN *** [7d Th 6d] [8d]
zzaimo: checks 
50CandyJoe: checks 
*** RIVER *** [7d Th 6d 8d] [Js]
zzaimo: bets $11.07
50CandyJoe has timed out
50CandyJoe: folds 
Uncalled bet ($11.07) returned to zzaimo
zzaimo collected $23.81 from pot
*** SUMMARY ***
Total pot $25.40 | Rake $1.59 
Board [7d Th 6d 8d Js]
Seat 1: 50CandyJoe folded on the River
Seat 2: app1e_j@ck (button) folded before Flop (didn't bet)
Seat 3: zzaimo (small blind) collected ($23.81)
Seat 4: shave_mustache (big blind) folded before Flop
Seat 5: Pon4uk.ua folded before Flop (didn't bet)
Seat 6: XneferX folded before Flop (didn't bet)



PokerStars Hand #254665676651:  Hold'em No Limit ($0.50/$1.00 USD) - 2025/02/02 6:10:37 WET [2025/02/02 1:10:37 ET]
Table 'Amalia' 6-max Seat #3 is the button
Seat 1: 50CandyJoe ($100 in chips) 
Seat 2: app1e_j@ck ($229.02 in chips) 
Seat 3: zzaimo ($107.24 in chips) 
Seat 4: shave_mustache ($108.46 in chips) 
Seat 5: Pon4uk.ua ($100 in chips) 
Seat 6: XneferX ($126.56 in chips) 
shave_mustache: posts small blind $0.50
Pon4uk.ua: posts big blind $1
*** HOLE CARDS ***
XneferX: folds 
50CandyJoe: folds 
app1e_j@ck: raises $1.50 to $2.50
zzaimo: folds 
shave_mustache: folds 
Pon4uk.ua: folds 
Uncalled bet ($1.50) returned to app1e_j@ck
XneferX leaves the table
app1e_j@ck collected $2.50 from pot
app1e_j@ck: doesn't show hand 
*** SUMMARY ***
Total pot $2.50 | Rake $0 
Seat 1: 50CandyJoe folded before Flop (didn't bet)
Seat 2: app1e_j@ck collected ($2.50)
Seat 3: zzaimo (button) folded before Flop (didn't bet)
Seat 4: shave_mustache (small blind) folded before Flop
Seat 5: Pon4uk.ua (big blind) folded before Flop
Seat 6: XneferX folded before Flop (didn't bet)



PokerStars Hand #254665678633:  Hold'em No Limit ($0.50/$1.00 USD) - 2025/02/02 6:11:01 WET [2025/02/02 1:11:01 ET]
Table 'Amalia' 6-max Seat #4 is the button
Seat 1: 50CandyJoe ($100 in chips) 
Seat 2: app1e_j@ck ($230.52 in chips) 
Seat 3: zzaimo ($107.24 in chips) 
Seat 4: shave_mustache ($107.96 in chips) 
Seat 5: Pon4uk.ua ($100 in chips) 
Pon4uk.ua: posts small blind $0.50
50CandyJoe: posts big blind $1
*** HOLE CARDS ***
app1e_j@ck: folds 
zzaimo: folds 
shave_mustache: raises $1.50 to $2.50
Pon4uk.ua: folds 
50CandyJoe: calls $1.50
*** FLOP *** [5d Ks 6s]
50CandyJoe: checks 
shave_mustache: bets $1.72
50CandyJoe: calls $1.72
*** TURN *** [5d Ks 6s] [Kc]
50CandyJoe: checks 
Melenya joins the table at seat #6 
shave_mustache: checks 
*** RIVER *** [5d Ks 6s Kc] [Td]
50CandyJoe: checks 
shave_mustache: bets $6.37
50CandyJoe: folds 
Uncalled bet ($6.37) returned to shave_mustache
shave_mustache collected $8.49 from pot
shave_mustache: doesn't show hand 
*** SUMMARY ***
Total pot $8.94 | Rake $0.45 
Board [5d Ks 6s Kc Td]
Seat 1: 50CandyJoe (big blind) folded on the River
Seat 2: app1e_j@ck folded before Flop (didn't bet)
Seat 3: zzaimo folded before Flop (didn't bet)
Seat 4: shave_mustache (button) collected ($8.49)
Seat 5: Pon4uk.ua (small blind) folded before Flop



PokerStars Hand #254665682311:  Hold'em No Limit ($0.50/$1.00 USD) - 2025/02/02 6:11:43 WET [2025/02/02 1:11:43 ET]
Table 'Amalia' 6-max Seat #5 is the button
Seat 6: Melenya ($100 in chips) is sitting out
Seat 1: 50CandyJoe ($100 in chips) 
Seat 2: app1e_j@ck ($230.52 in chips) 
Seat 3: zzaimo ($107.24 in chips) 
Seat 4: shave_mustache ($112.23 in chips) 
Seat 5: Pon4uk.ua ($100 in chips) 
50CandyJoe: posts small blind $0.50
app1e_j@ck: posts big blind $1
*** HOLE CARDS ***
zzaimo: calls $1
shave_mustache: folds 
Pon4uk.ua: raises $3 to $4
50CandyJoe: folds 
app1e_j@ck: calls $3
zzaimo: calls $3
*** FLOP *** [Ks Td 3c]
app1e_j@ck: checks 
zzaimo: checks 
Pon4uk.ua: bets $4
app1e_j@ck: folds 
zzaimo: folds 
Uncalled bet ($4) returned to Pon4uk.ua
Pon4uk.ua collected $11.88 from pot
Pon4uk.ua: doesn't show hand 
*** SUMMARY ***
Total pot $12.50 | Rake $0.62 
Board [Ks Td 3c]
Seat 6: Melenya
Seat 1: 50CandyJoe (small blind) folded before Flop
Seat 2: app1e_j@ck (big blind) folded on the Flop
Seat 3: zzaimo folded on the Flop
Seat 4: shave_mustache folded before Flop (didn't bet)
Seat 5: Pon4uk.ua (button) collected ($11.88)



PokerStars Hand #254665686263:  Hold'em No Limit ($0.50/$1.00 USD) - 2025/02/02 6:12:30 WET [2025/02/02 1:12:30 ET]
Table 'Amalia' 6-max Seat #1 is the button
Seat 6: Melenya ($100 in chips) is sitting out
Seat 1: 50CandyJoe ($100 in chips) 
Seat 2: app1e_j@ck ($226.52 in chips) 
Seat 3: zzaimo ($103.24 in chips) 
Seat 4: shave_mustache ($112.23 in chips) 
Seat 5: Pon4uk.ua ($107.88 in chips) 
app1e_j@ck: posts small blind $0.50
zzaimo: posts big blind $1
Melenya: sits out 
*** HOLE CARDS ***
shave_mustache: raises $1.50 to $2.50
Pon4uk.ua: folds 
50CandyJoe: folds 
app1e_j@ck: folds 
zzaimo: folds 
Uncalled bet ($1.50) returned to shave_mustache
shave_mustache collected $2.50 from pot
shave_mustache: doesn't show hand 
*** SUMMARY ***
Total pot $2.50 | Rake $0 
Seat 6: Melenya
Seat 1: 50CandyJoe (button) folded before Flop (didn't bet)
Seat 2: app1e_j@ck (small blind) folded before Flop
Seat 3: zzaimo (big blind) folded before Flop
Seat 4: shave_mustache collected ($2.50)
Seat 5: Pon4uk.ua folded before Flop (didn't bet)



PokerStars Hand #254665687409:  Hold'em No Limit ($0.50/$1.00 USD) - 2025/02/02 6:12:43 WET [2025/02/02 1:12:43 ET]
Table 'Amalia' 6-max Seat #2 is the button
Seat 6: Melenya ($100 in chips) is sitting out
Seat 1: 50CandyJoe ($100 in chips) 
Seat 2: app1e_j@ck ($226.02 in chips) 
Seat 3: zzaimo ($102.24 in chips) 
Seat 4: shave_mustache ($113.73 in chips) 
Seat 5: Pon4uk.ua ($107.88 in chips) 
zzaimo: posts small blind $0.50
shave_mustache: posts big blind $1
Melenya: sits out 
*** HOLE CARDS ***
Pon4uk.ua: folds 
50CandyJoe: raises $1.20 to $2.20
app1e_j@ck: folds 
zzaimo: folds 
shave_mustache: raises $9.80 to $12
50CandyJoe: folds 
Uncalled bet ($9.80) returned to shave_mustache
shave_mustache collected $4.90 from pot
shave_mustache: doesn't show hand 
*** SUMMARY ***
Total pot $4.90 | Rake $0 
Seat 6: Melenya
Seat 1: 50CandyJoe folded before Flop
Seat 2: app1e_j@ck (button) folded before Flop (didn't bet)
Seat 3: zzaimo (small blind) folded before Flop
Seat 4: shave_mustache (big blind) collected ($4.90)
Seat 5: Pon4uk.ua folded before Flop (didn't bet)



PokerStars Hand #254665690257:  Hold'em No Limit ($0.50/$1.00 USD) - 2025/02/02 6:13:17 WET [2025/02/02 1:13:17 ET]
Table 'Amalia' 6-max Seat #3 is the button
Seat 6: Melenya ($100 in chips) is sitting out
Seat 1: 50CandyJoe ($100 in chips) 
Seat 2: app1e_j@ck ($226.02 in chips) 
Seat 3: zzaimo ($101.74 in chips) 
Seat 4: shave_mustache ($116.43 in chips) 
Seat 5: Pon4uk.ua ($107.88 in chips) 
shave_mustache: posts small blind $0.50
Pon4uk.ua: posts big blind $1
Melenya: sits out 
*** HOLE CARDS ***
50CandyJoe: raises $1.20 to $2.20
app1e_j@ck: folds 
zzaimo: folds 
shave_mustache: raises $6.50 to $8.70
Pon4uk.ua: folds 
50CandyJoe: calls $6.50
*** FLOP *** [Qh Th 2d]
shave_mustache: bets $8.74
50CandyJoe: raises $82.56 to $91.30 and is all-in
shave_mustache: calls $82.56
*** FIRST TURN *** [Qh Th 2d] [3s]
*** FIRST RIVER *** [Qh Th 2d 3s] [8s]
*** SECOND TURN *** [Qh Th 2d] [5d]
*** SECOND RIVER *** [Qh Th 2d 5d] [Kh]
*** FIRST SHOW DOWN ***
shave_mustache: shows [Kc Qd] (a pair of Queens)
50CandyJoe: shows [Ts Tc] (three of a kind, Tens)
50CandyJoe collected $99.25 from pot
*** SECOND SHOW DOWN ***
shave_mustache: shows [Kc Qd] (two pair, Kings and Queens)
50CandyJoe: shows [Ts Tc] (three of a kind, Tens)
50CandyJoe collected $99.25 from pot
*** SUMMARY ***
Total pot $201 | Rake $2.50 
Hand was run twice
FIRST Board [Qh Th 2d 3s 8s]
SECOND Board [Qh Th 2d 5d Kh]
Seat 6: Melenya
Seat 1: 50CandyJoe showed [Ts Tc] and won ($99.25) with three of a kind, Tens, and won ($99.25) with three of a kind, Tens
Seat 2: app1e_j@ck folded before Flop (didn't bet)
Seat 3: zzaimo (button) folded before Flop (didn't bet)
Seat 4: shave_mustache (small blind) showed [Kc Qd] and lost with a pair of Queens, and lost with two pair, Kings and Queens
Seat 5: Pon4uk.ua (big blind) folded before Flop



PokerStars Hand #254665697997:  Hold'em No Limit ($0.50/$1.00 USD) - 2025/02/02 6:14:48 WET [2025/02/02 1:14:48 ET]
Table 'Amalia' 6-max Seat #4 is the button
Seat 1: 50CandyJoe ($198.50 in chips) 
Seat 2: app1e_j@ck ($226.02 in chips) 
Seat 3: zzaimo ($101.74 in chips) 
Seat 4: shave_mustache ($100 in chips) 
Seat 5: Pon4uk.ua ($106.88 in chips) 
Seat 6: Melenya ($100 in chips) 
Pon4uk.ua: posts small blind $0.50
Melenya: posts big blind $1
*** HOLE CARDS ***
50CandyJoe: folds 
app1e_j@ck: folds 
zzaimo: calls $1
shave_mustache: folds 
Pon4uk.ua: calls $0.50
Melenya: checks 
*** FLOP *** [3d Kd 6d]
Pon4uk.ua: checks 
Melenya: bets $1
zzaimo: calls $1
Pon4uk.ua: calls $1
*** TURN *** [3d Kd 6d] [3s]
Pon4uk.ua: checks 
Melenya: checks 
zzaimo: checks 
*** RIVER *** [3d Kd 6d 3s] [Kh]
Pon4uk.ua: checks 
Melenya: checks 
zzaimo: checks 
*** SHOW DOWN ***
Pon4uk.ua: shows [8s Jd] (two pair, Kings and Threes)
Melenya: mucks hand 
zzaimo: shows [7s 6c] (two pair, Kings and Sixes)
zzaimo collected $5.62 from pot
*** SUMMARY ***
Total pot $6 | Rake $0.38 
Board [3d Kd 6d 3s Kh]
Seat 1: 50CandyJoe folded before Flop (didn't bet)
Seat 2: app1e_j@ck folded before Flop (didn't bet)
Seat 3: zzaimo showed [7s 6c] and won ($5.62) with two pair, Kings and Sixes
Seat 4: shave_mustache (button) folded before Flop (didn't bet)
Seat 5: Pon4uk.ua (small blind) showed [8s Jd] and lost with two pair, Kings and Threes
Seat 6: Melenya (big blind) mucked



PokerStars Hand #254665705665:  Hold'em No Limit ($0.50/$1.00 USD) - 2025/02/02 6:16:18 WET [2025/02/02 1:16:18 ET]
Table 'Amalia' 6-max Seat #5 is the button
Seat 1: 50CandyJoe ($198.50 in chips) 
Seat 2: app1e_j@ck ($226.02 in chips) 
Seat 3: zzaimo ($105.36 in chips) 
Seat 4: shave_mustache ($100 in chips) 
Seat 5: Pon4uk.ua ($104.88 in chips) 
Seat 6: Melenya ($100 in chips) 
Melenya: posts small blind $0.50
50CandyJoe: posts big blind $1
*** HOLE CARDS ***
app1e_j@ck: folds 
zzaimo: calls $1
shave_mustache: folds 
Pon4uk.ua: folds 
Melenya: folds 
50CandyJoe: checks 
*** FLOP *** [9d 2c Qs]
50CandyJoe: checks 
zzaimo: checks 
*** TURN *** [9d 2c Qs] [5c]
50CandyJoe: checks 
zzaimo: checks 
*** RIVER *** [9d 2c Qs 5c] [7h]
50CandyJoe: checks 
zzaimo: checks 
*** SHOW DOWN ***
50CandyJoe: shows [Ad 4s] (high card Ace)
zzaimo: shows [3h 2h] (a pair of Deuces)
zzaimo collected $2.35 from pot
*** SUMMARY ***
Total pot $2.50 | Rake $0.15 
Board [9d 2c Qs 5c 7h]
Seat 1: 50CandyJoe (big blind) showed [Ad 4s] and lost with high card Ace
Seat 2: app1e_j@ck folded before Flop (didn't bet)
Seat 3: zzaimo showed [3h 2h] and won ($2.35) with a pair of Deuces
Seat 4: shave_mustache folded before Flop (didn't bet)
Seat 5: Pon4uk.ua (button) folded before Flop (didn't bet)
Seat 6: Melenya (small blind) folded before Flop



PokerStars Hand #254665708207:  Hold'em No Limit ($0.50/$1.00 USD) - 2025/02/02 6:16:49 WET [2025/02/02 1:16:49 ET]
Table 'Amalia' 6-max Seat #6 is the button
Seat 1: 50CandyJoe ($197.50 in chips) 
Seat 2: app1e_j@ck ($226.02 in chips) 
Seat 3: zzaimo ($106.71 in chips) 
Seat 4: shave_mustache ($100 in chips) 
Seat 5: Pon4uk.ua ($104.88 in chips) 
Seat 6: Melenya ($100 in chips) 
50CandyJoe: posts small blind $0.50
app1e_j@ck: posts big blind $1
*** HOLE CARDS ***
zzaimo: raises $2 to $3
shave_mustache: folds 
Pon4uk.ua: folds 
Melenya: raises $6 to $9
50CandyJoe: folds 
app1e_j@ck: folds 
zzaimo: calls $6
*** FLOP *** [Kc As Ks]
zzaimo: checks 
Melenya: bets $4.63
zzaimo: folds 
Uncalled bet ($4.63) returned to Melenya
Melenya collected $18.52 from pot
Melenya: doesn't show hand 
*** SUMMARY ***
Total pot $19.50 | Rake $0.98 
Board [Kc As Ks]
Seat 1: 50CandyJoe (small blind) folded before Flop
Seat 2: app1e_j@ck (big blind) folded before Flop
Seat 3: zzaimo folded on the Flop
Seat 4: shave_mustache folded before Flop (didn't bet)
Seat 5: Pon4uk.ua folded before Flop (didn't bet)
Seat 6: Melenya (button) collected ($18.52)



PokerStars Hand #254665712310:  Hold'em No Limit ($0.50/$1.00 USD) - 2025/02/02 6:17:38 WET [2025/02/02 1:17:38 ET]
Table 'Amalia' 6-max Seat #1 is the button
Seat 1: 50CandyJoe ($197 in chips) 
Seat 2: app1e_j@ck ($225.02 in chips) 
Seat 3: zzaimo ($97.71 in chips) 
Seat 4: shave_mustache ($100 in chips) 
Seat 5: Pon4uk.ua ($104.88 in chips) 
Seat 6: Melenya ($109.52 in chips) 
app1e_j@ck: posts small blind $0.50
zzaimo: posts big blind $1
*** HOLE CARDS ***
shave_mustache: folds 
Pon4uk.ua: folds 
Melenya: raises $1.30 to $2.30
50CandyJoe: calls $2.30
app1e_j@ck: raises $11.20 to $13.50
zzaimo: folds 
Melenya: folds 
50CandyJoe: folds 
Uncalled bet ($11.20) returned to app1e_j@ck
app1e_j@ck collected $7.90 from pot
app1e_j@ck: doesn't show hand 
*** SUMMARY ***
Total pot $7.90 | Rake $0 
Seat 1: 50CandyJoe (button) folded before Flop
Seat 2: app1e_j@ck (small blind) collected ($7.90)
Seat 3: zzaimo (big blind) folded before Flop
Seat 4: shave_mustache folded before Flop (didn't bet)
Seat 5: Pon4uk.ua folded before Flop (didn't bet)
Seat 6: Melenya folded before Flop



PokerStars Hand #254665716528:  Hold'em No Limit ($0.50/$1.00 USD) - 2025/02/02 6:18:27 WET [2025/02/02 1:18:27 ET]
Table 'Amalia' 6-max Seat #2 is the button
Seat 1: 50CandyJoe ($194.70 in chips) 
Seat 2: app1e_j@ck ($230.62 in chips) 
Seat 3: zzaimo ($96.71 in chips) 
Seat 4: shave_mustache ($100 in chips) 
Seat 5: Pon4uk.ua ($104.88 in chips) 
Seat 6: Melenya ($107.22 in chips) 
zzaimo: posts small blind $0.50
shave_mustache: posts big blind $1
*** HOLE CARDS ***
Pon4uk.ua: folds 
Melenya: raises $1 to $2
50CandyJoe: folds 
app1e_j@ck: folds 
zzaimo: folds 
shave_mustache: folds 
Uncalled bet ($1) returned to Melenya
50CandyJoe leaves the table
Melenya collected $2.50 from pot
Melenya: doesn't show hand 
*** SUMMARY ***
Total pot $2.50 | Rake $0 
Seat 1: 50CandyJoe folded before Flop (didn't bet)
Seat 2: app1e_j@ck (button) folded before Flop (didn't bet)
Seat 3: zzaimo (small blind) folded before Flop
Seat 4: shave_mustache (big blind) folded before Flop
Seat 5: Pon4uk.ua folded before Flop (didn't bet)
Seat 6: Melenya collected ($2.50)



PokerStars Hand #254665718664:  Hold'em No Limit ($0.50/$1.00 USD) - 2025/02/02 6:18:52 WET [2025/02/02 1:18:52 ET]
Table 'Amalia' 6-max Seat #3 is the button
Seat 2: app1e_j@ck ($230.62 in chips) 
Seat 3: zzaimo ($96.21 in chips) 
Seat 4: shave_mustache ($100 in chips) 
Seat 5: Pon4uk.ua ($104.88 in chips) 
Seat 6: Melenya ($108.72 in chips) 
shave_mustache: posts small blind $0.50
Pon4uk.ua: posts big blind $1
*** HOLE CARDS ***
Melenya: raises $1 to $2
app1e_j@ck: folds 
zzaimo: calls $2
shave_mustache: calls $1.50
CEPTT joins the table at seat #1 
Pon4uk.ua: calls $1
*** FLOP *** [Ah 8d 4d]
shave_mustache: checks 
Pon4uk.ua: checks 
Melenya: checks 
zzaimo: checks 
*** TURN *** [Ah 8d 4d] [Qc]
shave_mustache: checks 
Pon4uk.ua: checks 
Melenya: bets $2.28
zzaimo: calls $2.28
shave_mustache: folds 
Pon4uk.ua: folds 
*** RIVER *** [Ah 8d 4d Qc] [2d]
Melenya: bets $3.58
zzaimo: raises $17.09 to $20.67
Melenya: folds 
Uncalled bet ($17.09) returned to zzaimo
zzaimo collected $18.48 from pot
*** SUMMARY ***
Total pot $19.72 | Rake $1.24 
Board [Ah 8d 4d Qc 2d]
Seat 2: app1e_j@ck folded before Flop (didn't bet)
Seat 3: zzaimo (button) collected ($18.48)
Seat 4: shave_mustache (small blind) folded on the Turn
Seat 5: Pon4uk.ua (big blind) folded on the Turn
Seat 6: Melenya folded on the River



PokerStars Hand #254665727764:  Hold'em No Limit ($0.50/$1.00 USD) - 2025/02/02 6:20:40 WET [2025/02/02 1:20:40 ET]
Table 'Amalia' 6-max Seat #4 is the button
Seat 1: CEPTT ($100 in chips) is sitting out
Seat 2: app1e_j@ck ($230.62 in chips) 
Seat 3: zzaimo ($106.83 in chips) 
Seat 4: shave_mustache ($100 in chips) 
Seat 5: Pon4uk.ua ($102.88 in chips) 
Seat 6: Melenya ($100.86 in chips) 
Pon4uk.ua: posts small blind $0.50
Melenya: posts big blind $1
CEPTT: sits out 
*** HOLE CARDS ***
app1e_j@ck: folds 
zzaimo: folds 
shave_mustache: folds 
Pon4uk.ua: folds 
Uncalled bet ($0.50) returned to Melenya
Melenya collected $1 from pot
Melenya: doesn't show hand 
*** SUMMARY ***
Total pot $1 | Rake $0 
Seat 1: CEPTT
Seat 2: app1e_j@ck folded before Flop (didn't bet)
Seat 3: zzaimo folded before Flop (didn't bet)
Seat 4: shave_mustache (button) folded before Flop (didn't bet)
Seat 5: Pon4uk.ua (small blind) folded before Flop
Seat 6: Melenya (big blind) collected ($1)



PokerStars Hand #254665729529:  Hold'em No Limit ($0.50/$1.00 USD) - 2025/02/02 6:21:02 WET [2025/02/02 1:21:02 ET]
Table 'Amalia' 6-max Seat #5 is the button
Seat 1: CEPTT ($100 in chips) 
Seat 2: app1e_j@ck ($230.62 in chips) 
Seat 3: zzaimo ($106.83 in chips) 
Seat 4: shave_mustache ($100 in chips) 
Seat 5: Pon4uk.ua ($102.38 in chips) 
Seat 6: Melenya ($101.36 in chips) 
Melenya: posts small blind $0.50
CEPTT: posts big blind $1
*** HOLE CARDS ***
app1e_j@ck: folds 
zzaimo: folds 
shave_mustache: folds 
Pon4uk.ua: folds 
Melenya: raises $2 to $3
CEPTT: folds 
Uncalled bet ($2) returned to Melenya
Melenya collected $2 from pot
Melenya: doesn't show hand 
*** SUMMARY ***
Total pot $2 | Rake $0 
Seat 1: CEPTT (big blind) folded before Flop
Seat 2: app1e_j@ck folded before Flop (didn't bet)
Seat 3: zzaimo folded before Flop (didn't bet)
Seat 4: shave_mustache folded before Flop (didn't bet)
Seat 5: Pon4uk.ua (button) folded before Flop (didn't bet)
Seat 6: Melenya (small blind) collected ($2)



PokerStars Hand #254665733277:  Hold'em No Limit ($0.50/$1.00 USD) - 2025/02/02 6:21:47 WET [2025/02/02 1:21:47 ET]
Table 'Amalia' 6-max Seat #6 is the button
Seat 1: CEPTT ($100 in chips) 
Seat 2: app1e_j@ck ($230.62 in chips) 
Seat 3: zzaimo ($106.83 in chips) 
Seat 4: shave_mustache ($100 in chips) 
Seat 5: Pon4uk.ua ($102.38 in chips) 
Seat 6: Melenya ($102.36 in chips) 
CEPTT: posts small blind $0.50
app1e_j@ck: posts big blind $1
*** HOLE CARDS ***
zzaimo: folds 
shave_mustache: folds 
Pon4uk.ua: raises $1.50 to $2.50
Melenya: folds 
CEPTT: folds 
app1e_j@ck: folds 
Uncalled bet ($1.50) returned to Pon4uk.ua
Pon4uk.ua collected $2.50 from pot
Pon4uk.ua: doesn't show hand 
*** SUMMARY ***
Total pot $2.50 | Rake $0 
Seat 1: CEPTT (small blind) folded before Flop
Seat 2: app1e_j@ck (big blind) folded before Flop
Seat 3: zzaimo folded before Flop (didn't bet)
Seat 4: shave_mustache folded before Flop (didn't bet)
Seat 5: Pon4uk.ua collected ($2.50)
Seat 6: Melenya (button) folded before Flop (didn't bet)



PokerStars Hand #254665736490:  Hold'em No Limit ($0.50/$1.00 USD) - 2025/02/02 6:22:25 WET [2025/02/02 1:22:25 ET]
Table 'Amalia' 6-max Seat #1 is the button
Seat 3: zzaimo ($106.83 in chips) is sitting out
Seat 1: CEPTT ($100 in chips) 
Seat 2: app1e_j@ck ($229.62 in chips) 
Seat 4: shave_mustache ($100 in chips) 
Seat 5: Pon4uk.ua ($103.88 in chips) 
Seat 6: Melenya ($102.36 in chips) 
app1e_j@ck: posts small blind $0.50
zzaimo has timed out
zzaimo: is sitting out 
shave_mustache: posts big blind $1
*** HOLE CARDS ***
Pon4uk.ua: raises $1 to $2
Melenya: folds 
CEPTT: folds 
app1e_j@ck: folds 
shave_mustache: folds 
Uncalled bet ($1) returned to Pon4uk.ua
Pon4uk.ua collected $2.50 from pot
Pon4uk.ua: doesn't show hand 
*** SUMMARY ***
Total pot $2.50 | Rake $0 
Seat 3: zzaimo
Seat 1: CEPTT (button) folded before Flop (didn't bet)
Seat 2: app1e_j@ck (small blind) folded before Flop
Seat 4: shave_mustache (big blind) folded before Flop
Seat 5: Pon4uk.ua collected ($2.50)
Seat 6: Melenya folded before Flop (didn't bet)



PokerStars Hand #254665738644:  Hold'em No Limit ($0.50/$1.00 USD) - 2025/02/02 6:22:51 WET [2025/02/02 1:22:51 ET]
Table 'Amalia' 6-max Seat #2 is the button
Seat 3: zzaimo ($106.83 in chips) is sitting out
Seat 1: CEPTT ($100 in chips) 
Seat 2: app1e_j@ck ($229.12 in chips) 
Seat 4: shave_mustache ($100 in chips) 
Seat 5: Pon4uk.ua ($105.38 in chips) 
Seat 6: Melenya ($102.36 in chips) 
shave_mustache: posts small blind $0.50
Pon4uk.ua: posts big blind $1
*** HOLE CARDS ***
Melenya: folds 
CEPTT: folds 
app1e_j@ck: folds 
shave_mustache: raises $2 to $3
Pon4uk.ua: calls $2
*** FLOP *** [7d Kd Qd]
shave_mustache: checks 
Pon4uk.ua: checks 
*** TURN *** [7d Kd Qd] [Ts]
shave_mustache: checks 
Pon4uk.ua: checks 
*** RIVER *** [7d Kd Qd Ts] [5c]
shave_mustache: checks 
Pon4uk.ua: bets $1.88
shave_mustache: calls $1.88
*** SHOW DOWN ***
Pon4uk.ua: shows [Jh Tc] (a pair of Tens)
shave_mustache: shows [Ac Th] (a pair of Tens - Ace kicker)
shave_mustache collected $9.27 from pot
*** SUMMARY ***
Total pot $9.76 | Rake $0.49 
Board [7d Kd Qd Ts 5c]
Seat 3: zzaimo
Seat 1: CEPTT folded before Flop (didn't bet)
Seat 2: app1e_j@ck (button) folded before Flop (didn't bet)
Seat 4: shave_mustache (small blind) showed [Ac Th] and won ($9.27) with a pair of Tens
Seat 5: Pon4uk.ua (big blind) showed [Jh Tc] and lost with a pair of Tens
Seat 6: Melenya folded before Flop (didn't bet)



PokerStars Hand #254665743372:  Hold'em No Limit ($0.50/$1.00 USD) - 2025/02/02 6:23:49 WET [2025/02/02 1:23:49 ET]
Table 'Amalia' 6-max Seat #4 is the button
Seat 1: CEPTT ($100 in chips) 
Seat 2: app1e_j@ck ($229.12 in chips) 
Seat 3: zzaimo ($106.83 in chips) 
Seat 4: shave_mustache ($104.39 in chips) 
Seat 5: Pon4uk.ua ($100.50 in chips) 
Seat 6: Melenya ($102.36 in chips) 
Pon4uk.ua: posts small blind $0.50
Melenya: posts big blind $1
zzaimo: posts small & big blinds $1.50
*** HOLE CARDS ***
CEPTT: folds 
app1e_j@ck: folds 
zzaimo: checks 
shave_mustache: folds 
Pon4uk.ua: raises $4 to $5
Melenya: raises $10 to $15
zzaimo: folds 
Pon4uk.ua: folds 
Uncalled bet ($10) returned to Melenya
Melenya collected $11.50 from pot
Melenya: doesn't show hand 
*** SUMMARY ***
Total pot $11.50 | Rake $0 
Seat 1: CEPTT folded before Flop (didn't bet)
Seat 2: app1e_j@ck folded before Flop (didn't bet)
Seat 3: zzaimo folded before Flop (didn't bet)
Seat 4: shave_mustache (button) folded before Flop (didn't bet)
Seat 5: Pon4uk.ua (small blind) folded before Flop
Seat 6: Melenya (big blind) collected ($11.50)



PokerStars Hand #254665745603:  Hold'em No Limit ($0.50/$1.00 USD) - 2025/02/02 6:24:16 WET [2025/02/02 1:24:16 ET]
Table 'Amalia' 6-max Seat #5 is the button
Seat 1: CEPTT ($100 in chips) 
Seat 2: app1e_j@ck ($229.12 in chips) 
Seat 3: zzaimo ($105.33 in chips) 
Seat 4: shave_mustache ($104.39 in chips) 
Seat 5: Pon4uk.ua ($100 in chips) 
Seat 6: Melenya ($108.86 in chips) 
Melenya: posts small blind $0.50
CEPTT: posts big blind $1
*** HOLE CARDS ***
app1e_j@ck: folds 
zzaimo: calls $1
shave_mustache: raises $3 to $4
Pon4uk.ua: raises $8 to $12
Melenya: folds 
CEPTT: folds 
zzaimo: folds 
shave_mustache: folds 
Uncalled bet ($8) returned to Pon4uk.ua
Pon4uk.ua collected $10.50 from pot
Pon4uk.ua: doesn't show hand 
*** SUMMARY ***
Total pot $10.50 | Rake $0 
Seat 1: CEPTT (big blind) folded before Flop
Seat 2: app1e_j@ck folded before Flop (didn't bet)
Seat 3: zzaimo folded before Flop
Seat 4: shave_mustache folded before Flop
Seat 5: Pon4uk.ua (button) collected ($10.50)
Seat 6: Melenya (small blind) folded before Flop



PokerStars Hand #254665748353:  Hold'em No Limit ($0.50/$1.00 USD) - 2025/02/02 6:24:50 WET [2025/02/02 1:24:50 ET]
Table 'Amalia' 6-max Seat #6 is the button
Seat 1: CEPTT ($100 in chips) 
Seat 2: app1e_j@ck ($229.12 in chips) 
Seat 3: zzaimo ($104.33 in chips) 
Seat 4: shave_mustache ($100.39 in chips) 
Seat 5: Pon4uk.ua ($106.50 in chips) 
Seat 6: Melenya ($108.36 in chips) 
CEPTT: posts small blind $0.50
app1e_j@ck: posts big blind $1
*** HOLE CARDS ***
zzaimo: calls $1
shave_mustache: folds 
Pon4uk.ua: folds 
Melenya: raises $3 to $4
CEPTT: folds 
app1e_j@ck: folds 
zzaimo: calls $3
*** FLOP *** [4d 6c As]
zzaimo: checks 
Melenya: bets $2.25
zzaimo: calls $2.25
*** TURN *** [4d 6c As] [Th]
zzaimo: checks 
Melenya: checks 
*** RIVER *** [4d 6c As Th] [4h]
zzaimo: checks 
Melenya: bets $1.33
zzaimo: raises $9.98 to $11.31
Melenya: calls $9.98
*** SHOW DOWN ***
zzaimo: shows [5d 9d] (a pair of Fours)
Melenya: shows [Qd Td] (two pair, Tens and Fours)
Melenya collected $34.79 from pot
*** SUMMARY ***
Total pot $36.62 | Rake $1.83 
Board [4d 6c As Th 4h]
Seat 1: CEPTT (small blind) folded before Flop
Seat 2: app1e_j@ck (big blind) folded before Flop
Seat 3: zzaimo showed [5d 9d] and lost with a pair of Fours
Seat 4: shave_mustache folded before Flop (didn't bet)
Seat 5: Pon4uk.ua folded before Flop (didn't bet)
Seat 6: Melenya (button) showed [Qd Td] and won ($34.79) with two pair, Tens and Fours



PokerStars Hand #254665754894:  Hold'em No Limit ($0.50/$1.00 USD) - 2025/02/02 6:26:11 WET [2025/02/02 1:26:11 ET]
Table 'Amalia' 6-max Seat #1 is the button
Seat 1: CEPTT ($100 in chips) 
Seat 2: app1e_j@ck ($228.12 in chips) 
Seat 3: zzaimo ($86.77 in chips) 
Seat 4: shave_mustache ($100.39 in chips) 
Seat 5: Pon4uk.ua ($106.50 in chips) 
Seat 6: Melenya ($125.59 in chips) 
app1e_j@ck: posts small blind $0.50
zzaimo: posts big blind $1
*** HOLE CARDS ***
shave_mustache: raises $1.50 to $2.50
Pon4uk.ua: folds 
Melenya: folds 
CEPTT: folds 
app1e_j@ck: folds 
zzaimo: raises $5.50 to $8
shave_mustache: calls $5.50
*** FLOP *** [2s 8d 8s]
zzaimo: bets $7.84
shave_mustache: folds 
Uncalled bet ($7.84) returned to zzaimo
zzaimo collected $15.48 from pot
*** SUMMARY ***
Total pot $16.50 | Rake $1.02 
Board [2s 8d 8s]
Seat 1: CEPTT (button) folded before Flop (didn't bet)
Seat 2: app1e_j@ck (small blind) folded before Flop
Seat 3: zzaimo (big blind) collected ($15.48)
Seat 4: shave_mustache folded on the Flop
Seat 5: Pon4uk.ua folded before Flop (didn't bet)
Seat 6: Melenya folded before Flop (didn't bet)



PokerStars Hand #254665759063:  Hold'em No Limit ($0.50/$1.00 USD) - 2025/02/02 6:27:03 WET [2025/02/02 1:27:03 ET]
Table 'Amalia' 6-max Seat #2 is the button
Seat 1: CEPTT ($100 in chips) 
Seat 2: app1e_j@ck ($227.62 in chips) 
Seat 3: zzaimo ($94.25 in chips) 
Seat 4: shave_mustache ($100 in chips) 
Seat 5: Pon4uk.ua ($106.50 in chips) 
Seat 6: Melenya ($125.59 in chips) 
zzaimo: posts small blind $0.50
shave_mustache: posts big blind $1
*** HOLE CARDS ***
Pon4uk.ua: folds 
Melenya: folds 
CEPTT: folds 
app1e_j@ck: folds 
zzaimo: folds 
Uncalled bet ($0.50) returned to shave_mustache
shave_mustache collected $1 from pot
shave_mustache: doesn't show hand 
*** SUMMARY ***
Total pot $1 | Rake $0 
Seat 1: CEPTT folded before Flop (didn't bet)
Seat 2: app1e_j@ck (button) folded before Flop (didn't bet)
Seat 3: zzaimo (small blind) folded before Flop
Seat 4: shave_mustache (big blind) collected ($1)
Seat 5: Pon4uk.ua folded before Flop (didn't bet)
Seat 6: Melenya folded before Flop (didn't bet)



PokerStars Hand #254665761714:  Hold'em No Limit ($0.50/$1.00 USD) - 2025/02/02 6:27:35 WET [2025/02/02 1:27:35 ET]
Table 'Amalia' 6-max Seat #3 is the button
Seat 1: CEPTT ($100 in chips) 
Seat 2: app1e_j@ck ($227.62 in chips) 
Seat 3: zzaimo ($93.75 in chips) 
Seat 4: shave_mustache ($100.50 in chips) 
Seat 5: Pon4uk.ua ($106.50 in chips) 
Seat 6: Melenya ($125.59 in chips) 
shave_mustache: posts small blind $0.50
Pon4uk.ua: posts big blind $1
*** HOLE CARDS ***
Melenya: folds 
CEPTT: folds 
app1e_j@ck: raises $1.50 to $2.50
zzaimo: calls $2.50
shave_mustache: folds 
Pon4uk.ua: folds 
*** FLOP *** [4c Jc 5s]
app1e_j@ck: bets $4.64
zzaimo: calls $4.64
*** TURN *** [4c Jc 5s] [7d]
app1e_j@ck: bets $11.74
zzaimo: calls $11.74
*** RIVER *** [4c Jc 5s 7d] [Kc]
app1e_j@ck: checks 
zzaimo: checks 
*** SHOW DOWN ***
app1e_j@ck: shows [Qh Jd] (a pair of Jacks)
zzaimo: mucks hand 
app1e_j@ck collected $37.30 from pot
*** SUMMARY ***
Total pot $39.26 | Rake $1.96 
Board [4c Jc 5s 7d Kc]
Seat 1: CEPTT folded before Flop (didn't bet)
Seat 2: app1e_j@ck showed [Qh Jd] and won ($37.30) with a pair of Jacks
Seat 3: zzaimo (button) mucked
Seat 4: shave_mustache (small blind) folded before Flop
Seat 5: Pon4uk.ua (big blind) folded before Flop
Seat 6: Melenya folded before Flop (didn't bet)



PokerStars Hand #254665766210:  Hold'em No Limit ($0.50/$1.00 USD) - 2025/02/02 6:28:31 WET [2025/02/02 1:28:31 ET]
Table 'Amalia' 6-max Seat #4 is the button
Seat 1: CEPTT ($100 in chips) 
Seat 2: app1e_j@ck ($246.04 in chips) 
Seat 3: zzaimo ($74.87 in chips) 
Seat 4: shave_mustache ($100 in chips) 
Seat 5: Pon4uk.ua ($105.50 in chips) 
Seat 6: Melenya ($125.59 in chips) 
Pon4uk.ua: posts small blind $0.50
Melenya: posts big blind $1
*** HOLE CARDS ***
CEPTT: folds 
app1e_j@ck: folds 
zzaimo: calls $1
shave_mustache: folds 
Pon4uk.ua: folds 
Melenya: checks 
*** FLOP *** [2c 9d Kh]
Melenya: checks 
zzaimo: checks 
*** TURN *** [2c 9d Kh] [5d]
Melenya: checks 
zzaimo: checks 
*** RIVER *** [2c 9d Kh 5d] [4c]
Melenya: bets $1
zzaimo: calls $1
*** SHOW DOWN ***
Melenya: shows [5h Jd] (a pair of Fives)
zzaimo: mucks hand 
Melenya collected $4.28 from pot
*** SUMMARY ***
Total pot $4.50 | Rake $0.22 
Board [2c 9d Kh 5d 4c]
Seat 1: CEPTT folded before Flop (didn't bet)
Seat 2: app1e_j@ck folded before Flop (didn't bet)
Seat 3: zzaimo mucked
Seat 4: shave_mustache (button) folded before Flop (didn't bet)
Seat 5: Pon4uk.ua (small blind) folded before Flop
Seat 6: Melenya (big blind) showed [5h Jd] and won ($4.28) with a pair of Fives



PokerStars Hand #254665770609:  Hold'em No Limit ($0.50/$1.00 USD) - 2025/02/02 6:29:24 WET [2025/02/02 1:29:24 ET]
Table 'Amalia' 6-max Seat #5 is the button
Seat 1: CEPTT ($100 in chips) 
Seat 2: app1e_j@ck ($246.04 in chips) 
Seat 3: zzaimo ($72.87 in chips) 
Seat 4: shave_mustache ($100 in chips) 
Seat 5: Pon4uk.ua ($105 in chips) 
Seat 6: Melenya ($127.87 in chips) 
Melenya: posts small blind $0.50
CEPTT: posts big blind $1
*** HOLE CARDS ***
app1e_j@ck: raises $1.50 to $2.50
zzaimo: folds 
shave_mustache: folds 
Pon4uk.ua: folds 
Melenya: folds 
CEPTT: folds 
Uncalled bet ($1.50) returned to app1e_j@ck
app1e_j@ck collected $2.50 from pot
app1e_j@ck: doesn't show hand 
*** SUMMARY ***
Total pot $2.50 | Rake $0 
Seat 1: CEPTT (big blind) folded before Flop
Seat 2: app1e_j@ck collected ($2.50)
Seat 3: zzaimo folded before Flop (didn't bet)
Seat 4: shave_mustache folded before Flop (didn't bet)
Seat 5: Pon4uk.ua (button) folded before Flop (didn't bet)
Seat 6: Melenya (small blind) folded before Flop



PokerStars Hand #254665772487:  Hold'em No Limit ($0.50/$1.00 USD) - 2025/02/02 6:29:47 WET [2025/02/02 1:29:47 ET]
Table 'Amalia' 6-max Seat #6 is the button
Seat 1: CEPTT ($100 in chips) 
Seat 2: app1e_j@ck ($247.54 in chips) 
Seat 3: zzaimo ($72.87 in chips) 
Seat 4: shave_mustache ($100 in chips) 
Seat 5: Pon4uk.ua ($105 in chips) 
Seat 6: Melenya ($127.37 in chips) 
CEPTT: posts small blind $0.50
app1e_j@ck: posts big blind $1
*** HOLE CARDS ***
zzaimo: folds 
shave_mustache: raises $1.50 to $2.50
Pon4uk.ua: folds 
zzaimo is disconnected 
Melenya: folds 
CEPTT: folds 
app1e_j@ck: raises $11 to $13.50
shave_mustache: folds 
Uncalled bet ($11) returned to app1e_j@ck
app1e_j@ck collected $5.50 from pot
app1e_j@ck: doesn't show hand 
*** SUMMARY ***
Total pot $5.50 | Rake $0 
Seat 1: CEPTT (small blind) folded before Flop
Seat 2: app1e_j@ck (big blind) collected ($5.50)
Seat 3: zzaimo folded before Flop (didn't bet)
Seat 4: shave_mustache folded before Flop
Seat 5: Pon4uk.ua folded before Flop (didn't bet)
Seat 6: Melenya (button) folded before Flop (didn't bet)



PokerStars Hand #254665776720:  Hold'em No Limit ($0.50/$1.00 USD) - 2025/02/02 6:30:37 WET [2025/02/02 1:30:37 ET]
Table 'Amalia' 6-max Seat #1 is the button
Seat 1: CEPTT ($100 in chips) 
Seat 2: app1e_j@ck ($250.54 in chips) 
Seat 3: zzaimo ($72.87 in chips) 
Seat 4: shave_mustache ($100 in chips) 
Seat 5: Pon4uk.ua ($105 in chips) 
Seat 6: Melenya ($127.37 in chips) 
app1e_j@ck: posts small blind $0.50
zzaimo: posts big blind $1
*** HOLE CARDS ***
shave_mustache: folds 
Pon4uk.ua: folds 
Melenya: folds 
CEPTT: folds 
app1e_j@ck: folds 
Uncalled bet ($0.50) returned to zzaimo
zzaimo collected $1 from pot
*** SUMMARY ***
Total pot $1 | Rake $0 
Seat 1: CEPTT (button) folded before Flop (didn't bet)
Seat 2: app1e_j@ck (small blind) folded before Flop
Seat 3: zzaimo (big blind) collected ($1)
Seat 4: shave_mustache folded before Flop (didn't bet)
Seat 5: Pon4uk.ua folded before Flop (didn't bet)
Seat 6: Melenya folded before Flop (didn't bet)



PokerStars Hand #254665778320:  Hold'em No Limit ($0.50/$1.00 USD) - 2025/02/02 6:30:57 WET [2025/02/02 1:30:57 ET]
Table 'Amalia' 6-max Seat #2 is the button
Seat 1: CEPTT ($100 in chips) 
Seat 2: app1e_j@ck ($250.04 in chips) 
Seat 3: zzaimo ($73.37 in chips) 
Seat 4: shave_mustache ($100 in chips) 
Seat 5: Pon4uk.ua ($105 in chips) 
Seat 6: Melenya ($127.37 in chips) 
zzaimo: posts small blind $0.50
shave_mustache: posts big blind $1
*** HOLE CARDS ***
Pon4uk.ua: folds 
Melenya: raises $1 to $2
CEPTT: folds 
app1e_j@ck: folds 
zzaimo: calls $1.50
shave_mustache: calls $1
*** FLOP *** [Qd 4d Kc]
zzaimo: checks 
shave_mustache: checks 
Melenya: bets $4.28
zzaimo: folds 
shave_mustache: folds 
Uncalled bet ($4.28) returned to Melenya
Melenya collected $5.70 from pot
Melenya: doesn't show hand 
*** SUMMARY ***
Total pot $6 | Rake $0.30 
Board [Qd 4d Kc]
Seat 1: CEPTT folded before Flop (didn't bet)
Seat 2: app1e_j@ck (button) folded before Flop (didn't bet)
Seat 3: zzaimo (small blind) folded on the Flop
Seat 4: shave_mustache (big blind) folded on the Flop
Seat 5: Pon4uk.ua folded before Flop (didn't bet)
Seat 6: Melenya collected ($5.70)



PokerStars Hand #254665781135:  Hold'em No Limit ($0.50/$1.00 USD) - 2025/02/02 6:31:31 WET [2025/02/02 1:31:31 ET]
Table 'Amalia' 6-max Seat #3 is the button
Seat 1: CEPTT ($100 in chips) 
Seat 2: app1e_j@ck ($250.04 in chips) 
Seat 3: zzaimo ($71.37 in chips) 
Seat 4: shave_mustache ($100 in chips) 
Seat 5: Pon4uk.ua ($105 in chips) 
Seat 6: Melenya ($131.07 in chips) 
shave_mustache: posts small blind $0.50
Pon4uk.ua: posts big blind $1
*** HOLE CARDS ***
Melenya: folds 
CEPTT: raises $1.25 to $2.25
app1e_j@ck: calls $2.25
zzaimo: folds 
shave_mustache: folds 
Pon4uk.ua: calls $1.25
*** FLOP *** [6s 3h Kh]
Pon4uk.ua: checks 
CEPTT: checks 
app1e_j@ck: checks 
*** TURN *** [6s 3h Kh] [5s]
Pon4uk.ua: bets $3.45
CEPTT: calls $3.45
app1e_j@ck: raises $10.45 to $13.90
Pon4uk.ua: folds 
CEPTT: folds 
Uncalled bet ($10.45) returned to app1e_j@ck
app1e_j@ck collected $16.72 from pot
app1e_j@ck: doesn't show hand 
*** SUMMARY ***
Total pot $17.60 | Rake $0.88 
Board [6s 3h Kh 5s]
Seat 1: CEPTT folded on the Turn
Seat 2: app1e_j@ck collected ($16.72)
Seat 3: zzaimo (button) folded before Flop (didn't bet)
Seat 4: shave_mustache (small blind) folded before Flop
Seat 5: Pon4uk.ua (big blind) folded on the Turn
Seat 6: Melenya folded before Flop (didn't bet)



PokerStars Hand #254665786802:  Hold'em No Limit ($0.50/$1.00 USD) - 2025/02/02 6:32:40 WET [2025/02/02 1:32:40 ET]
Table 'Amalia' 6-max Seat #4 is the button
Seat 1: CEPTT ($100 in chips) 
Seat 2: app1e_j@ck ($261.06 in chips) 
Seat 3: zzaimo ($71.37 in chips) 
Seat 4: shave_mustache ($100 in chips) 
Seat 5: Pon4uk.ua ($100 in chips) 
Seat 6: Melenya ($131.07 in chips) 
Pon4uk.ua: posts small blind $0.50
Melenya: posts big blind $1
*** HOLE CARDS ***
CEPTT: folds 
app1e_j@ck: folds 
zzaimo: raises $1 to $2
shave_mustache: folds 
Pon4uk.ua: folds 
Melenya: folds 
Uncalled bet ($1) returned to zzaimo
zzaimo collected $2.50 from pot
*** SUMMARY ***
Total pot $2.50 | Rake $0 
Seat 1: CEPTT folded before Flop (didn't bet)
Seat 2: app1e_j@ck folded before Flop (didn't bet)
Seat 3: zzaimo collected ($2.50)
Seat 4: shave_mustache (button) folded before Flop (didn't bet)
Seat 5: Pon4uk.ua (small blind) folded before Flop
Seat 6: Melenya (big blind) folded before Flop



PokerStars Hand #254665788749:  Hold'em No Limit ($0.50/$1.00 USD) - 2025/02/02 6:33:04 WET [2025/02/02 1:33:04 ET]
Table 'Amalia' 6-max Seat #5 is the button
Seat 1: CEPTT ($100 in chips) 
Seat 2: app1e_j@ck ($261.06 in chips) 
Seat 3: zzaimo ($72.87 in chips) 
Seat 4: shave_mustache ($100 in chips) 
Seat 5: Pon4uk.ua ($100 in chips) 
Seat 6: Melenya ($130.07 in chips) 
Melenya: posts small blind $0.50
CEPTT: posts big blind $1
*** HOLE CARDS ***
app1e_j@ck: raises $1.50 to $2.50
zzaimo: folds 
shave_mustache: folds 
Pon4uk.ua: raises $5 to $7.50
Melenya: folds 
CEPTT: folds 
app1e_j@ck: calls $5
*** FLOP *** [Ks Js 5s]
app1e_j@ck: checks 
Pon4uk.ua: bets $4
app1e_j@ck: calls $4
*** TURN *** [Ks Js 5s] [Qd]
app1e_j@ck: checks 
Pon4uk.ua: bets $17.46
app1e_j@ck: folds 
Uncalled bet ($17.46) returned to Pon4uk.ua
Pon4uk.ua collected $23.28 from pot
Pon4uk.ua: doesn't show hand 
zzaimo is disconnected 
*** SUMMARY ***
Total pot $24.50 | Rake $1.22 
Board [Ks Js 5s Qd]
Seat 1: CEPTT (big blind) folded before Flop
Seat 2: app1e_j@ck folded on the Turn
Seat 3: zzaimo folded before Flop (didn't bet)
Seat 4: shave_mustache folded before Flop (didn't bet)
Seat 5: Pon4uk.ua (button) collected ($23.28)
Seat 6: Melenya (small blind) folded before Flop



PokerStars Hand #254665586556:  Hold'em No Limit ($0.50/$1.00 USD) - 2025/02/02 5:52:37 WET [2025/02/02 0:52:37 ET]
Table 'Amalia' 6-max Seat #3 is the button
Seat 1: nastja336 ($122.65 in chips) 
Seat 2: app1e_j@ck ($234.26 in chips) 
Seat 3: zzaimo ($93.95 in chips) 
Seat 4: shave_mustache ($100 in chips) 
Seat 5: Pon4uk.ua ($100 in chips) 
Seat 6: XneferX ($100 in chips) 
shave_mustache: posts small blind $0.50
Pon4uk.ua: posts big blind $1
*** HOLE CARDS ***
XneferX: folds 
nastja336: raises $1.50 to $2.50
app1e_j@ck: raises $6 to $8.50
zzaimo: folds 
shave_mustache: raises $15.50 to $24
Pon4uk.ua: folds 
nastja336: folds 
app1e_j@ck: calls $15.50
*** FLOP *** [5s 5c Ts]
shave_mustache: bets $16.17
app1e_j@ck: calls $16.17
*** TURN *** [5s 5c Ts] [4c]
shave_mustache: bets $26.84
app1e_j@ck: folds 
Uncalled bet ($26.84) returned to shave_mustache
shave_mustache collected $81.34 from pot
shave_mustache: doesn't show hand 
*** SUMMARY ***
Total pot $83.84 | Rake $2.50 
Board [5s 5c Ts 4c]
Seat 1: nastja336 folded before Flop
Seat 2: app1e_j@ck folded on the Turn
Seat 3: zzaimo (button) folded before Flop (didn't bet)
Seat 4: shave_mustache (small blind) collected ($81.34)
Seat 5: Pon4uk.ua (big blind) folded before Flop
Seat 6: XneferX folded before Flop (didn't bet)



PokerStars Hand #254665593370:  Hold'em No Limit ($0.50/$1.00 USD) - 2025/02/02 5:53:53 WET [2025/02/02 0:53:53 ET]
Table 'Amalia' 6-max Seat #4 is the button
Seat 1: nastja336 ($120.15 in chips) is sitting out
Seat 2: app1e_j@ck ($194.09 in chips) 
Seat 3: zzaimo ($93.95 in chips) 
Seat 4: shave_mustache ($141.17 in chips) 
Seat 5: Pon4uk.ua ($100 in chips) 
Seat 6: XneferX ($100 in chips) 
Pon4uk.ua: posts small blind $0.50
XneferX: posts big blind $1
*** HOLE CARDS ***
app1e_j@ck: folds 
nastja336 leaves the table
zzaimo: calls $1
shave_mustache: folds 
Pon4uk.ua: calls $0.50
XneferX: checks 
*** FLOP *** [3d 8h 4c]
50CandyJoe joins the table at seat #1 
Pon4uk.ua: checks 
XneferX: checks 
zzaimo: bets $1.43
Pon4uk.ua: calls $1.43
XneferX: folds 
*** TURN *** [3d 8h 4c] [5c]
Pon4uk.ua: checks 
zzaimo: checks 
*** RIVER *** [3d 8h 4c 5c] [Th]
Pon4uk.ua: checks 
zzaimo: checks 
*** SHOW DOWN ***
Pon4uk.ua: shows [Ks 4s] (a pair of Fours)
zzaimo: mucks hand 
Pon4uk.ua collected $5.57 from pot
*** SUMMARY ***
Total pot $5.86 | Rake $0.29 
Board [3d 8h 4c 5c Th]
Seat 1: nastja336
Seat 2: app1e_j@ck folded before Flop (didn't bet)
Seat 3: zzaimo mucked
Seat 4: shave_mustache (button) folded before Flop (didn't bet)
Seat 5: Pon4uk.ua (small blind) showed [Ks 4s] and won ($5.57) with a pair of Fours
Seat 6: XneferX (big blind) folded on the Flop



PokerStars Hand #254665598608:  Hold'em No Limit ($0.50/$1.00 USD) - 2025/02/02 5:54:53 WET [2025/02/02 0:54:53 ET]
Table 'Amalia' 6-max Seat #5 is the button
Seat 1: 50CandyJoe ($100 in chips) 
Seat 2: app1e_j@ck ($194.09 in chips) 
Seat 3: zzaimo ($91.52 in chips) 
Seat 4: shave_mustache ($141.17 in chips) 
Seat 5: Pon4uk.ua ($103.14 in chips) 
Seat 6: XneferX ($100 in chips) 
XneferX: posts small blind $0.50
50CandyJoe: posts big blind $1
*** HOLE CARDS ***
app1e_j@ck: folds 
zzaimo: calls $1
shave_mustache: folds 
Pon4uk.ua: folds 
XneferX: folds 
50CandyJoe: raises $3.50 to $4.50
zzaimo: calls $3.50
*** FLOP *** [9c 9d Ad]
50CandyJoe: bets $2.98
zzaimo: folds 
Uncalled bet ($2.98) returned to 50CandyJoe
50CandyJoe collected $9.02 from pot
50CandyJoe: doesn't show hand 
*** SUMMARY ***
Total pot $9.50 | Rake $0.48 
Board [9c 9d Ad]
Seat 1: 50CandyJoe (big blind) collected ($9.02)
Seat 2: app1e_j@ck folded before Flop (didn't bet)
Seat 3: zzaimo folded on the Flop
Seat 4: shave_mustache folded before Flop (didn't bet)
Seat 5: Pon4uk.ua (button) folded before Flop (didn't bet)
Seat 6: XneferX (small blind) folded before Flop



PokerStars Hand #254665601235:  Hold'em No Limit ($0.50/$1.00 USD) - 2025/02/02 5:55:24 WET [2025/02/02 0:55:24 ET]
Table 'Amalia' 6-max Seat #6 is the button
Seat 1: 50CandyJoe ($104.52 in chips) 
Seat 2: app1e_j@ck ($194.09 in chips) 
Seat 3: zzaimo ($87.02 in chips) 
Seat 4: shave_mustache ($141.17 in chips) 
Seat 5: Pon4uk.ua ($103.14 in chips) 
Seat 6: XneferX ($100 in chips) 
50CandyJoe: posts small blind $0.50
app1e_j@ck: posts big blind $1
*** HOLE CARDS ***
zzaimo: folds 
shave_mustache: raises $1.50 to $2.50
Pon4uk.ua: folds 
XneferX: folds 
50CandyJoe: folds 
app1e_j@ck: folds 
Uncalled bet ($1.50) returned to shave_mustache
shave_mustache collected $2.50 from pot
shave_mustache: doesn't show hand 
*** SUMMARY ***
Total pot $2.50 | Rake $0 
Seat 1: 50CandyJoe (small blind) folded before Flop
Seat 2: app1e_j@ck (big blind) folded before Flop
Seat 3: zzaimo folded before Flop (didn't bet)
Seat 4: shave_mustache collected ($2.50)
Seat 5: Pon4uk.ua folded before Flop (didn't bet)
Seat 6: XneferX (button) folded before Flop (didn't bet)



PokerStars Hand #254665794650:  Hold'em No Limit ($0.50/$1.00 USD) - 2025/02/02 6:34:15 WET [2025/02/02 1:34:15 ET]
Table 'Amalia' 6-max Seat #6 is the button
Seat 1: CEPTT ($100 in chips) 
Seat 2: app1e_j@ck ($249.56 in chips) 
Seat 3: zzaimo ($72.87 in chips) 
Seat 4: shave_mustache ($100 in chips) 
Seat 5: Pon4uk.ua ($111.78 in chips) 
Seat 6: Melenya ($129.57 in chips) 
CEPTT: posts small blind $0.50
app1e_j@ck: posts big blind $1
*** HOLE CARDS ***
zzaimo has timed out while disconnected
zzaimo: folds 
shave_mustache: folds 
Pon4uk.ua: folds 
Melenya: raises $1.50 to $2.50
CEPTT: folds 
app1e_j@ck: calls $1.50
*** FLOP *** [6h 3h 9c]
app1e_j@ck: checks 
Melenya: bets $3.92
app1e_j@ck: folds 
Uncalled bet ($3.92) returned to Melenya
Melenya collected $5.22 from pot
Melenya: doesn't show hand 
*** SUMMARY ***
Total pot $5.50 | Rake $0.28 
Board [6h 3h 9c]
Seat 1: CEPTT (small blind) folded before Flop
Seat 2: app1e_j@ck (big blind) folded on the Flop
Seat 3: zzaimo folded before Flop (didn't bet)
Seat 4: shave_mustache folded before Flop (didn't bet)
Seat 5: Pon4uk.ua folded before Flop (didn't bet)
Seat 6: Melenya (button) collected ($5.22)



PokerStars Hand #254665798765:  Hold'em No Limit ($0.50/$1.00 USD) - 2025/02/02 6:35:05 WET [2025/02/02 1:35:05 ET]
Table 'Amalia' 6-max Seat #1 is the button
Seat 3: zzaimo ($72.87 in chips) is sitting out
Seat 1: CEPTT ($100 in chips) 
Seat 2: app1e_j@ck ($247.06 in chips) 
Seat 4: shave_mustache ($100 in chips) 
Seat 5: Pon4uk.ua ($111.78 in chips) 
Seat 6: Melenya ($132.29 in chips) 
app1e_j@ck: posts small blind $0.50
shave_mustache: posts big blind $1
*** HOLE CARDS ***
Pon4uk.ua: folds 
Melenya: folds 
zzaimo is disconnected 
CEPTT: folds 
app1e_j@ck: folds 
Uncalled bet ($0.50) returned to shave_mustache
shave_mustache collected $1 from pot
shave_mustache: doesn't show hand 
*** SUMMARY ***
Total pot $1 | Rake $0 
Seat 3: zzaimo
Seat 1: CEPTT (button) folded before Flop (didn't bet)
Seat 2: app1e_j@ck (small blind) folded before Flop
Seat 4: shave_mustache (big blind) collected ($1)
Seat 5: Pon4uk.ua folded before Flop (didn't bet)
Seat 6: Melenya folded before Flop (didn't bet)



PokerStars Hand #254665799932:  Hold'em No Limit ($0.50/$1.00 USD) - 2025/02/02 6:35:19 WET [2025/02/02 1:35:19 ET]
Table 'Amalia' 6-max Seat #2 is the button
Seat 3: zzaimo ($72.87 in chips) is sitting out
Seat 1: CEPTT ($100 in chips) 
Seat 2: app1e_j@ck ($246.56 in chips) 
Seat 4: shave_mustache ($100.50 in chips) 
Seat 5: Pon4uk.ua ($111.78 in chips) 
Seat 6: Melenya ($132.29 in chips) 
shave_mustache: posts small blind $0.50
Pon4uk.ua: posts big blind $1
*** HOLE CARDS ***
Melenya: folds 
CEPTT: folds 
app1e_j@ck: raises $1.50 to $2.50
shave_mustache: folds 
Pon4uk.ua: folds 
Uncalled bet ($1.50) returned to app1e_j@ck
app1e_j@ck collected $2.50 from pot
app1e_j@ck: doesn't show hand 
*** SUMMARY ***
Total pot $2.50 | Rake $0 
Seat 3: zzaimo
Seat 1: CEPTT folded before Flop (didn't bet)
Seat 2: app1e_j@ck (button) collected ($2.50)
Seat 4: shave_mustache (small blind) folded before Flop
Seat 5: Pon4uk.ua (big blind) folded before Flop
Seat 6: Melenya folded before Flop (didn't bet)



PokerStars Hand #254665801894:  Hold'em No Limit ($0.50/$1.00 USD) - 2025/02/02 6:35:42 WET [2025/02/02 1:35:42 ET]
Table 'Amalia' 6-max Seat #4 is the button
Seat 3: zzaimo ($72.87 in chips) is sitting out
Seat 6: Melenya ($132.29 in chips) is sitting out
Seat 1: CEPTT ($100 in chips) 
Seat 2: app1e_j@ck ($248.06 in chips) 
Seat 4: shave_mustache ($100 in chips) 
Seat 5: Pon4uk.ua ($110.78 in chips) 
Pon4uk.ua: posts small blind $0.50
Melenya: is sitting out 
CEPTT: posts big blind $1
*** HOLE CARDS ***
app1e_j@ck: raises $1.50 to $2.50
shave_mustache: folds 
Pon4uk.ua: folds 
CEPTT: calls $1.50
*** FLOP *** [3s 6h 2d]
CEPTT: checks 
app1e_j@ck: bets $3.92
CEPTT: folds 
Uncalled bet ($3.92) returned to app1e_j@ck
app1e_j@ck collected $5.22 from pot
app1e_j@ck: doesn't show hand 
*** SUMMARY ***
Total pot $5.50 | Rake $0.28 
Board [3s 6h 2d]
Seat 3: zzaimo
Seat 6: Melenya
Seat 1: CEPTT (big blind) folded on the Flop
Seat 2: app1e_j@ck collected ($5.22)
Seat 4: shave_mustache (button) folded before Flop (didn't bet)
Seat 5: Pon4uk.ua (small blind) folded before Flop



PokerStars Hand #254665804574:  Hold'em No Limit ($0.50/$1.00 USD) - 2025/02/02 6:36:14 WET [2025/02/02 1:36:14 ET]
Table 'Amalia' 6-max Seat #5 is the button
Seat 3: zzaimo ($72.87 in chips) is sitting out
Seat 6: Melenya ($132.29 in chips) is sitting out
Seat 1: CEPTT ($100 in chips) 
Seat 2: app1e_j@ck ($250.78 in chips) 
Seat 4: shave_mustache ($100 in chips) 
Seat 5: Pon4uk.ua ($110.28 in chips) 
CEPTT: posts small blind $0.50
app1e_j@ck: posts big blind $1
*** HOLE CARDS ***
shave_mustache: folds 
Pon4uk.ua: folds 
CEPTT: raises $2 to $3
zzaimo leaves the table
app1e_j@ck: raises $6 to $9
CEPTT: raises $13.50 to $22.50
shave_mustache leaves the table
app1e_j@ck: folds 
Uncalled bet ($13.50) returned to CEPTT
CEPTT collected $18 from pot
CEPTT: doesn't show hand 
*** SUMMARY ***
Total pot $18 | Rake $0 
Seat 3: zzaimo
Seat 6: Melenya
Seat 1: CEPTT (small blind) collected ($18)
Seat 2: app1e_j@ck (big blind) folded before Flop
Seat 4: shave_mustache folded before Flop (didn't bet)
Seat 5: Pon4uk.ua (button) folded before Flop (didn't bet)



PokerStars Hand #254665808427:  Hold'em No Limit ($0.50/$1.00 USD) - 2025/02/02 6:37:01 WET [2025/02/02 1:37:01 ET]
Table 'Amalia' 6-max Seat #1 is the button
Seat 6: Melenya ($132.29 in chips) is sitting out
Seat 1: CEPTT ($109 in chips) 
Seat 2: app1e_j@ck ($241.78 in chips) 
Seat 5: Pon4uk.ua ($110.28 in chips) 
app1e_j@ck: posts small blind $0.50
Pon4uk.ua: posts big blind $1
*** HOLE CARDS ***
CEPTT: folds 
app1e_j@ck: folds 
Uncalled bet ($0.50) returned to Pon4uk.ua
Pon4uk.ua collected $1 from pot
Pon4uk.ua: doesn't show hand 
*** SUMMARY ***
Total pot $1 | Rake $0 
Seat 6: Melenya
Seat 1: CEPTT (button) folded before Flop (didn't bet)
Seat 2: app1e_j@ck (small blind) folded before Flop
Seat 5: Pon4uk.ua (big blind) collected ($1)



PokerStars Hand #254665809362:  Hold'em No Limit ($0.50/$1.00 USD) - 2025/02/02 6:37:13 WET [2025/02/02 1:37:13 ET]
Table 'Amalia' 6-max Seat #5 is the button
Seat 1: CEPTT ($109 in chips) is sitting out
Seat 6: Melenya ($132.29 in chips) is sitting out
Seat 2: app1e_j@ck ($241.28 in chips) 
Seat 5: Pon4uk.ua ($110.78 in chips) 
Pon4uk.ua: posts small blind $0.50
CEPTT: is sitting out 
app1e_j@ck: posts big blind $1
*** HOLE CARDS ***
Pon4uk.ua: raises $1.50 to $2.50
app1e_j@ck: folds 
Uncalled bet ($1.50) returned to Pon4uk.ua
CEPTT leaves the table
Pon4uk.ua collected $2 from pot
Pon4uk.ua: doesn't show hand 
*** SUMMARY ***
Total pot $2 | Rake $0 
Seat 1: CEPTT
Seat 6: Melenya
Seat 2: app1e_j@ck (big blind) folded before Flop
Seat 5: Pon4uk.ua (button) (small blind) collected ($2)



PokerStars Hand #254665810104:  Hold'em No Limit ($0.50/$1.00 USD) - 2025/02/02 6:37:22 WET [2025/02/02 1:37:22 ET]
Table 'Amalia' 6-max Seat #2 is the button
Seat 6: Melenya ($132.29 in chips) is sitting out
Seat 2: app1e_j@ck ($240.28 in chips) 
Seat 5: Pon4uk.ua ($111.78 in chips) 
app1e_j@ck: posts small blind $0.50
Pon4uk.ua: posts big blind $1
*** HOLE CARDS ***
app1e_j@ck: folds 
Uncalled bet ($0.50) returned to Pon4uk.ua
Pon4uk.ua collected $1 from pot
Pon4uk.ua: doesn't show hand 
*** SUMMARY ***
Total pot $1 | Rake $0 
Seat 6: Melenya
Seat 2: app1e_j@ck (button) (small blind) folded before Flop
Seat 5: Pon4uk.ua (big blind) collected ($1)



