PokerStars Hand #254674846109:  Hold'em No Limit ($0.50/$1.00 USD) - 2025/02/02 19:21:28 WET [2025/02/02 14:21:28 ET]
Table 'Gryphia II' 6-max Seat #3 is the button
Seat 1: HNDRx17 ($99 in chips) 
Seat 2: paramourx ($104 in chips) 
Seat 3: SorinS28 ($100 in chips) 
Seat 5: Y_19 ($100 in chips) 
Y_19: posts small blind $0.50
HNDRx17: posts big blind $1
*** HOLE CARDS ***
paramourx: folds 
SorinS28: folds 
Y_19: raises $2 to $3
HNDRx17: calls $2
*** FLOP *** [6d 4s Qh]
Y_19: checks 
HNDRx17: checks 
*** TURN *** [6d 4s Qh] [6c]
Y_19: checks 
HNDRx17: checks 
*** RIVER *** [6d 4s Qh 6c] [Kc]
Y_19: checks 
HNDRx17: bets $1
Y_19: folds 
Uncalled bet ($1) returned to HNDRx17
HNDRx17 collected $5.70 from pot
HNDRx17: doesn't show hand 
*** SUMMARY ***
Total pot $6 | Rake $0.30 
Board [6d 4s Qh 6c Kc]
Seat 1: HNDRx17 (big blind) collected ($5.70)
Seat 2: paramourx folded before Flop (didn't bet)
Seat 3: SorinS28 (button) folded before Flop (didn't bet)
Seat 5: Y_19 (small blind) folded on the River



PokerStars Hand #254674864945:  Hold'em No Limit ($0.50/$1.00 USD) - 2025/02/02 19:22:19 WET [2025/02/02 14:22:19 ET]
Table 'Gryphia II' 6-max Seat #5 is the button
Seat 1: HNDRx17 ($101.70 in chips) 
Seat 2: paramourx ($104 in chips) 
Seat 3: SorinS28 ($100 in chips) 
Seat 5: Y_19 ($100 in chips) 
HNDRx17: posts small blind $0.50
paramourx: posts big blind $1
*** HOLE CARDS ***
SorinS28: raises $1.30 to $2.30
Y_19: folds 
HNDRx17: calls $1.80
mariofcd joins the table at seat #4 
paramourx: calls $1.30
*** FLOP *** [3h 6d Jc]
HNDRx17: checks 
paramourx: checks 
SorinS28: checks 
*** TURN *** [3h 6d Jc] [2d]
ZinePablo joins the table at seat #6 
HNDRx17: bets $5
paramourx: calls $5
SorinS28: folds 
*** RIVER *** [3h 6d Jc 2d] [Kh]
HNDRx17: bets $7
paramourx: raises $23.45 to $30.45
HNDRx17: folds 
Uncalled bet ($23.45) returned to paramourx
paramourx collected $29.90 from pot
paramourx: doesn't show hand 
*** SUMMARY ***
Total pot $30.90 | Rake $1 
Board [3h 6d Jc 2d Kh]
Seat 1: HNDRx17 (small blind) folded on the River
Seat 2: paramourx (big blind) collected ($29.90)
Seat 3: SorinS28 folded on the Turn
Seat 5: Y_19 (button) folded before Flop (didn't bet)



PokerStars Hand #254674901115:  Hold'em No Limit ($0.50/$1.00 USD) - 2025/02/02 19:23:57 WET [2025/02/02 14:23:57 ET]
Table 'Gryphia II' 6-max Seat #1 is the button
Seat 4: mariofcd ($100 in chips) is sitting out
Seat 6: ZinePablo ($100 in chips) is sitting out
Seat 1: HNDRx17 ($87.40 in chips) 
Seat 2: paramourx ($119.60 in chips) 
Seat 3: SorinS28 ($100 in chips) 
Seat 5: Y_19 ($100 in chips) 
paramourx: posts small blind $0.50
SorinS28: posts big blind $1
mariofcd: sits out 
ZinePablo: sits out 
*** HOLE CARDS ***
Y_19: raises $1.23 to $2.23
HNDRx17: folds 
paramourx: folds 
SorinS28: folds 
Uncalled bet ($1.23) returned to Y_19
Y_19 collected $2.50 from pot
Y_19: doesn't show hand 
*** SUMMARY ***
Total pot $2.50 | Rake $0 
Seat 4: mariofcd
Seat 6: ZinePablo
Seat 1: HNDRx17 (button) folded before Flop (didn't bet)
Seat 2: paramourx (small blind) folded before Flop
Seat 3: SorinS28 (big blind) folded before Flop
Seat 5: Y_19 collected ($2.50)



PokerStars Hand #254674905125:  Hold'em No Limit ($0.50/$1.00 USD) - 2025/02/02 19:24:08 WET [2025/02/02 14:24:08 ET]
Table 'Gryphia II' 6-max Seat #2 is the button
Seat 6: ZinePablo ($100 in chips) is sitting out
Seat 1: HNDRx17 ($100 in chips) 
Seat 2: paramourx ($119.10 in chips) 
Seat 3: SorinS28 ($100 in chips) 
Seat 4: mariofcd ($100 in chips) 
Seat 5: Y_19 ($101.50 in chips) 
SorinS28: posts small blind $0.50
mariofcd: posts big blind $1
ZinePablo: sits out 
*** HOLE CARDS ***
Y_19: raises $1.23 to $2.23
HNDRx17: folds 
paramourx: folds 
SorinS28: folds 
mariofcd: folds 
Uncalled bet ($1.23) returned to Y_19
Y_19 collected $2.50 from pot
Y_19: doesn't show hand 
*** SUMMARY ***
Total pot $2.50 | Rake $0 
Seat 6: ZinePablo
Seat 1: HNDRx17 folded before Flop (didn't bet)
Seat 2: paramourx (button) folded before Flop (didn't bet)
Seat 3: SorinS28 (small blind) folded before Flop
Seat 4: mariofcd (big blind) folded before Flop
Seat 5: Y_19 collected ($2.50)



PokerStars Hand #254674908729:  Hold'em No Limit ($0.50/$1.00 USD) - 2025/02/02 19:24:17 WET [2025/02/02 14:24:17 ET]
Table 'Gryphia II' 6-max Seat #3 is the button
Seat 6: ZinePablo ($100 in chips) is sitting out
Seat 1: HNDRx17 ($100 in chips) 
Seat 2: paramourx ($119.10 in chips) 
Seat 3: SorinS28 ($100 in chips) 
Seat 4: mariofcd ($100 in chips) 
Seat 5: Y_19 ($103 in chips) 
mariofcd: posts small blind $0.50
Y_19: posts big blind $1
ZinePablo: sits out 
*** HOLE CARDS ***
HNDRx17: folds 
paramourx: raises $2 to $3
SorinS28: folds 
mariofcd: folds 
Y_19: folds 
Uncalled bet ($2) returned to paramourx
paramourx collected $2.50 from pot
paramourx: doesn't show hand 
*** SUMMARY ***
Total pot $2.50 | Rake $0 
Seat 6: ZinePablo
Seat 1: HNDRx17 folded before Flop (didn't bet)
Seat 2: paramourx collected ($2.50)
Seat 3: SorinS28 (button) folded before Flop (didn't bet)
Seat 4: mariofcd (small blind) folded before Flop
Seat 5: Y_19 (big blind) folded before Flop



PokerStars Hand #254674916042:  Hold'em No Limit ($0.50/$1.00 USD) - 2025/02/02 19:24:37 WET [2025/02/02 14:24:37 ET]
Table 'Gryphia II' 6-max Seat #4 is the button
Seat 1: HNDRx17 ($100 in chips) 
Seat 2: paramourx ($120.60 in chips) 
Seat 3: SorinS28 ($100 in chips) 
Seat 4: mariofcd ($100 in chips) 
Seat 5: Y_19 ($102 in chips) 
Seat 6: ZinePablo ($100 in chips) 
Y_19: posts small blind $0.50
ZinePablo: posts big blind $1
*** HOLE CARDS ***
HNDRx17: raises $1.50 to $2.50
paramourx: raises $5.50 to $8
SorinS28: folds 
mariofcd: folds 
Y_19: folds 
ZinePablo: folds 
HNDRx17: raises $19 to $27
paramourx: raises $93.60 to $120.60 and is all-in
HNDRx17: calls $73 and is all-in
Uncalled bet ($20.60) returned to paramourx
*** FLOP *** [8h 9h 4c]
*** TURN *** [8h 9h 4c] [2h]
*** RIVER *** [8h 9h 4c 2h] [9d]
*** SHOW DOWN ***
HNDRx17: shows [8s Ac] (two pair, Nines and Eights)
paramourx: shows [Ks Kd] (two pair, Kings and Nines)
paramourx collected $199 from pot
*** SUMMARY ***
Total pot $201.50 | Rake $2.50 
Board [8h 9h 4c 2h 9d]
Seat 1: HNDRx17 showed [8s Ac] and lost with two pair, Nines and Eights
Seat 2: paramourx showed [Ks Kd] and won ($199) with two pair, Kings and Nines
Seat 3: SorinS28 folded before Flop (didn't bet)
Seat 4: mariofcd (button) folded before Flop (didn't bet)
Seat 5: Y_19 (small blind) folded before Flop
Seat 6: ZinePablo (big blind) folded before Flop



PokerStars Hand #254674941058:  Hold'em No Limit ($0.50/$1.00 USD) - 2025/02/02 19:25:45 WET [2025/02/02 14:25:45 ET]
Table 'Gryphia II' 6-max Seat #5 is the button
Seat 1: HNDRx17 ($0 in chips) is sitting out
Seat 2: paramourx ($219.60 in chips) 
Seat 3: SorinS28 ($100 in chips) 
Seat 4: mariofcd ($100 in chips) 
Seat 5: Y_19 ($101.50 in chips) 
Seat 6: ZinePablo ($100 in chips) 
ZinePablo: posts small blind $0.50
paramourx: posts big blind $1
*** HOLE CARDS ***
SorinS28: folds 
mariofcd: raises $1.25 to $2.25
Y_19: folds 
ZinePablo: folds 
paramourx: folds 
Uncalled bet ($1.25) returned to mariofcd
mariofcd collected $2.50 from pot
mariofcd: doesn't show hand 
*** SUMMARY ***
Total pot $2.50 | Rake $0 
Seat 1: HNDRx17
Seat 2: paramourx (big blind) folded before Flop
Seat 3: SorinS28 folded before Flop (didn't bet)
Seat 4: mariofcd collected ($2.50)
Seat 5: Y_19 (button) folded before Flop (didn't bet)
Seat 6: ZinePablo (small blind) folded before Flop



PokerStars Hand #254674947869:  Hold'em No Limit ($0.50/$1.00 USD) - 2025/02/02 19:26:04 WET [2025/02/02 14:26:04 ET]
Table 'Gryphia II' 6-max Seat #6 is the button
Seat 1: HNDRx17 ($100 in chips) is sitting out
Seat 2: paramourx ($218.60 in chips) 
Seat 3: SorinS28 ($100 in chips) 
Seat 4: mariofcd ($101.50 in chips) 
Seat 5: Y_19 ($101.50 in chips) 
Seat 6: ZinePablo ($100 in chips) 
paramourx: posts small blind $0.50
SorinS28: posts big blind $1
*** HOLE CARDS ***
mariofcd: folds 
Y_19: raises $1.23 to $2.23
ZinePablo: folds 
paramourx: folds 
SorinS28: folds 
Uncalled bet ($1.23) returned to Y_19
Y_19 collected $2.50 from pot
Y_19: doesn't show hand 
*** SUMMARY ***
Total pot $2.50 | Rake $0 
Seat 1: HNDRx17
Seat 2: paramourx (small blind) folded before Flop
Seat 3: SorinS28 (big blind) folded before Flop
Seat 4: mariofcd folded before Flop (didn't bet)
Seat 5: Y_19 collected ($2.50)
Seat 6: ZinePablo (button) folded before Flop (didn't bet)



PokerStars Hand #254674954642:  Hold'em No Limit ($0.50/$1.00 USD) - 2025/02/02 19:26:23 WET [2025/02/02 14:26:23 ET]
Table 'Gryphia II' 6-max Seat #2 is the button
Seat 1: HNDRx17 ($100 in chips) 
Seat 2: paramourx ($218.10 in chips) 
Seat 3: SorinS28 ($100 in chips) 
Seat 4: mariofcd ($101.50 in chips) 
Seat 5: Y_19 ($103 in chips) 
Seat 6: ZinePablo ($100 in chips) 
SorinS28: posts small blind $0.50
mariofcd: posts big blind $1
HNDRx17: posts small & big blinds $1.50
*** HOLE CARDS ***
Y_19: folds 
ZinePablo: folds 
ZinePablo leaves the table
HNDRx17: checks 
paramourx: raises $4.50 to $5.50
SorinS28: folds 
mariofcd: folds 
HNDRx17: folds 
Uncalled bet ($4.50) returned to paramourx
paramourx collected $4 from pot
paramourx: doesn't show hand 
*** SUMMARY ***
Total pot $4 | Rake $0 
Seat 1: HNDRx17 folded before Flop (didn't bet)
Seat 2: paramourx (button) collected ($4)
Seat 3: SorinS28 (small blind) folded before Flop
Seat 4: mariofcd (big blind) folded before Flop
Seat 5: Y_19 folded before Flop (didn't bet)
Seat 6: ZinePablo folded before Flop (didn't bet)



PokerStars Hand #254674961357:  Hold'em No Limit ($0.50/$1.00 USD) - 2025/02/02 19:26:41 WET [2025/02/02 14:26:41 ET]
Table 'Gryphia II' 6-max Seat #3 is the button
Seat 1: HNDRx17 ($98.50 in chips) 
Seat 2: paramourx ($221.10 in chips) 
Seat 3: SorinS28 ($100 in chips) 
Seat 4: mariofcd ($100.50 in chips) 
Seat 5: Y_19 ($103 in chips) 
mariofcd: posts small blind $0.50
Y_19: posts big blind $1
*** HOLE CARDS ***
HNDRx17: folds 
paramourx: folds 
SorinS28: folds 
mariofcd: raises $2 to $3
Y_19: calls $2
*** FLOP *** [Ks Qc 8d]
mariofcd: checks 
Y_19: checks 
*** TURN *** [Ks Qc 8d] [Ah]
mariofcd: bets $4.28
Y_19: folds 
Uncalled bet ($4.28) returned to mariofcd
mariofcd collected $5.70 from pot
mariofcd: doesn't show hand 
*** SUMMARY ***
Total pot $6 | Rake $0.30 
Board [Ks Qc 8d Ah]
Seat 1: HNDRx17 folded before Flop (didn't bet)
Seat 2: paramourx folded before Flop (didn't bet)
Seat 3: SorinS28 (button) folded before Flop (didn't bet)
Seat 4: mariofcd (small blind) collected ($5.70)
Seat 5: Y_19 (big blind) folded on the Turn



PokerStars Hand #254674969488:  Hold'em No Limit ($0.50/$1.00 USD) - 2025/02/02 19:27:03 WET [2025/02/02 14:27:03 ET]
Table 'Gryphia II' 6-max Seat #4 is the button
Seat 1: HNDRx17 ($98.50 in chips) 
Seat 2: paramourx ($221.10 in chips) 
Seat 3: SorinS28 ($100 in chips) 
Seat 4: mariofcd ($103.20 in chips) 
Seat 5: Y_19 ($100 in chips) 
Y_19: posts small blind $0.50
HNDRx17: posts big blind $1
*** HOLE CARDS ***
paramourx: folds 
SorinS28: raises $1.30 to $2.30
mariofcd: folds 
Y_19: folds 
HNDRx17: raises $5.70 to $8
SorinS28: calls $5.70
*** FLOP *** [Jd 6h 8h]
HNDRx17: bets $10
SorinS28: calls $10
*** TURN *** [Jd 6h 8h] [9h]
HNDRx17: bets $12.14
SorinS28: calls $12.14
*** RIVER *** [Jd 6h 8h 9h] [Jc]
T1bent joins the table at seat #6 
T1bent is disconnected 
HNDRx17: bets $68.36 and is all-in
SorinS28: calls $68.36
*** SHOW DOWN ***
HNDRx17: shows [Kd Ah] (a pair of Jacks)
SorinS28: shows [Qh 3h] (a flush, Queen high)
SorinS28 collected $195 from pot
*** SUMMARY ***
Total pot $197.50 | Rake $2.50 
Board [Jd 6h 8h 9h Jc]
Seat 1: HNDRx17 (big blind) showed [Kd Ah] and lost with a pair of Jacks
Seat 2: paramourx folded before Flop (didn't bet)
Seat 3: SorinS28 showed [Qh 3h] and won ($195) with a flush, Queen high
Seat 4: mariofcd (button) folded before Flop (didn't bet)
Seat 5: Y_19 (small blind) folded before Flop



PokerStars Hand #254674999124:  Hold'em No Limit ($0.50/$1.00 USD) - 2025/02/02 19:28:23 WET [2025/02/02 14:28:23 ET]
Table 'Gryphia II' 6-max Seat #5 is the button
Seat 1: HNDRx17 ($0 in chips) is sitting out
Seat 6: T1bent ($80 in chips) is sitting out
Seat 2: paramourx ($221.10 in chips) 
Seat 3: SorinS28 ($196.50 in chips) 
Seat 4: mariofcd ($103.20 in chips) 
Seat 5: Y_19 ($100 in chips) 
paramourx: posts small blind $0.50
SorinS28: posts big blind $1
*** HOLE CARDS ***
mariofcd: folds 
Y_19: folds 
paramourx: folds 
Uncalled bet ($0.50) returned to SorinS28
SorinS28 collected $1 from pot
SorinS28: doesn't show hand 
*** SUMMARY ***
Total pot $1 | Rake $0 
Seat 1: HNDRx17
Seat 6: T1bent
Seat 2: paramourx (small blind) folded before Flop
Seat 3: SorinS28 (big blind) collected ($1)
Seat 4: mariofcd folded before Flop (didn't bet)
Seat 5: Y_19 (button) folded before Flop (didn't bet)



PokerStars Hand #254675005698:  Hold'em No Limit ($0.50/$1.00 USD) - 2025/02/02 19:28:41 WET [2025/02/02 14:28:41 ET]
Table 'Gryphia II' 6-max Seat #2 is the button
Seat 6: T1bent ($80 in chips) is sitting out
Seat 1: HNDRx17 ($98.81 in chips) 
Seat 2: paramourx ($220.60 in chips) 
Seat 3: SorinS28 ($197 in chips) 
Seat 4: mariofcd ($103.20 in chips) 
Seat 5: Y_19 ($100 in chips) 
SorinS28: posts small blind $0.50
mariofcd: posts big blind $1
T1bent: sits out 
HNDRx17: posts small blind $0.50
*** HOLE CARDS ***
Y_19: folds 
HNDRx17: folds 
paramourx: raises $2.50 to $3.50
SorinS28: folds 
mariofcd: folds 
Uncalled bet ($2.50) returned to paramourx
paramourx collected $3 from pot
paramourx: doesn't show hand 
*** SUMMARY ***
Total pot $3 | Rake $0 
Seat 6: T1bent
Seat 1: HNDRx17 folded before Flop (didn't bet)
Seat 2: paramourx (button) collected ($3)
Seat 3: SorinS28 (small blind) folded before Flop
Seat 4: mariofcd (big blind) folded before Flop
Seat 5: Y_19 folded before Flop (didn't bet)



PokerStars Hand #254675013224:  Hold'em No Limit ($0.50/$1.00 USD) - 2025/02/02 19:29:02 WET [2025/02/02 14:29:02 ET]
Table 'Gryphia II' 6-max Seat #3 is the button
Seat 1: HNDRx17 ($98.31 in chips) 
Seat 2: paramourx ($222.60 in chips) 
Seat 3: SorinS28 ($196.50 in chips) 
Seat 4: mariofcd ($102.20 in chips) 
Seat 5: Y_19 ($100 in chips) 
Seat 6: T1bent ($80 in chips) 
mariofcd: posts small blind $0.50
Y_19: posts big blind $1
T1bent: posts big blind $1
*** HOLE CARDS ***
T1bent: checks 
HNDRx17: folds 
paramourx: folds 
SorinS28: folds 
mariofcd: folds 
Y_19: checks 
*** FLOP *** [2s Tc 7s]
Y_19: checks 
T1bent: checks 
*** TURN *** [2s Tc 7s] [2d]
Y_19: checks 
T1bent: checks 
*** RIVER *** [2s Tc 7s 2d] [Qs]
Y_19: checks 
T1bent: checks 
*** SHOW DOWN ***
Y_19: shows [3h 4h] (a pair of Deuces)
T1bent: shows [Jh 8c] (a pair of Deuces - Queen+Jack kicker)
T1bent collected $2.38 from pot
*** SUMMARY ***
Total pot $2.50 | Rake $0.12 
Board [2s Tc 7s 2d Qs]
Seat 1: HNDRx17 folded before Flop (didn't bet)
Seat 2: paramourx folded before Flop (didn't bet)
Seat 3: SorinS28 (button) folded before Flop (didn't bet)
Seat 4: mariofcd (small blind) folded before Flop
Seat 5: Y_19 (big blind) showed [3h 4h] and lost with a pair of Deuces
Seat 6: T1bent showed [Jh 8c] and won ($2.38) with a pair of Deuces



PokerStars Hand #254675028158:  Hold'em No Limit ($0.50/$1.00 USD) - 2025/02/02 19:29:43 WET [2025/02/02 14:29:43 ET]
Table 'Gryphia II' 6-max Seat #4 is the button
Seat 1: HNDRx17 ($98.31 in chips) 
Seat 2: paramourx ($222.60 in chips) 
Seat 3: SorinS28 ($196.50 in chips) 
Seat 4: mariofcd ($101.70 in chips) 
Seat 5: Y_19 ($100 in chips) 
Seat 6: T1bent ($81.38 in chips) 
Y_19: posts small blind $0.50
T1bent: posts big blind $1
*** HOLE CARDS ***
HNDRx17: raises $1.50 to $2.50
paramourx: folds 
SorinS28: folds 
mariofcd: folds 
Y_19: calls $2
T1bent: folds 
*** FLOP *** [Qs 7h Js]
Y_19: checks 
HNDRx17: bets $1.25
Y_19: calls $1.25
*** TURN *** [Qs 7h Js] [4h]
Y_19: checks 
HNDRx17: checks 
*** RIVER *** [Qs 7h Js 4h] [3c]
Y_19: bets $4.04
HNDRx17: folds 
Uncalled bet ($4.04) returned to Y_19
Y_19 collected $8.08 from pot
Y_19: doesn't show hand 
*** SUMMARY ***
Total pot $8.50 | Rake $0.42 
Board [Qs 7h Js 4h 3c]
Seat 1: HNDRx17 folded on the River
Seat 2: paramourx folded before Flop (didn't bet)
Seat 3: SorinS28 folded before Flop (didn't bet)
Seat 4: mariofcd (button) folded before Flop (didn't bet)
Seat 5: Y_19 (small blind) collected ($8.08)
Seat 6: T1bent (big blind) folded before Flop



PokerStars Hand #254675043536:  Hold'em No Limit ($0.50/$1.00 USD) - 2025/02/02 19:30:23 WET [2025/02/02 14:30:23 ET]
Table 'Gryphia II' 6-max Seat #5 is the button
Seat 1: HNDRx17 ($94.56 in chips) 
Seat 2: paramourx ($222.60 in chips) 
Seat 3: SorinS28 ($196.50 in chips) 
Seat 4: mariofcd ($101.70 in chips) 
Seat 5: Y_19 ($104.33 in chips) 
Seat 6: T1bent ($80.38 in chips) 
T1bent: posts small blind $0.50
HNDRx17: posts big blind $1
*** HOLE CARDS ***
paramourx: raises $2 to $3
SorinS28: folds 
mariofcd: folds 
Y_19: folds 
T1bent: folds 
HNDRx17: folds 
Uncalled bet ($2) returned to paramourx
paramourx collected $2.50 from pot
paramourx: doesn't show hand 
*** SUMMARY ***
Total pot $2.50 | Rake $0 
Seat 1: HNDRx17 (big blind) folded before Flop
Seat 2: paramourx collected ($2.50)
Seat 3: SorinS28 folded before Flop (didn't bet)
Seat 4: mariofcd folded before Flop (didn't bet)
Seat 5: Y_19 (button) folded before Flop (didn't bet)
Seat 6: T1bent (small blind) folded before Flop



PokerStars Hand #254675051338:  Hold'em No Limit ($0.50/$1.00 USD) - 2025/02/02 19:30:44 WET [2025/02/02 14:30:44 ET]
Table 'Gryphia II' 6-max Seat #6 is the button
Seat 1: HNDRx17 ($93.56 in chips) 
Seat 2: paramourx ($224.10 in chips) 
Seat 3: SorinS28 ($196.50 in chips) 
Seat 4: mariofcd ($101.70 in chips) 
Seat 5: Y_19 ($104.33 in chips) 
Seat 6: T1bent ($79.88 in chips) 
HNDRx17: posts small blind $0.50
paramourx: posts big blind $1
*** HOLE CARDS ***
SorinS28: folds 
mariofcd: raises $1.20 to $2.20
Y_19: folds 
T1bent: calls $2.20
HNDRx17: folds 
paramourx: calls $1.20
*** FLOP *** [Qh Td 7h]
paramourx: checks 
mariofcd: checks 
T1bent: checks 
*** TURN *** [Qh Td 7h] [9c]
paramourx: checks 
mariofcd: bets $8
T1bent: folds 
paramourx: folds 
Uncalled bet ($8) returned to mariofcd
mariofcd collected $6.74 from pot
mariofcd: doesn't show hand 
*** SUMMARY ***
Total pot $7.10 | Rake $0.36 
Board [Qh Td 7h 9c]
Seat 1: HNDRx17 (small blind) folded before Flop
Seat 2: paramourx (big blind) folded on the Turn
Seat 3: SorinS28 folded before Flop (didn't bet)
Seat 4: mariofcd collected ($6.74)
Seat 5: Y_19 folded before Flop (didn't bet)
Seat 6: T1bent (button) folded on the Turn



PokerStars Hand #254675074261:  Hold'em No Limit ($0.50/$1.00 USD) - 2025/02/02 19:31:46 WET [2025/02/02 14:31:46 ET]
Table 'Gryphia II' 6-max Seat #1 is the button
Seat 1: HNDRx17 ($93.06 in chips) 
Seat 2: paramourx ($221.90 in chips) 
Seat 3: SorinS28 ($196.50 in chips) 
Seat 4: mariofcd ($106.24 in chips) 
Seat 5: Y_19 ($104.33 in chips) 
Seat 6: T1bent ($77.68 in chips) 
paramourx: posts small blind $0.50
SorinS28: posts big blind $1
*** HOLE CARDS ***
mariofcd: folds 
Y_19: raises $1.23 to $2.23
T1bent: calls $2.23
HNDRx17: calls $2.23
paramourx: calls $1.73
SorinS28: raises $16.27 to $18.50
Y_19: folds 
T1bent: folds 
HNDRx17: calls $16.27
paramourx: folds 
*** FLOP *** [4h Ac 2h]
SorinS28: bets $13.70
HNDRx17: calls $13.70
*** TURN *** [4h Ac 2h] [3s]
SorinS28: checks 
HNDRx17: bets $15.09
SorinS28: raises $149.14 to $164.23
HNDRx17: folds 
Uncalled bet ($149.14) returned to SorinS28
SorinS28 collected $98.77 from pot
SorinS28: doesn't show hand 
*** SUMMARY ***
Total pot $101.27 | Rake $2.50 
Board [4h Ac 2h 3s]
Seat 1: HNDRx17 (button) folded on the Turn
Seat 2: paramourx (small blind) folded before Flop
Seat 3: SorinS28 (big blind) collected ($98.77)
Seat 4: mariofcd folded before Flop (didn't bet)
Seat 5: Y_19 folded before Flop
Seat 6: T1bent folded before Flop



PokerStars Hand #254675108824:  Hold'em No Limit ($0.50/$1.00 USD) - 2025/02/02 19:33:18 WET [2025/02/02 14:33:18 ET]
Table 'Gryphia II' 6-max Seat #2 is the button
Seat 1: HNDRx17 ($45.77 in chips) 
Seat 2: paramourx ($219.67 in chips) 
Seat 3: SorinS28 ($247.98 in chips) 
Seat 4: mariofcd ($106.24 in chips) 
Seat 5: Y_19 ($102.10 in chips) 
Seat 6: T1bent ($75.45 in chips) 
SorinS28: posts small blind $0.50
mariofcd: posts big blind $1
*** HOLE CARDS ***
Y_19: folds 
T1bent: folds 
HNDRx17: folds 
HNDRx17 leaves the table
paramourx: raises $2 to $3
SorinS28: folds 
mariofcd: calls $2
*** FLOP *** [Tc 2d Ah]
AlexPinsk1 joins the table at seat #1 
mariofcd: checks 
paramourx: bets $1.92
mariofcd: calls $1.92
*** TURN *** [Tc 2d Ah] [Jc]
mariofcd: checks 
paramourx: bets $15.22
mariofcd: folds 
Uncalled bet ($15.22) returned to paramourx
paramourx collected $9.82 from pot
paramourx: doesn't show hand 
*** SUMMARY ***
Total pot $10.34 | Rake $0.52 
Board [Tc 2d Ah Jc]
Seat 1: HNDRx17 folded before Flop (didn't bet)
Seat 2: paramourx (button) collected ($9.82)
Seat 3: SorinS28 (small blind) folded before Flop
Seat 4: mariofcd (big blind) folded on the Turn
Seat 5: Y_19 folded before Flop (didn't bet)
Seat 6: T1bent folded before Flop (didn't bet)



PokerStars Hand #254675125476:  Hold'em No Limit ($0.50/$1.00 USD) - 2025/02/02 19:34:02 WET [2025/02/02 14:34:02 ET]
Table 'Gryphia II' 6-max Seat #3 is the button
Seat 1: AlexPinsk1 ($100 in chips) is sitting out
Seat 2: paramourx ($224.57 in chips) 
Seat 3: SorinS28 ($247.48 in chips) 
Seat 4: mariofcd ($101.32 in chips) 
Seat 5: Y_19 ($102.10 in chips) 
Seat 6: T1bent ($75.45 in chips) 
mariofcd: posts small blind $0.50
Y_19: posts big blind $1
AlexPinsk1: sits out 
*** HOLE CARDS ***
T1bent: calls $1
paramourx: raises $4 to $5
SorinS28: folds 
mariofcd: folds 
Y_19: folds 
T1bent: folds 
Uncalled bet ($4) returned to paramourx
paramourx collected $3.50 from pot
paramourx: doesn't show hand 
*** SUMMARY ***
Total pot $3.50 | Rake $0 
Seat 1: AlexPinsk1
Seat 2: paramourx collected ($3.50)
Seat 3: SorinS28 (button) folded before Flop (didn't bet)
Seat 4: mariofcd (small blind) folded before Flop
Seat 5: Y_19 (big blind) folded before Flop
Seat 6: T1bent folded before Flop



PokerStars Hand #254675134808:  Hold'em No Limit ($0.50/$1.00 USD) - 2025/02/02 19:34:27 WET [2025/02/02 14:34:27 ET]
Table 'Gryphia II' 6-max Seat #4 is the button
Seat 1: AlexPinsk1 ($100 in chips) is sitting out
Seat 2: paramourx ($227.07 in chips) 
Seat 3: SorinS28 ($247.48 in chips) 
Seat 4: mariofcd ($100.82 in chips) 
Seat 5: Y_19 ($101.10 in chips) 
Seat 6: T1bent ($74.45 in chips) 
Y_19: posts small blind $0.50
T1bent: posts big blind $1
AlexPinsk1: sits out 
*** HOLE CARDS ***
paramourx: raises $2 to $3
SorinS28: folds 
mariofcd: folds 
Y_19: folds 
T1bent: calls $2
*** FLOP *** [2d Ks 6s]
T1bent: checks 
paramourx: bets $1.92
T1bent: calls $1.92
*** TURN *** [2d Ks 6s] [8h]
T1bent: checks 
paramourx: checks 
*** RIVER *** [2d Ks 6s 8h] [7d]
T1bent: checks 
paramourx: checks 
*** SHOW DOWN ***
T1bent: shows [As Js] (high card Ace)
paramourx: shows [Ad Jd] (high card Ace)
T1bent collected $4.91 from pot
paramourx collected $4.91 from pot
*** SUMMARY ***
Total pot $10.34 | Rake $0.52 
Board [2d Ks 6s 8h 7d]
Seat 1: AlexPinsk1
Seat 2: paramourx showed [Ad Jd] and won ($4.91) with high card Ace
Seat 3: SorinS28 folded before Flop (didn't bet)
Seat 4: mariofcd (button) folded before Flop (didn't bet)
Seat 5: Y_19 (small blind) folded before Flop
Seat 6: T1bent (big blind) showed [As Js] and won ($4.91) with high card Ace



PokerStars Hand #254675152347:  Hold'em No Limit ($0.50/$1.00 USD) - 2025/02/02 19:35:14 WET [2025/02/02 14:35:14 ET]
Table 'Gryphia II' 6-max Seat #5 is the button
Seat 1: AlexPinsk1 ($100 in chips) 
Seat 2: paramourx ($227.06 in chips) 
Seat 3: SorinS28 ($247.48 in chips) 
Seat 4: mariofcd ($100.82 in chips) 
Seat 5: Y_19 ($100.60 in chips) 
Seat 6: T1bent ($74.44 in chips) 
T1bent: posts small blind $0.50
AlexPinsk1: posts big blind $1
*** HOLE CARDS ***
paramourx: folds 
SorinS28: folds 
mariofcd: folds 
Y_19: folds 
T1bent: calls $0.50
AlexPinsk1: checks 
*** FLOP *** [8d 2d 8h]
T1bent: checks 
AlexPinsk1: checks 
*** TURN *** [8d 2d 8h] [Th]
T1bent: checks 
AlexPinsk1: checks 
*** RIVER *** [8d 2d 8h Th] [4d]
T1bent: checks 
AlexPinsk1: checks 
*** SHOW DOWN ***
T1bent: shows [7s 6s] (a pair of Eights)
AlexPinsk1: shows [7c Qc] (a pair of Eights - Queen kicker)
AlexPinsk1 collected $1.90 from pot
*** SUMMARY ***
Total pot $2 | Rake $0.10 
Board [8d 2d 8h Th 4d]
Seat 1: AlexPinsk1 (big blind) showed [7c Qc] and won ($1.90) with a pair of Eights
Seat 2: paramourx folded before Flop (didn't bet)
Seat 3: SorinS28 folded before Flop (didn't bet)
Seat 4: mariofcd folded before Flop (didn't bet)
Seat 5: Y_19 (button) folded before Flop (didn't bet)
Seat 6: T1bent (small blind) showed [7s 6s] and lost with a pair of Eights



PokerStars Hand #254675174267:  Hold'em No Limit ($0.50/$1.00 USD) - 2025/02/02 19:36:12 WET [2025/02/02 14:36:12 ET]
Table 'Gryphia II' 6-max Seat #6 is the button
Seat 1: AlexPinsk1 ($100.90 in chips) 
Seat 2: paramourx ($227.06 in chips) 
Seat 3: SorinS28 ($247.48 in chips) 
Seat 4: mariofcd ($100.82 in chips) 
Seat 5: Y_19 ($100.60 in chips) 
Seat 6: T1bent ($73.44 in chips) 
AlexPinsk1: posts small blind $0.50
paramourx: posts big blind $1
*** HOLE CARDS ***
SorinS28: folds 
mariofcd: raises $1.20 to $2.20
Y_19: folds 
T1bent: calls $2.20
AlexPinsk1: folds 
paramourx: raises $11.20 to $13.40
mariofcd: folds 
T1bent: calls $11.20
*** FLOP *** [6c 9s 7c]
paramourx: checks 
T1bent: checks 
*** TURN *** [6c 9s 7c] [8s]
paramourx: checks 
T1bent: checks 
*** RIVER *** [6c 9s 7c 8s] [7d]
paramourx: bets $14.01
T1bent: folds 
Uncalled bet ($14.01) returned to paramourx
paramourx collected $28.02 from pot
paramourx: doesn't show hand 
*** SUMMARY ***
Total pot $29.50 | Rake $1.48 
Board [6c 9s 7c 8s 7d]
Seat 1: AlexPinsk1 (small blind) folded before Flop
Seat 2: paramourx (big blind) collected ($28.02)
Seat 3: SorinS28 folded before Flop (didn't bet)
Seat 4: mariofcd folded before Flop
Seat 5: Y_19 folded before Flop (didn't bet)
Seat 6: T1bent (button) folded on the River



PokerStars Hand #254675285533:  Hold'em No Limit ($0.50/$1.00 USD) - 2025/02/02 19:41:11 WET [2025/02/02 14:41:11 ET]
Table 'Gryphia II' 6-max Seat #6 is the button
Seat 1: AlexPinsk1 ($102.65 in chips) 
Seat 2: paramourx ($241.18 in chips) 
Seat 3: SorinS28 ($207.09 in chips) 
Seat 4: mariofcd ($135.46 in chips) 
Seat 5: Y_19 ($101 in chips) 
Seat 6: T1bent ($59.92 in chips) 
AlexPinsk1: posts small blind $0.50
paramourx: posts big blind $1
*** HOLE CARDS ***
SorinS28: folds 
mariofcd: folds 
Y_19: raises $1.23 to $2.23
T1bent: calls $2.23
AlexPinsk1: folds 
paramourx: folds 
*** FLOP *** [7h 4c 4s]
Y_19: bets $2.83
T1bent: folds 
Uncalled bet ($2.83) returned to Y_19
Y_19 collected $5.66 from pot
Y_19: doesn't show hand 
*** SUMMARY ***
Total pot $5.96 | Rake $0.30 
Board [7h 4c 4s]
Seat 1: AlexPinsk1 (small blind) folded before Flop
Seat 2: paramourx (big blind) folded before Flop
Seat 3: SorinS28 folded before Flop (didn't bet)
Seat 4: mariofcd folded before Flop (didn't bet)
Seat 5: Y_19 collected ($5.66)
Seat 6: T1bent (button) folded on the Flop



PokerStars Hand #254675293510:  Hold'em No Limit ($0.50/$1.00 USD) - 2025/02/02 19:41:33 WET [2025/02/02 14:41:33 ET]
Table 'Gryphia II' 6-max Seat #1 is the button
Seat 1: AlexPinsk1 ($102.15 in chips) 
Seat 2: paramourx ($240.18 in chips) 
Seat 3: SorinS28 ($207.09 in chips) 
Seat 4: mariofcd ($135.46 in chips) 
Seat 5: Y_19 ($104.43 in chips) 
Seat 6: T1bent ($57.69 in chips) 
paramourx: posts small blind $0.50
SorinS28: posts big blind $1
*** HOLE CARDS ***
mariofcd: folds 
Y_19: folds 
T1bent: calls $1
AlexPinsk1: raises $3.50 to $4.50
paramourx: folds 
SorinS28: raises $10.50 to $15
T1bent: folds 
AlexPinsk1: raises $12.50 to $27.50
SorinS28: folds 
Uncalled bet ($12.50) returned to AlexPinsk1
AlexPinsk1 collected $31.50 from pot
AlexPinsk1: doesn't show hand 
*** SUMMARY ***
Total pot $31.50 | Rake $0 
Seat 1: AlexPinsk1 (button) collected ($31.50)
Seat 2: paramourx (small blind) folded before Flop
Seat 3: SorinS28 (big blind) folded before Flop
Seat 4: mariofcd folded before Flop (didn't bet)
Seat 5: Y_19 folded before Flop (didn't bet)
Seat 6: T1bent folded before Flop



PokerStars Hand #254675321940:  Hold'em No Limit ($0.50/$1.00 USD) - 2025/02/02 19:42:48 WET [2025/02/02 14:42:48 ET]
Table 'Gryphia II' 6-max Seat #2 is the button
Seat 1: AlexPinsk1 ($118.65 in chips) 
Seat 2: paramourx ($239.68 in chips) 
Seat 3: SorinS28 ($192.09 in chips) 
Seat 4: mariofcd ($135.46 in chips) 
Seat 5: Y_19 ($104.43 in chips) 
Seat 6: T1bent ($56.69 in chips) 
SorinS28: posts small blind $0.50
mariofcd: posts big blind $1
*** HOLE CARDS ***
Y_19: folds 
T1bent: calls $1
AlexPinsk1: folds 
paramourx: folds 
SorinS28: calls $0.50
mariofcd: raises $3 to $4
T1bent: calls $3
SorinS28: calls $3
*** FLOP *** [8d Qh 3c]
SorinS28: checks 
mariofcd: checks 
T1bent: bets $6
SorinS28: calls $6
mariofcd: folds 
*** TURN *** [8d Qh 3c] [Td]
mariofcd leaves the table
SorinS28: checks 
T1bent: bets $19
Gaita_toien joins the table at seat #4 
Gaita_toien leaves the table
SorinS28: folds 
Uncalled bet ($19) returned to T1bent
T1bent collected $22.80 from pot
*** SUMMARY ***
Total pot $24 | Rake $1.20 
Board [8d Qh 3c Td]
Seat 1: AlexPinsk1 folded before Flop (didn't bet)
Seat 2: paramourx (button) folded before Flop (didn't bet)
Seat 3: SorinS28 (small blind) folded on the Turn
Seat 4: mariofcd (big blind) folded on the Flop
Seat 5: Y_19 folded before Flop (didn't bet)
Seat 6: T1bent collected ($22.80)



PokerStars Hand #254675358430:  Hold'em No Limit ($0.50/$1.00 USD) - 2025/02/02 19:44:27 WET [2025/02/02 14:44:27 ET]
Table 'Gryphia II' 6-max Seat #3 is the button
Seat 1: AlexPinsk1 ($118.65 in chips) 
Seat 2: paramourx ($239.68 in chips) 
Seat 3: SorinS28 ($182.09 in chips) 
Seat 5: Y_19 ($104.43 in chips) 
Seat 6: T1bent ($69.49 in chips) 
Y_19: posts small blind $0.50
T1bent: posts big blind $1
*** HOLE CARDS ***
AlexPinsk1: raises $1.50 to $2.50
paramourx: folds 
skars07 joins the table at seat #4 
SorinS28: folds 
Y_19: folds 
T1bent: folds 
Uncalled bet ($1.50) returned to AlexPinsk1
AlexPinsk1 collected $2.50 from pot
AlexPinsk1: doesn't show hand 
*** SUMMARY ***
Total pot $2.50 | Rake $0 
Seat 1: AlexPinsk1 collected ($2.50)
Seat 2: paramourx folded before Flop (didn't bet)
Seat 3: SorinS28 (button) folded before Flop (didn't bet)
Seat 5: Y_19 (small blind) folded before Flop
Seat 6: T1bent (big blind) folded before Flop



PokerStars Hand #254675368753:  Hold'em No Limit ($0.50/$1.00 USD) - 2025/02/02 19:44:54 WET [2025/02/02 14:44:54 ET]
Table 'Gryphia II' 6-max Seat #5 is the button
Seat 4: skars07 ($100 in chips) is sitting out
Seat 1: AlexPinsk1 ($120.15 in chips) 
Seat 2: paramourx ($239.68 in chips) 
Seat 3: SorinS28 ($182.09 in chips) 
Seat 5: Y_19 ($103.93 in chips) 
Seat 6: T1bent ($68.49 in chips) 
T1bent: posts small blind $0.50
AlexPinsk1: posts big blind $1
skars07: sits out 
*** HOLE CARDS ***
paramourx: folds 
SorinS28: folds 
Y_19: folds 
T1bent: calls $0.50
AlexPinsk1: checks 
*** FLOP *** [8s Ah 8h]
T1bent: checks 
AlexPinsk1: checks 
*** TURN *** [8s Ah 8h] [9s]
T1bent: bets $5
AlexPinsk1: folds 
Uncalled bet ($5) returned to T1bent
T1bent collected $1.90 from pot
*** SUMMARY ***
Total pot $2 | Rake $0.10 
Board [8s Ah 8h 9s]
Seat 4: skars07
Seat 1: AlexPinsk1 (big blind) folded on the Turn
Seat 2: paramourx folded before Flop (didn't bet)
Seat 3: SorinS28 folded before Flop (didn't bet)
Seat 5: Y_19 (button) folded before Flop (didn't bet)
Seat 6: T1bent (small blind) collected ($1.90)



PokerStars Hand #254675385004:  Hold'em No Limit ($0.50/$1.00 USD) - 2025/02/02 19:45:38 WET [2025/02/02 14:45:38 ET]
Table 'Gryphia II' 6-max Seat #6 is the button
Seat 4: skars07 ($100 in chips) is sitting out
Seat 1: AlexPinsk1 ($119.15 in chips) 
Seat 2: paramourx ($239.68 in chips) 
Seat 3: SorinS28 ($182.09 in chips) 
Seat 5: Y_19 ($103.93 in chips) 
Seat 6: T1bent ($69.39 in chips) 
AlexPinsk1: posts small blind $0.50
paramourx: posts big blind $1
skars07: sits out 
*** HOLE CARDS ***
SorinS28: folds 
Y_19: folds 
T1bent: calls $1
AlexPinsk1: raises $3.50 to $4.50
paramourx: folds 
T1bent: folds 
Uncalled bet ($3.50) returned to AlexPinsk1
AlexPinsk1 collected $3 from pot
AlexPinsk1: doesn't show hand 
*** SUMMARY ***
Total pot $3 | Rake $0 
Seat 4: skars07
Seat 1: AlexPinsk1 (small blind) collected ($3)
Seat 2: paramourx (big blind) folded before Flop
Seat 3: SorinS28 folded before Flop (didn't bet)
Seat 5: Y_19 folded before Flop (didn't bet)
Seat 6: T1bent (button) folded before Flop



PokerStars Hand #254675392717:  Hold'em No Limit ($0.50/$1.00 USD) - 2025/02/02 19:45:59 WET [2025/02/02 14:45:59 ET]
Table 'Gryphia II' 6-max Seat #1 is the button
Seat 4: skars07 ($100 in chips) is sitting out
Seat 1: AlexPinsk1 ($121.15 in chips) 
Seat 2: paramourx ($238.68 in chips) 
Seat 3: SorinS28 ($182.09 in chips) 
Seat 5: Y_19 ($103.93 in chips) 
Seat 6: T1bent ($68.39 in chips) 
paramourx: posts small blind $0.50
SorinS28: posts big blind $1
skars07: sits out 
*** HOLE CARDS ***
Y_19: folds 
T1bent: calls $1
AlexPinsk1: folds 
paramourx: folds 
SorinS28: checks 
*** FLOP *** [4d Th Jc]
SorinS28: checks 
T1bent: bets $2
SorinS28: folds 
Uncalled bet ($2) returned to T1bent
T1bent collected $2.38 from pot
*** SUMMARY ***
Total pot $2.50 | Rake $0.12 
Board [4d Th Jc]
Seat 4: skars07
Seat 1: AlexPinsk1 (button) folded before Flop (didn't bet)
Seat 2: paramourx (small blind) folded before Flop
Seat 3: SorinS28 (big blind) folded on the Flop
Seat 5: Y_19 folded before Flop (didn't bet)
Seat 6: T1bent collected ($2.38)



PokerStars Hand #254675409730:  Hold'em No Limit ($0.50/$1.00 USD) - 2025/02/02 19:46:44 WET [2025/02/02 14:46:44 ET]
Table 'Gryphia II' 6-max Seat #2 is the button
Seat 1: AlexPinsk1 ($121.15 in chips) 
Seat 2: paramourx ($238.18 in chips) 
Seat 3: SorinS28 ($181.09 in chips) 
Seat 4: skars07 ($100 in chips) 
Seat 5: Y_19 ($103.93 in chips) 
Seat 6: T1bent ($69.77 in chips) 
SorinS28: posts small blind $0.50
skars07: posts big blind $1
*** HOLE CARDS ***
Y_19: folds 
T1bent: folds 
AlexPinsk1: folds 
paramourx: raises $2 to $3
SorinS28: folds 
skars07: folds 
Uncalled bet ($2) returned to paramourx
paramourx collected $2.50 from pot
paramourx: doesn't show hand 
*** SUMMARY ***
Total pot $2.50 | Rake $0 
Seat 1: AlexPinsk1 folded before Flop (didn't bet)
Seat 2: paramourx (button) collected ($2.50)
Seat 3: SorinS28 (small blind) folded before Flop
Seat 4: skars07 (big blind) folded before Flop
Seat 5: Y_19 folded before Flop (didn't bet)
Seat 6: T1bent folded before Flop (didn't bet)



PokerStars Hand #254675422002:  Hold'em No Limit ($0.50/$1.00 USD) - 2025/02/02 19:47:17 WET [2025/02/02 14:47:17 ET]
Table 'Gryphia II' 6-max Seat #3 is the button
Seat 1: AlexPinsk1 ($121.15 in chips) 
Seat 2: paramourx ($239.68 in chips) 
Seat 3: SorinS28 ($180.59 in chips) 
Seat 4: skars07 ($100 in chips) 
Seat 5: Y_19 ($103.93 in chips) 
Seat 6: T1bent ($69.77 in chips) 
skars07: posts small blind $0.50
Y_19: posts big blind $1
*** HOLE CARDS ***
T1bent: folds 
AlexPinsk1: raises $1.50 to $2.50
paramourx: raises $5.50 to $8
SorinS28: folds 
skars07: folds 
Y_19: folds 
AlexPinsk1: raises $13.50 to $21.50
paramourx: folds 
Uncalled bet ($13.50) returned to AlexPinsk1
AlexPinsk1 collected $17.50 from pot
AlexPinsk1: doesn't show hand 
*** SUMMARY ***
Total pot $17.50 | Rake $0 
Seat 1: AlexPinsk1 collected ($17.50)
Seat 2: paramourx folded before Flop
Seat 3: SorinS28 (button) folded before Flop (didn't bet)
Seat 4: skars07 (small blind) folded before Flop
Seat 5: Y_19 (big blind) folded before Flop
Seat 6: T1bent folded before Flop (didn't bet)



PokerStars Hand #254675437238:  Hold'em No Limit ($0.50/$1.00 USD) - 2025/02/02 19:47:58 WET [2025/02/02 14:47:58 ET]
Table 'Gryphia II' 6-max Seat #4 is the button
Seat 1: AlexPinsk1 ($130.65 in chips) 
Seat 2: paramourx ($231.68 in chips) 
Seat 3: SorinS28 ($180.59 in chips) 
Seat 4: skars07 ($100 in chips) 
Seat 5: Y_19 ($102.93 in chips) 
Seat 6: T1bent ($69.77 in chips) 
Y_19: posts small blind $0.50
T1bent: posts big blind $1
*** HOLE CARDS ***
AlexPinsk1: folds 
paramourx: folds 
SorinS28: folds 
skars07: raises $1.50 to $2.50
Y_19: folds 
T1bent: folds 
Uncalled bet ($1.50) returned to skars07
skars07 collected $2.50 from pot
skars07: doesn't show hand 
*** SUMMARY ***
Total pot $2.50 | Rake $0 
Seat 1: AlexPinsk1 folded before Flop (didn't bet)
Seat 2: paramourx folded before Flop (didn't bet)
Seat 3: SorinS28 folded before Flop (didn't bet)
Seat 4: skars07 (button) collected ($2.50)
Seat 5: Y_19 (small blind) folded before Flop
Seat 6: T1bent (big blind) folded before Flop



PokerStars Hand #254675441961:  Hold'em No Limit ($0.50/$1.00 USD) - 2025/02/02 19:48:11 WET [2025/02/02 14:48:11 ET]
Table 'Gryphia II' 6-max Seat #5 is the button
Seat 1: AlexPinsk1 ($130.65 in chips) 
Seat 2: paramourx ($231.68 in chips) 
Seat 3: SorinS28 ($180.59 in chips) 
Seat 4: skars07 ($101.50 in chips) 
Seat 5: Y_19 ($102.43 in chips) 
Seat 6: T1bent ($68.77 in chips) 
T1bent: posts small blind $0.50
AlexPinsk1: posts big blind $1
*** HOLE CARDS ***
paramourx: folds 
SorinS28: folds 
skars07: raises $1.50 to $2.50
Y_19: folds 
T1bent: calls $2
AlexPinsk1: folds 
*** FLOP *** [Ts 3d 8c]
T1bent: checks 
skars07: bets $1.88
T1bent: folds 
Uncalled bet ($1.88) returned to skars07
skars07 collected $5.70 from pot
skars07: doesn't show hand 
*** SUMMARY ***
Total pot $6 | Rake $0.30 
Board [Ts 3d 8c]
Seat 1: AlexPinsk1 (big blind) folded before Flop
Seat 2: paramourx folded before Flop (didn't bet)
Seat 3: SorinS28 folded before Flop (didn't bet)
Seat 4: skars07 collected ($5.70)
Seat 5: Y_19 (button) folded before Flop (didn't bet)
Seat 6: T1bent (small blind) folded on the Flop



PokerStars Hand #254675455606:  Hold'em No Limit ($0.50/$1.00 USD) - 2025/02/02 19:48:48 WET [2025/02/02 14:48:48 ET]
Table 'Gryphia II' 6-max Seat #6 is the button
Seat 1: AlexPinsk1 ($129.65 in chips) 
Seat 2: paramourx ($231.68 in chips) 
Seat 3: SorinS28 ($180.59 in chips) 
Seat 4: skars07 ($104.70 in chips) 
Seat 5: Y_19 ($102.43 in chips) 
Seat 6: T1bent ($66.27 in chips) 
AlexPinsk1: posts small blind $0.50
paramourx: posts big blind $1
*** HOLE CARDS ***
SorinS28: raises $1.02 to $2.02
skars07: raises $4.98 to $7
Y_19: folds 
T1bent: folds 
AlexPinsk1: folds 
paramourx: folds 
SorinS28: folds 
Uncalled bet ($4.98) returned to skars07
skars07 collected $5.54 from pot
skars07: doesn't show hand 
*** SUMMARY ***
Total pot $5.54 | Rake $0 
Seat 1: AlexPinsk1 (small blind) folded before Flop
Seat 2: paramourx (big blind) folded before Flop
Seat 3: SorinS28 folded before Flop
Seat 4: skars07 collected ($5.54)
Seat 5: Y_19 folded before Flop (didn't bet)
Seat 6: T1bent (button) folded before Flop (didn't bet)



PokerStars Hand #254675466170:  Hold'em No Limit ($0.50/$1.00 USD) - 2025/02/02 19:49:16 WET [2025/02/02 14:49:16 ET]
Table 'Gryphia II' 6-max Seat #1 is the button
Seat 1: AlexPinsk1 ($129.15 in chips) 
Seat 2: paramourx ($230.68 in chips) 
Seat 3: SorinS28 ($178.57 in chips) 
Seat 4: skars07 ($108.22 in chips) 
Seat 5: Y_19 ($102.43 in chips) 
Seat 6: T1bent ($66.27 in chips) 
paramourx: posts small blind $0.50
SorinS28: posts big blind $1
*** HOLE CARDS ***
skars07: folds 
Y_19: folds 
T1bent: calls $1
AlexPinsk1: folds 
paramourx: calls $0.50
SorinS28: checks 
*** FLOP *** [3s Jd 6c]
paramourx: checks 
SorinS28: checks 
T1bent: checks 
*** TURN *** [3s Jd 6c] [4h]
paramourx: bets $2.22
SorinS28: folds 
T1bent: raises $2.22 to $4.44
paramourx: calls $2.22
*** RIVER *** [3s Jd 6c 4h] [3d]
paramourx: checks 
T1bent: bets $8
paramourx: folds 
Uncalled bet ($8) returned to T1bent
T1bent collected $11.29 from pot
*** SUMMARY ***
Total pot $11.88 | Rake $0.59 
Board [3s Jd 6c 4h 3d]
Seat 1: AlexPinsk1 (button) folded before Flop (didn't bet)
Seat 2: paramourx (small blind) folded on the River
Seat 3: SorinS28 (big blind) folded on the Turn
Seat 4: skars07 folded before Flop (didn't bet)
Seat 5: Y_19 folded before Flop (didn't bet)
Seat 6: T1bent collected ($11.29)



PokerStars Hand #254675490385:  Hold'em No Limit ($0.50/$1.00 USD) - 2025/02/02 19:50:22 WET [2025/02/02 14:50:22 ET]
Table 'Gryphia II' 6-max Seat #2 is the button
Seat 1: AlexPinsk1 ($129.15 in chips) 
Seat 2: paramourx ($225.24 in chips) 
Seat 3: SorinS28 ($177.57 in chips) 
Seat 4: skars07 ($108.22 in chips) 
Seat 5: Y_19 ($102.43 in chips) 
Seat 6: T1bent ($72.12 in chips) 
SorinS28: posts small blind $0.50
skars07: posts big blind $1
*** HOLE CARDS ***
Y_19: folds 
T1bent: calls $1
AlexPinsk1: raises $2.50 to $3.50
paramourx: folds 
SorinS28: folds 
skars07: folds 
T1bent: raises $2.50 to $6
AlexPinsk1: calls $2.50
*** FLOP *** [2h 5c 7c]
T1bent: checks 
AlexPinsk1: bets $2
T1bent: raises $2 to $4
AlexPinsk1: raises $5.50 to $9.50
T1bent: calls $5.50
*** TURN *** [2h 5c 7c] [5d]
T1bent: checks 
AlexPinsk1: bets $3
T1bent: raises $3 to $6
AlexPinsk1: calls $3
*** RIVER *** [2h 5c 7c 5d] [2d]
T1bent: bets $8
AlexPinsk1: raises $72.85 to $80.85
T1bent: calls $42.62 and is all-in
Uncalled bet ($30.23) returned to AlexPinsk1
*** SHOW DOWN ***
AlexPinsk1: shows [7h 7d] (a full house, Sevens full of Fives)
T1bent: shows [Ad As] (two pair, Aces and Fives)
AlexPinsk1 collected $143.24 from pot
*** SUMMARY ***
Total pot $145.74 | Rake $2.50 
Board [2h 5c 7c 5d 2d]
Seat 1: AlexPinsk1 showed [7h 7d] and won ($143.24) with a full house, Sevens full of Fives
Seat 2: paramourx (button) folded before Flop (didn't bet)
Seat 3: SorinS28 (small blind) folded before Flop
Seat 4: skars07 (big blind) folded before Flop
Seat 5: Y_19 folded before Flop (didn't bet)
Seat 6: T1bent showed [Ad As] and lost with two pair, Aces and Fives



PokerStars Hand #254675534697:  Hold'em No Limit ($0.50/$1.00 USD) - 2025/02/02 19:52:21 WET [2025/02/02 14:52:21 ET]
Table 'Gryphia II' 6-max Seat #3 is the button
Seat 6: T1bent ($0 in chips) is sitting out
Seat 1: AlexPinsk1 ($200.27 in chips) 
Seat 2: paramourx ($225.24 in chips) 
Seat 3: SorinS28 ($177.07 in chips) 
Seat 4: skars07 ($107.22 in chips) 
Seat 5: Y_19 ($102.43 in chips) 
skars07: posts small blind $0.50
Y_19: posts big blind $1
*** HOLE CARDS ***
AlexPinsk1: folds 
paramourx: raises $2 to $3
SorinS28: raises $6.50 to $9.50
skars07: folds 
Y_19: folds 
T1bent leaves the table
sta$igk joins the table at seat #6 
paramourx: raises $15.50 to $25
SorinS28: calls $15.50
*** FLOP *** [Qh Ks 6c]
paramourx: bets $15.19
SorinS28: calls $15.19
*** TURN *** [Qh Ks 6c] [3s]
paramourx: checks 
SorinS28: checks 
*** RIVER *** [Qh Ks 6c 3s] [3h]
paramourx: checks 
SorinS28: bets $53.18
paramourx: calls $53.18
*** SHOW DOWN ***
SorinS28: shows [Kh As] (two pair, Kings and Threes)
paramourx: mucks hand 
SorinS28 collected $185.74 from pot
*** SUMMARY ***
Total pot $188.24 | Rake $2.50 
Board [Qh Ks 6c 3s 3h]
Seat 6: T1bent
Seat 1: AlexPinsk1 folded before Flop (didn't bet)
Seat 2: paramourx mucked
Seat 3: SorinS28 (button) showed [Kh As] and won ($185.74) with two pair, Kings and Threes
Seat 4: skars07 (small blind) folded before Flop
Seat 5: Y_19 (big blind) folded before Flop



PokerStars Hand #254675602038:  Hold'em No Limit ($0.50/$1.00 USD) - 2025/02/02 19:55:31 WET [2025/02/02 14:55:31 ET]
Table 'Gryphia II' 6-max Seat #4 is the button
Seat 1: AlexPinsk1 ($200.27 in chips) 
Seat 2: paramourx ($131.87 in chips) 
Seat 3: SorinS28 ($269.44 in chips) 
Seat 4: skars07 ($106.72 in chips) 
Seat 5: Y_19 ($101.43 in chips) 
Seat 6: sta$igk ($100 in chips) 
Y_19: posts small blind $0.50
sta$igk: posts big blind $1
*** HOLE CARDS ***
AlexPinsk1: folds 
paramourx: folds 
SorinS28: folds 
skars07: folds 
Y_19: folds 
Uncalled bet ($0.50) returned to sta$igk
sta$igk collected $1 from pot
sta$igk: doesn't show hand 
*** SUMMARY ***
Total pot $1 | Rake $0 
Seat 1: AlexPinsk1 folded before Flop (didn't bet)
Seat 2: paramourx folded before Flop (didn't bet)
Seat 3: SorinS28 folded before Flop (didn't bet)
Seat 4: skars07 (button) folded before Flop (didn't bet)
Seat 5: Y_19 (small blind) folded before Flop
Seat 6: sta$igk (big blind) collected ($1)



PokerStars Hand #254675605027:  Hold'em No Limit ($0.50/$1.00 USD) - 2025/02/02 19:55:45 WET [2025/02/02 14:55:45 ET]
Table 'Gryphia II' 6-max Seat #5 is the button
Seat 1: AlexPinsk1 ($200.27 in chips) is sitting out
Seat 2: paramourx ($131.87 in chips) 
Seat 3: SorinS28 ($269.44 in chips) 
Seat 4: skars07 ($106.72 in chips) 
Seat 5: Y_19 ($100.93 in chips) 
Seat 6: sta$igk ($100.50 in chips) 
sta$igk: posts small blind $0.50
AlexPinsk1: is sitting out 
paramourx: posts big blind $1
*** HOLE CARDS ***
SorinS28: folds 
AlexPinsk1 leaves the table
skars07: folds 
Y_19: raises $1.23 to $2.23
sta$igk: folds 
SorinS28 leaves the table
paramourx: folds 
Uncalled bet ($1.23) returned to Y_19
Y_19 collected $2.50 from pot
Y_19: doesn't show hand 
*** SUMMARY ***
Total pot $2.50 | Rake $0 
Seat 1: AlexPinsk1
Seat 2: paramourx (big blind) folded before Flop
Seat 3: SorinS28 folded before Flop (didn't bet)
Seat 4: skars07 folded before Flop (didn't bet)
Seat 5: Y_19 (button) collected ($2.50)
Seat 6: sta$igk (small blind) folded before Flop



PokerStars Hand #254675609345:  Hold'em No Limit ($0.50/$1.00 USD) - 2025/02/02 19:56:05 WET [2025/02/02 14:56:05 ET]
Table 'Gryphia II' 6-max Seat #6 is the button
Seat 4: skars07 ($106.72 in chips) is sitting out
Seat 2: paramourx ($130.87 in chips) 
Seat 5: Y_19 ($102.43 in chips) 
Seat 6: sta$igk ($100 in chips) 
paramourx: posts small blind $0.50
skars07: is sitting out 
Y_19: posts big blind $1
*** HOLE CARDS ***
sta$igk: raises $1.50 to $2.50
skars07 leaves the table
paramourx: folds 
Y_19: calls $1.50
*** FLOP *** [7d 6s 8d]
Y_19: checks 
sta$igk: checks 
*** TURN *** [7d 6s 8d] [5s]
Y_19: checks 
sta$igk: checks 
*** RIVER *** [7d 6s 8d 5s] [Qd]
Y_19: checks 
sta$igk: bets $3.92
Y_19: calls $3.92
*** SHOW DOWN ***
sta$igk: shows [7h 8h] (two pair, Eights and Sevens)
Y_19: mucks hand 
sta$igk collected $12.67 from pot
*** SUMMARY ***
Total pot $13.34 | Rake $0.67 
Board [7d 6s 8d 5s Qd]
Seat 4: skars07
Seat 2: paramourx (small blind) folded before Flop
Seat 5: Y_19 (big blind) mucked
Seat 6: sta$igk (button) showed [7h 8h] and won ($12.67) with two pair, Eights and Sevens



PokerStars Hand #254675794605:  Hold'em No Limit ($0.50/$1.00 USD) - 2025/02/02 20:06:34 WET [2025/02/02 15:06:34 ET]
Table 'Gryphia II' 6-max Seat #3 is the button
Seat 5: michasia ($104.50 in chips) is sitting out
Seat 1: z00mba ($101.50 in chips) 
Seat 3: Nazzthan ($28.73 in chips) 
Seat 4: paramourx ($101.93 in chips) 
Seat 6: Xenicide ($100 in chips) 
paramourx: posts small blind $0.50
michasia: is sitting out 
Xenicide: posts big blind $1
*** HOLE CARDS ***
Gaita_toien joins the table at seat #2 
z00mba: folds 
Nazzthan: folds 
michasia leaves the table
paramourx: folds 
Uncalled bet ($0.50) returned to Xenicide
Xenicide collected $1 from pot
*** SUMMARY ***
Total pot $1 | Rake $0 
Seat 5: michasia
Seat 1: z00mba folded before Flop (didn't bet)
Seat 3: Nazzthan (button) folded before Flop (didn't bet)
Seat 4: paramourx (small blind) folded before Flop
Seat 6: Xenicide (big blind) collected ($1)



PokerStars Hand #254675798155:  Hold'em No Limit ($0.50/$1.00 USD) - 2025/02/02 20:06:43 WET [2025/02/02 15:06:43 ET]
Table 'Gryphia II' 6-max Seat #4 is the button
Seat 2: Gaita_toien ($100 in chips) is sitting out
Seat 1: z00mba ($101.50 in chips) 
Seat 3: Nazzthan ($28.73 in chips) 
Seat 4: paramourx ($101.43 in chips) 
Seat 6: Xenicide ($100.50 in chips) 
Xenicide: posts small blind $0.50
z00mba: posts big blind $1
Gaita_toien: sits out 
*** HOLE CARDS ***
Nazzthan: folds 
paramourx: folds 
Xenicide: folds 
Uncalled bet ($0.50) returned to z00mba
z00mba collected $1 from pot
z00mba: doesn't show hand 
*** SUMMARY ***
Total pot $1 | Rake $0 
Seat 2: Gaita_toien
Seat 1: z00mba (big blind) collected ($1)
Seat 3: Nazzthan folded before Flop (didn't bet)
Seat 4: paramourx (button) folded before Flop (didn't bet)
Seat 6: Xenicide (small blind) folded before Flop



PokerStars Hand #254675801976:  Hold'em No Limit ($0.50/$1.00 USD) - 2025/02/02 20:06:53 WET [2025/02/02 15:06:53 ET]
Table 'Gryphia II' 6-max Seat #6 is the button
Seat 1: z00mba ($102 in chips) 
Seat 2: Gaita_toien ($100 in chips) 
Seat 3: Nazzthan ($28.73 in chips) 
Seat 4: paramourx ($101.43 in chips) 
Seat 6: Xenicide ($100 in chips) 
z00mba: posts small blind $0.50
Gaita_toien: posts big blind $1
*** HOLE CARDS ***
Nazzthan: folds 
paramourx: raises $2 to $3
Xenicide: folds 
z00mba: raises $8.50 to $11.50
Gaita_toien: folds 
paramourx: folds 
Uncalled bet ($8.50) returned to z00mba
z00mba collected $7 from pot
z00mba: doesn't show hand 
*** SUMMARY ***
Total pot $7 | Rake $0 
Seat 1: z00mba (small blind) collected ($7)
Seat 2: Gaita_toien (big blind) folded before Flop
Seat 3: Nazzthan folded before Flop (didn't bet)
Seat 4: paramourx folded before Flop
Seat 6: Xenicide (button) folded before Flop (didn't bet)



PokerStars Hand #254675809559:  Hold'em No Limit ($0.50/$1.00 USD) - 2025/02/02 20:07:13 WET [2025/02/02 15:07:13 ET]
Table 'Gryphia II' 6-max Seat #1 is the button
Seat 1: z00mba ($106 in chips) 
Seat 2: Gaita_toien ($100 in chips) 
Seat 3: Nazzthan ($28.73 in chips) 
Seat 4: paramourx ($100 in chips) 
Seat 6: Xenicide ($100 in chips) 
Gaita_toien: posts small blind $0.50
Nazzthan: posts big blind $1
*** HOLE CARDS ***
paramourx: folds 
Xenicide: raises $1 to $2
z00mba: folds 
Gaita_toien: folds 
Nazzthan: calls $1
*** FLOP *** [As 3s 4c]
boris9211 joins the table at seat #5 
Nazzthan: checks 
Xenicide: bets $1.80
Nazzthan: folds 
Uncalled bet ($1.80) returned to Xenicide
Xenicide collected $4.28 from pot
*** SUMMARY ***
Total pot $4.50 | Rake $0.22 
Board [As 3s 4c]
Seat 1: z00mba (button) folded before Flop (didn't bet)
Seat 2: Gaita_toien (small blind) folded before Flop
Seat 3: Nazzthan (big blind) folded on the Flop
Seat 4: paramourx folded before Flop (didn't bet)
Seat 6: Xenicide collected ($4.28)



PokerStars Hand #254675829552:  Hold'em No Limit ($0.50/$1.00 USD) - 2025/02/02 20:08:04 WET [2025/02/02 15:08:04 ET]
Table 'Gryphia II' 6-max Seat #2 is the button
Seat 5: boris9211 ($65.75 in chips) is sitting out
Seat 1: z00mba ($106 in chips) 
Seat 2: Gaita_toien ($100 in chips) 
Seat 3: Nazzthan ($26.73 in chips) 
Seat 4: paramourx ($100 in chips) 
Seat 6: Xenicide ($102.28 in chips) 
Nazzthan: posts small blind $0.50
paramourx: posts big blind $1
boris9211: sits out 
*** HOLE CARDS ***
Xenicide: folds 
z00mba: raises $1.50 to $2.50
Gaita_toien: folds 
Nazzthan: folds 
paramourx: calls $1.50
*** FLOP *** [2c Ad 4d]
paramourx: checks 
z00mba: checks 
*** TURN *** [2c Ad 4d] [3d]
paramourx: bets $4.07
z00mba: folds 
Uncalled bet ($4.07) returned to paramourx
paramourx collected $5.22 from pot
paramourx: doesn't show hand 
*** SUMMARY ***
Total pot $5.50 | Rake $0.28 
Board [2c Ad 4d 3d]
Seat 5: boris9211
Seat 1: z00mba folded on the Turn
Seat 2: Gaita_toien (button) folded before Flop (didn't bet)
Seat 3: Nazzthan (small blind) folded before Flop
Seat 4: paramourx (big blind) collected ($5.22)
Seat 6: Xenicide folded before Flop (didn't bet)



PokerStars Hand #254675844672:  Hold'em No Limit ($0.50/$1.00 USD) - 2025/02/02 20:08:43 WET [2025/02/02 15:08:43 ET]
Table 'Gryphia II' 6-max Seat #3 is the button
Seat 1: z00mba ($103.50 in chips) 
Seat 2: Gaita_toien ($100 in chips) 
Seat 3: Nazzthan ($26.23 in chips) 
Seat 4: paramourx ($102.72 in chips) 
Seat 5: boris9211 ($65.75 in chips) 
Seat 6: Xenicide ($102.28 in chips) 
paramourx: posts small blind $0.50
boris9211: posts big blind $1
*** HOLE CARDS ***
Xenicide: raises $1 to $2
z00mba: folds 
Gaita_toien: folds 
Nazzthan: calls $2
paramourx: folds 
boris9211: folds 
*** FLOP *** [Kh Jc 2c]
Xenicide: checks 
Nazzthan: checks 
*** TURN *** [Kh Jc 2c] [Th]
Xenicide: bets $2.61
Nazzthan: calls $2.61
*** RIVER *** [Kh Jc 2c Th] [Ts]
Xenicide: bets $5.60
Nazzthan: folds 
Uncalled bet ($5.60) returned to Xenicide
Xenicide collected $10.18 from pot
*** SUMMARY ***
Total pot $10.72 | Rake $0.54 
Board [Kh Jc 2c Th Ts]
Seat 1: z00mba folded before Flop (didn't bet)
Seat 2: Gaita_toien folded before Flop (didn't bet)
Seat 3: Nazzthan (button) folded on the River
Seat 4: paramourx (small blind) folded before Flop
Seat 5: boris9211 (big blind) folded before Flop
Seat 6: Xenicide collected ($10.18)



PokerStars Hand #254675859343:  Hold'em No Limit ($0.50/$1.00 USD) - 2025/02/02 20:09:21 WET [2025/02/02 15:09:21 ET]
Table 'Gryphia II' 6-max Seat #4 is the button
Seat 1: z00mba ($103.50 in chips) 
Seat 2: Gaita_toien ($100 in chips) 
Seat 3: Nazzthan ($21.62 in chips) 
Seat 4: paramourx ($102.22 in chips) 
Seat 5: boris9211 ($64.75 in chips) 
Seat 6: Xenicide ($107.85 in chips) 
boris9211: posts small blind $0.50
Xenicide: posts big blind $1
*** HOLE CARDS ***
z00mba: folds 
Gaita_toien: folds 
Nazzthan: folds 
paramourx: folds 
boris9211: folds 
Uncalled bet ($0.50) returned to Xenicide
Xenicide collected $1 from pot
*** SUMMARY ***
Total pot $1 | Rake $0 
Seat 1: z00mba folded before Flop (didn't bet)
Seat 2: Gaita_toien folded before Flop (didn't bet)
Seat 3: Nazzthan folded before Flop (didn't bet)
Seat 4: paramourx (button) folded before Flop (didn't bet)
Seat 5: boris9211 (small blind) folded before Flop
Seat 6: Xenicide (big blind) collected ($1)



PokerStars Hand #254675864190:  Hold'em No Limit ($0.50/$1.00 USD) - 2025/02/02 20:09:33 WET [2025/02/02 15:09:33 ET]
Table 'Gryphia II' 6-max Seat #5 is the button
Seat 1: z00mba ($103.50 in chips) is sitting out
Seat 2: Gaita_toien ($100 in chips) 
Seat 3: Nazzthan ($21.62 in chips) 
Seat 4: paramourx ($102.22 in chips) 
Seat 5: boris9211 ($64.25 in chips) 
Seat 6: Xenicide ($108.35 in chips) 
Xenicide: posts small blind $0.50
z00mba: is sitting out 
Gaita_toien: posts big blind $1
*** HOLE CARDS ***
Nazzthan: raises $1.20 to $2.20
paramourx: folds 
boris9211: raises $3.20 to $5.40
Xenicide: folds 
Gaita_toien: folds 
Nazzthan: calls $3.20
*** FLOP *** [6s Kc 8d]
Nazzthan: checks 
boris9211: bets $7
Nazzthan: folds 
Uncalled bet ($7) returned to boris9211
boris9211 collected $11.68 from pot
boris9211: doesn't show hand 
*** SUMMARY ***
Total pot $12.30 | Rake $0.62 
Board [6s Kc 8d]
Seat 1: z00mba
Seat 2: Gaita_toien (big blind) folded before Flop
Seat 3: Nazzthan folded on the Flop
Seat 4: paramourx folded before Flop (didn't bet)
Seat 5: boris9211 (button) collected ($11.68)
Seat 6: Xenicide (small blind) folded before Flop



PokerStars Hand #254675878604:  Hold'em No Limit ($0.50/$1.00 USD) - 2025/02/02 20:10:10 WET [2025/02/02 15:10:10 ET]
Table 'Gryphia II' 6-max Seat #6 is the button
Seat 1: z00mba ($103.50 in chips) is sitting out
Seat 2: Gaita_toien ($100 in chips) 
Seat 3: Nazzthan ($16.22 in chips) 
Seat 4: paramourx ($102.22 in chips) 
Seat 5: boris9211 ($70.53 in chips) 
Seat 6: Xenicide ($107.85 in chips) 
Gaita_toien: posts small blind $0.50
Nazzthan: posts big blind $1
*** HOLE CARDS ***
paramourx: folds 
boris9211: folds 
Xenicide: folds 
Gaita_toien: folds 
Uncalled bet ($0.50) returned to Nazzthan
Nazzthan collected $1 from pot
Nazzthan: shows [7d 8d] (high card Eight)
*** SUMMARY ***
Total pot $1 | Rake $0 
Seat 1: z00mba
Seat 2: Gaita_toien (small blind) folded before Flop
Seat 3: Nazzthan (big blind) collected ($1)
Seat 4: paramourx folded before Flop (didn't bet)
Seat 5: boris9211 folded before Flop (didn't bet)
Seat 6: Xenicide (button) folded before Flop (didn't bet)



PokerStars Hand #254675883483:  Hold'em No Limit ($0.50/$1.00 USD) - 2025/02/02 20:10:22 WET [2025/02/02 15:10:22 ET]
Table 'Gryphia II' 6-max Seat #2 is the button
Seat 1: z00mba ($103.50 in chips) is sitting out
Seat 4: paramourx ($102.22 in chips) is sitting out
Seat 2: Gaita_toien ($100 in chips) 
Seat 3: Nazzthan ($16.72 in chips) 
Seat 5: boris9211 ($70.53 in chips) 
Seat 6: Xenicide ($107.85 in chips) 
Nazzthan: posts small blind $0.50
paramourx: is sitting out 
boris9211: posts big blind $1
z00mba: sits out 
*** HOLE CARDS ***
Xenicide: folds 
Gaita_toien: raises $1.50 to $2.50
Nazzthan: calls $2
boris9211: calls $1.50
*** FLOP *** [6c Jc 2s]
Nazzthan: checks 
boris9211: checks 
Gaita_toien: bets $6.12
Nazzthan: folds 
boris9211: calls $6.12
*** TURN *** [6c Jc 2s] [Qs]
boris9211: checks 
Gaita_toien: checks 
*** RIVER *** [6c Jc 2s Qs] [4d]
boris9211: bets $17.75
Gaita_toien: calls $17.75
*** SHOW DOWN ***
boris9211: shows [Tc 8c] (high card Queen)
Gaita_toien: shows [Jh 9s] (a pair of Jacks)
Gaita_toien collected $54.24 from pot
*** SUMMARY ***
Total pot $55.24 | Rake $1 
Board [6c Jc 2s Qs 4d]
Seat 1: z00mba
Seat 4: paramourx
Seat 2: Gaita_toien (button) showed [Jh 9s] and won ($54.24) with a pair of Jacks
Seat 3: Nazzthan (small blind) folded on the Flop
Seat 5: boris9211 (big blind) showed [Tc 8c] and lost with high card Queen
Seat 6: Xenicide folded before Flop (didn't bet)



PokerStars Hand #254675911318:  Hold'em No Limit ($0.50/$1.00 USD) - 2025/02/02 20:11:32 WET [2025/02/02 15:11:32 ET]
Table 'Gryphia II' 6-max Seat #3 is the button
Seat 1: z00mba ($103.50 in chips) is sitting out
Seat 4: paramourx ($102.22 in chips) is sitting out
Seat 2: Gaita_toien ($127.87 in chips) 
Seat 3: Nazzthan ($14.22 in chips) 
Seat 5: boris9211 ($44.16 in chips) 
Seat 6: Xenicide ($107.85 in chips) 
boris9211: posts small blind $0.50
Xenicide: posts big blind $1
z00mba: sits out 
*** HOLE CARDS ***
Gaita_toien: folds 
Nazzthan: folds 
boris9211: raises $2 to $3
paramourx leaves the table
Xenicide: folds 
Uncalled bet ($2) returned to boris9211
boris9211 collected $2 from pot
boris9211: doesn't show hand 
*** SUMMARY ***
Total pot $2 | Rake $0 
Seat 1: z00mba
Seat 4: paramourx
Seat 2: Gaita_toien folded before Flop (didn't bet)
Seat 3: Nazzthan (button) folded before Flop (didn't bet)
Seat 5: boris9211 (small blind) collected ($2)
Seat 6: Xenicide (big blind) folded before Flop



PokerStars Hand #254675916796:  Hold'em No Limit ($0.50/$1.00 USD) - 2025/02/02 20:11:47 WET [2025/02/02 15:11:47 ET]
Table 'Gryphia II' 6-max Seat #5 is the button
Seat 1: z00mba ($103.50 in chips) 
Seat 2: Gaita_toien ($127.87 in chips) 
Seat 3: Nazzthan ($14.22 in chips) 
Seat 5: boris9211 ($45.16 in chips) 
Seat 6: Xenicide ($106.85 in chips) 
Xenicide: posts small blind $0.50
z00mba: posts big blind $1
*** HOLE CARDS ***
Gaita_toien: folds 
Nazzthan: raises $2.50 to $3.50
boris9211: folds 
Xenicide: folds 
Oli3579 joins the table at seat #4 
z00mba: calls $2.50
*** FLOP *** [2s 4d 9h]
z00mba: checks 
Nazzthan: checks 
*** TURN *** [2s 4d 9h] [Jd]
z00mba: checks 
Nazzthan: bets $3.56
z00mba: folds 
Uncalled bet ($3.56) returned to Nazzthan
Nazzthan collected $7.12 from pot
*** SUMMARY ***
Total pot $7.50 | Rake $0.38 
Board [2s 4d 9h Jd]
Seat 1: z00mba (big blind) folded on the Turn
Seat 2: Gaita_toien folded before Flop (didn't bet)
Seat 3: Nazzthan collected ($7.12)
Seat 5: boris9211 (button) folded before Flop (didn't bet)
Seat 6: Xenicide (small blind) folded before Flop



PokerStars Hand #254675945322:  Hold'em No Limit ($0.50/$1.00 USD) - 2025/02/02 20:12:59 WET [2025/02/02 15:12:59 ET]
Table 'Gryphia II' 6-max Seat #6 is the button
Seat 4: Oli3579 ($100 in chips) is sitting out
Seat 1: z00mba ($100 in chips) 
Seat 2: Gaita_toien ($127.87 in chips) 
Seat 3: Nazzthan ($17.84 in chips) 
Seat 5: boris9211 ($45.16 in chips) 
Seat 6: Xenicide ($106.35 in chips) 
z00mba: posts small blind $0.50
Gaita_toien: posts big blind $1
Oli3579: sits out 
*** HOLE CARDS ***
Nazzthan: folds 
boris9211: folds 
Xenicide: raises $1.25 to $2.25
z00mba: folds 
Gaita_toien: raises $10.25 to $12.50
Xenicide: folds 
Uncalled bet ($10.25) returned to Gaita_toien
Gaita_toien collected $5 from pot
Gaita_toien: doesn't show hand 
*** SUMMARY ***
Total pot $5 | Rake $0 
Seat 4: Oli3579
Seat 1: z00mba (small blind) folded before Flop
Seat 2: Gaita_toien (big blind) collected ($5)
Seat 3: Nazzthan folded before Flop (didn't bet)
Seat 5: boris9211 folded before Flop (didn't bet)
Seat 6: Xenicide (button) folded before Flop



PokerStars Hand #254675955568:  Hold'em No Limit ($0.50/$1.00 USD) - 2025/02/02 20:13:25 WET [2025/02/02 15:13:25 ET]
Table 'Gryphia II' 6-max Seat #1 is the button
Seat 4: Oli3579 ($100 in chips) is sitting out
Seat 1: z00mba ($100 in chips) 
Seat 2: Gaita_toien ($130.62 in chips) 
Seat 3: Nazzthan ($17.84 in chips) 
Seat 5: boris9211 ($45.16 in chips) 
Seat 6: Xenicide ($104.10 in chips) 
Gaita_toien: posts small blind $0.50
Nazzthan: posts big blind $1
Oli3579: sits out 
*** HOLE CARDS ***
boris9211: raises $2 to $3
Xenicide: folds 
z00mba: folds 
Gaita_toien: folds 
Nazzthan: calls $2
*** FLOP *** [6h 8s Jc]
Nazzthan: checks 
boris9211: checks 
*** TURN *** [6h 8s Jc] [9s]
Nazzthan: checks 
boris9211: checks 
*** RIVER *** [6h 8s Jc 9s] [Qs]
Nazzthan: checks 
boris9211: checks 
*** SHOW DOWN ***
Nazzthan: shows [Ad 5d] (high card Ace)
boris9211: shows [5s Ac] (high card Ace)
Nazzthan collected $3.09 from pot
boris9211 collected $3.09 from pot
*** SUMMARY ***
Total pot $6.50 | Rake $0.32 
Board [6h 8s Jc 9s Qs]
Seat 4: Oli3579
Seat 1: z00mba (button) folded before Flop (didn't bet)
Seat 2: Gaita_toien (small blind) folded before Flop
Seat 3: Nazzthan (big blind) showed [Ad 5d] and won ($3.09) with high card Ace
Seat 5: boris9211 showed [5s Ac] and won ($3.09) with high card Ace
Seat 6: Xenicide folded before Flop (didn't bet)



PokerStars Hand #254675968181:  Hold'em No Limit ($0.50/$1.00 USD) - 2025/02/02 20:13:57 WET [2025/02/02 15:13:57 ET]
Table 'Gryphia II' 6-max Seat #2 is the button
Seat 1: z00mba ($100 in chips) 
Seat 2: Gaita_toien ($130.12 in chips) 
Seat 3: Nazzthan ($17.93 in chips) 
Seat 4: Oli3579 ($100 in chips) 
Seat 5: boris9211 ($45.25 in chips) 
Seat 6: Xenicide ($104.10 in chips) 
Nazzthan: posts small blind $0.50
Oli3579: posts big blind $1
*** HOLE CARDS ***
boris9211: folds 
Xenicide: folds 
z00mba: folds 
Gaita_toien: folds 
Nazzthan: calls $0.50
Oli3579: checks 
*** FLOP *** [Td 4d 3c]
Nazzthan: checks 
Oli3579: checks 
*** TURN *** [Td 4d 3c] [7s]
Nazzthan: checks 
Oli3579: bets $1
Nazzthan: calls $1
*** RIVER *** [Td 4d 3c 7s] [Ts]
Nazzthan: checks 
Oli3579: bets $2.85
Nazzthan: folds 
Uncalled bet ($2.85) returned to Oli3579
Oli3579 collected $3.80 from pot
Oli3579: doesn't show hand 
*** SUMMARY ***
Total pot $4 | Rake $0.20 
Board [Td 4d 3c 7s Ts]
Seat 1: z00mba folded before Flop (didn't bet)
Seat 2: Gaita_toien (button) folded before Flop (didn't bet)
Seat 3: Nazzthan (small blind) folded on the River
Seat 4: Oli3579 (big blind) collected ($3.80)
Seat 5: boris9211 folded before Flop (didn't bet)
Seat 6: Xenicide folded before Flop (didn't bet)



PokerStars Hand #254676004301:  Hold'em No Limit ($0.50/$1.00 USD) - 2025/02/02 20:15:28 WET [2025/02/02 15:15:28 ET]
Table 'Gryphia II' 6-max Seat #3 is the button
Seat 1: z00mba ($100 in chips) 
Seat 2: Gaita_toien ($130.12 in chips) 
Seat 3: Nazzthan ($15.93 in chips) 
Seat 4: Oli3579 ($101.80 in chips) 
Seat 5: boris9211 ($45.25 in chips) 
Seat 6: Xenicide ($104.10 in chips) 
Oli3579: posts small blind $0.50
boris9211: posts big blind $1
*** HOLE CARDS ***
Xenicide: folds 
z00mba: folds 
Gaita_toien: folds 
Nazzthan: folds 
Oli3579: folds 
Uncalled bet ($0.50) returned to boris9211
boris9211 collected $1 from pot
boris9211: doesn't show hand 
*** SUMMARY ***
Total pot $1 | Rake $0 
Seat 1: z00mba folded before Flop (didn't bet)
Seat 2: Gaita_toien folded before Flop (didn't bet)
Seat 3: Nazzthan (button) folded before Flop (didn't bet)
Seat 4: Oli3579 (small blind) folded before Flop
Seat 5: boris9211 (big blind) collected ($1)
Seat 6: Xenicide folded before Flop (didn't bet)



PokerStars Hand #254676011579:  Hold'em No Limit ($0.50/$1.00 USD) - 2025/02/02 20:15:47 WET [2025/02/02 15:15:47 ET]
Table 'Gryphia II' 6-max Seat #4 is the button
Seat 1: z00mba ($100 in chips) 
Seat 2: Gaita_toien ($130.12 in chips) 
Seat 3: Nazzthan ($15.93 in chips) 
Seat 4: Oli3579 ($101.30 in chips) 
Seat 5: boris9211 ($45.75 in chips) 
Seat 6: Xenicide ($104.10 in chips) 
boris9211: posts small blind $0.50
Xenicide: posts big blind $1
*** HOLE CARDS ***
z00mba: folds 
Gaita_toien: folds 
Nazzthan: folds 
Oli3579: folds 
boris9211: folds 
Uncalled bet ($0.50) returned to Xenicide
Xenicide collected $1 from pot
*** SUMMARY ***
Total pot $1 | Rake $0 
Seat 1: z00mba folded before Flop (didn't bet)
Seat 2: Gaita_toien folded before Flop (didn't bet)
Seat 3: Nazzthan folded before Flop (didn't bet)
Seat 4: Oli3579 (button) folded before Flop (didn't bet)
Seat 5: boris9211 (small blind) folded before Flop
Seat 6: Xenicide (big blind) collected ($1)



PokerStars Hand #254676018447:  Hold'em No Limit ($0.50/$1.00 USD) - 2025/02/02 20:16:04 WET [2025/02/02 15:16:04 ET]
Table 'Gryphia II' 6-max Seat #5 is the button
Seat 1: z00mba ($100 in chips) 
Seat 2: Gaita_toien ($130.12 in chips) 
Seat 3: Nazzthan ($15.93 in chips) 
Seat 4: Oli3579 ($101.30 in chips) 
Seat 5: boris9211 ($45.25 in chips) 
Seat 6: Xenicide ($104.60 in chips) 
Xenicide: posts small blind $0.50
z00mba: posts big blind $1
*** HOLE CARDS ***
Gaita_toien: folds 
Nazzthan: folds 
Oli3579: folds 
boris9211: raises $2 to $3
Xenicide: folds 
z00mba: folds 
Uncalled bet ($2) returned to boris9211
boris9211 collected $2.50 from pot
boris9211: doesn't show hand 
*** SUMMARY ***
Total pot $2.50 | Rake $0 
Seat 1: z00mba (big blind) folded before Flop
Seat 2: Gaita_toien folded before Flop (didn't bet)
Seat 3: Nazzthan folded before Flop (didn't bet)
Seat 4: Oli3579 folded before Flop (didn't bet)
Seat 5: boris9211 (button) collected ($2.50)
Seat 6: Xenicide (small blind) folded before Flop



PokerStars Hand #254676022432:  Hold'em No Limit ($0.50/$1.00 USD) - 2025/02/02 20:16:14 WET [2025/02/02 15:16:14 ET]
Table 'Gryphia II' 6-max Seat #6 is the button
Seat 1: z00mba ($100 in chips) 
Seat 2: Gaita_toien ($130.12 in chips) 
Seat 3: Nazzthan ($15.93 in chips) 
Seat 4: Oli3579 ($101.30 in chips) 
Seat 5: boris9211 ($46.75 in chips) 
Seat 6: Xenicide ($104.10 in chips) 
z00mba: posts small blind $0.50
Gaita_toien: posts big blind $1
*** HOLE CARDS ***
Nazzthan: calls $1
Oli3579: folds 
boris9211: folds 
Xenicide: folds 
z00mba: calls $0.50
Gaita_toien: checks 
*** FLOP *** [Qd 6d 8s]
z00mba: checks 
Gaita_toien: checks 
Nazzthan: bets $1.43
z00mba: folds 
Gaita_toien: calls $1.43
*** TURN *** [Qd 6d 8s] [Kc]
Gaita_toien: checks 
Nazzthan: bets $5.57
Gaita_toien: folds 
Uncalled bet ($5.57) returned to Nazzthan
Nazzthan collected $5.57 from pot
*** SUMMARY ***
Total pot $5.86 | Rake $0.29 
Board [Qd 6d 8s Kc]
Seat 1: z00mba (small blind) folded on the Flop
Seat 2: Gaita_toien (big blind) folded on the Turn
Seat 3: Nazzthan collected ($5.57)
Seat 4: Oli3579 folded before Flop (didn't bet)
Seat 5: boris9211 folded before Flop (didn't bet)
Seat 6: Xenicide (button) folded before Flop (didn't bet)



PokerStars Hand #254676048626:  Hold'em No Limit ($0.50/$1.00 USD) - 2025/02/02 20:17:21 WET [2025/02/02 15:17:21 ET]
Table 'Gryphia II' 6-max Seat #1 is the button
Seat 1: z00mba ($100 in chips) 
Seat 2: Gaita_toien ($127.69 in chips) 
Seat 3: Nazzthan ($19.07 in chips) 
Seat 4: Oli3579 ($101.30 in chips) 
Seat 5: boris9211 ($46.75 in chips) 
Seat 6: Xenicide ($104.10 in chips) 
Gaita_toien: posts small blind $0.50
Nazzthan: posts big blind $1
*** HOLE CARDS ***
Oli3579: raises $1 to $2
boris9211: raises $3 to $5
Xenicide: folds 
z00mba: folds 
Gaita_toien: folds 
Nazzthan: folds 
Oli3579: calls $3
*** FLOP *** [9h 8d 8c]
Oli3579: checks 
boris9211: bets $6
Oli3579: folds 
Uncalled bet ($6) returned to boris9211
boris9211 collected $10.92 from pot
boris9211: doesn't show hand 
*** SUMMARY ***
Total pot $11.50 | Rake $0.58 
Board [9h 8d 8c]
Seat 1: z00mba (button) folded before Flop (didn't bet)
Seat 2: Gaita_toien (small blind) folded before Flop
Seat 3: Nazzthan (big blind) folded before Flop
Seat 4: Oli3579 folded on the Flop
Seat 5: boris9211 collected ($10.92)
Seat 6: Xenicide folded before Flop (didn't bet)



PokerStars Hand #254676073005:  Hold'em No Limit ($0.50/$1.00 USD) - 2025/02/02 20:18:23 WET [2025/02/02 15:18:23 ET]
Table 'Gryphia II' 6-max Seat #2 is the button
Seat 1: z00mba ($100 in chips) 
Seat 2: Gaita_toien ($127.19 in chips) 
Seat 3: Nazzthan ($18.07 in chips) 
Seat 4: Oli3579 ($100 in chips) 
Seat 5: boris9211 ($52.67 in chips) 
Seat 6: Xenicide ($104.10 in chips) 
Nazzthan: posts small blind $0.50
Oli3579: posts big blind $1
*** HOLE CARDS ***
boris9211: folds 
Xenicide: raises $1 to $2
z00mba: folds 
Gaita_toien: folds 
Nazzthan: folds 
Oli3579: calls $1
*** FLOP *** [Ts 9d 5h]
Oli3579: checks 
Xenicide: checks 
*** TURN *** [Ts 9d 5h] [2c]
Oli3579: checks 
Xenicide: checks 
*** RIVER *** [Ts 9d 5h 2c] [8s]
Oli3579: checks 
Xenicide: checks 
*** SHOW DOWN ***
Oli3579: shows [As Js] (high card Ace)
Xenicide: shows [Ks Ad] (high card Ace - King kicker)
Xenicide collected $4.28 from pot
*** SUMMARY ***
Total pot $4.50 | Rake $0.22 
Board [Ts 9d 5h 2c 8s]
Seat 1: z00mba folded before Flop (didn't bet)
Seat 2: Gaita_toien (button) folded before Flop (didn't bet)
Seat 3: Nazzthan (small blind) folded before Flop
Seat 4: Oli3579 (big blind) showed [As Js] and lost with high card Ace
Seat 5: boris9211 folded before Flop (didn't bet)
Seat 6: Xenicide showed [Ks Ad] and won ($4.28) with high card Ace



PokerStars Hand #254676099818:  Hold'em No Limit ($0.50/$1.00 USD) - 2025/02/02 20:19:30 WET [2025/02/02 15:19:30 ET]
Table 'Gryphia II' 6-max Seat #3 is the button
Seat 1: z00mba ($100 in chips) 
Seat 2: Gaita_toien ($127.19 in chips) 
Seat 3: Nazzthan ($17.57 in chips) 
Seat 4: Oli3579 ($100 in chips) 
Seat 5: boris9211 ($52.67 in chips) 
Seat 6: Xenicide ($106.38 in chips) 
Oli3579: posts small blind $0.50
boris9211: posts big blind $1
*** HOLE CARDS ***
Xenicide: folds 
z00mba: folds 
Gaita_toien: folds 
Nazzthan: raises $1.20 to $2.20
Oli3579: folds 
boris9211: folds 
Uncalled bet ($1.20) returned to Nazzthan
Nazzthan collected $2.50 from pot
*** SUMMARY ***
Total pot $2.50 | Rake $0 
Seat 1: z00mba folded before Flop (didn't bet)
Seat 2: Gaita_toien folded before Flop (didn't bet)
Seat 3: Nazzthan (button) collected ($2.50)
Seat 4: Oli3579 (small blind) folded before Flop
Seat 5: boris9211 (big blind) folded before Flop
Seat 6: Xenicide folded before Flop (didn't bet)



PokerStars Hand #254676104391:  Hold'em No Limit ($0.50/$1.00 USD) - 2025/02/02 20:19:41 WET [2025/02/02 15:19:41 ET]
Table 'Gryphia II' 6-max Seat #4 is the button
Seat 1: z00mba ($100 in chips) 
Seat 2: Gaita_toien ($127.19 in chips) 
Seat 3: Nazzthan ($19.07 in chips) 
Seat 4: Oli3579 ($100 in chips) 
Seat 5: boris9211 ($51.67 in chips) 
Seat 6: Xenicide ($106.38 in chips) 
boris9211: posts small blind $0.50
Xenicide: posts big blind $1
*** HOLE CARDS ***
z00mba: folds 
Gaita_toien: folds 
Nazzthan: folds 
Oli3579: folds 
boris9211: folds 
Uncalled bet ($0.50) returned to Xenicide
Xenicide collected $1 from pot
*** SUMMARY ***
Total pot $1 | Rake $0 
Seat 1: z00mba folded before Flop (didn't bet)
Seat 2: Gaita_toien folded before Flop (didn't bet)
Seat 3: Nazzthan folded before Flop (didn't bet)
Seat 4: Oli3579 (button) folded before Flop (didn't bet)
Seat 5: boris9211 (small blind) folded before Flop
Seat 6: Xenicide (big blind) collected ($1)



PokerStars Hand #254676107906:  Hold'em No Limit ($0.50/$1.00 USD) - 2025/02/02 20:19:50 WET [2025/02/02 15:19:50 ET]
Table 'Gryphia II' 6-max Seat #5 is the button
Seat 1: z00mba ($100 in chips) 
Seat 2: Gaita_toien ($127.19 in chips) 
Seat 3: Nazzthan ($19.07 in chips) 
Seat 4: Oli3579 ($100 in chips) 
Seat 5: boris9211 ($51.17 in chips) 
Seat 6: Xenicide ($106.88 in chips) 
Xenicide: posts small blind $0.50
z00mba: posts big blind $1
*** HOLE CARDS ***
Gaita_toien: folds 
Nazzthan: folds 
Oli3579: raises $1.25 to $2.25
boris9211: calls $2.25
Xenicide: folds 
z00mba: folds 
*** FLOP *** [3c Qh 5d]
Oli3579: checks 
boris9211: bets $5
Oli3579: raises $12 to $17
boris9211: calls $12
*** TURN *** [3c Qh 5d] [5s]
Oli3579: bets $80.75 and is all-in
boris9211: folds 
Uncalled bet ($80.75) returned to Oli3579
Oli3579 collected $38 from pot
Oli3579: doesn't show hand 
*** SUMMARY ***
Total pot $40 | Rake $2 
Board [3c Qh 5d 5s]
Seat 1: z00mba (big blind) folded before Flop
Seat 2: Gaita_toien folded before Flop (didn't bet)
Seat 3: Nazzthan folded before Flop (didn't bet)
Seat 4: Oli3579 collected ($38)
Seat 5: boris9211 (button) folded on the Turn
Seat 6: Xenicide (small blind) folded before Flop



PokerStars Hand #254676127203:  Hold'em No Limit ($0.50/$1.00 USD) - 2025/02/02 20:20:39 WET [2025/02/02 15:20:39 ET]
Table 'Gryphia II' 6-max Seat #6 is the button
Seat 2: Gaita_toien ($127.19 in chips) is sitting out
Seat 1: z00mba ($100 in chips) 
Seat 3: Nazzthan ($19.07 in chips) 
Seat 4: Oli3579 ($118.75 in chips) 
Seat 5: boris9211 ($31.92 in chips) 
Seat 6: Xenicide ($106.38 in chips) 
z00mba: posts small blind $0.50
Gaita_toien: is sitting out 
Nazzthan: posts big blind $1
*** HOLE CARDS ***
Oli3579: folds 
boris9211: folds 
Xenicide: raises $1.25 to $2.25
z00mba: raises $9.25 to $11.50
Nazzthan: folds 
Xenicide: folds 
Uncalled bet ($9.25) returned to z00mba
z00mba collected $5.50 from pot
z00mba: doesn't show hand 
*** SUMMARY ***
Total pot $5.50 | Rake $0 
Seat 2: Gaita_toien
Seat 1: z00mba (small blind) collected ($5.50)
Seat 3: Nazzthan (big blind) folded before Flop
Seat 4: Oli3579 folded before Flop (didn't bet)
Seat 5: boris9211 folded before Flop (didn't bet)
Seat 6: Xenicide (button) folded before Flop



PokerStars Hand #254676134555:  Hold'em No Limit ($0.50/$1.00 USD) - 2025/02/02 20:20:58 WET [2025/02/02 15:20:58 ET]
Table 'Gryphia II' 6-max Seat #1 is the button
Seat 2: Gaita_toien ($127.19 in chips) is sitting out
Seat 1: z00mba ($103.25 in chips) 
Seat 3: Nazzthan ($18.07 in chips) 
Seat 4: Oli3579 ($118.75 in chips) 
Seat 5: boris9211 ($31.92 in chips) 
Seat 6: Xenicide ($104.13 in chips) 
Nazzthan: posts small blind $0.50
Oli3579: posts big blind $1
*** HOLE CARDS ***
boris9211: folds 
boris9211 leaves the table
Xenicide: folds 
z00mba: folds 
Nazzthan: raises $1.20 to $2.20
Oli3579: calls $1.20
*** FLOP *** [9h 6d Th]
Magnodive joins the table at seat #5 
Gaita_toien leaves the table
kvcsszblcs joins the table at seat #2 
Nazzthan: bets $2.09
Oli3579: calls $2.09
*** TURN *** [9h 6d Th] [5c]
Nazzthan: bets $6
Oli3579: folds 
Uncalled bet ($6) returned to Nazzthan
Nazzthan collected $8.15 from pot
*** SUMMARY ***
Total pot $8.58 | Rake $0.43 
Board [9h 6d Th 5c]
Seat 2: Gaita_toien
Seat 1: z00mba (button) folded before Flop (didn't bet)
Seat 3: Nazzthan (small blind) collected ($8.15)
Seat 4: Oli3579 (big blind) folded on the Turn
Seat 5: boris9211 folded before Flop (didn't bet)
Seat 6: Xenicide folded before Flop (didn't bet)



PokerStars Hand #254676155570:  Hold'em No Limit ($0.50/$1.00 USD) - 2025/02/02 20:21:50 WET [2025/02/02 15:21:50 ET]
Table 'Gryphia II' 6-max Seat #3 is the button
Seat 2: kvcsszblcs ($100 in chips) is sitting out
Seat 1: z00mba ($103.25 in chips) 
Seat 3: Nazzthan ($21.93 in chips) 
Seat 4: Oli3579 ($114.46 in chips) 
Seat 5: Magnodive ($100 in chips) 
Seat 6: Xenicide ($104.13 in chips) 
Oli3579: posts small blind $0.50
Magnodive: posts big blind $1
kvcsszblcs: sits out 
*** HOLE CARDS ***
Xenicide: folds 
z00mba: raises $1.50 to $2.50
Nazzthan: folds 
Oli3579: folds 
Magnodive: raises $9.50 to $12
z00mba: calls $9.50
*** FLOP *** [Ts As Qh]
Magnodive: bets $11.64
z00mba: calls $11.64
*** TURN *** [Ts As Qh] [2d]
Magnodive: bets $24.72
z00mba: calls $24.72
*** RIVER *** [Ts As Qh 2d] [9d]
Magnodive: bets $51.64 and is all-in
z00mba: folds 
Uncalled bet ($51.64) returned to Magnodive
Magnodive collected $94.72 from pot
Magnodive: doesn't show hand 
*** SUMMARY ***
Total pot $97.22 | Rake $2.50 
Board [Ts As Qh 2d 9d]
Seat 2: kvcsszblcs
Seat 1: z00mba folded on the River
Seat 3: Nazzthan (button) folded before Flop (didn't bet)
Seat 4: Oli3579 (small blind) folded before Flop
Seat 5: Magnodive (big blind) collected ($94.72)
Seat 6: Xenicide folded before Flop (didn't bet)



PokerStars Hand #254676198353:  Hold'em No Limit ($0.50/$1.00 USD) - 2025/02/02 20:23:38 WET [2025/02/02 15:23:38 ET]
Table 'Gryphia II' 6-max Seat #4 is the button
Seat 2: kvcsszblcs ($100 in chips) is sitting out
Seat 1: z00mba ($100 in chips) 
Seat 3: Nazzthan ($21.93 in chips) 
Seat 4: Oli3579 ($113.96 in chips) 
Seat 5: Magnodive ($146.36 in chips) 
Seat 6: Xenicide ($104.13 in chips) 
Magnodive: posts small blind $0.50
Xenicide: posts big blind $1
kvcsszblcs: sits out 
*** HOLE CARDS ***
z00mba: folds 
Nazzthan: folds 
Oli3579: raises $1.25 to $2.25
Magnodive: folds 
Xenicide: folds 
Uncalled bet ($1.25) returned to Oli3579
Oli3579 collected $2.50 from pot
Oli3579: doesn't show hand 
*** SUMMARY ***
Total pot $2.50 | Rake $0 
Seat 2: kvcsszblcs
Seat 1: z00mba folded before Flop (didn't bet)
Seat 3: Nazzthan folded before Flop (didn't bet)
Seat 4: Oli3579 (button) collected ($2.50)
Seat 5: Magnodive (small blind) folded before Flop
Seat 6: Xenicide (big blind) folded before Flop



PokerStars Hand #254676206294:  Hold'em No Limit ($0.50/$1.00 USD) - 2025/02/02 20:23:58 WET [2025/02/02 15:23:58 ET]
Table 'Gryphia II' 6-max Seat #5 is the button
Seat 2: kvcsszblcs ($100 in chips) is sitting out
Seat 1: z00mba ($100 in chips) 
Seat 3: Nazzthan ($21.93 in chips) 
Seat 4: Oli3579 ($115.46 in chips) 
Seat 5: Magnodive ($145.86 in chips) 
Seat 6: Xenicide ($103.13 in chips) 
Xenicide: posts small blind $0.50
z00mba: posts big blind $1
kvcsszblcs: sits out 
*** HOLE CARDS ***
Nazzthan: calls $1
Oli3579: folds 
Magnodive: folds 
Xenicide: raises $4.50 to $5.50
z00mba: folds 
Nazzthan: calls $4.50
*** FLOP *** [Qc 5s Qd]
Xenicide: bets $3.53
Nazzthan: calls $3.53
*** TURN *** [Qc 5s Qd] [4h]
Xenicide: bets $94.10 and is all-in
Nazzthan: calls $12.90 and is all-in
Uncalled bet ($81.20) returned to Xenicide
*** RIVER *** [Qc 5s Qd 4h] [4d]
*** SHOW DOWN ***
Xenicide: shows [4s Ks] (a full house, Fours full of Queens)
Nazzthan: shows [8h Qh] (a full house, Queens full of Fours)
Nazzthan collected $42.62 from pot
*** SUMMARY ***
Total pot $44.86 | Rake $2.24 
Board [Qc 5s Qd 4h 4d]
Seat 2: kvcsszblcs
Seat 1: z00mba (big blind) folded before Flop
Seat 3: Nazzthan showed [8h Qh] and won ($42.62) with a full house, Queens full of Fours
Seat 4: Oli3579 folded before Flop (didn't bet)
Seat 5: Magnodive (button) folded before Flop (didn't bet)
Seat 6: Xenicide (small blind) showed [4s Ks] and lost with a full house, Fours full of Queens



PokerStars Hand #254676231504:  Hold'em No Limit ($0.50/$1.00 USD) - 2025/02/02 20:25:02 WET [2025/02/02 15:25:02 ET]
Table 'Gryphia II' 6-max Seat #6 is the button
Seat 1: z00mba ($100 in chips) 
Seat 2: kvcsszblcs ($100 in chips) 
Seat 3: Nazzthan ($42.62 in chips) 
Seat 4: Oli3579 ($115.46 in chips) 
Seat 5: Magnodive ($145.86 in chips) 
Seat 6: Xenicide ($100 in chips) 
z00mba: posts small blind $0.50
kvcsszblcs: posts big blind $1
*** HOLE CARDS ***
Nazzthan: folds 
Oli3579: raises $1.25 to $2.25
Magnodive: folds 
Xenicide: folds 
z00mba: folds 
kvcsszblcs: calls $1.25
*** FLOP *** [Jd 3h 4s]
kvcsszblcs: checks 
Oli3579: bets $1.57
kvcsszblcs: calls $1.57
*** TURN *** [Jd 3h 4s] [6c]
kvcsszblcs: checks 
Oli3579: checks 
*** RIVER *** [Jd 3h 4s 6c] [7s]
kvcsszblcs: bets $3.87
Oli3579: folds 
Uncalled bet ($3.87) returned to kvcsszblcs
kvcsszblcs collected $7.73 from pot
kvcsszblcs: doesn't show hand 
*** SUMMARY ***
Total pot $8.14 | Rake $0.41 
Board [Jd 3h 4s 6c 7s]
Seat 1: z00mba (small blind) folded before Flop
Seat 2: kvcsszblcs (big blind) collected ($7.73)
Seat 3: Nazzthan folded before Flop (didn't bet)
Seat 4: Oli3579 folded on the River
Seat 5: Magnodive folded before Flop (didn't bet)
Seat 6: Xenicide (button) folded before Flop (didn't bet)



PokerStars Hand #254676253414:  Hold'em No Limit ($0.50/$1.00 USD) - 2025/02/02 20:25:57 WET [2025/02/02 15:25:57 ET]
Table 'Gryphia II' 6-max Seat #1 is the button
Seat 1: z00mba ($100 in chips) 
Seat 2: kvcsszblcs ($103.91 in chips) 
Seat 3: Nazzthan ($42.62 in chips) 
Seat 4: Oli3579 ($111.64 in chips) 
Seat 5: Magnodive ($145.86 in chips) 
Seat 6: Xenicide ($100 in chips) 
kvcsszblcs: posts small blind $0.50
Nazzthan: posts big blind $1
*** HOLE CARDS ***
Oli3579: folds 
Magnodive: folds 
Xenicide: folds 
z00mba: folds 
kvcsszblcs: raises $1.85 to $2.85
Nazzthan: calls $1.85
*** FLOP *** [Kc 7s Ac]
kvcsszblcs: checks 
Nazzthan: checks 
*** TURN *** [Kc 7s Ac] [3c]
kvcsszblcs: checks 
Nazzthan: bets $1
kvcsszblcs: calls $1
*** RIVER *** [Kc 7s Ac 3c] [4s]
kvcsszblcs: checks 
Nazzthan: bets $7.32
kvcsszblcs: folds 
Uncalled bet ($7.32) returned to Nazzthan
Nazzthan collected $7.32 from pot
*** SUMMARY ***
Total pot $7.70 | Rake $0.38 
Board [Kc 7s Ac 3c 4s]
Seat 1: z00mba (button) folded before Flop (didn't bet)
Seat 2: kvcsszblcs (small blind) folded on the River
Seat 3: Nazzthan (big blind) collected ($7.32)
Seat 4: Oli3579 folded before Flop (didn't bet)
Seat 5: Magnodive folded before Flop (didn't bet)
Seat 6: Xenicide folded before Flop (didn't bet)



PokerStars Hand #254676278979:  Hold'em No Limit ($0.50/$1.00 USD) - 2025/02/02 20:27:02 WET [2025/02/02 15:27:02 ET]
Table 'Gryphia II' 6-max Seat #2 is the button
Seat 1: z00mba ($100 in chips) 
Seat 2: kvcsszblcs ($100.06 in chips) 
Seat 3: Nazzthan ($46.09 in chips) 
Seat 4: Oli3579 ($111.64 in chips) 
Seat 5: Magnodive ($145.86 in chips) 
Seat 6: Xenicide ($100 in chips) 
Nazzthan: posts small blind $0.50
Oli3579: posts big blind $1
*** HOLE CARDS ***
Magnodive: folds 
Xenicide: folds 
z00mba: folds 
kvcsszblcs: folds 
Nazzthan: folds 
Uncalled bet ($0.50) returned to Oli3579
Oli3579 collected $1 from pot
Oli3579: doesn't show hand 
*** SUMMARY ***
Total pot $1 | Rake $0 
Seat 1: z00mba folded before Flop (didn't bet)
Seat 2: kvcsszblcs (button) folded before Flop (didn't bet)
Seat 3: Nazzthan (small blind) folded before Flop
Seat 4: Oli3579 (big blind) collected ($1)
Seat 5: Magnodive folded before Flop (didn't bet)
Seat 6: Xenicide folded before Flop (didn't bet)



PokerStars Hand #254676282667:  Hold'em No Limit ($0.50/$1.00 USD) - 2025/02/02 20:27:11 WET [2025/02/02 15:27:11 ET]
Table 'Gryphia II' 6-max Seat #3 is the button
Seat 1: z00mba ($100 in chips) 
Seat 2: kvcsszblcs ($100.06 in chips) 
Seat 3: Nazzthan ($45.59 in chips) 
Seat 4: Oli3579 ($112.14 in chips) 
Seat 5: Magnodive ($145.86 in chips) 
Seat 6: Xenicide ($100 in chips) 
Oli3579: posts small blind $0.50
Magnodive: posts big blind $1
*** HOLE CARDS ***
Xenicide: folds 
z00mba: raises $1.50 to $2.50
kvcsszblcs: folds 
Nazzthan: folds 
Oli3579: folds 
Magnodive: raises $9.50 to $12
z00mba: folds 
Uncalled bet ($9.50) returned to Magnodive
Magnodive collected $5.50 from pot
Magnodive: doesn't show hand 
*** SUMMARY ***
Total pot $5.50 | Rake $0 
Seat 1: z00mba folded before Flop
Seat 2: kvcsszblcs folded before Flop (didn't bet)
Seat 3: Nazzthan (button) folded before Flop (didn't bet)
Seat 4: Oli3579 (small blind) folded before Flop
Seat 5: Magnodive (big blind) collected ($5.50)
Seat 6: Xenicide folded before Flop (didn't bet)



PokerStars Hand #254676295480:  Hold'em No Limit ($0.50/$1.00 USD) - 2025/02/02 20:27:44 WET [2025/02/02 15:27:44 ET]
Table 'Gryphia II' 6-max Seat #4 is the button
Seat 1: z00mba ($100 in chips) 
Seat 2: kvcsszblcs ($100.06 in chips) 
Seat 3: Nazzthan ($45.59 in chips) 
Seat 4: Oli3579 ($111.64 in chips) 
Seat 5: Magnodive ($148.86 in chips) 
Seat 6: Xenicide ($100 in chips) 
Magnodive: posts small blind $0.50
Xenicide: posts big blind $1
*** HOLE CARDS ***
z00mba: folds 
kvcsszblcs: raises $1 to $2
Nazzthan: folds 
Oli3579: folds 
Magnodive: folds 
Xenicide: folds 
Uncalled bet ($1) returned to kvcsszblcs
kvcsszblcs collected $2.50 from pot
kvcsszblcs: doesn't show hand 
*** SUMMARY ***
Total pot $2.50 | Rake $0 
Seat 1: z00mba folded before Flop (didn't bet)
Seat 2: kvcsszblcs collected ($2.50)
Seat 3: Nazzthan folded before Flop (didn't bet)
Seat 4: Oli3579 (button) folded before Flop (didn't bet)
Seat 5: Magnodive (small blind) folded before Flop
Seat 6: Xenicide (big blind) folded before Flop



PokerStars Hand #254676302611:  Hold'em No Limit ($0.50/$1.00 USD) - 2025/02/02 20:28:03 WET [2025/02/02 15:28:03 ET]
Table 'Gryphia II' 6-max Seat #5 is the button
Seat 1: z00mba ($100 in chips) is sitting out
Seat 2: kvcsszblcs ($101.56 in chips) 
Seat 3: Nazzthan ($45.59 in chips) 
Seat 4: Oli3579 ($111.64 in chips) 
Seat 5: Magnodive ($148.36 in chips) 
Seat 6: Xenicide ($100 in chips) 
Xenicide: posts small blind $0.50
z00mba: is sitting out 
kvcsszblcs: posts big blind $1
*** HOLE CARDS ***
z00mba leaves the table
Nazzthan: folds 
Oli3579: folds 
Magnodive: folds 
tintin641 joins the table at seat #1 
Xenicide: raises $2.50 to $3.50
kvcsszblcs: folds 
Uncalled bet ($2.50) returned to Xenicide
Xenicide collected $2 from pot
*** SUMMARY ***
Total pot $2 | Rake $0 
Seat 1: z00mba
Seat 2: kvcsszblcs (big blind) folded before Flop
Seat 3: Nazzthan folded before Flop (didn't bet)
Seat 4: Oli3579 folded before Flop (didn't bet)
Seat 5: Magnodive (button) folded before Flop (didn't bet)
Seat 6: Xenicide (small blind) collected ($2)



PokerStars Hand #254676308825:  Hold'em No Limit ($0.50/$1.00 USD) - 2025/02/02 20:28:18 WET [2025/02/02 15:28:18 ET]
Table 'Gryphia II' 6-max Seat #6 is the button
Seat 1: tintin641 ($100 in chips) is sitting out
Seat 2: kvcsszblcs ($100.56 in chips) 
Seat 3: Nazzthan ($45.59 in chips) 
Seat 4: Oli3579 ($111.64 in chips) 
Seat 5: Magnodive ($148.36 in chips) 
Seat 6: Xenicide ($101 in chips) 
kvcsszblcs: posts small blind $0.50
Nazzthan: posts big blind $1
*** HOLE CARDS ***
Oli3579: folds 
Magnodive: folds 
Xenicide: folds 
kvcsszblcs: raises $1.85 to $2.85
Nazzthan: calls $1.85
*** FLOP *** [As 7s Qh]
kvcsszblcs: bets $4.07
Nazzthan: folds 
Uncalled bet ($4.07) returned to kvcsszblcs
kvcsszblcs collected $5.42 from pot
kvcsszblcs: doesn't show hand 
*** SUMMARY ***
Total pot $5.70 | Rake $0.28 
Board [As 7s Qh]
Seat 1: tintin641
Seat 2: kvcsszblcs (small blind) collected ($5.42)
Seat 3: Nazzthan (big blind) folded on the Flop
Seat 4: Oli3579 folded before Flop (didn't bet)
Seat 5: Magnodive folded before Flop (didn't bet)
Seat 6: Xenicide (button) folded before Flop (didn't bet)



PokerStars Hand #254676317986:  Hold'em No Limit ($0.50/$1.00 USD) - 2025/02/02 20:28:42 WET [2025/02/02 15:28:42 ET]
Table 'Gryphia II' 6-max Seat #2 is the button
Seat 1: tintin641 ($100 in chips) is sitting out
Seat 2: kvcsszblcs ($103.13 in chips) 
Seat 3: Nazzthan ($42.74 in chips) 
Seat 4: Oli3579 ($111.64 in chips) 
Seat 5: Magnodive ($148.36 in chips) 
Seat 6: Xenicide ($101 in chips) 
Nazzthan: posts small blind $0.50
Oli3579: posts big blind $1
tintin641: sits out 
*** HOLE CARDS ***
Magnodive: raises $1.50 to $2.50
Xenicide: folds 
kvcsszblcs: folds 
Nazzthan: folds 
Oli3579: calls $1.50
*** FLOP *** [Qs 2d 5s]
Oli3579: checks 
Magnodive: bets $1.72
Oli3579: calls $1.72
*** TURN *** [Qs 2d 5s] [7s]
Oli3579: checks 
Magnodive: bets $6.37
Oli3579: folds 
Uncalled bet ($6.37) returned to Magnodive
Magnodive collected $8.49 from pot
Magnodive: doesn't show hand 
*** SUMMARY ***
Total pot $8.94 | Rake $0.45 
Board [Qs 2d 5s 7s]
Seat 1: tintin641
Seat 2: kvcsszblcs (button) folded before Flop (didn't bet)
Seat 3: Nazzthan (small blind) folded before Flop
Seat 4: Oli3579 (big blind) folded on the Turn
Seat 5: Magnodive collected ($8.49)
Seat 6: Xenicide folded before Flop (didn't bet)



PokerStars Hand #254676341068:  Hold'em No Limit ($0.50/$1.00 USD) - 2025/02/02 20:29:41 WET [2025/02/02 15:29:41 ET]
Table 'Gryphia II' 6-max Seat #3 is the button
Seat 1: tintin641 ($100 in chips) is sitting out
Seat 2: kvcsszblcs ($103.13 in chips) 
Seat 3: Nazzthan ($42.24 in chips) 
Seat 4: Oli3579 ($107.42 in chips) 
Seat 5: Magnodive ($152.63 in chips) 
Seat 6: Xenicide ($101 in chips) 
Oli3579: posts small blind $0.50
Magnodive: posts big blind $1
tintin641: sits out 
*** HOLE CARDS ***
Xenicide: raises $1 to $2
kvcsszblcs: raises $4.50 to $6.50
Nazzthan: folds 
Oli3579: folds 
Magnodive: folds 
Xenicide: raises $11.50 to $18
kvcsszblcs: raises $85.13 to $103.13 and is all-in
Xenicide: folds 
Uncalled bet ($85.13) returned to kvcsszblcs
kvcsszblcs collected $37.50 from pot
kvcsszblcs: doesn't show hand 
*** SUMMARY ***
Total pot $37.50 | Rake $0 
Seat 1: tintin641
Seat 2: kvcsszblcs collected ($37.50)
Seat 3: Nazzthan (button) folded before Flop (didn't bet)
Seat 4: Oli3579 (small blind) folded before Flop
Seat 5: Magnodive (big blind) folded before Flop
Seat 6: Xenicide folded before Flop



PokerStars Hand #254676358506:  Hold'em No Limit ($0.50/$1.00 USD) - 2025/02/02 20:30:25 WET [2025/02/02 15:30:25 ET]
Table 'Gryphia II' 6-max Seat #4 is the button
Seat 1: tintin641 ($100 in chips) is sitting out
Seat 2: kvcsszblcs ($122.63 in chips) 
Seat 3: Nazzthan ($42.24 in chips) 
Seat 4: Oli3579 ($106.92 in chips) 
Seat 5: Magnodive ($151.63 in chips) 
Seat 6: Xenicide ($100 in chips) 
Magnodive: posts small blind $0.50
Xenicide: posts big blind $1
tintin641: sits out 
*** HOLE CARDS ***
kvcsszblcs: folds 
Nazzthan: folds 
Oli3579: folds 
Magnodive: folds 
Uncalled bet ($0.50) returned to Xenicide
Xenicide collected $1 from pot
*** SUMMARY ***
Total pot $1 | Rake $0 
Seat 1: tintin641
Seat 2: kvcsszblcs folded before Flop (didn't bet)
Seat 3: Nazzthan folded before Flop (didn't bet)
Seat 4: Oli3579 (button) folded before Flop (didn't bet)
Seat 5: Magnodive (small blind) folded before Flop
Seat 6: Xenicide (big blind) collected ($1)



PokerStars Hand #254676367833:  Hold'em No Limit ($0.50/$1.00 USD) - 2025/02/02 20:30:48 WET [2025/02/02 15:30:48 ET]
Table 'Gryphia II' 6-max Seat #5 is the button
Seat 1: tintin641 ($100 in chips) 
Seat 2: kvcsszblcs ($122.63 in chips) 
Seat 3: Nazzthan ($42.24 in chips) 
Seat 4: Oli3579 ($106.92 in chips) 
Seat 5: Magnodive ($151.13 in chips) 
Seat 6: Xenicide ($100.50 in chips) 
Xenicide: posts small blind $0.50
tintin641: posts big blind $1
*** HOLE CARDS ***
kvcsszblcs: folds 
Nazzthan: folds 
Oli3579: folds 
Magnodive: folds 
Xenicide: folds 
Uncalled bet ($0.50) returned to tintin641
tintin641 collected $1 from pot
tintin641: doesn't show hand 
*** SUMMARY ***
Total pot $1 | Rake $0 
Seat 1: tintin641 (big blind) collected ($1)
Seat 2: kvcsszblcs folded before Flop (didn't bet)
Seat 3: Nazzthan folded before Flop (didn't bet)
Seat 4: Oli3579 folded before Flop (didn't bet)
Seat 5: Magnodive (button) folded before Flop (didn't bet)
Seat 6: Xenicide (small blind) folded before Flop



PokerStars Hand #254676375325:  Hold'em No Limit ($0.50/$1.00 USD) - 2025/02/02 20:31:07 WET [2025/02/02 15:31:07 ET]
Table 'Gryphia II' 6-max Seat #6 is the button
Seat 1: tintin641 ($100.50 in chips) 
Seat 2: kvcsszblcs ($122.63 in chips) 
Seat 3: Nazzthan ($42.24 in chips) 
Seat 4: Oli3579 ($106.92 in chips) 
Seat 5: Magnodive ($151.13 in chips) 
Seat 6: Xenicide ($100 in chips) 
tintin641: posts small blind $0.50
kvcsszblcs: posts big blind $1
*** HOLE CARDS ***
Nazzthan: folds 
Oli3579: folds 
Magnodive: folds 
Xenicide: folds 
tintin641: folds 
Uncalled bet ($0.50) returned to kvcsszblcs
kvcsszblcs collected $1 from pot
kvcsszblcs: doesn't show hand 
*** SUMMARY ***
Total pot $1 | Rake $0 
Seat 1: tintin641 (small blind) folded before Flop
Seat 2: kvcsszblcs (big blind) collected ($1)
Seat 3: Nazzthan folded before Flop (didn't bet)
Seat 4: Oli3579 folded before Flop (didn't bet)
Seat 5: Magnodive folded before Flop (didn't bet)
Seat 6: Xenicide (button) folded before Flop (didn't bet)



PokerStars Hand #254676384433:  Hold'em No Limit ($0.50/$1.00 USD) - 2025/02/02 20:31:31 WET [2025/02/02 15:31:31 ET]
Table 'Gryphia II' 6-max Seat #1 is the button
Seat 1: tintin641 ($100 in chips) 
Seat 2: kvcsszblcs ($123.13 in chips) 
Seat 3: Nazzthan ($42.24 in chips) 
Seat 4: Oli3579 ($106.92 in chips) 
Seat 5: Magnodive ($151.13 in chips) 
Seat 6: Xenicide ($100 in chips) 
kvcsszblcs: posts small blind $0.50
Nazzthan: posts big blind $1
*** HOLE CARDS ***
Oli3579: folds 
Magnodive: folds 
Xenicide: raises $1 to $2
tintin641: folds 
kvcsszblcs: calls $1.50
Nazzthan: calls $1
*** FLOP *** [6c Ac Jc]
kvcsszblcs: checks 
Nazzthan: bets $2
Xenicide: folds 
kvcsszblcs: folds 
Uncalled bet ($2) returned to Nazzthan
Nazzthan collected $5.70 from pot
*** SUMMARY ***
Total pot $6 | Rake $0.30 
Board [6c Ac Jc]
Seat 1: tintin641 (button) folded before Flop (didn't bet)
Seat 2: kvcsszblcs (small blind) folded on the Flop
Seat 3: Nazzthan (big blind) collected ($5.70)
Seat 4: Oli3579 folded before Flop (didn't bet)
Seat 5: Magnodive folded before Flop (didn't bet)
Seat 6: Xenicide folded on the Flop



PokerStars Hand #254676400874:  Hold'em No Limit ($0.50/$1.00 USD) - 2025/02/02 20:32:12 WET [2025/02/02 15:32:12 ET]
Table 'Gryphia II' 6-max Seat #2 is the button
Seat 1: tintin641 ($100 in chips) 
Seat 2: kvcsszblcs ($121.13 in chips) 
Seat 3: Nazzthan ($45.94 in chips) 
Seat 4: Oli3579 ($106.92 in chips) 
Seat 5: Magnodive ($151.13 in chips) 
Seat 6: Xenicide ($100 in chips) 
Nazzthan: posts small blind $0.50
Oli3579: posts big blind $1
*** HOLE CARDS ***
Magnodive: folds 
Xenicide: folds 
tintin641: folds 
kvcsszblcs: raises $1.25 to $2.25
Nazzthan: folds 
Oli3579: folds 
Uncalled bet ($1.25) returned to kvcsszblcs
kvcsszblcs collected $2.50 from pot
kvcsszblcs: doesn't show hand 
*** SUMMARY ***
Total pot $2.50 | Rake $0 
Seat 1: tintin641 folded before Flop (didn't bet)
Seat 2: kvcsszblcs (button) collected ($2.50)
Seat 3: Nazzthan (small blind) folded before Flop
Seat 4: Oli3579 (big blind) folded before Flop
Seat 5: Magnodive folded before Flop (didn't bet)
Seat 6: Xenicide folded before Flop (didn't bet)



PokerStars Hand #254676409628:  Hold'em No Limit ($0.50/$1.00 USD) - 2025/02/02 20:32:34 WET [2025/02/02 15:32:34 ET]
Table 'Gryphia II' 6-max Seat #3 is the button
Seat 1: tintin641 ($100 in chips) 
Seat 2: kvcsszblcs ($122.63 in chips) 
Seat 3: Nazzthan ($45.44 in chips) 
Seat 4: Oli3579 ($105.92 in chips) 
Seat 5: Magnodive ($151.13 in chips) 
Seat 6: Xenicide ($100 in chips) 
Oli3579: posts small blind $0.50
Magnodive: posts big blind $1
*** HOLE CARDS ***
Xenicide: folds 
tintin641: folds 
kvcsszblcs: raises $1 to $2
Nazzthan: folds 
Oli3579: raises $8.50 to $10.50
Magnodive: folds 
kvcsszblcs: raises $13.50 to $24
Oli3579: folds 
Uncalled bet ($13.50) returned to kvcsszblcs
kvcsszblcs collected $22 from pot
kvcsszblcs: doesn't show hand 
*** SUMMARY ***
Total pot $22 | Rake $0 
Seat 1: tintin641 folded before Flop (didn't bet)
Seat 2: kvcsszblcs collected ($22)
Seat 3: Nazzthan (button) folded before Flop (didn't bet)
Seat 4: Oli3579 (small blind) folded before Flop
Seat 5: Magnodive (big blind) folded before Flop
Seat 6: Xenicide folded before Flop (didn't bet)



PokerStars Hand #254676430067:  Hold'em No Limit ($0.50/$1.00 USD) - 2025/02/02 20:33:26 WET [2025/02/02 15:33:26 ET]
Table 'Gryphia II' 6-max Seat #4 is the button
Seat 1: tintin641 ($100 in chips) 
Seat 2: kvcsszblcs ($134.13 in chips) 
Seat 3: Nazzthan ($45.44 in chips) 
Seat 4: Oli3579 ($100 in chips) 
Seat 5: Magnodive ($150.13 in chips) 
Seat 6: Xenicide ($100 in chips) 
Magnodive: posts small blind $0.50
Xenicide: posts big blind $1
*** HOLE CARDS ***
tintin641: folds 
kvcsszblcs: raises $1 to $2
Nazzthan: folds 
Oli3579: folds 
Magnodive: folds 
Xenicide: calls $1
*** FLOP *** [Qc Jh Ts]
Xenicide: checks 
kvcsszblcs: bets $3.21
Xenicide: calls $3.21
*** TURN *** [Qc Jh Ts] [8d]
Xenicide: checks 
kvcsszblcs: bets $17.60
Xenicide: folds 
Uncalled bet ($17.60) returned to kvcsszblcs
kvcsszblcs collected $10.37 from pot
kvcsszblcs: doesn't show hand 
*** SUMMARY ***
Total pot $10.92 | Rake $0.55 
Board [Qc Jh Ts 8d]
Seat 1: tintin641 folded before Flop (didn't bet)
Seat 2: kvcsszblcs collected ($10.37)
Seat 3: Nazzthan folded before Flop (didn't bet)
Seat 4: Oli3579 (button) folded before Flop (didn't bet)
Seat 5: Magnodive (small blind) folded before Flop
Seat 6: Xenicide (big blind) folded on the Turn



PokerStars Hand #254676730114:  Hold'em No Limit ($0.50/$1.00 USD) - 2025/02/02 20:46:16 WET [2025/02/02 15:46:16 ET]
Table 'Gryphia II' 6-max Seat #1 is the button
Seat 5: sta$igk ($100 in chips) is sitting out
Seat 1: tintin641 ($100 in chips) 
Seat 2: kvcsszblcs ($144.46 in chips) 
Seat 3: Nazzthan ($81.63 in chips) 
Seat 4: Oli3579 ($109.08 in chips) 
Seat 6: Xenicide ($114.06 in chips) 
kvcsszblcs: posts small blind $0.50
Nazzthan: posts big blind $1
sta$igk: sits out 
*** HOLE CARDS ***
Oli3579: folds 
Xenicide: folds 
tintin641: folds 
kvcsszblcs: raises $1.85 to $2.85
Nazzthan: folds 
Uncalled bet ($1.85) returned to kvcsszblcs
kvcsszblcs collected $2 from pot
kvcsszblcs: doesn't show hand 
*** SUMMARY ***
Total pot $2 | Rake $0 
Seat 5: sta$igk
Seat 1: tintin641 (button) folded before Flop (didn't bet)
Seat 2: kvcsszblcs (small blind) collected ($2)
Seat 3: Nazzthan (big blind) folded before Flop
Seat 4: Oli3579 folded before Flop (didn't bet)
Seat 6: Xenicide folded before Flop (didn't bet)



PokerStars Hand #254676739668:  Hold'em No Limit ($0.50/$1.00 USD) - 2025/02/02 20:46:40 WET [2025/02/02 15:46:40 ET]
Table 'Gryphia II' 6-max Seat #2 is the button
Seat 5: sta$igk ($100 in chips) is sitting out
Seat 1: tintin641 ($100 in chips) 
Seat 2: kvcsszblcs ($145.46 in chips) 
Seat 3: Nazzthan ($80.63 in chips) 
Seat 4: Oli3579 ($109.08 in chips) 
Seat 6: Xenicide ($114.06 in chips) 
Nazzthan: posts small blind $0.50
Oli3579: posts big blind $1
sta$igk: sits out 
*** HOLE CARDS ***
Xenicide: raises $1 to $2
tintin641: folds 
kvcsszblcs: folds 
Nazzthan: calls $1.50
Oli3579: folds 
*** FLOP *** [3h 7d 9h]
Nazzthan: bets $1.38
Xenicide: calls $1.38
*** TURN *** [3h 7d 9h] [6c]
Nazzthan: bets $5
Xenicide: calls $5
*** RIVER *** [3h 7d 9h 6c] [Ks]
Nazzthan: bets $8.44
Xenicide: calls $8.44
*** SHOW DOWN ***
Nazzthan: shows [Qd Jh] (high card King)
Xenicide: shows [8c 8h] (a pair of Eights)
Xenicide collected $32.91 from pot
*** SUMMARY ***
Total pot $34.64 | Rake $1.73 
Board [3h 7d 9h 6c Ks]
Seat 5: sta$igk
Seat 1: tintin641 folded before Flop (didn't bet)
Seat 2: kvcsszblcs (button) folded before Flop (didn't bet)
Seat 3: Nazzthan (small blind) showed [Qd Jh] and lost with high card King
Seat 4: Oli3579 (big blind) folded before Flop
Seat 6: Xenicide showed [8c 8h] and won ($32.91) with a pair of Eights



PokerStars Hand #254676772970:  Hold'em No Limit ($0.50/$1.00 USD) - 2025/02/02 20:48:07 WET [2025/02/02 15:48:07 ET]
Table 'Gryphia II' 6-max Seat #3 is the button
Seat 1: tintin641 ($100 in chips) 
Seat 2: kvcsszblcs ($145.46 in chips) 
Seat 3: Nazzthan ($63.81 in chips) 
Seat 4: Oli3579 ($108.08 in chips) 
Seat 5: sta$igk ($100 in chips) 
Seat 6: Xenicide ($130.15 in chips) 
Oli3579: posts small blind $0.50
sta$igk: posts big blind $1
*** HOLE CARDS ***
Xenicide: folds 
tintin641: raises $1.50 to $2.50
kvcsszblcs: folds 
Nazzthan: folds 
Oli3579: raises $8.50 to $11
sta$igk: folds 
tintin641: folds 
Uncalled bet ($8.50) returned to Oli3579
Oli3579 collected $6 from pot
Oli3579: doesn't show hand 
*** SUMMARY ***
Total pot $6 | Rake $0 
Seat 1: tintin641 folded before Flop
Seat 2: kvcsszblcs folded before Flop (didn't bet)
Seat 3: Nazzthan (button) folded before Flop (didn't bet)
Seat 4: Oli3579 (small blind) collected ($6)
Seat 5: sta$igk (big blind) folded before Flop
Seat 6: Xenicide folded before Flop (didn't bet)



PokerStars Hand #254676783033:  Hold'em No Limit ($0.50/$1.00 USD) - 2025/02/02 20:48:33 WET [2025/02/02 15:48:33 ET]
Table 'Gryphia II' 6-max Seat #4 is the button
Seat 6: Xenicide ($130.15 in chips) is sitting out
Seat 1: tintin641 ($100 in chips) 
Seat 2: kvcsszblcs ($145.46 in chips) 
Seat 3: Nazzthan ($63.81 in chips) 
Seat 4: Oli3579 ($111.58 in chips) 
Seat 5: sta$igk ($100 in chips) 
sta$igk: posts small blind $0.50
Xenicide: is sitting out 
tintin641: posts big blind $1
*** HOLE CARDS ***
kvcsszblcs: folds 
Xenicide leaves the table
Nazzthan: folds 
Oli3579: folds 
sta$igk: raises $2 to $3
tintin641: folds 
Uncalled bet ($2) returned to sta$igk
sta$igk collected $2 from pot
sta$igk: doesn't show hand 
*** SUMMARY ***
Total pot $2 | Rake $0 
Seat 6: Xenicide
Seat 1: tintin641 (big blind) folded before Flop
Seat 2: kvcsszblcs folded before Flop (didn't bet)
Seat 3: Nazzthan folded before Flop (didn't bet)
Seat 4: Oli3579 (button) folded before Flop (didn't bet)
Seat 5: sta$igk (small blind) collected ($2)



PokerStars Hand #254676787904:  Hold'em No Limit ($0.50/$1.00 USD) - 2025/02/02 20:48:45 WET [2025/02/02 15:48:45 ET]
Table 'Gryphia II' 6-max Seat #5 is the button
Seat 1: tintin641 ($100 in chips) 
Seat 2: kvcsszblcs ($145.46 in chips) 
Seat 3: Nazzthan ($63.81 in chips) 
Seat 4: Oli3579 ($111.58 in chips) 
Seat 5: sta$igk ($101 in chips) 
tintin641: posts small blind $0.50
kvcsszblcs: posts big blind $1
*** HOLE CARDS ***
Nazzthan: folds 
Oli3579: folds 
sta$igk: folds 
tintin641: raises $2 to $3
kvcsszblcs: calls $2
*** FLOP *** [Jd 9h Qd]
Y_19 joins the table at seat #6 
tintin641: checks 
kvcsszblcs: checks 
*** TURN *** [Jd 9h Qd] [6d]
tintin641: checks 
kvcsszblcs: bets $3.76
tintin641: folds 
Uncalled bet ($3.76) returned to kvcsszblcs
kvcsszblcs collected $5.70 from pot
kvcsszblcs: doesn't show hand 
*** SUMMARY ***
Total pot $6 | Rake $0.30 
Board [Jd 9h Qd 6d]
Seat 1: tintin641 (small blind) folded on the Turn
Seat 2: kvcsszblcs (big blind) collected ($5.70)
Seat 3: Nazzthan folded before Flop (didn't bet)
Seat 4: Oli3579 folded before Flop (didn't bet)
Seat 5: sta$igk (button) folded before Flop (didn't bet)



PokerStars Hand #254676809752:  Hold'em No Limit ($0.50/$1.00 USD) - 2025/02/02 20:49:42 WET [2025/02/02 15:49:42 ET]
Table 'Gryphia II' 6-max Seat #1 is the button
Seat 6: Y_19 ($100 in chips) is sitting out
Seat 1: tintin641 ($100 in chips) 
Seat 2: kvcsszblcs ($148.16 in chips) 
Seat 3: Nazzthan ($63.81 in chips) 
Seat 4: Oli3579 ($111.58 in chips) 
Seat 5: sta$igk ($101 in chips) 
kvcsszblcs: posts small blind $0.50
Nazzthan: posts big blind $1
Y_19: sits out 
*** HOLE CARDS ***
Oli3579: raises $1.25 to $2.25
sta$igk: folds 
tintin641: folds 
kvcsszblcs: folds 
Nazzthan: folds 
Uncalled bet ($1.25) returned to Oli3579
Oli3579 collected $2.50 from pot
Oli3579: doesn't show hand 
*** SUMMARY ***
Total pot $2.50 | Rake $0 
Seat 6: Y_19
Seat 1: tintin641 (button) folded before Flop (didn't bet)
Seat 2: kvcsszblcs (small blind) folded before Flop
Seat 3: Nazzthan (big blind) folded before Flop
Seat 4: Oli3579 collected ($2.50)
Seat 5: sta$igk folded before Flop (didn't bet)



PokerStars Hand #254676813305:  Hold'em No Limit ($0.50/$1.00 USD) - 2025/02/02 20:49:52 WET [2025/02/02 15:49:52 ET]
Table 'Gryphia II' 6-max Seat #2 is the button
Seat 6: Y_19 ($100 in chips) is sitting out
Seat 1: tintin641 ($100 in chips) 
Seat 2: kvcsszblcs ($147.66 in chips) 
Seat 3: Nazzthan ($62.81 in chips) 
Seat 4: Oli3579 ($113.08 in chips) 
Seat 5: sta$igk ($101 in chips) 
Nazzthan: posts small blind $0.50
Oli3579: posts big blind $1
Y_19: sits out 
*** HOLE CARDS ***
sta$igk: folds 
tintin641: folds 
kvcsszblcs: raises $1.25 to $2.25
Nazzthan: folds 
Oli3579: folds 
Uncalled bet ($1.25) returned to kvcsszblcs
kvcsszblcs collected $2.50 from pot
kvcsszblcs: doesn't show hand 
*** SUMMARY ***
Total pot $2.50 | Rake $0 
Seat 6: Y_19
Seat 1: tintin641 folded before Flop (didn't bet)
Seat 2: kvcsszblcs (button) collected ($2.50)
Seat 3: Nazzthan (small blind) folded before Flop
Seat 4: Oli3579 (big blind) folded before Flop
Seat 5: sta$igk folded before Flop (didn't bet)



PokerStars Hand #254676818553:  Hold'em No Limit ($0.50/$1.00 USD) - 2025/02/02 20:50:05 WET [2025/02/02 15:50:05 ET]
Table 'Gryphia II' 6-max Seat #3 is the button
Seat 6: Y_19 ($100 in chips) is sitting out
Seat 1: tintin641 ($100 in chips) 
Seat 2: kvcsszblcs ($149.16 in chips) 
Seat 3: Nazzthan ($62.31 in chips) 
Seat 4: Oli3579 ($112.08 in chips) 
Seat 5: sta$igk ($101 in chips) 
Oli3579: posts small blind $0.50
sta$igk: posts big blind $1
Y_19: sits out 
*** HOLE CARDS ***
tintin641: folds 
kvcsszblcs: raises $1 to $2
Nazzthan: raises $3.50 to $5.50
Oli3579: folds 
sta$igk: folds 
kvcsszblcs: raises $12.50 to $18
Nazzthan: calls $12.50
*** FLOP *** [Qs 9s 7h]
kvcsszblcs: bets $17.80
Nazzthan: calls $17.80
*** TURN *** [Qs 9s 7h] [7s]
kvcsszblcs: bets $77.66
Nazzthan: calls $26.51 and is all-in
Uncalled bet ($51.15) returned to kvcsszblcs
*** RIVER *** [Qs 9s 7h 7s] [Jh]
*** SHOW DOWN ***
kvcsszblcs: shows [Kc Kh] (two pair, Kings and Sevens)
Nazzthan: shows [Td As] (a pair of Sevens)
kvcsszblcs collected $123.62 from pot
*** SUMMARY ***
Total pot $126.12 | Rake $2.50 
Board [Qs 9s 7h 7s Jh]
Seat 6: Y_19
Seat 1: tintin641 folded before Flop (didn't bet)
Seat 2: kvcsszblcs showed [Kc Kh] and won ($123.62) with two pair, Kings and Sevens
Seat 3: Nazzthan (button) showed [Td As] and lost with a pair of Sevens
Seat 4: Oli3579 (small blind) folded before Flop
Seat 5: sta$igk (big blind) folded before Flop



PokerStars Hand #254676837659:  Hold'em No Limit ($0.50/$1.00 USD) - 2025/02/02 20:50:55 WET [2025/02/02 15:50:55 ET]
Table 'Gryphia II' 6-max Seat #4 is the button
Seat 1: tintin641 ($100 in chips) 
Seat 2: kvcsszblcs ($210.47 in chips) 
Seat 4: Oli3579 ($111.58 in chips) 
Seat 5: sta$igk ($100 in chips) 
Seat 6: Y_19 ($100 in chips) 
sta$igk: posts small blind $0.50
Y_19: posts big blind $1
*** HOLE CARDS ***
tintin641: raises $1.50 to $2.50
kvcsszblcs: raises $5.50 to $8
Oli3579: folds 
sta$igk: folds 
Y_19: folds 
tintin641: folds 
Uncalled bet ($5.50) returned to kvcsszblcs
kvcsszblcs collected $6.50 from pot
kvcsszblcs: doesn't show hand 
*** SUMMARY ***
Total pot $6.50 | Rake $0 
Seat 1: tintin641 folded before Flop
Seat 2: kvcsszblcs collected ($6.50)
Seat 4: Oli3579 (button) folded before Flop (didn't bet)
Seat 5: sta$igk (small blind) folded before Flop
Seat 6: Y_19 (big blind) folded before Flop



PokerStars Hand #254676847537:  Hold'em No Limit ($0.50/$1.00 USD) - 2025/02/02 20:51:21 WET [2025/02/02 15:51:21 ET]
Table 'Gryphia II' 6-max Seat #5 is the button
Seat 1: tintin641 ($100 in chips) 
Seat 2: kvcsszblcs ($214.47 in chips) 
Seat 4: Oli3579 ($111.58 in chips) 
Seat 5: sta$igk ($100 in chips) 
Seat 6: Y_19 ($100 in chips) 
Y_19: posts small blind $0.50
tintin641: posts big blind $1
*** HOLE CARDS ***
kvcsszblcs: folds 
Oli3579: folds 
sta$igk: raises $1.50 to $2.50
Y_19: folds 
tintin641: calls $1.50
*** FLOP *** [8h 9d Jd]
tintin641: checks 
sta$igk: checks 
*** TURN *** [8h 9d Jd] [Qd]
tintin641: bets $1.72
sta$igk: raises $5.22 to $6.94
tintin641: calls $5.22
*** RIVER *** [8h 9d Jd Qd] [4c]
tintin641: checks 
sta$igk: checks 
*** SHOW DOWN ***
tintin641: shows [2d Ad] (a flush, Ace high)
sta$igk: mucks hand 
tintin641 collected $18.41 from pot
*** SUMMARY ***
Total pot $19.38 | Rake $0.97 
Board [8h 9d Jd Qd 4c]
Seat 1: tintin641 (big blind) showed [2d Ad] and won ($18.41) with a flush, Ace high
Seat 2: kvcsszblcs folded before Flop (didn't bet)
Seat 4: Oli3579 folded before Flop (didn't bet)
Seat 5: sta$igk (button) mucked
Seat 6: Y_19 (small blind) folded before Flop



PokerStars Hand #254676877328:  Hold'em No Limit ($0.50/$1.00 USD) - 2025/02/02 20:52:39 WET [2025/02/02 15:52:39 ET]
Table 'Gryphia II' 6-max Seat #6 is the button
Seat 2: kvcsszblcs ($214.47 in chips) is sitting out
Seat 1: tintin641 ($108.97 in chips) 
Seat 4: Oli3579 ($111.58 in chips) 
Seat 5: sta$igk ($100 in chips) 
Seat 6: Y_19 ($100 in chips) 
tintin641: posts small blind $0.50
kvcsszblcs: is sitting out 
Oli3579: posts big blind $1
*** HOLE CARDS ***
sta$igk: folds 
Y_19: folds 
kvcsszblcs leaves the table
tintin641: raises $2 to $3
Oli3579: calls $2
*** FLOP *** [8d 7h 5h]
tintin641: checks 
Oli3579: bets $1.88
tintin641: calls $1.88
*** TURN *** [8d 7h 5h] [9d]
tintin641: checks 
Oli3579: bets $6.12
tintin641: calls $6.12
*** RIVER *** [8d 7h 5h 9d] [Ac]
tintin641: checks 
Oli3579: checks 
*** SHOW DOWN ***
tintin641: shows [Ad 6d] (a straight, Five to Nine)
Oli3579: mucks hand 
tintin641 collected $21 from pot
*** SUMMARY ***
Total pot $22 | Rake $1 
Board [8d 7h 5h 9d Ac]
Seat 2: kvcsszblcs
Seat 1: tintin641 (small blind) showed [Ad 6d] and won ($21) with a straight, Five to Nine
Seat 4: Oli3579 (big blind) mucked
Seat 5: sta$igk folded before Flop (didn't bet)
Seat 6: Y_19 (button) folded before Flop (didn't bet)



PokerStars Hand #254676908047:  Hold'em No Limit ($0.50/$1.00 USD) - 2025/02/02 20:53:59 WET [2025/02/02 15:53:59 ET]
Table 'Gryphia II' 6-max Seat #4 is the button
Seat 5: sta$igk ($100 in chips) is sitting out
Seat 6: Y_19 ($100 in chips) is sitting out
Seat 1: tintin641 ($118.97 in chips) 
Seat 4: Oli3579 ($100.58 in chips) 
Oli3579: posts small blind $0.50
sta$igk: is sitting out 
Y_19: is sitting out 
tintin641: posts big blind $1
*** HOLE CARDS ***
Oli3579: raises $1.50 to $2.50
sta$igk leaves the table
tintin641: folds 
Uncalled bet ($1.50) returned to Oli3579
Y_19 leaves the table
Oli3579 collected $2 from pot
Oli3579: doesn't show hand 
*** SUMMARY ***
Total pot $2 | Rake $0 
Seat 5: sta$igk
Seat 6: Y_19
Seat 1: tintin641 (big blind) folded before Flop
Seat 4: Oli3579 (button) (small blind) collected ($2)



PokerStars Hand #254676458495:  Hold'em No Limit ($0.50/$1.00 USD) - 2025/02/02 20:34:39 WET [2025/02/02 15:34:39 ET]
Table 'Gryphia II' 6-max Seat #5 is the button
Seat 1: tintin641 ($100 in chips) 
Seat 2: kvcsszblcs ($139.29 in chips) 
Seat 3: Nazzthan ($45.44 in chips) 
Seat 4: Oli3579 ($100 in chips) 
Seat 5: Magnodive ($149.63 in chips) 
Seat 6: Xenicide ($100 in chips) 
Xenicide: posts small blind $0.50
tintin641: posts big blind $1
*** HOLE CARDS ***
kvcsszblcs: folds 
Nazzthan: folds 
Oli3579: folds 
Magnodive: raises $1.50 to $2.50
Xenicide: folds 
tintin641: raises $10 to $12.50
Magnodive: calls $10
*** FLOP *** [8h 6d As]
tintin641: bets $7.99
Magnodive: calls $7.99
*** TURN *** [8h 6d As] [Kd]
tintin641: checks 
Magnodive: bets $23.51
tintin641: folds 
Uncalled bet ($23.51) returned to Magnodive
Magnodive collected $39.41 from pot
Magnodive: doesn't show hand 
*** SUMMARY ***
Total pot $41.48 | Rake $2.07 
Board [8h 6d As Kd]
Seat 1: tintin641 (big blind) folded on the Turn
Seat 2: kvcsszblcs folded before Flop (didn't bet)
Seat 3: Nazzthan folded before Flop (didn't bet)
Seat 4: Oli3579 folded before Flop (didn't bet)
Seat 5: Magnodive (button) collected ($39.41)
Seat 6: Xenicide (small blind) folded before Flop



PokerStars Hand #254676490159:  Hold'em No Limit ($0.50/$1.00 USD) - 2025/02/02 20:36:00 WET [2025/02/02 15:36:00 ET]
Table 'Gryphia II' 6-max Seat #6 is the button
Seat 1: tintin641 ($100 in chips) 
Seat 2: kvcsszblcs ($139.29 in chips) 
Seat 3: Nazzthan ($45.44 in chips) 
Seat 4: Oli3579 ($100 in chips) 
Seat 5: Magnodive ($168.55 in chips) 
Seat 6: Xenicide ($100 in chips) 
tintin641: posts small blind $0.50
kvcsszblcs: posts big blind $1
*** HOLE CARDS ***
Nazzthan: folds 
Oli3579: folds 
Magnodive: raises $1.50 to $2.50
Xenicide: folds 
tintin641: folds 
kvcsszblcs: calls $1.50
*** FLOP *** [8h Kc Td]
kvcsszblcs: checks 
Magnodive: checks 
*** TURN *** [8h Kc Td] [3c]
kvcsszblcs: checks 
Magnodive: checks 
*** RIVER *** [8h Kc Td 3c] [Ac]
kvcsszblcs: bets $5.50
Magnodive: raises $14.20 to $19.70
kvcsszblcs: folds 
Uncalled bet ($14.20) returned to Magnodive
Magnodive collected $15.68 from pot
Magnodive: doesn't show hand 
*** SUMMARY ***
Total pot $16.50 | Rake $0.82 
Board [8h Kc Td 3c Ac]
Seat 1: tintin641 (small blind) folded before Flop
Seat 2: kvcsszblcs (big blind) folded on the River
Seat 3: Nazzthan folded before Flop (didn't bet)
Seat 4: Oli3579 folded before Flop (didn't bet)
Seat 5: Magnodive collected ($15.68)
Seat 6: Xenicide (button) folded before Flop (didn't bet)



PokerStars Hand #254676524843:  Hold'em No Limit ($0.50/$1.00 USD) - 2025/02/02 20:37:28 WET [2025/02/02 15:37:28 ET]
Table 'Gryphia II' 6-max Seat #1 is the button
Seat 1: tintin641 ($100 in chips) 
Seat 2: kvcsszblcs ($131.29 in chips) 
Seat 3: Nazzthan ($45.44 in chips) 
Seat 4: Oli3579 ($100 in chips) 
Seat 5: Magnodive ($176.23 in chips) 
Seat 6: Xenicide ($100 in chips) 
kvcsszblcs: posts small blind $0.50
Nazzthan: posts big blind $1
*** HOLE CARDS ***
Oli3579: folds 
Magnodive: raises $1.50 to $2.50
Xenicide: folds 
tintin641: raises $5 to $7.50
kvcsszblcs: folds 
Nazzthan: calls $6.50
Magnodive: folds 
*** FLOP *** [5d 4h 9s]
Nazzthan: checks 
tintin641: checks 
*** TURN *** [5d 4h 9s] [Ad]
Nazzthan: bets $8.55
tintin641: calls $8.55
*** RIVER *** [5d 4h 9s Ad] [Qd]
Nazzthan: bets $29.39 and is all-in
tintin641: calls $29.39
*** SHOW DOWN ***
Nazzthan: shows [9c Ac] (two pair, Aces and Nines)
tintin641: shows [Jd Ah] (a pair of Aces)
Nazzthan collected $91.38 from pot
*** SUMMARY ***
Total pot $93.88 | Rake $2.50 
Board [5d 4h 9s Ad Qd]
Seat 1: tintin641 (button) showed [Jd Ah] and lost with a pair of Aces
Seat 2: kvcsszblcs (small blind) folded before Flop
Seat 3: Nazzthan (big blind) showed [9c Ac] and won ($91.38) with two pair, Aces and Nines
Seat 4: Oli3579 folded before Flop (didn't bet)
Seat 5: Magnodive folded before Flop
Seat 6: Xenicide folded before Flop (didn't bet)



PokerStars Hand #254676562550:  Hold'em No Limit ($0.50/$1.00 USD) - 2025/02/02 20:39:05 WET [2025/02/02 15:39:05 ET]
Table 'Gryphia II' 6-max Seat #2 is the button
Seat 1: tintin641 ($100 in chips) 
Seat 2: kvcsszblcs ($130.79 in chips) 
Seat 3: Nazzthan ($91.38 in chips) 
Seat 4: Oli3579 ($100 in chips) 
Seat 5: Magnodive ($173.73 in chips) 
Seat 6: Xenicide ($100 in chips) 
Nazzthan: posts small blind $0.50
Oli3579: posts big blind $1
*** HOLE CARDS ***
Magnodive: folds 
Xenicide: folds 
tintin641: folds 
kvcsszblcs: raises $1.25 to $2.25
Nazzthan: calls $1.75
Oli3579: raises $11.25 to $13.50
Magnodive leaves the table
kvcsszblcs: folds 
Nazzthan: folds 
Uncalled bet ($11.25) returned to Oli3579
Oli3579 collected $6.75 from pot
Oli3579: doesn't show hand 
*** SUMMARY ***
Total pot $6.75 | Rake $0 
Seat 1: tintin641 folded before Flop (didn't bet)
Seat 2: kvcsszblcs (button) folded before Flop
Seat 3: Nazzthan (small blind) folded before Flop
Seat 4: Oli3579 (big blind) collected ($6.75)
Seat 5: Magnodive folded before Flop (didn't bet)
Seat 6: Xenicide folded before Flop (didn't bet)



PokerStars Hand #254676574299:  Hold'em No Limit ($0.50/$1.00 USD) - 2025/02/02 20:39:34 WET [2025/02/02 15:39:34 ET]
Table 'Gryphia II' 6-max Seat #3 is the button
Seat 1: tintin641 ($100 in chips) 
Seat 2: kvcsszblcs ($128.54 in chips) 
Seat 3: Nazzthan ($89.13 in chips) 
Seat 4: Oli3579 ($104.50 in chips) 
Seat 6: Xenicide ($100 in chips) 
Oli3579: posts small blind $0.50
Xenicide: posts big blind $1
*** HOLE CARDS ***
tintin641: folds 
kvcsszblcs: raises $1 to $2
Nazzthan: folds 
Oli3579: folds 
Xenicide: raises $8 to $10
kvcsszblcs: calls $8
*** FLOP *** [9c Ah 2h]
Xenicide: bets $4.87
kvcsszblcs: calls $4.87
*** TURN *** [9c Ah 2h] [9s]
Xenicide: checks 
mini_-mutla joins the table at seat #5 
kvcsszblcs: checks 
*** RIVER *** [9c Ah 2h 9s] [2s]
Xenicide: checks 
kvcsszblcs: checks 
*** SHOW DOWN ***
Xenicide: shows [Qc Qs] (two pair, Queens and Nines)
kvcsszblcs: shows [As Jc] (two pair, Aces and Nines)
kvcsszblcs collected $28.73 from pot
*** SUMMARY ***
Total pot $30.24 | Rake $1.51 
Board [9c Ah 2h 9s 2s]
Seat 1: tintin641 folded before Flop (didn't bet)
Seat 2: kvcsszblcs showed [As Jc] and won ($28.73) with two pair, Aces and Nines
Seat 3: Nazzthan (button) folded before Flop (didn't bet)
Seat 4: Oli3579 (small blind) folded before Flop
Seat 6: Xenicide (big blind) showed [Qc Qs] and lost with two pair, Queens and Nines



PokerStars Hand #254676616060:  Hold'em No Limit ($0.50/$1.00 USD) - 2025/02/02 20:41:22 WET [2025/02/02 15:41:22 ET]
Table 'Gryphia II' 6-max Seat #4 is the button
Seat 5: mini_-mutla ($10 in chips) is sitting out
Seat 1: tintin641 ($100 in chips) 
Seat 2: kvcsszblcs ($142.40 in chips) 
Seat 3: Nazzthan ($89.13 in chips) 
Seat 4: Oli3579 ($104 in chips) 
Seat 6: Xenicide ($100 in chips) 
Xenicide: posts small blind $0.50
tintin641: posts big blind $1
*** HOLE CARDS ***
kvcsszblcs: folds 
Nazzthan: folds 
Oli3579: folds 
Xenicide: folds 
Uncalled bet ($0.50) returned to tintin641
tintin641 collected $1 from pot
tintin641: doesn't show hand 
*** SUMMARY ***
Total pot $1 | Rake $0 
Seat 5: mini_-mutla
Seat 1: tintin641 (big blind) collected ($1)
Seat 2: kvcsszblcs folded before Flop (didn't bet)
Seat 3: Nazzthan folded before Flop (didn't bet)
Seat 4: Oli3579 (button) folded before Flop (didn't bet)
Seat 6: Xenicide (small blind) folded before Flop



PokerStars Hand #254676620778:  Hold'em No Limit ($0.50/$1.00 USD) - 2025/02/02 20:41:33 WET [2025/02/02 15:41:33 ET]
Table 'Gryphia II' 6-max Seat #6 is the button
Seat 1: tintin641 ($100.50 in chips) 
Seat 2: kvcsszblcs ($142.40 in chips) 
Seat 3: Nazzthan ($89.13 in chips) 
Seat 4: Oli3579 ($104 in chips) 
Seat 5: mini_-mutla ($10 in chips) 
Seat 6: Xenicide ($100 in chips) 
tintin641: posts small blind $0.50
kvcsszblcs: posts big blind $1
mini_-mutla: posts big blind $1
*** HOLE CARDS ***
Nazzthan: calls $1
Oli3579: folds 
mini_-mutla: checks 
Xenicide: raises $6.50 to $7.50
tintin641: folds 
kvcsszblcs: folds 
Nazzthan: folds 
mini_-mutla: raises $2.50 to $10 and is all-in
Xenicide: calls $2.50
*** FLOP *** [4s 8s 5d]
*** TURN *** [4s 8s 5d] [Jh]
*** RIVER *** [4s 8s 5d Jh] [9s]
*** SHOW DOWN ***
mini_-mutla: shows [Ad Js] (a pair of Jacks)
Xenicide: shows [Qs Td] (a straight, Eight to Queen)
Xenicide collected $21.38 from pot
*** SUMMARY ***
Total pot $22.50 | Rake $1.12 
Board [4s 8s 5d Jh 9s]
Seat 1: tintin641 (small blind) folded before Flop
Seat 2: kvcsszblcs (big blind) folded before Flop
Seat 3: Nazzthan folded before Flop
Seat 4: Oli3579 folded before Flop (didn't bet)
Seat 5: mini_-mutla showed [Ad Js] and lost with a pair of Jacks
Seat 6: Xenicide (button) showed [Qs Td] and won ($21.38) with a straight, Eight to Queen



PokerStars Hand #254676637661:  Hold'em No Limit ($0.50/$1.00 USD) - 2025/02/02 20:42:17 WET [2025/02/02 15:42:17 ET]
Table 'Gryphia II' 6-max Seat #1 is the button
Seat 1: tintin641 ($100 in chips) 
Seat 2: kvcsszblcs ($141.40 in chips) 
Seat 3: Nazzthan ($88.13 in chips) 
Seat 4: Oli3579 ($104 in chips) 
Seat 6: Xenicide ($111.38 in chips) 
mini_-mutla leaves the table
kvcsszblcs: posts small blind $0.50
Nazzthan: posts big blind $1
*** HOLE CARDS ***
Oli3579: folds 
Xenicide: raises $1 to $2
tintin641: folds 
kvcsszblcs: folds 
Nazzthan: calls $1
*** FLOP *** [Qs 6d Qh]
Nazzthan: checks 
Xenicide: bets $1.07
Nazzthan: folds 
Uncalled bet ($1.07) returned to Xenicide
Xenicide collected $4.28 from pot
*** SUMMARY ***
Total pot $4.50 | Rake $0.22 
Board [Qs 6d Qh]
Seat 1: tintin641 (button) folded before Flop (didn't bet)
Seat 2: kvcsszblcs (small blind) folded before Flop
Seat 3: Nazzthan (big blind) folded on the Flop
Seat 4: Oli3579 folded before Flop (didn't bet)
Seat 6: Xenicide collected ($4.28)



PokerStars Hand #254676648978:  Hold'em No Limit ($0.50/$1.00 USD) - 2025/02/02 20:42:46 WET [2025/02/02 15:42:46 ET]
Table 'Gryphia II' 6-max Seat #2 is the button
Seat 1: tintin641 ($100 in chips) 
Seat 2: kvcsszblcs ($140.90 in chips) 
Seat 3: Nazzthan ($86.13 in chips) 
Seat 4: Oli3579 ($104 in chips) 
Seat 6: Xenicide ($113.66 in chips) 
Nazzthan: posts small blind $0.50
Oli3579: posts big blind $1
*** HOLE CARDS ***
cristianemin98 joins the table at seat #5 
cristianemin98 is disconnected 
Xenicide: folds 
tintin641: folds 
kvcsszblcs: folds 
Nazzthan: calls $0.50
Oli3579: raises $2.50 to $3.50
Nazzthan: folds 
Uncalled bet ($2.50) returned to Oli3579
Oli3579 collected $2 from pot
Oli3579: doesn't show hand 
*** SUMMARY ***
Total pot $2 | Rake $0 
Seat 1: tintin641 folded before Flop (didn't bet)
Seat 2: kvcsszblcs (button) folded before Flop (didn't bet)
Seat 3: Nazzthan (small blind) folded before Flop
Seat 4: Oli3579 (big blind) collected ($2)
Seat 6: Xenicide folded before Flop (didn't bet)



PokerStars Hand #254676660597:  Hold'em No Limit ($0.50/$1.00 USD) - 2025/02/02 20:43:17 WET [2025/02/02 15:43:17 ET]
Table 'Gryphia II' 6-max Seat #3 is the button
Seat 1: tintin641 ($100 in chips) 
Seat 2: kvcsszblcs ($140.90 in chips) 
Seat 3: Nazzthan ($85.13 in chips) 
Seat 4: Oli3579 ($105 in chips) 
Seat 5: cristianemin98 ($50.13 in chips) 
Seat 6: Xenicide ($113.66 in chips) 
Oli3579: posts small blind $0.50
cristianemin98: posts big blind $1
*** HOLE CARDS ***
Xenicide: folds 
tintin641: folds 
kvcsszblcs: raises $1 to $2
Nazzthan: folds 
Oli3579: folds 
cristianemin98: calls $1
*** FLOP *** [Ah Qc Kc]
cristianemin98: checks 
kvcsszblcs: bets $1.07
cristianemin98: folds 
Uncalled bet ($1.07) returned to kvcsszblcs
kvcsszblcs collected $4.28 from pot
kvcsszblcs: doesn't show hand 
*** SUMMARY ***
Total pot $4.50 | Rake $0.22 
Board [Ah Qc Kc]
Seat 1: tintin641 folded before Flop (didn't bet)
Seat 2: kvcsszblcs collected ($4.28)
Seat 3: Nazzthan (button) folded before Flop (didn't bet)
Seat 4: Oli3579 (small blind) folded before Flop
Seat 5: cristianemin98 (big blind) folded on the Flop
Seat 6: Xenicide folded before Flop (didn't bet)



PokerStars Hand #254676676114:  Hold'em No Limit ($0.50/$1.00 USD) - 2025/02/02 20:43:57 WET [2025/02/02 15:43:57 ET]
Table 'Gryphia II' 6-max Seat #4 is the button
Seat 1: tintin641 ($100 in chips) 
Seat 2: kvcsszblcs ($143.18 in chips) 
Seat 3: Nazzthan ($85.13 in chips) 
Seat 4: Oli3579 ($104.50 in chips) 
Seat 5: cristianemin98 ($48.13 in chips) 
Seat 6: Xenicide ($113.66 in chips) 
cristianemin98: posts small blind $0.50
Xenicide: posts big blind $1
*** HOLE CARDS ***
tintin641: folds 
kvcsszblcs: folds 
Nazzthan: folds 
Oli3579: folds 
cristianemin98: calls $0.50
Xenicide: checks 
*** FLOP *** [Jd 5s 3h]
cristianemin98: checks 
Xenicide: bets $1
cristianemin98: folds 
Uncalled bet ($1) returned to Xenicide
Xenicide collected $1.90 from pot
*** SUMMARY ***
Total pot $2 | Rake $0.10 
Board [Jd 5s 3h]
Seat 1: tintin641 folded before Flop (didn't bet)
Seat 2: kvcsszblcs folded before Flop (didn't bet)
Seat 3: Nazzthan folded before Flop (didn't bet)
Seat 4: Oli3579 (button) folded before Flop (didn't bet)
Seat 5: cristianemin98 (small blind) folded on the Flop
Seat 6: Xenicide (big blind) collected ($1.90)



PokerStars Hand #254676701215:  Hold'em No Limit ($0.50/$1.00 USD) - 2025/02/02 20:45:01 WET [2025/02/02 15:45:01 ET]
Table 'Gryphia II' 6-max Seat #5 is the button
Seat 1: tintin641 ($100 in chips) 
Seat 2: kvcsszblcs ($143.18 in chips) 
Seat 3: Nazzthan ($85.13 in chips) 
Seat 4: Oli3579 ($104.50 in chips) 
Seat 5: cristianemin98 ($47.13 in chips) 
Seat 6: Xenicide ($114.56 in chips) 
Xenicide: posts small blind $0.50
tintin641: posts big blind $1
*** HOLE CARDS ***
kvcsszblcs: raises $1 to $2
Nazzthan: folds 
Oli3579: folds 
cristianemin98: folds 
Xenicide: folds 
tintin641: calls $1
*** FLOP *** [8h 2h 9s]
tintin641: checks 
kvcsszblcs: bets $2.14
tintin641: folds 
Uncalled bet ($2.14) returned to kvcsszblcs
cristianemin98 leaves the table
kvcsszblcs collected $4.28 from pot
kvcsszblcs: doesn't show hand 
*** SUMMARY ***
Total pot $4.50 | Rake $0.22 
Board [8h 2h 9s]
Seat 1: tintin641 (big blind) folded on the Flop
Seat 2: kvcsszblcs collected ($4.28)
Seat 3: Nazzthan folded before Flop (didn't bet)
Seat 4: Oli3579 folded before Flop (didn't bet)
Seat 5: cristianemin98 (button) folded before Flop (didn't bet)
Seat 6: Xenicide (small blind) folded before Flop



PokerStars Hand #254676716161:  Hold'em No Limit ($0.50/$1.00 USD) - 2025/02/02 20:45:40 WET [2025/02/02 15:45:40 ET]
Table 'Gryphia II' 6-max Seat #6 is the button
Seat 1: tintin641 ($100 in chips) 
Seat 2: kvcsszblcs ($145.46 in chips) 
Seat 3: Nazzthan ($85.13 in chips) 
Seat 4: Oli3579 ($104.50 in chips) 
Seat 6: Xenicide ($114.06 in chips) 
tintin641: posts small blind $0.50
kvcsszblcs: posts big blind $1
*** HOLE CARDS ***
Nazzthan: calls $1
Oli3579: raises $2.50 to $3.50
Xenicide: folds 
tintin641: folds 
kvcsszblcs: folds 
Nazzthan: calls $2.50
*** FLOP *** [2d 9h 2h]
Nazzthan: checks 
sta$igk joins the table at seat #5 
Oli3579: bets $4.04
Nazzthan: folds 
Uncalled bet ($4.04) returned to Oli3579
Oli3579 collected $8.08 from pot
Oli3579: doesn't show hand 
*** SUMMARY ***
Total pot $8.50 | Rake $0.42 
Board [2d 9h 2h]
Seat 1: tintin641 (small blind) folded before Flop
Seat 2: kvcsszblcs (big blind) folded before Flop
Seat 3: Nazzthan folded on the Flop
Seat 4: Oli3579 collected ($8.08)
Seat 6: Xenicide (button) folded before Flop (didn't bet)



