PokerStars Hand #254679271997:  Hold'em No Limit ($0.50/$1.00 USD) - 2025/02/02 22:51:51 WET [2025/02/02 17:51:51 ET]
Table 'Guangxi' 6-max Seat #2 is the button
Seat 6: m0nTTu ($10 in chips) is sitting out
Seat 1: DeniX0306 ($100 in chips) 
Seat 2: tintin641 ($100 in chips) 
Seat 4: Manifestorr ($100 in chips) 
Manifestorr: posts small blind $0.50
DeniX0306: posts big blind $1
*** HOLE CARDS ***
tintin641: folds 
Manifestorr: folds 
Uncalled bet ($0.50) returned to DeniX0306
An1an1 joins the table at seat #5 
DeniX0306 collected $1 from pot
DeniX0306: doesn't show hand 
*** SUMMARY ***
Total pot $1 | Rake $0 
Seat 6: m0nTTu
Seat 1: DeniX0306 (big blind) collected ($1)
Seat 2: tintin641 (button) folded before Flop (didn't bet)
Seat 4: Manifestorr (small blind) folded before Flop



PokerStars Hand #254679274965:  Hold'em No Limit ($0.50/$1.00 USD) - 2025/02/02 22:52:01 WET [2025/02/02 17:52:01 ET]
Table 'Guangxi' 6-max Seat #4 is the button
Seat 5: An1an1 ($100 in chips) is sitting out
Seat 6: m0nTTu ($10 in chips) is sitting out
Seat 1: DeniX0306 ($100.50 in chips) 
Seat 2: tintin641 ($100 in chips) 
Seat 4: Manifestorr ($100 in chips) 
DeniX0306: posts small blind $0.50
tintin641: posts big blind $1
*** HOLE CARDS ***
Manifestorr: folds 
DeniX0306: calls $0.50
tintin641: checks 
*** FLOP *** [8h 7c 5c]
SorinS28 joins the table at seat #3 
DeniX0306: bets $4
tintin641: folds 
Uncalled bet ($4) returned to DeniX0306
DeniX0306 collected $1.90 from pot
DeniX0306: doesn't show hand 
*** SUMMARY ***
Total pot $2 | Rake $0.10 
Board [8h 7c 5c]
Seat 5: An1an1
Seat 6: m0nTTu
Seat 1: DeniX0306 (small blind) collected ($1.90)
Seat 2: tintin641 (big blind) folded on the Flop
Seat 4: Manifestorr (button) folded before Flop (didn't bet)



PokerStars Hand #254679282910:  Hold'em No Limit ($0.50/$1.00 USD) - 2025/02/02 22:52:28 WET [2025/02/02 17:52:28 ET]
Table 'Guangxi' 6-max Seat #1 is the button
Seat 5: An1an1 ($100 in chips) is sitting out
Seat 6: m0nTTu ($10 in chips) is sitting out
Seat 1: DeniX0306 ($101.40 in chips) 
Seat 2: tintin641 ($100 in chips) 
Seat 3: SorinS28 ($100 in chips) 
Seat 4: Manifestorr ($100 in chips) 
tintin641: posts small blind $0.50
SorinS28: posts big blind $1
An1an1: sits out 
m0nTTu: sits out 
*** HOLE CARDS ***
Manifestorr: folds 
DeniX0306: calls $1
tintin641: folds 
SorinS28: raises $5 to $6
DeniX0306: folds 
Uncalled bet ($5) returned to SorinS28
SorinS28 collected $2.50 from pot
SorinS28: doesn't show hand 
*** SUMMARY ***
Total pot $2.50 | Rake $0 
Seat 5: An1an1
Seat 6: m0nTTu
Seat 1: DeniX0306 (button) folded before Flop
Seat 2: tintin641 (small blind) folded before Flop
Seat 3: SorinS28 (big blind) collected ($2.50)
Seat 4: Manifestorr folded before Flop (didn't bet)



PokerStars Hand #254679289184:  Hold'em No Limit ($0.50/$1.00 USD) - 2025/02/02 22:52:49 WET [2025/02/02 17:52:49 ET]
Table 'Guangxi' 6-max Seat #2 is the button
Seat 5: An1an1 ($100 in chips) is sitting out
Seat 6: m0nTTu ($10 in chips) is sitting out
Seat 1: DeniX0306 ($100.40 in chips) 
Seat 2: tintin641 ($100 in chips) 
Seat 3: SorinS28 ($101.50 in chips) 
Seat 4: Manifestorr ($100 in chips) 
SorinS28: posts small blind $0.50
Manifestorr: posts big blind $1
An1an1: sits out 
m0nTTu: sits out 
*** HOLE CARDS ***
DeniX0306: folds 
tintin641: raises $1.50 to $2.50
SorinS28: folds 
Manifestorr: raises $9.50 to $12
tintin641: folds 
Uncalled bet ($9.50) returned to Manifestorr
Manifestorr collected $5.50 from pot
*** SUMMARY ***
Total pot $5.50 | Rake $0 
Seat 5: An1an1
Seat 6: m0nTTu
Seat 1: DeniX0306 folded before Flop (didn't bet)
Seat 2: tintin641 (button) folded before Flop
Seat 3: SorinS28 (small blind) folded before Flop
Seat 4: Manifestorr (big blind) collected ($5.50)



PokerStars Hand #254679296255:  Hold'em No Limit ($0.50/$1.00 USD) - 2025/02/02 22:53:13 WET [2025/02/02 17:53:13 ET]
Table 'Guangxi' 6-max Seat #3 is the button
Seat 6: m0nTTu ($10 in chips) is sitting out
Seat 1: DeniX0306 ($100.40 in chips) 
Seat 2: tintin641 ($100 in chips) 
Seat 3: SorinS28 ($101 in chips) 
Seat 4: Manifestorr ($103 in chips) 
Seat 5: An1an1 ($100 in chips) 
Manifestorr: posts small blind $0.50
An1an1: posts big blind $1
m0nTTu: sits out 
*** HOLE CARDS ***
DeniX0306: folds 
tintin641: folds 
SorinS28: raises $1.50 to $2.50
Manifestorr: raises $8.50 to $11
An1an1: folds 
SorinS28: raises $13.20 to $24.20
Manifestorr: folds 
Uncalled bet ($13.20) returned to SorinS28
SorinS28 collected $23 from pot
SorinS28: doesn't show hand 
*** SUMMARY ***
Total pot $23 | Rake $0 
Seat 6: m0nTTu
Seat 1: DeniX0306 folded before Flop (didn't bet)
Seat 2: tintin641 folded before Flop (didn't bet)
Seat 3: SorinS28 (button) collected ($23)
Seat 4: Manifestorr (small blind) folded before Flop
Seat 5: An1an1 (big blind) folded before Flop



PokerStars Hand #254679306626:  Hold'em No Limit ($0.50/$1.00 USD) - 2025/02/02 22:53:49 WET [2025/02/02 17:53:49 ET]
Table 'Guangxi' 6-max Seat #4 is the button
Seat 1: DeniX0306 ($100.40 in chips) 
Seat 2: tintin641 ($100 in chips) 
Seat 3: SorinS28 ($113 in chips) 
Seat 4: Manifestorr ($100 in chips) 
Seat 5: An1an1 ($100 in chips) 
Seat 6: m0nTTu ($10 in chips) 
An1an1: posts small blind $0.50
m0nTTu: posts big blind $1
*** HOLE CARDS ***
DeniX0306: raises $2 to $3
tintin641: folds 
SorinS28: folds 
Manifestorr: folds 
An1an1: raises $10.50 to $13.50
m0nTTu: folds 
DeniX0306: calls $10.50
*** FLOP *** [8c 4h Qh]
An1an1: bets $6.38
DeniX0306: calls $6.38
*** TURN *** [8c 4h Qh] [6c]
An1an1: checks 
DeniX0306: bets $10
An1an1: calls $10
*** RIVER *** [8c 4h Qh 6c] [8d]
An1an1: checks 
DeniX0306: checks 
*** SHOW DOWN ***
An1an1: shows [Js Jd] (two pair, Jacks and Eights)
DeniX0306: mucks hand 
An1an1 collected $58.26 from pot
*** SUMMARY ***
Total pot $60.76 | Rake $2.50 
Board [8c 4h Qh 6c 8d]
Seat 1: DeniX0306 mucked
Seat 2: tintin641 folded before Flop (didn't bet)
Seat 3: SorinS28 folded before Flop (didn't bet)
Seat 4: Manifestorr (button) folded before Flop (didn't bet)
Seat 5: An1an1 (small blind) showed [Js Jd] and won ($58.26) with two pair, Jacks and Eights
Seat 6: m0nTTu (big blind) folded before Flop



PokerStars Hand #254679323626:  Hold'em No Limit ($0.50/$1.00 USD) - 2025/02/02 22:54:48 WET [2025/02/02 17:54:48 ET]
Table 'Guangxi' 6-max Seat #5 is the button
Seat 1: DeniX0306 ($70.52 in chips) 
Seat 2: tintin641 ($100 in chips) 
Seat 3: SorinS28 ($113 in chips) 
Seat 4: Manifestorr ($100 in chips) 
Seat 5: An1an1 ($128.38 in chips) 
Seat 6: m0nTTu ($10 in chips) 
m0nTTu: posts small blind $0.50
DeniX0306: posts big blind $1
*** HOLE CARDS ***
tintin641: raises $1.50 to $2.50
SorinS28: folds 
Manifestorr: folds 
An1an1: folds 
m0nTTu: folds 
DeniX0306: folds 
Uncalled bet ($1.50) returned to tintin641
tintin641 collected $2.50 from pot
tintin641: doesn't show hand 
*** SUMMARY ***
Total pot $2.50 | Rake $0 
Seat 1: DeniX0306 (big blind) folded before Flop
Seat 2: tintin641 collected ($2.50)
Seat 3: SorinS28 folded before Flop (didn't bet)
Seat 4: Manifestorr folded before Flop (didn't bet)
Seat 5: An1an1 (button) folded before Flop (didn't bet)
Seat 6: m0nTTu (small blind) folded before Flop



PokerStars Hand #254679331022:  Hold'em No Limit ($0.50/$1.00 USD) - 2025/02/02 22:55:14 WET [2025/02/02 17:55:14 ET]
Table 'Guangxi' 6-max Seat #6 is the button
Seat 1: DeniX0306 ($69.52 in chips) 
Seat 2: tintin641 ($101.50 in chips) 
Seat 3: SorinS28 ($113 in chips) 
Seat 4: Manifestorr ($100 in chips) 
Seat 5: An1an1 ($128.38 in chips) 
Seat 6: m0nTTu ($10 in chips) 
DeniX0306: posts small blind $0.50
tintin641: posts big blind $1
*** HOLE CARDS ***
SorinS28: raises $1.02 to $2.02
Manifestorr: folds 
An1an1: folds 
m0nTTu: folds 
DeniX0306: calls $1.52
tintin641: folds 
*** FLOP *** [Qd 4h 6h]
DeniX0306: checks 
SorinS28: bets $1.34
DeniX0306: folds 
Uncalled bet ($1.34) returned to SorinS28
SorinS28 collected $4.79 from pot
SorinS28: doesn't show hand 
*** SUMMARY ***
Total pot $5.04 | Rake $0.25 
Board [Qd 4h 6h]
Seat 1: DeniX0306 (small blind) folded on the Flop
Seat 2: tintin641 (big blind) folded before Flop
Seat 3: SorinS28 collected ($4.79)
Seat 4: Manifestorr folded before Flop (didn't bet)
Seat 5: An1an1 folded before Flop (didn't bet)
Seat 6: m0nTTu (button) folded before Flop (didn't bet)



PokerStars Hand #254679336589:  Hold'em No Limit ($0.50/$1.00 USD) - 2025/02/02 22:55:44 WET [2025/02/02 17:55:44 ET]
Table 'Guangxi' 6-max Seat #1 is the button
Seat 1: DeniX0306 ($67.50 in chips) 
Seat 2: tintin641 ($100.50 in chips) 
Seat 3: SorinS28 ($115.77 in chips) 
Seat 4: Manifestorr ($100 in chips) 
Seat 5: An1an1 ($128.38 in chips) 
Seat 6: m0nTTu ($10 in chips) 
tintin641: posts small blind $0.50
SorinS28: posts big blind $1
*** HOLE CARDS ***
Manifestorr: folds 
An1an1: folds 
m0nTTu: folds 
DeniX0306: calls $1
tintin641: folds 
SorinS28: checks 
*** FLOP *** [2h 8d 6s]
SorinS28: checks 
DeniX0306: checks 
*** TURN *** [2h 8d 6s] [8c]
SorinS28: checks 
DeniX0306: bets $2.38
SorinS28: folds 
Uncalled bet ($2.38) returned to DeniX0306
DeniX0306 collected $2.38 from pot
DeniX0306: doesn't show hand 
*** SUMMARY ***
Total pot $2.50 | Rake $0.12 
Board [2h 8d 6s 8c]
Seat 1: DeniX0306 (button) collected ($2.38)
Seat 2: tintin641 (small blind) folded before Flop
Seat 3: SorinS28 (big blind) folded on the Turn
Seat 4: Manifestorr folded before Flop (didn't bet)
Seat 5: An1an1 folded before Flop (didn't bet)
Seat 6: m0nTTu folded before Flop (didn't bet)



PokerStars Hand #254679344489:  Hold'em No Limit ($0.50/$1.00 USD) - 2025/02/02 22:56:27 WET [2025/02/02 17:56:27 ET]
Table 'Guangxi' 6-max Seat #2 is the button
Seat 1: DeniX0306 ($68.88 in chips) 
Seat 2: tintin641 ($100 in chips) 
Seat 3: SorinS28 ($114.77 in chips) 
Seat 4: Manifestorr ($100 in chips) 
Seat 5: An1an1 ($128.38 in chips) 
Seat 6: m0nTTu ($10 in chips) 
SorinS28: posts small blind $0.50
Manifestorr: posts big blind $1
*** HOLE CARDS ***
An1an1: folds 
m0nTTu: folds 
DeniX0306: raises $2 to $3
tintin641: raises $6 to $9
SorinS28: folds 
Manifestorr: folds 
DeniX0306: calls $6
*** FLOP *** [3h 3c Js]
DeniX0306: checks 
tintin641: bets $6.11
DeniX0306: raises $15.37 to $21.48
tintin641: folds 
Uncalled bet ($15.37) returned to DeniX0306
DeniX0306 collected $30.13 from pot
DeniX0306: doesn't show hand 
*** SUMMARY ***
Total pot $31.72 | Rake $1.59 
Board [3h 3c Js]
Seat 1: DeniX0306 collected ($30.13)
Seat 2: tintin641 (button) folded on the Flop
Seat 3: SorinS28 (small blind) folded before Flop
Seat 4: Manifestorr (big blind) folded before Flop
Seat 5: An1an1 folded before Flop (didn't bet)
Seat 6: m0nTTu folded before Flop (didn't bet)



PokerStars Hand #254679354111:  Hold'em No Limit ($0.50/$1.00 USD) - 2025/02/02 22:57:17 WET [2025/02/02 17:57:17 ET]
Table 'Guangxi' 6-max Seat #3 is the button
Seat 1: DeniX0306 ($83.90 in chips) 
Seat 2: tintin641 ($100 in chips) 
Seat 3: SorinS28 ($114.27 in chips) 
Seat 4: Manifestorr ($100 in chips) 
Seat 5: An1an1 ($128.38 in chips) 
Seat 6: m0nTTu ($10 in chips) 
Manifestorr: posts small blind $0.50
An1an1: posts big blind $1
*** HOLE CARDS ***
m0nTTu: folds 
DeniX0306: folds 
tintin641: folds 
SorinS28: folds 
Manifestorr: folds 
Uncalled bet ($0.50) returned to An1an1
An1an1 collected $1 from pot
An1an1: doesn't show hand 
*** SUMMARY ***
Total pot $1 | Rake $0 
Seat 1: DeniX0306 folded before Flop (didn't bet)
Seat 2: tintin641 folded before Flop (didn't bet)
Seat 3: SorinS28 (button) folded before Flop (didn't bet)
Seat 4: Manifestorr (small blind) folded before Flop
Seat 5: An1an1 (big blind) collected ($1)
Seat 6: m0nTTu folded before Flop (didn't bet)



PokerStars Hand #254679356477:  Hold'em No Limit ($0.50/$1.00 USD) - 2025/02/02 22:57:30 WET [2025/02/02 17:57:30 ET]
Table 'Guangxi' 6-max Seat #4 is the button
Seat 1: DeniX0306 ($83.90 in chips) 
Seat 2: tintin641 ($100 in chips) 
Seat 3: SorinS28 ($114.27 in chips) 
Seat 4: Manifestorr ($100 in chips) 
Seat 5: An1an1 ($128.88 in chips) 
Seat 6: m0nTTu ($10 in chips) 
An1an1: posts small blind $0.50
m0nTTu: posts big blind $1
*** HOLE CARDS ***
DeniX0306: calls $1
tintin641: folds 
SorinS28: folds 
Manifestorr: folds 
An1an1: folds 
m0nTTu: checks 
*** FLOP *** [4h 4c 6c]
m0nTTu: bets $1
DeniX0306: calls $1
*** TURN *** [4h 4c 6c] [7h]
m0nTTu: checks 
DeniX0306: checks 
*** RIVER *** [4h 4c 6c 7h] [4s]
m0nTTu: checks 
DeniX0306: checks 
*** SHOW DOWN ***
m0nTTu: shows [4d Kh] (four of a kind, Fours)
DeniX0306: mucks hand 
m0nTTu collected $4.28 from pot
*** SUMMARY ***
Total pot $4.50 | Rake $0.22 
Board [4h 4c 6c 7h 4s]
Seat 1: DeniX0306 mucked
Seat 2: tintin641 folded before Flop (didn't bet)
Seat 3: SorinS28 folded before Flop (didn't bet)
Seat 4: Manifestorr (button) folded before Flop (didn't bet)
Seat 5: An1an1 (small blind) folded before Flop
Seat 6: m0nTTu (big blind) showed [4d Kh] and won ($4.28) with four of a kind, Fours



PokerStars Hand #254679368218:  Hold'em No Limit ($0.50/$1.00 USD) - 2025/02/02 22:58:33 WET [2025/02/02 17:58:33 ET]
Table 'Guangxi' 6-max Seat #5 is the button
Seat 1: DeniX0306 ($81.90 in chips) 
Seat 2: tintin641 ($100 in chips) 
Seat 3: SorinS28 ($114.27 in chips) 
Seat 4: Manifestorr ($100 in chips) 
Seat 5: An1an1 ($128.38 in chips) 
Seat 6: m0nTTu ($12.28 in chips) 
m0nTTu: posts small blind $0.50
DeniX0306: posts big blind $1
*** HOLE CARDS ***
tintin641: folds 
SorinS28: raises $1.02 to $2.02
Manifestorr: folds 
An1an1: folds 
m0nTTu: folds 
DeniX0306: calls $1.02
*** FLOP *** [6c 4d 2s]
DeniX0306: checks 
SorinS28: checks 
*** TURN *** [6c 4d 2s] [Th]
DeniX0306: checks 
SorinS28: bets $2.16
DeniX0306: folds 
Uncalled bet ($2.16) returned to SorinS28
SorinS28 collected $4.31 from pot
SorinS28: doesn't show hand 
*** SUMMARY ***
Total pot $4.54 | Rake $0.23 
Board [6c 4d 2s Th]
Seat 1: DeniX0306 (big blind) folded on the Turn
Seat 2: tintin641 folded before Flop (didn't bet)
Seat 3: SorinS28 collected ($4.31)
Seat 4: Manifestorr folded before Flop (didn't bet)
Seat 5: An1an1 (button) folded before Flop (didn't bet)
Seat 6: m0nTTu (small blind) folded before Flop



PokerStars Hand #254679378459:  Hold'em No Limit ($0.50/$1.00 USD) - 2025/02/02 22:59:27 WET [2025/02/02 17:59:27 ET]
Table 'Guangxi' 6-max Seat #6 is the button
Seat 1: DeniX0306 ($79.88 in chips) 
Seat 2: tintin641 ($100 in chips) 
Seat 3: SorinS28 ($116.56 in chips) 
Seat 4: Manifestorr ($100 in chips) 
Seat 5: An1an1 ($128.38 in chips) 
Seat 6: m0nTTu ($11.78 in chips) 
DeniX0306: posts small blind $0.50
tintin641: posts big blind $1
*** HOLE CARDS ***
SorinS28: folds 
Manifestorr: folds 
An1an1: folds 
m0nTTu: folds 
DeniX0306: raises $1 to $2
tintin641: folds 
Uncalled bet ($1) returned to DeniX0306
DeniX0306 collected $2 from pot
DeniX0306: doesn't show hand 
*** SUMMARY ***
Total pot $2 | Rake $0 
Seat 1: DeniX0306 (small blind) collected ($2)
Seat 2: tintin641 (big blind) folded before Flop
Seat 3: SorinS28 folded before Flop (didn't bet)
Seat 4: Manifestorr folded before Flop (didn't bet)
Seat 5: An1an1 folded before Flop (didn't bet)
Seat 6: m0nTTu (button) folded before Flop (didn't bet)



PokerStars Hand #254679384558:  Hold'em No Limit ($0.50/$1.00 USD) - 2025/02/02 22:59:59 WET [2025/02/02 17:59:59 ET]
Table 'Guangxi' 6-max Seat #1 is the button
Seat 1: DeniX0306 ($80.88 in chips) 
Seat 2: tintin641 ($100 in chips) 
Seat 3: SorinS28 ($116.56 in chips) 
Seat 4: Manifestorr ($100 in chips) 
Seat 5: An1an1 ($128.38 in chips) 
Seat 6: m0nTTu ($11.78 in chips) 
tintin641: posts small blind $0.50
SorinS28: posts big blind $1
*** HOLE CARDS ***
Manifestorr: raises $1.20 to $2.20
An1an1: folds 
m0nTTu: folds 
DeniX0306: calls $2.20
tintin641: folds 
SorinS28: folds 
*** FLOP *** [4d 6h Td]
Manifestorr: checks 
DeniX0306: checks 
*** TURN *** [4d 6h Td] [2h]
Manifestorr: checks 
DeniX0306: checks 
*** RIVER *** [4d 6h Td 2h] [8s]
Manifestorr: checks 
DeniX0306: bets $2.80
Manifestorr: folds 
Uncalled bet ($2.80) returned to DeniX0306
DeniX0306 collected $5.60 from pot
DeniX0306: doesn't show hand 
*** SUMMARY ***
Total pot $5.90 | Rake $0.30 
Board [4d 6h Td 2h 8s]
Seat 1: DeniX0306 (button) collected ($5.60)
Seat 2: tintin641 (small blind) folded before Flop
Seat 3: SorinS28 (big blind) folded before Flop
Seat 4: Manifestorr folded on the River
Seat 5: An1an1 folded before Flop (didn't bet)
Seat 6: m0nTTu folded before Flop (didn't bet)



PokerStars Hand #254679394548:  Hold'em No Limit ($0.50/$1.00 USD) - 2025/02/02 23:00:49 WET [2025/02/02 18:00:49 ET]
Table 'Guangxi' 6-max Seat #2 is the button
Seat 1: DeniX0306 ($84.28 in chips) 
Seat 2: tintin641 ($100 in chips) 
Seat 3: SorinS28 ($115.56 in chips) 
Seat 4: Manifestorr ($100 in chips) 
Seat 5: An1an1 ($128.38 in chips) 
Seat 6: m0nTTu ($11.78 in chips) 
SorinS28: posts small blind $0.50
Manifestorr: posts big blind $1
*** HOLE CARDS ***
An1an1: folds 
m0nTTu: folds 
DeniX0306: raises $2 to $3
tintin641: folds 
SorinS28: folds 
Manifestorr: calls $2
*** FLOP *** [8s Td 6d]
Manifestorr: checks 
DeniX0306: bets $3.09
Manifestorr: calls $3.09
*** TURN *** [8s Td 6d] [2h]
Manifestorr: checks 
DeniX0306: bets $12.05
Manifestorr: calls $12.05
*** RIVER *** [8s Td 6d 2h] [Jc]
Manifestorr: checks 
DeniX0306: bets $34.94
Manifestorr: folds 
Uncalled bet ($34.94) returned to DeniX0306
DeniX0306 collected $34.94 from pot
DeniX0306: doesn't show hand 
*** SUMMARY ***
Total pot $36.78 | Rake $1.84 
Board [8s Td 6d 2h Jc]
Seat 1: DeniX0306 collected ($34.94)
Seat 2: tintin641 (button) folded before Flop (didn't bet)
Seat 3: SorinS28 (small blind) folded before Flop
Seat 4: Manifestorr (big blind) folded on the River
Seat 5: An1an1 folded before Flop (didn't bet)
Seat 6: m0nTTu folded before Flop (didn't bet)



PokerStars Hand #254679409724:  Hold'em No Limit ($0.50/$1.00 USD) - 2025/02/02 23:01:50 WET [2025/02/02 18:01:50 ET]
Table 'Guangxi' 6-max Seat #3 is the button
Seat 1: DeniX0306 ($101.08 in chips) 
Seat 2: tintin641 ($100 in chips) 
Seat 3: SorinS28 ($115.06 in chips) 
Seat 4: Manifestorr ($100 in chips) 
Seat 5: An1an1 ($128.38 in chips) 
Seat 6: m0nTTu ($11.78 in chips) 
Manifestorr: posts small blind $0.50
An1an1: posts big blind $1
*** HOLE CARDS ***
m0nTTu: folds 
DeniX0306: folds 
tintin641: raises $1.50 to $2.50
SorinS28: folds 
Manifestorr: folds 
An1an1: calls $1.50
*** FLOP *** [Th 8c 4h]
An1an1: checks 
tintin641: checks 
*** TURN *** [Th 8c 4h] [3d]
An1an1: bets $6.53
tintin641: folds 
Uncalled bet ($6.53) returned to An1an1
An1an1 collected $5.22 from pot
An1an1: doesn't show hand 
*** SUMMARY ***
Total pot $5.50 | Rake $0.28 
Board [Th 8c 4h 3d]
Seat 1: DeniX0306 folded before Flop (didn't bet)
Seat 2: tintin641 folded on the Turn
Seat 3: SorinS28 (button) folded before Flop (didn't bet)
Seat 4: Manifestorr (small blind) folded before Flop
Seat 5: An1an1 (big blind) collected ($5.22)
Seat 6: m0nTTu folded before Flop (didn't bet)



PokerStars Hand #254679421625:  Hold'em No Limit ($0.50/$1.00 USD) - 2025/02/02 23:02:35 WET [2025/02/02 18:02:35 ET]
Table 'Guangxi' 6-max Seat #4 is the button
Seat 1: DeniX0306 ($101.08 in chips) 
Seat 2: tintin641 ($100 in chips) 
Seat 3: SorinS28 ($115.06 in chips) 
Seat 4: Manifestorr ($100 in chips) 
Seat 5: An1an1 ($131.10 in chips) 
Seat 6: m0nTTu ($11.78 in chips) 
An1an1: posts small blind $0.50
m0nTTu: posts big blind $1
*** HOLE CARDS ***
DeniX0306: calls $1
tintin641: folds 
SorinS28: folds 
Manifestorr: folds 
An1an1: raises $4 to $5
m0nTTu: folds 
DeniX0306: calls $4
*** FLOP *** [Tc 4s 3s]
An1an1: bets $10.45
DeniX0306: folds 
Uncalled bet ($10.45) returned to An1an1
An1an1 collected $10.45 from pot
An1an1: doesn't show hand 
*** SUMMARY ***
Total pot $11 | Rake $0.55 
Board [Tc 4s 3s]
Seat 1: DeniX0306 folded on the Flop
Seat 2: tintin641 folded before Flop (didn't bet)
Seat 3: SorinS28 folded before Flop (didn't bet)
Seat 4: Manifestorr (button) folded before Flop (didn't bet)
Seat 5: An1an1 (small blind) collected ($10.45)
Seat 6: m0nTTu (big blind) folded before Flop



PokerStars Hand #254679432491:  Hold'em No Limit ($0.50/$1.00 USD) - 2025/02/02 23:03:13 WET [2025/02/02 18:03:13 ET]
Table 'Guangxi' 6-max Seat #5 is the button
Seat 1: DeniX0306 ($96.08 in chips) 
Seat 2: tintin641 ($100 in chips) 
Seat 3: SorinS28 ($115.06 in chips) 
Seat 4: Manifestorr ($100 in chips) 
Seat 5: An1an1 ($136.55 in chips) 
Seat 6: m0nTTu ($10.78 in chips) 
m0nTTu: posts small blind $0.50
DeniX0306: posts big blind $1
*** HOLE CARDS ***
tintin641: folds 
SorinS28: raises $1.02 to $2.02
Manifestorr: folds 
An1an1: folds 
m0nTTu: folds 
DeniX0306: calls $1.02
*** FLOP *** [5h Ks Jd]
DeniX0306: bets $2
SorinS28: calls $2
*** TURN *** [5h Ks Jd] [6h]
DeniX0306: checks 
SorinS28: bets $6.08
DeniX0306: calls $6.08
*** RIVER *** [5h Ks Jd 6h] [2s]
DeniX0306: checks 
SorinS28: checks 
*** SHOW DOWN ***
DeniX0306: shows [Jc Td] (a pair of Jacks)
SorinS28: mucks hand 
DeniX0306 collected $19.66 from pot
*** SUMMARY ***
Total pot $20.70 | Rake $1.04 
Board [5h Ks Jd 6h 2s]
Seat 1: DeniX0306 (big blind) showed [Jc Td] and won ($19.66) with a pair of Jacks
Seat 2: tintin641 folded before Flop (didn't bet)
Seat 3: SorinS28 mucked
Seat 4: Manifestorr folded before Flop (didn't bet)
Seat 5: An1an1 (button) folded before Flop (didn't bet)
Seat 6: m0nTTu (small blind) folded before Flop



PokerStars Hand #254679449464:  Hold'em No Limit ($0.50/$1.00 USD) - 2025/02/02 23:04:13 WET [2025/02/02 18:04:13 ET]
Table 'Guangxi' 6-max Seat #6 is the button
Seat 1: DeniX0306 ($105.64 in chips) 
Seat 2: tintin641 ($100 in chips) 
Seat 3: SorinS28 ($104.96 in chips) 
Seat 4: Manifestorr ($100 in chips) 
Seat 5: An1an1 ($136.55 in chips) 
Seat 6: m0nTTu ($10.28 in chips) 
DeniX0306: posts small blind $0.50
tintin641: posts big blind $1
*** HOLE CARDS ***
SorinS28: folds 
Manifestorr: folds 
An1an1: folds 
m0nTTu: raises $9.28 to $10.28 and is all-in
DeniX0306: folds 
tintin641: folds 
Uncalled bet ($9.28) returned to m0nTTu
m0nTTu collected $2.50 from pot
m0nTTu: doesn't show hand 
*** SUMMARY ***
Total pot $2.50 | Rake $0 
Seat 1: DeniX0306 (small blind) folded before Flop
Seat 2: tintin641 (big blind) folded before Flop
Seat 3: SorinS28 folded before Flop (didn't bet)
Seat 4: Manifestorr folded before Flop (didn't bet)
Seat 5: An1an1 folded before Flop (didn't bet)
Seat 6: m0nTTu (button) collected ($2.50)



PokerStars Hand #254679456505:  Hold'em No Limit ($0.50/$1.00 USD) - 2025/02/02 23:04:38 WET [2025/02/02 18:04:38 ET]
Table 'Guangxi' 6-max Seat #1 is the button
Seat 1: DeniX0306 ($105.14 in chips) 
Seat 2: tintin641 ($100 in chips) 
Seat 3: SorinS28 ($104.96 in chips) 
Seat 4: Manifestorr ($100 in chips) 
Seat 5: An1an1 ($136.55 in chips) 
Seat 6: m0nTTu ($11.78 in chips) 
tintin641: posts small blind $0.50
SorinS28: posts big blind $1
*** HOLE CARDS ***
Manifestorr: folds 
An1an1: raises $1 to $2
m0nTTu: folds 
DeniX0306: folds 
tintin641: folds 
SorinS28: calls $1
*** FLOP *** [Qh Tc 7s]
SorinS28: checks 
An1an1: checks 
*** TURN *** [Qh Tc 7s] [3c]
SorinS28: bets $7.88
An1an1: calls $7.88
*** RIVER *** [Qh Tc 7s 3c] [2d]
SorinS28: checks 
An1an1: checks 
*** SHOW DOWN ***
SorinS28: shows [Kc Qd] (a pair of Queens)
An1an1: mucks hand 
SorinS28 collected $19.25 from pot
*** SUMMARY ***
Total pot $20.26 | Rake $1.01 
Board [Qh Tc 7s 3c 2d]
Seat 1: DeniX0306 (button) folded before Flop (didn't bet)
Seat 2: tintin641 (small blind) folded before Flop
Seat 3: SorinS28 (big blind) showed [Kc Qd] and won ($19.25) with a pair of Queens
Seat 4: Manifestorr folded before Flop (didn't bet)
Seat 5: An1an1 mucked
Seat 6: m0nTTu folded before Flop (didn't bet)



PokerStars Hand #254679487011:  Hold'em No Limit ($0.50/$1.00 USD) - 2025/02/02 23:06:24 WET [2025/02/02 18:06:24 ET]
Table 'Guangxi' 6-max Seat #2 is the button
Seat 1: DeniX0306 ($105.14 in chips) 
Seat 2: tintin641 ($100 in chips) 
Seat 3: SorinS28 ($114.33 in chips) 
Seat 4: Manifestorr ($100 in chips) 
Seat 5: An1an1 ($126.67 in chips) 
Seat 6: m0nTTu ($11.78 in chips) 
SorinS28: posts small blind $0.50
Manifestorr: posts big blind $1
*** HOLE CARDS ***
An1an1: folds 
m0nTTu: folds 
DeniX0306: raises $1 to $2
tintin641: folds 
SorinS28: folds 
Manifestorr: folds 
Uncalled bet ($1) returned to DeniX0306
DeniX0306 collected $2.50 from pot
DeniX0306: doesn't show hand 
*** SUMMARY ***
Total pot $2.50 | Rake $0 
Seat 1: DeniX0306 collected ($2.50)
Seat 2: tintin641 (button) folded before Flop (didn't bet)
Seat 3: SorinS28 (small blind) folded before Flop
Seat 4: Manifestorr (big blind) folded before Flop
Seat 5: An1an1 folded before Flop (didn't bet)
Seat 6: m0nTTu folded before Flop (didn't bet)



PokerStars Hand #254679494753:  Hold'em No Limit ($0.50/$1.00 USD) - 2025/02/02 23:06:51 WET [2025/02/02 18:06:51 ET]
Table 'Guangxi' 6-max Seat #3 is the button
Seat 1: DeniX0306 ($106.64 in chips) 
Seat 2: tintin641 ($100 in chips) 
Seat 3: SorinS28 ($113.83 in chips) 
Seat 4: Manifestorr ($100 in chips) 
Seat 5: An1an1 ($126.67 in chips) 
Seat 6: m0nTTu ($11.78 in chips) 
Manifestorr: posts small blind $0.50
An1an1: posts big blind $1
*** HOLE CARDS ***
m0nTTu: folds 
DeniX0306: calls $1
tintin641: folds 
SorinS28: folds 
Manifestorr: raises $4 to $5
An1an1: folds 
DeniX0306: calls $4
*** FLOP *** [4d Ks Td]
Manifestorr: bets $5.23
DeniX0306: folds 
Uncalled bet ($5.23) returned to Manifestorr
Manifestorr collected $10.45 from pot
*** SUMMARY ***
Total pot $11 | Rake $0.55 
Board [4d Ks Td]
Seat 1: DeniX0306 folded on the Flop
Seat 2: tintin641 folded before Flop (didn't bet)
Seat 3: SorinS28 (button) folded before Flop (didn't bet)
Seat 4: Manifestorr (small blind) collected ($10.45)
Seat 5: An1an1 (big blind) folded before Flop
Seat 6: m0nTTu folded before Flop (didn't bet)



PokerStars Hand #254679504394:  Hold'em No Limit ($0.50/$1.00 USD) - 2025/02/02 23:07:26 WET [2025/02/02 18:07:26 ET]
Table 'Guangxi' 6-max Seat #4 is the button
Seat 1: DeniX0306 ($101.64 in chips) 
Seat 2: tintin641 ($100 in chips) 
Seat 3: SorinS28 ($113.83 in chips) 
Seat 4: Manifestorr ($105.45 in chips) 
Seat 5: An1an1 ($125.67 in chips) 
Seat 6: m0nTTu ($11.78 in chips) 
An1an1: posts small blind $0.50
m0nTTu: posts big blind $1
*** HOLE CARDS ***
DeniX0306: folds 
tintin641: folds 
SorinS28: folds 
Manifestorr: raises $1.20 to $2.20
An1an1: folds 
m0nTTu: folds 
Uncalled bet ($1.20) returned to Manifestorr
Manifestorr collected $2.50 from pot
*** SUMMARY ***
Total pot $2.50 | Rake $0 
Seat 1: DeniX0306 folded before Flop (didn't bet)
Seat 2: tintin641 folded before Flop (didn't bet)
Seat 3: SorinS28 folded before Flop (didn't bet)
Seat 4: Manifestorr (button) collected ($2.50)
Seat 5: An1an1 (small blind) folded before Flop
Seat 6: m0nTTu (big blind) folded before Flop



PokerStars Hand #254679508743:  Hold'em No Limit ($0.50/$1.00 USD) - 2025/02/02 23:07:41 WET [2025/02/02 18:07:41 ET]
Table 'Guangxi' 6-max Seat #5 is the button
Seat 1: DeniX0306 ($101.64 in chips) 
Seat 2: tintin641 ($100 in chips) 
Seat 3: SorinS28 ($113.83 in chips) 
Seat 4: Manifestorr ($106.95 in chips) 
Seat 5: An1an1 ($125.17 in chips) 
Seat 6: m0nTTu ($10.78 in chips) 
m0nTTu: posts small blind $0.50
DeniX0306: posts big blind $1
*** HOLE CARDS ***
tintin641: raises $1.50 to $2.50
SorinS28: folds 
Manifestorr: folds 
An1an1: folds 
m0nTTu: folds 
DeniX0306: calls $1.50
*** FLOP *** [6c 3c 8s]
DeniX0306: checks 
tintin641: checks 
*** TURN *** [6c 3c 8s] [3d]
DeniX0306: bets $3
tintin641: calls $3
*** RIVER *** [6c 3c 8s 3d] [As]
DeniX0306: bets $5.46
tintin641: raises $10.92 to $16.38
DeniX0306: calls $10.92
*** SHOW DOWN ***
tintin641: shows [Ts Ac] (two pair, Aces and Threes)
DeniX0306: mucks hand 
tintin641 collected $42.05 from pot
*** SUMMARY ***
Total pot $44.26 | Rake $2.21 
Board [6c 3c 8s 3d As]
Seat 1: DeniX0306 (big blind) mucked
Seat 2: tintin641 showed [Ts Ac] and won ($42.05) with two pair, Aces and Threes
Seat 3: SorinS28 folded before Flop (didn't bet)
Seat 4: Manifestorr folded before Flop (didn't bet)
Seat 5: An1an1 (button) folded before Flop (didn't bet)
Seat 6: m0nTTu (small blind) folded before Flop



PokerStars Hand #254679530438:  Hold'em No Limit ($0.50/$1.00 USD) - 2025/02/02 23:08:58 WET [2025/02/02 18:08:58 ET]
Table 'Guangxi' 6-max Seat #6 is the button
Seat 1: DeniX0306 ($79.76 in chips) 
Seat 2: tintin641 ($120.17 in chips) 
Seat 3: SorinS28 ($113.83 in chips) 
Seat 4: Manifestorr ($106.95 in chips) 
Seat 5: An1an1 ($125.17 in chips) 
Seat 6: m0nTTu ($10.28 in chips) 
DeniX0306: posts small blind $0.50
tintin641: posts big blind $1
*** HOLE CARDS ***
SorinS28: folds 
Manifestorr: folds 
An1an1: raises $1 to $2
m0nTTu: folds 
DeniX0306: raises $5 to $7
tintin641: folds 
An1an1: calls $5
*** FLOP *** [4c 7d Tc]
m0nTTu leaves the table
DeniX0306: bets $14.25
uuzka joins the table at seat #6 
An1an1: raises $103.92 to $118.17 and is all-in
DeniX0306: calls $58.51 and is all-in
Uncalled bet ($45.41) returned to An1an1
*** TURN *** [4c 7d Tc] [7h]
*** RIVER *** [4c 7d Tc 7h] [2h]
*** SHOW DOWN ***
DeniX0306: shows [Kh As] (a pair of Sevens)
An1an1: shows [7c 6c] (three of a kind, Sevens)
An1an1 cashed out the hand for $135.61 | Cash Out Fee $2.77
*** SUMMARY ***
Total pot $160.52 | Rake $2.50 
Board [4c 7d Tc 7h 2h]
Seat 1: DeniX0306 (small blind) showed [Kh As] and lost with a pair of Sevens
Seat 2: tintin641 (big blind) folded before Flop
Seat 3: SorinS28 folded before Flop (didn't bet)
Seat 4: Manifestorr folded before Flop (didn't bet)
Seat 5: An1an1 showed [7c 6c] and won ($158.02) with three of a kind, Sevens (pot not awarded as player cashed out)
Seat 6: m0nTTu (button) folded before Flop (didn't bet)



PokerStars Hand #254679548370:  Hold'em No Limit ($0.50/$1.00 USD) - 2025/02/02 23:10:01 WET [2025/02/02 18:10:01 ET]
Table 'Guangxi' 6-max Seat #2 is the button
Seat 1: DeniX0306 ($0 in chips) is sitting out
Seat 6: uuzka ($100 in chips) is sitting out
Seat 2: tintin641 ($119.17 in chips) 
Seat 3: SorinS28 ($113.83 in chips) 
Seat 4: Manifestorr ($106.95 in chips) 
Seat 5: An1an1 ($181.02 in chips) 
SorinS28: posts small blind $0.50
Manifestorr: posts big blind $1
uuzka: sits out 
*** HOLE CARDS ***
An1an1: raises $1 to $2
tintin641: folds 
SorinS28: folds 
Manifestorr: folds 
Uncalled bet ($1) returned to An1an1
An1an1 collected $2.50 from pot
An1an1: doesn't show hand 
*** SUMMARY ***
Total pot $2.50 | Rake $0 
Seat 1: DeniX0306
Seat 6: uuzka
Seat 2: tintin641 (button) folded before Flop (didn't bet)
Seat 3: SorinS28 (small blind) folded before Flop
Seat 4: Manifestorr (big blind) folded before Flop
Seat 5: An1an1 collected ($2.50)



PokerStars Hand #254679551675:  Hold'em No Limit ($0.50/$1.00 USD) - 2025/02/02 23:10:13 WET [2025/02/02 18:10:13 ET]
Table 'Guangxi' 6-max Seat #3 is the button
Seat 1: DeniX0306 ($0 in chips) is sitting out
Seat 5: An1an1 ($182.52 in chips) is sitting out
Seat 2: tintin641 ($119.17 in chips) 
Seat 3: SorinS28 ($113.33 in chips) 
Seat 4: Manifestorr ($105.95 in chips) 
Seat 6: uuzka ($100 in chips) 
Manifestorr: posts small blind $0.50
An1an1: is sitting out 
uuzka: posts big blind $1
*** HOLE CARDS ***
tintin641: folds 
SorinS28: folds 
Manifestorr: folds 
Uncalled bet ($0.50) returned to uuzka
uuzka collected $1 from pot
uuzka: doesn't show hand 
*** SUMMARY ***
Total pot $1 | Rake $0 
Seat 1: DeniX0306
Seat 5: An1an1
Seat 2: tintin641 folded before Flop (didn't bet)
Seat 3: SorinS28 (button) folded before Flop (didn't bet)
Seat 4: Manifestorr (small blind) folded before Flop
Seat 6: uuzka (big blind) collected ($1)



PokerStars Hand #254679553664:  Hold'em No Limit ($0.50/$1.00 USD) - 2025/02/02 23:10:20 WET [2025/02/02 18:10:20 ET]
Table 'Guangxi' 6-max Seat #4 is the button
Seat 1: DeniX0306 ($0 in chips) is sitting out
Seat 5: An1an1 ($182.52 in chips) is sitting out
Seat 2: tintin641 ($119.17 in chips) 
Seat 3: SorinS28 ($113.33 in chips) 
Seat 4: Manifestorr ($105.45 in chips) 
Seat 6: uuzka ($100.50 in chips) 
uuzka: posts small blind $0.50
tintin641: posts big blind $1
*** HOLE CARDS ***
An1an1 leaves the table
SorinS28: folds 
DeniX0306 leaves the table
Manifestorr: raises $1.20 to $2.20
uuzka: raises $8.48 to $10.68
tintin641: folds 
Manifestorr: folds 
Uncalled bet ($8.48) returned to uuzka
uuzka collected $5.40 from pot
uuzka: doesn't show hand 
*** SUMMARY ***
Total pot $5.40 | Rake $0 
Seat 1: DeniX0306
Seat 5: An1an1
Seat 2: tintin641 (big blind) folded before Flop
Seat 3: SorinS28 folded before Flop (didn't bet)
Seat 4: Manifestorr (button) folded before Flop
Seat 6: uuzka (small blind) collected ($5.40)



PokerStars Hand #254679562012:  Hold'em No Limit ($0.50/$1.00 USD) - 2025/02/02 23:10:49 WET [2025/02/02 18:10:49 ET]
Table 'Guangxi' 6-max Seat #2 is the button
Seat 3: SorinS28 ($113.33 in chips) is sitting out
Seat 4: Manifestorr ($103.25 in chips) is sitting out
Seat 2: tintin641 ($118.17 in chips) 
Seat 6: uuzka ($103.70 in chips) 
tintin641: posts small blind $0.50
SorinS28: is sitting out 
Manifestorr: is sitting out 
uuzka: posts big blind $1
*** HOLE CARDS ***
SorinS28 leaves the table
tintin641: raises $1.50 to $2.50
Manifestorr leaves the table
uuzka: folds 
Uncalled bet ($1.50) returned to tintin641
tintin641 collected $2 from pot
tintin641: doesn't show hand 
uuzka leaves the table
*** SUMMARY ***
Total pot $2 | Rake $0 
Seat 3: SorinS28
Seat 4: Manifestorr
Seat 2: tintin641 (button) (small blind) collected ($2)
Seat 6: uuzka (big blind) folded before Flop



