PokerStars Hand #254682419744:  Hold'em No Limit ($0.50/$1.00 USD) - 2025/02/02 2:27:30 WET [2025/02/02 21:27:30 ET]
Table 'Italia' 6-max Seat #3 is the button
Seat 4: skars07 ($100 in chips) is sitting out
Seat 6: TheAveiro ($11 in chips) is sitting out
Seat 1: Sam88969 ($13.49 in chips) 
Seat 2: Espada Fish ($100 in chips) 
Seat 3: Supermegopro ($100.47 in chips) 
Seat 5: XneferX ($102.88 in chips) 
XneferX: posts small blind $0.50
Sam88969: posts big blind $1
*** HOLE CARDS ***
Espada Fish: raises $1.20 to $2.20
Supermegopro: folds 
XneferX: folds 
Sam88969: calls $1.20
*** FLOP *** [3d 5c 6h]
Sam88969: checks 
Espada Fish: checks 
*** TURN *** [3d 5c 6h] [2h]
Sam88969: checks 
Espada Fish: checks 
*** RIVER *** [3d 5c 6h 2h] [6s]
Sam88969: bets $1
Espada Fish: calls $1
*** SHOW DOWN ***
Sam88969: shows [6d Jd] (three of a kind, Sixes)
Espada Fish: mucks hand 
Sam88969 collected $6.48 from pot
*** SUMMARY ***
Total pot $6.90 | Rake $0.42 
Board [3d 5c 6h 2h 6s]
Seat 4: skars07
Seat 6: TheAveiro
Seat 1: Sam88969 (big blind) showed [6d Jd] and won ($6.48) with three of a kind, Sixes
Seat 2: Espada Fish mucked
Seat 3: Supermegopro (button) folded before Flop (didn't bet)
Seat 5: XneferX (small blind) folded before Flop



PokerStars Hand #254682425248:  Hold'em No Limit ($0.50/$1.00 USD) - 2025/02/02 2:28:08 WET [2025/02/02 21:28:08 ET]
Table 'Italia' 6-max Seat #5 is the button
Seat 4: skars07 ($100 in chips) is sitting out
Seat 6: TheAveiro ($11 in chips) is sitting out
Seat 1: Sam88969 ($16.77 in chips) 
Seat 2: Espada Fish ($100 in chips) 
Seat 3: Supermegopro ($100.47 in chips) 
Seat 5: XneferX ($102.38 in chips) 
Sam88969: posts small blind $0.50
Espada Fish: posts big blind $1
skars07: sits out 
*** HOLE CARDS ***
Supermegopro: folds 
XneferX: raises $1.77 to $2.77
Sam88969: calls $2.27
Espada Fish: folds 
*** FLOP *** [Ac 5d 2c]
Sam88969: checks 
XneferX: bets $2.11
Sam88969: folds 
Uncalled bet ($2.11) returned to XneferX
XneferX collected $6.21 from pot
XneferX: doesn't show hand 
*** SUMMARY ***
Total pot $6.54 | Rake $0.33 
Board [Ac 5d 2c]
Seat 4: skars07
Seat 6: TheAveiro
Seat 1: Sam88969 (small blind) folded on the Flop
Seat 2: Espada Fish (big blind) folded before Flop
Seat 3: Supermegopro folded before Flop (didn't bet)
Seat 5: XneferX (button) collected ($6.21)



PokerStars Hand #254682428032:  Hold'em No Limit ($0.50/$1.00 USD) - 2025/02/02 2:28:26 WET [2025/02/02 21:28:26 ET]
Table 'Italia' 6-max Seat #1 is the button
Seat 4: skars07 ($100 in chips) is sitting out
Seat 6: TheAveiro ($11 in chips) is sitting out
Seat 1: Sam88969 ($14 in chips) 
Seat 2: Espada Fish ($100 in chips) 
Seat 3: Supermegopro ($100.47 in chips) 
Seat 5: XneferX ($105.82 in chips) 
Espada Fish: posts small blind $0.50
Supermegopro: posts big blind $1
skars07: sits out 
TheAveiro: sits out 
*** HOLE CARDS ***
XneferX: folds 
Sam88969: folds 
Espada Fish: folds 
Uncalled bet ($0.50) returned to Supermegopro
Supermegopro collected $1 from pot
Supermegopro: doesn't show hand 
*** SUMMARY ***
Total pot $1 | Rake $0 
Seat 4: skars07
Seat 6: TheAveiro
Seat 1: Sam88969 (button) folded before Flop (didn't bet)
Seat 2: Espada Fish (small blind) folded before Flop
Seat 3: Supermegopro (big blind) collected ($1)
Seat 5: XneferX folded before Flop (didn't bet)



PokerStars Hand #254682429588:  Hold'em No Limit ($0.50/$1.00 USD) - 2025/02/02 2:28:37 WET [2025/02/02 21:28:37 ET]
Table 'Italia' 6-max Seat #2 is the button
Seat 6: TheAveiro ($11 in chips) is sitting out
Seat 1: Sam88969 ($14 in chips) 
Seat 2: Espada Fish ($100 in chips) 
Seat 3: Supermegopro ($100.97 in chips) 
Seat 4: skars07 ($100 in chips) 
Seat 5: XneferX ($105.82 in chips) 
Supermegopro: posts small blind $0.50
skars07: posts big blind $1
TheAveiro: sits out 
*** HOLE CARDS ***
XneferX: folds 
Sam88969: folds 
Espada Fish: folds 
Supermegopro: raises $2 to $3
skars07: folds 
Uncalled bet ($2) returned to Supermegopro
Supermegopro collected $2 from pot
Supermegopro: doesn't show hand 
*** SUMMARY ***
Total pot $2 | Rake $0 
Seat 6: TheAveiro
Seat 1: Sam88969 folded before Flop (didn't bet)
Seat 2: Espada Fish (button) folded before Flop (didn't bet)
Seat 3: Supermegopro (small blind) collected ($2)
Seat 4: skars07 (big blind) folded before Flop
Seat 5: XneferX folded before Flop (didn't bet)



PokerStars Hand #254682432132:  Hold'em No Limit ($0.50/$1.00 USD) - 2025/02/02 2:28:55 WET [2025/02/02 21:28:55 ET]
Table 'Italia' 6-max Seat #3 is the button
Seat 6: TheAveiro ($11 in chips) is sitting out
Seat 1: Sam88969 ($14 in chips) 
Seat 2: Espada Fish ($100 in chips) 
Seat 3: Supermegopro ($101.97 in chips) 
Seat 4: skars07 ($100 in chips) 
Seat 5: XneferX ($105.82 in chips) 
skars07: posts small blind $0.50
XneferX: posts big blind $1
TheAveiro: sits out 
*** HOLE CARDS ***
Sam88969: calls $1
Espada Fish: raises $2.50 to $3.50
Supermegopro: folds 
skars07: folds 
XneferX: folds 
Sam88969: folds 
Uncalled bet ($2.50) returned to Espada Fish
Espada Fish collected $3.50 from pot
Espada Fish: doesn't show hand 
*** SUMMARY ***
Total pot $3.50 | Rake $0 
Seat 6: TheAveiro
Seat 1: Sam88969 folded before Flop
Seat 2: Espada Fish collected ($3.50)
Seat 3: Supermegopro (button) folded before Flop (didn't bet)
Seat 4: skars07 (small blind) folded before Flop
Seat 5: XneferX (big blind) folded before Flop



PokerStars Hand #254682435658:  Hold'em No Limit ($0.50/$1.00 USD) - 2025/02/02 2:29:19 WET [2025/02/02 21:29:19 ET]
Table 'Italia' 6-max Seat #4 is the button
Seat 1: Sam88969 ($13 in chips) 
Seat 2: Espada Fish ($102.50 in chips) 
Seat 3: Supermegopro ($101.97 in chips) 
Seat 4: skars07 ($100 in chips) 
Seat 5: XneferX ($104.82 in chips) 
Seat 6: TheAveiro ($11 in chips) 
XneferX: posts small blind $0.50
TheAveiro: posts big blind $1
*** HOLE CARDS ***
Sam88969: calls $1
Espada Fish: folds 
Supermegopro: folds 
skars07: folds 
XneferX: calls $0.50
TheAveiro: raises $10 to $11 and is all-in
Sam88969: folds 
XneferX: calls $10
*** FLOP *** [9d 3d Td]
*** TURN *** [9d 3d Td] [3s]
*** RIVER *** [9d 3d Td 3s] [6c]
*** SHOW DOWN ***
XneferX: shows [5c 5d] (two pair, Fives and Threes)
TheAveiro: shows [Qc Ks] (a pair of Threes)
XneferX cashed out the hand for $11.37 | Cash Out Fee $0.23
TheAveiro cashed out the hand for $10.05 | Cash Out Fee $0.20
*** SUMMARY ***
Total pot $23 | Rake $1.15 
Board [9d 3d Td 3s 6c]
Seat 1: Sam88969 folded before Flop
Seat 2: Espada Fish folded before Flop (didn't bet)
Seat 3: Supermegopro folded before Flop (didn't bet)
Seat 4: skars07 (button) folded before Flop (didn't bet)
Seat 5: XneferX (small blind) showed [5c 5d] and won ($21.85) with two pair, Fives and Threes (pot not awarded as player cashed out)
Seat 6: TheAveiro (big blind) showed [Qc Ks] and lost with a pair of Threes (cashed out).



PokerStars Hand #254682442935:  Hold'em No Limit ($0.50/$1.00 USD) - 2025/02/02 2:30:09 WET [2025/02/02 21:30:09 ET]
Table 'Italia' 6-max Seat #5 is the button
Seat 1: Sam88969 ($12 in chips) 
Seat 2: Espada Fish ($102.50 in chips) 
Seat 3: Supermegopro ($101.97 in chips) 
Seat 4: skars07 ($100 in chips) 
Seat 5: XneferX ($105.19 in chips) 
Seat 6: TheAveiro ($10.05 in chips) 
TheAveiro: posts small blind $0.50
Sam88969: posts big blind $1
*** HOLE CARDS ***
Espada Fish: folds 
Supermegopro: folds 
skars07: folds 
XneferX: folds 
TheAveiro: folds 
Uncalled bet ($0.50) returned to Sam88969
Sam88969 collected $1 from pot
*** SUMMARY ***
Total pot $1 | Rake $0 
Seat 1: Sam88969 (big blind) collected ($1)
Seat 2: Espada Fish folded before Flop (didn't bet)
Seat 3: Supermegopro folded before Flop (didn't bet)
Seat 4: skars07 folded before Flop (didn't bet)
Seat 5: XneferX (button) folded before Flop (didn't bet)
Seat 6: TheAveiro (small blind) folded before Flop



PokerStars Hand #254682444664:  Hold'em No Limit ($0.50/$1.00 USD) - 2025/02/02 2:30:21 WET [2025/02/02 21:30:21 ET]
Table 'Italia' 6-max Seat #6 is the button
Seat 1: Sam88969 ($12.50 in chips) 
Seat 2: Espada Fish ($102.50 in chips) 
Seat 3: Supermegopro ($101.97 in chips) 
Seat 4: skars07 ($100 in chips) 
Seat 5: XneferX ($105.19 in chips) 
Seat 6: TheAveiro ($10 in chips) 
Sam88969: posts small blind $0.50
Espada Fish: posts big blind $1
*** HOLE CARDS ***
Supermegopro: folds 
skars07: folds 
XneferX: raises $1.30 to $2.30
TheAveiro: folds 
Sam88969: folds 
Espada Fish: raises $9.70 to $12
XneferX: folds 
Uncalled bet ($9.70) returned to Espada Fish
Espada Fish collected $5.10 from pot
Espada Fish: doesn't show hand 
*** SUMMARY ***
Total pot $5.10 | Rake $0 
Seat 1: Sam88969 (small blind) folded before Flop
Seat 2: Espada Fish (big blind) collected ($5.10)
Seat 3: Supermegopro folded before Flop (didn't bet)
Seat 4: skars07 folded before Flop (didn't bet)
Seat 5: XneferX folded before Flop
Seat 6: TheAveiro (button) folded before Flop (didn't bet)



PokerStars Hand #254682452775:  Hold'em No Limit ($0.50/$1.00 USD) - 2025/02/02 2:31:16 WET [2025/02/02 21:31:16 ET]
Table 'Italia' 6-max Seat #1 is the button
Seat 1: Sam88969 ($12 in chips) 
Seat 2: Espada Fish ($105.30 in chips) 
Seat 3: Supermegopro ($101.97 in chips) 
Seat 4: skars07 ($100 in chips) 
Seat 5: XneferX ($102.89 in chips) 
Seat 6: TheAveiro ($10 in chips) 
Espada Fish: posts small blind $0.50
Supermegopro: posts big blind $1
*** HOLE CARDS ***
skars07: folds 
XneferX: folds 
TheAveiro: folds 
Sam88969: calls $1
Espada Fish: raises $3 to $4
Supermegopro: folds 
Sam88969: folds 
Uncalled bet ($3) returned to Espada Fish
Espada Fish collected $3 from pot
Espada Fish: doesn't show hand 
*** SUMMARY ***
Total pot $3 | Rake $0 
Seat 1: Sam88969 (button) folded before Flop
Seat 2: Espada Fish (small blind) collected ($3)
Seat 3: Supermegopro (big blind) folded before Flop
Seat 4: skars07 folded before Flop (didn't bet)
Seat 5: XneferX folded before Flop (didn't bet)
Seat 6: TheAveiro folded before Flop (didn't bet)



PokerStars Hand #254682455575:  Hold'em No Limit ($0.50/$1.00 USD) - 2025/02/02 2:31:35 WET [2025/02/02 21:31:35 ET]
Table 'Italia' 6-max Seat #2 is the button
Seat 1: Sam88969 ($11 in chips) 
Seat 2: Espada Fish ($107.30 in chips) 
Seat 3: Supermegopro ($100.97 in chips) 
Seat 4: skars07 ($100 in chips) 
Seat 5: XneferX ($102.89 in chips) 
Seat 6: TheAveiro ($10 in chips) 
Supermegopro: posts small blind $0.50
skars07: posts big blind $1
*** HOLE CARDS ***
XneferX: folds 
TheAveiro: folds 
Sam88969: calls $1
Espada Fish: raises $2.50 to $3.50
Supermegopro: folds 
skars07: folds 
Sam88969: calls $2.50
*** FLOP *** [3s Qc 5h]
Sam88969: bets $1
Espada Fish: raises $7.56 to $8.56
Sam88969: calls $6.50 and is all-in
Uncalled bet ($1.06) returned to Espada Fish
*** TURN *** [3s Qc 5h] [Qs]
*** RIVER *** [3s Qc 5h Qs] [Jc]
*** SHOW DOWN ***
Sam88969: shows [Kc Ac] (a pair of Queens)
Espada Fish: shows [Ks As] (a pair of Queens)
Sam88969 collected $11.01 from pot
Espada Fish collected $11.16 from pot
*** SUMMARY ***
Total pot $23.50 | Rake $1.33 
Board [3s Qc 5h Qs Jc]
Seat 1: Sam88969 showed [Kc Ac] and won ($11.01) with a pair of Queens
Seat 2: Espada Fish (button) showed [Ks As] and won ($11.16) with a pair of Queens
Seat 3: Supermegopro (small blind) folded before Flop
Seat 4: skars07 (big blind) folded before Flop
Seat 5: XneferX folded before Flop (didn't bet)
Seat 6: TheAveiro folded before Flop (didn't bet)



PokerStars Hand #254682461256:  Hold'em No Limit ($0.50/$1.00 USD) - 2025/02/02 2:32:14 WET [2025/02/02 21:32:14 ET]
Table 'Italia' 6-max Seat #3 is the button
Seat 1: Sam88969 ($11.01 in chips) 
Seat 2: Espada Fish ($107.46 in chips) 
Seat 3: Supermegopro ($100.47 in chips) 
Seat 4: skars07 ($100 in chips) 
Seat 5: XneferX ($102.89 in chips) 
Seat 6: TheAveiro ($10 in chips) 
skars07: posts small blind $0.50
XneferX: posts big blind $1
*** HOLE CARDS ***
TheAveiro: folds 
Sam88969: calls $1
Espada Fish: folds 
Supermegopro: folds 
skars07: folds 
XneferX: checks 
*** FLOP *** [Tc 3d 6h]
XneferX: checks 
Sam88969: bets $1
XneferX: calls $1
*** TURN *** [Tc 3d 6h] [7h]
XneferX: checks 
Sam88969: checks 
*** RIVER *** [Tc 3d 6h 7h] [3c]
XneferX: bets $3.30
Sam88969: folds 
Uncalled bet ($3.30) returned to XneferX
XneferX collected $4.28 from pot
XneferX: doesn't show hand 
*** SUMMARY ***
Total pot $4.50 | Rake $0.22 
Board [Tc 3d 6h 7h 3c]
Seat 1: Sam88969 folded on the River
Seat 2: Espada Fish folded before Flop (didn't bet)
Seat 3: Supermegopro (button) folded before Flop (didn't bet)
Seat 4: skars07 (small blind) folded before Flop
Seat 5: XneferX (big blind) collected ($4.28)
Seat 6: TheAveiro folded before Flop (didn't bet)



PokerStars Hand #254682472046:  Hold'em No Limit ($0.50/$1.00 USD) - 2025/02/02 2:33:30 WET [2025/02/02 21:33:30 ET]
Table 'Italia' 6-max Seat #4 is the button
Seat 1: Sam88969 ($9.01 in chips) 
Seat 2: Espada Fish ($107.46 in chips) 
Seat 3: Supermegopro ($100.47 in chips) 
Seat 4: skars07 ($100 in chips) 
Seat 5: XneferX ($105.17 in chips) 
Seat 6: TheAveiro ($10 in chips) 
XneferX: posts small blind $0.50
TheAveiro: posts big blind $1
*** HOLE CARDS ***
Sam88969: folds 
Espada Fish: raises $1.20 to $2.20
Supermegopro: folds 
skars07: raises $5.30 to $7.50
XneferX: folds 
TheAveiro: folds 
Espada Fish: calls $5.30
*** FLOP *** [Qc 5h Jd]
Espada Fish: checks 
skars07: bets $5.17
Espada Fish: folds 
Uncalled bet ($5.17) returned to skars07
skars07 collected $15.68 from pot
skars07: doesn't show hand 
*** SUMMARY ***
Total pot $16.50 | Rake $0.82 
Board [Qc 5h Jd]
Seat 1: Sam88969 folded before Flop (didn't bet)
Seat 2: Espada Fish folded on the Flop
Seat 3: Supermegopro folded before Flop (didn't bet)
Seat 4: skars07 (button) collected ($15.68)
Seat 5: XneferX (small blind) folded before Flop
Seat 6: TheAveiro (big blind) folded before Flop



PokerStars Hand #254682484206:  Hold'em No Limit ($0.50/$1.00 USD) - 2025/02/02 2:34:54 WET [2025/02/02 21:34:54 ET]
Table 'Italia' 6-max Seat #5 is the button
Seat 1: Sam88969 ($9.01 in chips) 
Seat 2: Espada Fish ($100 in chips) 
Seat 3: Supermegopro ($100.47 in chips) 
Seat 4: skars07 ($108.18 in chips) 
Seat 5: XneferX ($104.67 in chips) 
Seat 6: TheAveiro ($10 in chips) 
TheAveiro: posts small blind $0.50
Sam88969: posts big blind $1
*** HOLE CARDS ***
Espada Fish: folds 
Supermegopro: folds 
skars07: folds 
XneferX: raises $1.77 to $2.77
TheAveiro: folds 
Sam88969: calls $1.77
*** FLOP *** [Jd 8s 4c]
Sam88969: checks 
XneferX: bets $1.20
Sam88969: folds 
Uncalled bet ($1.20) returned to XneferX
XneferX collected $5.74 from pot
XneferX: doesn't show hand 
*** SUMMARY ***
Total pot $6.04 | Rake $0.30 
Board [Jd 8s 4c]
Seat 1: Sam88969 (big blind) folded on the Flop
Seat 2: Espada Fish folded before Flop (didn't bet)
Seat 3: Supermegopro folded before Flop (didn't bet)
Seat 4: skars07 folded before Flop (didn't bet)
Seat 5: XneferX (button) collected ($5.74)
Seat 6: TheAveiro (small blind) folded before Flop



PokerStars Hand #254682489406:  Hold'em No Limit ($0.50/$1.00 USD) - 2025/02/02 2:35:30 WET [2025/02/02 21:35:30 ET]
Table 'Italia' 6-max Seat #6 is the button
Seat 1: Sam88969 ($6.24 in chips) 
Seat 2: Espada Fish ($100 in chips) 
Seat 3: Supermegopro ($100.47 in chips) 
Seat 4: skars07 ($108.18 in chips) 
Seat 5: XneferX ($107.64 in chips) 
Seat 6: TheAveiro ($10 in chips) 
Sam88969: posts small blind $0.50
Espada Fish: posts big blind $1
*** HOLE CARDS ***
Supermegopro: folds 
skars07: raises $1.50 to $2.50
XneferX: folds 
TheAveiro: folds 
Sam88969: folds 
Espada Fish: calls $1.50
*** FLOP *** [2c Kd 4h]
Espada Fish: checks 
skars07: bets $1.72
Espada Fish: folds 
Uncalled bet ($1.72) returned to skars07
skars07 collected $5.22 from pot
skars07: doesn't show hand 
*** SUMMARY ***
Total pot $5.50 | Rake $0.28 
Board [2c Kd 4h]
Seat 1: Sam88969 (small blind) folded before Flop
Seat 2: Espada Fish (big blind) folded on the Flop
Seat 3: Supermegopro folded before Flop (didn't bet)
Seat 4: skars07 collected ($5.22)
Seat 5: XneferX folded before Flop (didn't bet)
Seat 6: TheAveiro (button) folded before Flop (didn't bet)



PokerStars Hand #254682497931:  Hold'em No Limit ($0.50/$1.00 USD) - 2025/02/02 2:36:29 WET [2025/02/02 21:36:29 ET]
Table 'Italia' 6-max Seat #1 is the button
Seat 1: Sam88969 ($5.74 in chips) 
Seat 2: Espada Fish ($100 in chips) 
Seat 3: Supermegopro ($100.47 in chips) 
Seat 4: skars07 ($110.90 in chips) 
Seat 5: XneferX ($107.64 in chips) 
Seat 6: TheAveiro ($10 in chips) 
Espada Fish: posts small blind $0.50
Supermegopro: posts big blind $1
*** HOLE CARDS ***
skars07: folds 
XneferX: folds 
TheAveiro: raises $9 to $10 and is all-in
Sam88969: folds 
Espada Fish: folds 
Supermegopro: folds 
Uncalled bet ($9) returned to TheAveiro
TheAveiro collected $2.50 from pot
TheAveiro: doesn't show hand 
*** SUMMARY ***
Total pot $2.50 | Rake $0 
Seat 1: Sam88969 (button) folded before Flop (didn't bet)
Seat 2: Espada Fish (small blind) folded before Flop
Seat 3: Supermegopro (big blind) folded before Flop
Seat 4: skars07 folded before Flop (didn't bet)
Seat 5: XneferX folded before Flop (didn't bet)
Seat 6: TheAveiro collected ($2.50)



PokerStars Hand #254682501185:  Hold'em No Limit ($0.50/$1.00 USD) - 2025/02/02 2:36:52 WET [2025/02/02 21:36:52 ET]
Table 'Italia' 6-max Seat #2 is the button
Seat 1: Sam88969 ($5.74 in chips) 
Seat 2: Espada Fish ($100 in chips) 
Seat 3: Supermegopro ($100 in chips) 
Seat 4: skars07 ($110.90 in chips) 
Seat 5: XneferX ($107.64 in chips) 
Seat 6: TheAveiro ($11.50 in chips) 
Supermegopro: posts small blind $0.50
skars07: posts big blind $1
*** HOLE CARDS ***
XneferX: folds 
TheAveiro: folds 
Sam88969: calls $1
Espada Fish: folds 
Supermegopro: raises $6 to $7
skars07: folds 
Sam88969: folds 
Uncalled bet ($6) returned to Supermegopro
Supermegopro collected $3 from pot
Supermegopro: doesn't show hand 
*** SUMMARY ***
Total pot $3 | Rake $0 
Seat 1: Sam88969 folded before Flop
Seat 2: Espada Fish (button) folded before Flop (didn't bet)
Seat 3: Supermegopro (small blind) collected ($3)
Seat 4: skars07 (big blind) folded before Flop
Seat 5: XneferX folded before Flop (didn't bet)
Seat 6: TheAveiro folded before Flop (didn't bet)



PokerStars Hand #254682504518:  Hold'em No Limit ($0.50/$1.00 USD) - 2025/02/02 2:37:15 WET [2025/02/02 21:37:15 ET]
Table 'Italia' 6-max Seat #3 is the button
Seat 1: Sam88969 ($4.74 in chips) 
Seat 2: Espada Fish ($100 in chips) 
Seat 3: Supermegopro ($102 in chips) 
Seat 4: skars07 ($109.90 in chips) 
Seat 5: XneferX ($107.64 in chips) 
Seat 6: TheAveiro ($11.50 in chips) 
skars07: posts small blind $0.50
XneferX: posts big blind $1
*** HOLE CARDS ***
TheAveiro: raises $10.50 to $11.50 and is all-in
Sam88969: calls $4.74 and is all-in
Espada Fish: calls $11.50
Supermegopro: folds 
skars07: folds 
XneferX: folds 
*** FLOP *** [5d 6h Jh]
*** TURN *** [5d 6h Jh] [Ts]
*** RIVER *** [5d 6h Jh Ts] [7c]
*** SHOW DOWN ***
TheAveiro: shows [4d 4h] (a pair of Fours)
Espada Fish: shows [Ks Ad] (high card Ace)
TheAveiro collected $12.85 from side pot
Sam88969: shows [2c 3h] (high card Jack)
TheAveiro collected $14.93 from main pot
*** SUMMARY ***
Total pot $29.24 Main pot $14.93. Side pot $12.85. | Rake $1.46 
Board [5d 6h Jh Ts 7c]
Seat 1: Sam88969 showed [2c 3h] and lost with high card Jack
Seat 2: Espada Fish showed [Ks Ad] and lost with high card Ace
Seat 3: Supermegopro (button) folded before Flop (didn't bet)
Seat 4: skars07 (small blind) folded before Flop
Seat 5: XneferX (big blind) folded before Flop
Seat 6: TheAveiro showed [4d 4h] and won ($27.78) with a pair of Fours



PokerStars Hand #254682511212:  Hold'em No Limit ($0.50/$1.00 USD) - 2025/02/02 2:38:02 WET [2025/02/02 21:38:02 ET]
Table 'Italia' 6-max Seat #4 is the button
Seat 1: Sam88969 ($0 in chips) is sitting out
Seat 6: TheAveiro ($27.78 in chips) is sitting out
Seat 2: Espada Fish ($100 in chips) 
Seat 3: Supermegopro ($102 in chips) 
Seat 4: skars07 ($109.40 in chips) 
Seat 5: XneferX ($106.64 in chips) 
XneferX: posts small blind $0.50
TheAveiro: is sitting out 
Espada Fish: posts big blind $1
*** HOLE CARDS ***
Supermegopro: folds 
TheAveiro leaves the table
Sam88969 leaves the table
skars07: folds 
XneferX: folds 
Uncalled bet ($0.50) returned to Espada Fish
Espada Fish collected $1 from pot
Espada Fish: doesn't show hand 
*** SUMMARY ***
Total pot $1 | Rake $0 
Seat 1: Sam88969
Seat 6: TheAveiro
Seat 2: Espada Fish (big blind) collected ($1)
Seat 3: Supermegopro folded before Flop (didn't bet)
Seat 4: skars07 (button) folded before Flop (didn't bet)
Seat 5: XneferX (small blind) folded before Flop



PokerStars Hand #254682513948:  Hold'em No Limit ($0.50/$1.00 USD) - 2025/02/02 2:38:21 WET [2025/02/02 21:38:21 ET]
Table 'Italia' 6-max Seat #5 is the button
Seat 2: Espada Fish ($100.50 in chips) 
Seat 3: Supermegopro ($102 in chips) 
Seat 4: skars07 ($109.40 in chips) 
Seat 5: XneferX ($106.14 in chips) 
Espada Fish: posts small blind $0.50
Supermegopro: posts big blind $1
*** HOLE CARDS ***
skars07: folds 
XneferX: folds 
dany13051206 joins the table at seat #6 
dany13051206 is disconnected 
Espada Fish: raises $2 to $3
skars07 leaves the table
G.Andrei95 joins the table at seat #1 
Supermegopro: raises $6 to $9
skars07 joins the table at seat #4 
Espada Fish: folds 
Uncalled bet ($6) returned to Supermegopro
Supermegopro collected $6 from pot
Supermegopro: doesn't show hand 
*** SUMMARY ***
Total pot $6 | Rake $0 
Seat 2: Espada Fish (small blind) folded before Flop
Seat 3: Supermegopro (big blind) collected ($6)
Seat 4: skars07 folded before Flop (didn't bet)
Seat 5: XneferX (button) folded before Flop (didn't bet)



PokerStars Hand #254682519213:  Hold'em No Limit ($0.50/$1.00 USD) - 2025/02/02 2:38:58 WET [2025/02/02 21:38:58 ET]
Table 'Italia' 6-max Seat #2 is the button
Seat 1: G.Andrei95 ($100 in chips) is sitting out
Seat 2: Espada Fish ($100 in chips) 
Seat 3: Supermegopro ($105 in chips) 
Seat 4: skars07 ($109.40 in chips) 
Seat 5: XneferX ($106.14 in chips) 
Seat 6: dany13051206 ($31.38 in chips) 
Supermegopro: posts small blind $0.50
skars07: posts big blind $1
dany13051206: posts big blind $1
G.Andrei95: sits out 
*** HOLE CARDS ***
XneferX: raises $1.50 to $2.50
dany13051206: calls $1.50
Espada Fish: folds 
Supermegopro: folds 
skars07: folds 
*** FLOP *** [Ac Jc 9s]
XneferX: checks 
dany13051206: bets $1
XneferX: raises $4.17 to $5.17
dany13051206: folds 
Uncalled bet ($4.17) returned to XneferX
XneferX collected $8.08 from pot
XneferX: doesn't show hand 
*** SUMMARY ***
Total pot $8.50 | Rake $0.42 
Board [Ac Jc 9s]
Seat 1: G.Andrei95
Seat 2: Espada Fish (button) folded before Flop (didn't bet)
Seat 3: Supermegopro (small blind) folded before Flop
Seat 4: skars07 (big blind) folded before Flop
Seat 5: XneferX collected ($8.08)
Seat 6: dany13051206 folded on the Flop



PokerStars Hand #254682526973:  Hold'em No Limit ($0.50/$1.00 USD) - 2025/02/02 2:39:52 WET [2025/02/02 21:39:52 ET]
Table 'Italia' 6-max Seat #3 is the button
Seat 1: G.Andrei95 ($100 in chips) is sitting out
Seat 2: Espada Fish ($100 in chips) 
Seat 3: Supermegopro ($104.50 in chips) 
Seat 4: skars07 ($108.40 in chips) 
Seat 5: XneferX ($110.72 in chips) 
Seat 6: dany13051206 ($27.88 in chips) 
skars07: posts small blind $0.50
XneferX: posts big blind $1
G.Andrei95: sits out 
*** HOLE CARDS ***
dany13051206: calls $1
Espada Fish: folds 
Supermegopro: folds 
skars07: folds 
XneferX: checks 
*** FLOP *** [5s 2d 3d]
XneferX: checks 
dany13051206: bets $1
XneferX: calls $1
*** TURN *** [5s 2d 3d] [Th]
XneferX: checks 
dany13051206: bets $3.14
XneferX: folds 
Uncalled bet ($3.14) returned to dany13051206
dany13051206 collected $4.28 from pot
dany13051206: doesn't show hand 
*** SUMMARY ***
Total pot $4.50 | Rake $0.22 
Board [5s 2d 3d Th]
Seat 1: G.Andrei95
Seat 2: Espada Fish folded before Flop (didn't bet)
Seat 3: Supermegopro (button) folded before Flop (didn't bet)
Seat 4: skars07 (small blind) folded before Flop
Seat 5: XneferX (big blind) folded on the Turn
Seat 6: dany13051206 collected ($4.28)



PokerStars Hand #254682533536:  Hold'em No Limit ($0.50/$1.00 USD) - 2025/02/02 2:40:38 WET [2025/02/02 21:40:38 ET]
Table 'Italia' 6-max Seat #4 is the button
Seat 1: G.Andrei95 ($100 in chips) is sitting out
Seat 2: Espada Fish ($100 in chips) 
Seat 3: Supermegopro ($104.50 in chips) 
Seat 4: skars07 ($107.90 in chips) 
Seat 5: XneferX ($108.72 in chips) 
Seat 6: dany13051206 ($30.16 in chips) 
XneferX: posts small blind $0.50
dany13051206: posts big blind $1
G.Andrei95: sits out 
*** HOLE CARDS ***
Espada Fish: folds 
Supermegopro: raises $1.50 to $2.50
skars07: folds 
XneferX: calls $2
dany13051206: folds 
*** FLOP *** [4s Ks Kd]
XneferX: checks 
Supermegopro: checks 
*** TURN *** [4s Ks Kd] [5c]
XneferX: checks 
Supermegopro: checks 
*** RIVER *** [4s Ks Kd 5c] [8c]
XneferX: checks 
Supermegopro: checks 
*** SHOW DOWN ***
XneferX: shows [6h 6s] (two pair, Kings and Sixes)
Supermegopro: mucks hand 
XneferX collected $5.70 from pot
*** SUMMARY ***
Total pot $6 | Rake $0.30 
Board [4s Ks Kd 5c 8c]
Seat 1: G.Andrei95
Seat 2: Espada Fish folded before Flop (didn't bet)
Seat 3: Supermegopro mucked
Seat 4: skars07 (button) folded before Flop (didn't bet)
Seat 5: XneferX (small blind) showed [6h 6s] and won ($5.70) with two pair, Kings and Sixes
Seat 6: dany13051206 (big blind) folded before Flop



PokerStars Hand #254682543193:  Hold'em No Limit ($0.50/$1.00 USD) - 2025/02/02 2:41:45 WET [2025/02/02 21:41:45 ET]
Table 'Italia' 6-max Seat #5 is the button
Seat 1: G.Andrei95 ($100 in chips) 
Seat 2: Espada Fish ($100 in chips) 
Seat 3: Supermegopro ($102 in chips) 
Seat 4: skars07 ($107.90 in chips) 
Seat 5: XneferX ($111.92 in chips) 
Seat 6: dany13051206 ($29.16 in chips) 
dany13051206: posts small blind $0.50
G.Andrei95: posts big blind $1
*** HOLE CARDS ***
Espada Fish: raises $1.20 to $2.20
Supermegopro: folds 
skars07: folds 
XneferX: folds 
dany13051206: calls $1.70
G.Andrei95: folds 
*** FLOP *** [Ad 6h 9d]
dany13051206: bets $2
Espada Fish: calls $2
*** TURN *** [Ad 6h 9d] [Td]
dany13051206: checks 
Espada Fish: bets $4.47
dany13051206: calls $4.47
*** RIVER *** [Ad 6h 9d Td] [Ah]
dany13051206: checks 
Espada Fish: checks 
*** SHOW DOWN ***
dany13051206: shows [7h 9s] (two pair, Aces and Nines)
Espada Fish: mucks hand 
dany13051206 collected $17.42 from pot
*** SUMMARY ***
Total pot $18.34 | Rake $0.92 
Board [Ad 6h 9d Td Ah]
Seat 1: G.Andrei95 (big blind) folded before Flop
Seat 2: Espada Fish mucked
Seat 3: Supermegopro folded before Flop (didn't bet)
Seat 4: skars07 folded before Flop (didn't bet)
Seat 5: XneferX (button) folded before Flop (didn't bet)
Seat 6: dany13051206 (small blind) showed [7h 9s] and won ($17.42) with two pair, Aces and Nines



PokerStars Hand #254682553019:  Hold'em No Limit ($0.50/$1.00 USD) - 2025/02/02 2:42:54 WET [2025/02/02 21:42:54 ET]
Table 'Italia' 6-max Seat #6 is the button
Seat 1: G.Andrei95 ($100 in chips) 
Seat 2: Espada Fish ($100 in chips) 
Seat 3: Supermegopro ($102 in chips) 
Seat 4: skars07 ($107.90 in chips) 
Seat 5: XneferX ($111.92 in chips) 
Seat 6: dany13051206 ($37.91 in chips) 
G.Andrei95: posts small blind $0.50
Espada Fish: posts big blind $1
*** HOLE CARDS ***
Supermegopro: folds 
skars07: folds 
XneferX: folds 
dany13051206: raises $2 to $3
G.Andrei95: raises $8.50 to $11.50
Espada Fish: folds 
dany13051206: folds 
Uncalled bet ($8.50) returned to G.Andrei95
G.Andrei95 collected $7 from pot
G.Andrei95: doesn't show hand 
*** SUMMARY ***
Total pot $7 | Rake $0 
Seat 1: G.Andrei95 (small blind) collected ($7)
Seat 2: Espada Fish (big blind) folded before Flop
Seat 3: Supermegopro folded before Flop (didn't bet)
Seat 4: skars07 folded before Flop (didn't bet)
Seat 5: XneferX folded before Flop (didn't bet)
Seat 6: dany13051206 (button) folded before Flop



PokerStars Hand #254682557375:  Hold'em No Limit ($0.50/$1.00 USD) - 2025/02/02 2:43:25 WET [2025/02/02 21:43:25 ET]
Table 'Italia' 6-max Seat #1 is the button
Seat 1: G.Andrei95 ($104 in chips) 
Seat 2: Espada Fish ($100 in chips) 
Seat 3: Supermegopro ($102 in chips) 
Seat 4: skars07 ($107.90 in chips) 
Seat 5: XneferX ($111.92 in chips) 
Seat 6: dany13051206 ($34.91 in chips) 
Espada Fish: posts small blind $0.50
Supermegopro: posts big blind $1
*** HOLE CARDS ***
skars07: folds 
XneferX: folds 
dany13051206: raises $1 to $2
G.Andrei95: folds 
Espada Fish: folds 
Supermegopro: calls $1
*** FLOP *** [Kh 8h Tc]
Supermegopro: checks 
dany13051206: checks 
*** TURN *** [Kh 8h Tc] [6s]
Supermegopro: bets $6.42
dany13051206: folds 
Uncalled bet ($6.42) returned to Supermegopro
Supermegopro collected $4.28 from pot
Supermegopro: doesn't show hand 
*** SUMMARY ***
Total pot $4.50 | Rake $0.22 
Board [Kh 8h Tc 6s]
Seat 1: G.Andrei95 (button) folded before Flop (didn't bet)
Seat 2: Espada Fish (small blind) folded before Flop
Seat 3: Supermegopro (big blind) collected ($4.28)
Seat 4: skars07 folded before Flop (didn't bet)
Seat 5: XneferX folded before Flop (didn't bet)
Seat 6: dany13051206 folded on the Turn



PokerStars Hand #254682561256:  Hold'em No Limit ($0.50/$1.00 USD) - 2025/02/02 2:43:51 WET [2025/02/02 21:43:51 ET]
Table 'Italia' 6-max Seat #2 is the button
Seat 1: G.Andrei95 ($104 in chips) 
Seat 2: Espada Fish ($100 in chips) 
Seat 3: Supermegopro ($104.28 in chips) 
Seat 4: skars07 ($107.90 in chips) 
Seat 5: XneferX ($111.92 in chips) 
Seat 6: dany13051206 ($32.91 in chips) 
Supermegopro: posts small blind $0.50
skars07: posts big blind $1
*** HOLE CARDS ***
XneferX: folds 
dany13051206: calls $1
G.Andrei95: raises $3 to $4
Espada Fish: folds 
Supermegopro: calls $3.50
skars07: folds 
dany13051206: calls $3
*** FLOP *** [4s 5c Td]
Supermegopro: checks 
dany13051206: checks 
G.Andrei95: checks 
*** TURN *** [4s 5c Td] [3c]
Supermegopro: checks 
dany13051206: checks 
G.Andrei95: checks 
*** RIVER *** [4s 5c Td 3c] [4h]
Supermegopro: bets $9
dany13051206: folds 
G.Andrei95: folds 
Uncalled bet ($9) returned to Supermegopro
Supermegopro collected $12.35 from pot
Supermegopro: doesn't show hand 
*** SUMMARY ***
Total pot $13 | Rake $0.65 
Board [4s 5c Td 3c 4h]
Seat 1: G.Andrei95 folded on the River
Seat 2: Espada Fish (button) folded before Flop (didn't bet)
Seat 3: Supermegopro (small blind) collected ($12.35)
Seat 4: skars07 (big blind) folded before Flop
Seat 5: XneferX folded before Flop (didn't bet)
Seat 6: dany13051206 folded on the River



PokerStars Hand #254682569592:  Hold'em No Limit ($0.50/$1.00 USD) - 2025/02/02 2:44:50 WET [2025/02/02 21:44:50 ET]
Table 'Italia' 6-max Seat #3 is the button
Seat 1: G.Andrei95 ($100 in chips) 
Seat 2: Espada Fish ($100 in chips) 
Seat 3: Supermegopro ($112.63 in chips) 
Seat 4: skars07 ($106.90 in chips) 
Seat 5: XneferX ($111.92 in chips) 
Seat 6: dany13051206 ($28.91 in chips) 
skars07: posts small blind $0.50
XneferX: posts big blind $1
*** HOLE CARDS ***
dany13051206: calls $1
G.Andrei95: folds 
Espada Fish: raises $2.50 to $3.50
Supermegopro: folds 
skars07: folds 
XneferX: folds 
dany13051206: calls $2.50
*** FLOP *** [2h Ac Kd]
dany13051206: checks 
Espada Fish: bets $2.67
dany13051206: folds 
Uncalled bet ($2.67) returned to Espada Fish
Espada Fish collected $8.08 from pot
Espada Fish: doesn't show hand 
*** SUMMARY ***
Total pot $8.50 | Rake $0.42 
Board [2h Ac Kd]
Seat 1: G.Andrei95 folded before Flop (didn't bet)
Seat 2: Espada Fish collected ($8.08)
Seat 3: Supermegopro (button) folded before Flop (didn't bet)
Seat 4: skars07 (small blind) folded before Flop
Seat 5: XneferX (big blind) folded before Flop
Seat 6: dany13051206 folded on the Flop



PokerStars Hand #254682574291:  Hold'em No Limit ($0.50/$1.00 USD) - 2025/02/02 2:45:23 WET [2025/02/02 21:45:23 ET]
Table 'Italia' 6-max Seat #4 is the button
Seat 1: G.Andrei95 ($100 in chips) 
Seat 2: Espada Fish ($104.58 in chips) 
Seat 3: Supermegopro ($112.63 in chips) 
Seat 4: skars07 ($106.40 in chips) 
Seat 5: XneferX ($110.92 in chips) 
Seat 6: dany13051206 ($25.41 in chips) 
XneferX: posts small blind $0.50
dany13051206: posts big blind $1
*** HOLE CARDS ***
G.Andrei95: raises $1.50 to $2.50
Espada Fish: folds 
Supermegopro: folds 
skars07: folds 
XneferX: folds 
dany13051206: calls $1.50
*** FLOP *** [8c 3c Kh]
dany13051206: bets $2
G.Andrei95: calls $2
*** TURN *** [8c 3c Kh] [Qc]
dany13051206: bets $20.91 and is all-in
G.Andrei95: calls $20.91
G.Andrei95 has timed out
*** RIVER *** [8c 3c Kh Qc] [4c]
*** SHOW DOWN ***
dany13051206: shows [Jd Th] (high card King)
G.Andrei95: shows [Jh Ks] (a pair of Kings)
G.Andrei95 collected $48.82 from pot
*** SUMMARY ***
Total pot $51.32 | Rake $2.50 
Board [8c 3c Kh Qc 4c]
Seat 1: G.Andrei95 showed [Jh Ks] and won ($48.82) with a pair of Kings
Seat 2: Espada Fish folded before Flop (didn't bet)
Seat 3: Supermegopro folded before Flop (didn't bet)
Seat 4: skars07 (button) folded before Flop (didn't bet)
Seat 5: XneferX (small blind) folded before Flop
Seat 6: dany13051206 (big blind) showed [Jd Th] and lost with high card King



PokerStars Hand #254682582372:  Hold'em No Limit ($0.50/$1.00 USD) - 2025/02/02 2:46:21 WET [2025/02/02 21:46:21 ET]
Table 'Italia' 6-max Seat #5 is the button
Seat 6: dany13051206 ($0 in chips) is sitting out
Seat 1: G.Andrei95 ($123.41 in chips) 
Seat 2: Espada Fish ($104.58 in chips) 
Seat 3: Supermegopro ($112.63 in chips) 
Seat 4: skars07 ($106.40 in chips) 
Seat 5: XneferX ($110.42 in chips) 
G.Andrei95: posts small blind $0.50
Espada Fish: posts big blind $1
*** HOLE CARDS ***
dany13051206 leaves the table
Supermegopro: raises $1.50 to $2.50
skars07: folds 
XneferX: folds 
G.Andrei95: folds 
Espada Fish: calls $1.50
*** FLOP *** [Qc Ad 5h]
Espada Fish: checks 
Supermegopro: bets $1.72
Espada Fish: calls $1.72
*** TURN *** [Qc Ad 5h] [2h]
Espada Fish: checks 
Supermegopro: bets $4.25
Lenz0796 joins the table at seat #6 
Lenz0796 is disconnected 
Espada Fish: folds 
Uncalled bet ($4.25) returned to Supermegopro
Supermegopro collected $8.49 from pot
Supermegopro: doesn't show hand 
*** SUMMARY ***
Total pot $8.94 | Rake $0.45 
Board [Qc Ad 5h 2h]
Seat 6: dany13051206
Seat 1: G.Andrei95 (small blind) folded before Flop
Seat 2: Espada Fish (big blind) folded on the Turn
Seat 3: Supermegopro collected ($8.49)
Seat 4: skars07 folded before Flop (didn't bet)
Seat 5: XneferX (button) folded before Flop (didn't bet)



PokerStars Hand #254682592379:  Hold'em No Limit ($0.50/$1.00 USD) - 2025/02/02 2:47:34 WET [2025/02/02 21:47:34 ET]
Table 'Italia' 6-max Seat #1 is the button
Seat 3: Supermegopro ($116.90 in chips) is sitting out
Seat 4: skars07 ($106.40 in chips) is sitting out
Seat 5: XneferX ($110.42 in chips) is sitting out
Seat 1: G.Andrei95 ($122.91 in chips) 
Seat 2: Espada Fish ($100.36 in chips) 
Seat 6: Lenz0796 ($49.87 in chips) 
Espada Fish: posts small blind $0.50
Supermegopro: is sitting out 
skars07: is sitting out 
XneferX: is sitting out 
Lenz0796: posts big blind $1
*** HOLE CARDS ***
G.Andrei95: folds 
XneferX leaves the table
Espada Fish: raises $2 to $3
Lenz0796: raises $46.87 to $49.87 and is all-in
Espada Fish: folds 
Uncalled bet ($46.87) returned to Lenz0796
Lenz0796 collected $6 from pot
Lenz0796: shows [Jc Jh] (a pair of Jacks)
*** SUMMARY ***
Total pot $6 | Rake $0 
Seat 3: Supermegopro
Seat 4: skars07
Seat 5: XneferX
Seat 1: G.Andrei95 (button) folded before Flop (didn't bet)
Seat 2: Espada Fish (small blind) folded before Flop
Seat 6: Lenz0796 (big blind) collected ($6)



PokerStars Hand #254682596990:  Hold'em No Limit ($0.50/$1.00 USD) - 2025/02/02 2:48:08 WET [2025/02/02 21:48:08 ET]
Table 'Italia' 6-max Seat #2 is the button
Seat 3: Supermegopro ($116.90 in chips) is sitting out
Seat 4: skars07 ($106.40 in chips) is sitting out
Seat 1: G.Andrei95 ($122.91 in chips) 
Seat 2: Espada Fish ($100 in chips) 
Seat 6: Lenz0796 ($52.87 in chips) 
Lenz0796: posts small blind $0.50
G.Andrei95: posts big blind $1
*** HOLE CARDS ***
Espada Fish: folds 
Lenz0796: calls $0.50
G.Andrei95: raises $3 to $4
Lenz0796: folds 
Uncalled bet ($3) returned to G.Andrei95
G.Andrei95 collected $2 from pot
G.Andrei95: doesn't show hand 
*** SUMMARY ***
Total pot $2 | Rake $0 
Seat 3: Supermegopro
Seat 4: skars07
Seat 1: G.Andrei95 (big blind) collected ($2)
Seat 2: Espada Fish (button) folded before Flop (didn't bet)
Seat 6: Lenz0796 (small blind) folded before Flop



PokerStars Hand #254682598811:  Hold'em No Limit ($0.50/$1.00 USD) - 2025/02/02 2:48:20 WET [2025/02/02 21:48:20 ET]
Table 'Italia' 6-max Seat #6 is the button
Seat 3: Supermegopro ($116.90 in chips) is sitting out
Seat 4: skars07 ($106.40 in chips) is sitting out
Seat 1: G.Andrei95 ($123.91 in chips) 
Seat 2: Espada Fish ($100 in chips) 
Seat 6: Lenz0796 ($51.87 in chips) 
G.Andrei95: posts small blind $0.50
Espada Fish: posts big blind $1
Supermegopro: sits out 
skars07: sits out 
*** HOLE CARDS ***
Lenz0796: folds 
G.Andrei95: folds 
Uncalled bet ($0.50) returned to Espada Fish
Espada Fish collected $1 from pot
Espada Fish: doesn't show hand 
*** SUMMARY ***
Total pot $1 | Rake $0 
Seat 3: Supermegopro
Seat 4: skars07
Seat 1: G.Andrei95 (small blind) folded before Flop
Seat 2: Espada Fish (big blind) collected ($1)
Seat 6: Lenz0796 (button) folded before Flop (didn't bet)



PokerStars Hand #254682599786:  Hold'em No Limit ($0.50/$1.00 USD) - 2025/02/02 2:48:28 WET [2025/02/02 21:48:28 ET]
Table 'Italia' 6-max Seat #1 is the button
Seat 4: skars07 ($106.40 in chips) is sitting out
Seat 1: G.Andrei95 ($123.41 in chips) 
Seat 2: Espada Fish ($100.50 in chips) 
Seat 3: Supermegopro ($116.90 in chips) 
Seat 6: Lenz0796 ($51.87 in chips) 
Espada Fish: posts small blind $0.50
Supermegopro: posts big blind $1
skars07: sits out 
*** HOLE CARDS ***
Lenz0796: folds 
G.Andrei95: folds 
Espada Fish: folds 
Uncalled bet ($0.50) returned to Supermegopro
Supermegopro collected $1 from pot
Supermegopro: doesn't show hand 
*** SUMMARY ***
Total pot $1 | Rake $0 
Seat 4: skars07
Seat 1: G.Andrei95 (button) folded before Flop (didn't bet)
Seat 2: Espada Fish (small blind) folded before Flop
Seat 3: Supermegopro (big blind) collected ($1)
Seat 6: Lenz0796 folded before Flop (didn't bet)



PokerStars Hand #254682600837:  Hold'em No Limit ($0.50/$1.00 USD) - 2025/02/02 2:48:35 WET [2025/02/02 21:48:35 ET]
Table 'Italia' 6-max Seat #2 is the button
Seat 1: G.Andrei95 ($123.41 in chips) 
Seat 2: Espada Fish ($100 in chips) 
Seat 3: Supermegopro ($117.40 in chips) 
Seat 4: skars07 ($106.40 in chips) 
Seat 6: Lenz0796 ($51.87 in chips) 
Supermegopro: posts small blind $0.50
skars07: posts big blind $1
*** HOLE CARDS ***
Lenz0796: calls $1
G.Andrei95: folds 
Espada Fish: folds 
Supermegopro: folds 
skars07: checks 
*** FLOP *** [2d Th 9s]
skars07: bets $1.19
Lenz0796: calls $1.19
*** TURN *** [2d Th 9s] [2h]
An1an1 joins the table at seat #5 
skars07: bets $3.48
Lenz0796: calls $3.48
*** RIVER *** [2d Th 9s 2h] [Ad]
skars07: checks 
Lenz0796: bets $12
skars07: folds 
Uncalled bet ($12) returned to Lenz0796
Lenz0796 collected $11.10 from pot
*** SUMMARY ***
Total pot $11.84 | Rake $0.74 
Board [2d Th 9s 2h Ad]
Seat 1: G.Andrei95 folded before Flop (didn't bet)
Seat 2: Espada Fish (button) folded before Flop (didn't bet)
Seat 3: Supermegopro (small blind) folded before Flop
Seat 4: skars07 (big blind) folded on the River
Seat 6: Lenz0796 collected ($11.10)



PokerStars Hand #254682606741:  Hold'em No Limit ($0.50/$1.00 USD) - 2025/02/02 2:49:18 WET [2025/02/02 21:49:18 ET]
Table 'Italia' 6-max Seat #3 is the button
Seat 1: G.Andrei95 ($123.41 in chips) 
Seat 2: Espada Fish ($100 in chips) 
Seat 3: Supermegopro ($116.90 in chips) 
Seat 4: skars07 ($100.73 in chips) 
Seat 5: An1an1 ($100 in chips) 
Seat 6: Lenz0796 ($57.30 in chips) 
skars07: posts small blind $0.50
An1an1: posts big blind $1
*** HOLE CARDS ***
Lenz0796: folds 
G.Andrei95: folds 
Espada Fish: folds 
Supermegopro: raises $1.50 to $2.50
skars07: folds 
An1an1: folds 
Uncalled bet ($1.50) returned to Supermegopro
Supermegopro collected $2.50 from pot
Supermegopro: doesn't show hand 
*** SUMMARY ***
Total pot $2.50 | Rake $0 
Seat 1: G.Andrei95 folded before Flop (didn't bet)
Seat 2: Espada Fish folded before Flop (didn't bet)
Seat 3: Supermegopro (button) collected ($2.50)
Seat 4: skars07 (small blind) folded before Flop
Seat 5: An1an1 (big blind) folded before Flop
Seat 6: Lenz0796 folded before Flop (didn't bet)



PokerStars Hand #254682610551:  Hold'em No Limit ($0.50/$1.00 USD) - 2025/02/02 2:49:46 WET [2025/02/02 21:49:46 ET]
Table 'Italia' 6-max Seat #4 is the button
Seat 1: G.Andrei95 ($123.41 in chips) 
Seat 2: Espada Fish ($100 in chips) 
Seat 3: Supermegopro ($118.40 in chips) 
Seat 4: skars07 ($100.23 in chips) 
Seat 5: An1an1 ($100 in chips) 
Seat 6: Lenz0796 ($57.30 in chips) 
An1an1: posts small blind $0.50
Lenz0796: posts big blind $1
*** HOLE CARDS ***
G.Andrei95: folds 
Espada Fish: folds 
Supermegopro: folds 
skars07: folds 
An1an1: raises $1.50 to $2.50
Lenz0796: calls $1.50
*** FLOP *** [5d 8c As]
An1an1: bets $1.14
Lenz0796: calls $1.14
*** TURN *** [5d 8c As] [3d]
An1an1: checks 
Lenz0796: checks 
*** RIVER *** [5d 8c As 3d] [3c]
An1an1: checks 
Lenz0796: bets $9
An1an1: calls $9
*** SHOW DOWN ***
Lenz0796: shows [Jd 7d] (a pair of Threes)
An1an1: shows [Kc 5s] (two pair, Fives and Threes)
An1an1 collected $24.02 from pot
*** SUMMARY ***
Total pot $25.28 | Rake $1.26 
Board [5d 8c As 3d 3c]
Seat 1: G.Andrei95 folded before Flop (didn't bet)
Seat 2: Espada Fish folded before Flop (didn't bet)
Seat 3: Supermegopro folded before Flop (didn't bet)
Seat 4: skars07 (button) folded before Flop (didn't bet)
Seat 5: An1an1 (small blind) showed [Kc 5s] and won ($24.02) with two pair, Fives and Threes
Seat 6: Lenz0796 (big blind) showed [Jd 7d] and lost with a pair of Threes



PokerStars Hand #254682618915:  Hold'em No Limit ($0.50/$1.00 USD) - 2025/02/02 2:50:47 WET [2025/02/02 21:50:47 ET]
Table 'Italia' 6-max Seat #5 is the button
Seat 1: G.Andrei95 ($123.41 in chips) 
Seat 2: Espada Fish ($100 in chips) 
Seat 3: Supermegopro ($118.40 in chips) 
Seat 4: skars07 ($100.23 in chips) 
Seat 5: An1an1 ($111.38 in chips) 
Seat 6: Lenz0796 ($44.66 in chips) 
Lenz0796: posts small blind $0.50
G.Andrei95: posts big blind $1
*** HOLE CARDS ***
Espada Fish: raises $1.20 to $2.20
Supermegopro: folds 
skars07: folds 
An1an1: folds 
Lenz0796: calls $1.70
G.Andrei95: calls $1.20
*** FLOP *** [8d Qd 6h]
Lenz0796: checks 
G.Andrei95: checks 
Espada Fish: checks 
*** TURN *** [8d Qd 6h] [Ks]
Lenz0796: checks 
G.Andrei95: checks 
Espada Fish: bets $4.70
Lenz0796: folds 
G.Andrei95: raises $24.30 to $29
Espada Fish: folds 
Uncalled bet ($24.30) returned to G.Andrei95
G.Andrei95 collected $15.20 from pot
G.Andrei95: doesn't show hand 
*** SUMMARY ***
Total pot $16 | Rake $0.80 
Board [8d Qd 6h Ks]
Seat 1: G.Andrei95 (big blind) collected ($15.20)
Seat 2: Espada Fish folded on the Turn
Seat 3: Supermegopro folded before Flop (didn't bet)
Seat 4: skars07 folded before Flop (didn't bet)
Seat 5: An1an1 (button) folded before Flop (didn't bet)
Seat 6: Lenz0796 (small blind) folded on the Turn



PokerStars Hand #254682632996:  Hold'em No Limit ($0.50/$1.00 USD) - 2025/02/02 2:52:32 WET [2025/02/02 21:52:32 ET]
Table 'Italia' 6-max Seat #6 is the button
Seat 1: G.Andrei95 ($131.71 in chips) 
Seat 2: Espada Fish ($100 in chips) 
Seat 3: Supermegopro ($118.40 in chips) 
Seat 4: skars07 ($100.23 in chips) 
Seat 5: An1an1 ($111.38 in chips) 
Seat 6: Lenz0796 ($42.46 in chips) 
G.Andrei95: posts small blind $0.50
Espada Fish: posts big blind $1
*** HOLE CARDS ***
Supermegopro: folds 
skars07: folds 
An1an1: raises $1 to $2
Lenz0796: folds 
G.Andrei95: raises $9 to $11
Espada Fish: folds 
An1an1: folds 
Uncalled bet ($9) returned to G.Andrei95
G.Andrei95 collected $5 from pot
G.Andrei95: doesn't show hand 
*** SUMMARY ***
Total pot $5 | Rake $0 
Seat 1: G.Andrei95 (small blind) collected ($5)
Seat 2: Espada Fish (big blind) folded before Flop
Seat 3: Supermegopro folded before Flop (didn't bet)
Seat 4: skars07 folded before Flop (didn't bet)
Seat 5: An1an1 folded before Flop
Seat 6: Lenz0796 (button) folded before Flop (didn't bet)



PokerStars Hand #254682635634:  Hold'em No Limit ($0.50/$1.00 USD) - 2025/02/02 2:52:52 WET [2025/02/02 21:52:52 ET]
Table 'Italia' 6-max Seat #1 is the button
Seat 1: G.Andrei95 ($134.71 in chips) 
Seat 2: Espada Fish ($100 in chips) 
Seat 3: Supermegopro ($118.40 in chips) 
Seat 4: skars07 ($100.23 in chips) 
Seat 5: An1an1 ($109.38 in chips) 
Seat 6: Lenz0796 ($42.46 in chips) 
Espada Fish: posts small blind $0.50
Supermegopro: posts big blind $1
*** HOLE CARDS ***
skars07: folds 
An1an1: folds 
Lenz0796: raises $41.46 to $42.46 and is all-in
G.Andrei95: folds 
Espada Fish: folds 
Supermegopro: folds 
Uncalled bet ($41.46) returned to Lenz0796
Lenz0796 collected $2.50 from pot
*** SUMMARY ***
Total pot $2.50 | Rake $0 
Seat 1: G.Andrei95 (button) folded before Flop (didn't bet)
Seat 2: Espada Fish (small blind) folded before Flop
Seat 3: Supermegopro (big blind) folded before Flop
Seat 4: skars07 folded before Flop (didn't bet)
Seat 5: An1an1 folded before Flop (didn't bet)
Seat 6: Lenz0796 collected ($2.50)



PokerStars Hand #254682637805:  Hold'em No Limit ($0.50/$1.00 USD) - 2025/02/02 2:53:08 WET [2025/02/02 21:53:08 ET]
Table 'Italia' 6-max Seat #2 is the button
Seat 1: G.Andrei95 ($134.71 in chips) 
Seat 2: Espada Fish ($100 in chips) 
Seat 3: Supermegopro ($117.40 in chips) 
Seat 4: skars07 ($100.23 in chips) 
Seat 5: An1an1 ($109.38 in chips) 
Seat 6: Lenz0796 ($43.96 in chips) 
Supermegopro: posts small blind $0.50
skars07: posts big blind $1
*** HOLE CARDS ***
An1an1: folds 
Lenz0796: raises $42.96 to $43.96 and is all-in
G.Andrei95: folds 
Espada Fish: folds 
Supermegopro: folds 
skars07: folds 
Uncalled bet ($42.96) returned to Lenz0796
Lenz0796 collected $2.50 from pot
*** SUMMARY ***
Total pot $2.50 | Rake $0 
Seat 1: G.Andrei95 folded before Flop (didn't bet)
Seat 2: Espada Fish (button) folded before Flop (didn't bet)
Seat 3: Supermegopro (small blind) folded before Flop
Seat 4: skars07 (big blind) folded before Flop
Seat 5: An1an1 folded before Flop (didn't bet)
Seat 6: Lenz0796 collected ($2.50)



PokerStars Hand #254682667887:  Hold'em No Limit ($0.50/$1.00 USD) - 2025/02/02 2:57:25 WET [2025/02/02 21:57:25 ET]
Table 'Italia' 6-max Seat #2 is the button
Seat 1: G.Andrei95 ($133.71 in chips) 
Seat 2: Espada Fish ($100 in chips) 
Seat 3: Supermegopro ($102.68 in chips) 
Seat 4: skars07 ($100 in chips) 
Seat 5: An1an1 ($119.67 in chips) 
Seat 6: Lenz0796 ($78.49 in chips) 
Supermegopro: posts small blind $0.50
skars07: posts big blind $1
*** HOLE CARDS ***
An1an1: folds 
Lenz0796: calls $1
G.Andrei95: folds 
Espada Fish: raises $2.50 to $3.50
Supermegopro: folds 
skars07: folds 
Lenz0796: calls $2.50
*** FLOP *** [9c Ts 6c]
Lenz0796: checks 
Espada Fish: bets $4.04
Lenz0796: folds 
Uncalled bet ($4.04) returned to Espada Fish
Espada Fish collected $8.08 from pot
Espada Fish: doesn't show hand 
*** SUMMARY ***
Total pot $8.50 | Rake $0.42 
Board [9c Ts 6c]
Seat 1: G.Andrei95 folded before Flop (didn't bet)
Seat 2: Espada Fish (button) collected ($8.08)
Seat 3: Supermegopro (small blind) folded before Flop
Seat 4: skars07 (big blind) folded before Flop
Seat 5: An1an1 folded before Flop (didn't bet)
Seat 6: Lenz0796 folded on the Flop



PokerStars Hand #254682672824:  Hold'em No Limit ($0.50/$1.00 USD) - 2025/02/02 2:58:13 WET [2025/02/02 21:58:13 ET]
Table 'Italia' 6-max Seat #3 is the button
Seat 1: G.Andrei95 ($133.71 in chips) 
Seat 2: Espada Fish ($104.58 in chips) 
Seat 3: Supermegopro ($102.18 in chips) 
Seat 4: skars07 ($100 in chips) 
Seat 5: An1an1 ($119.67 in chips) 
Seat 6: Lenz0796 ($74.99 in chips) 
skars07: posts small blind $0.50
An1an1: posts big blind $1
*** HOLE CARDS ***
Lenz0796: folds 
G.Andrei95: folds 
Espada Fish: folds 
Supermegopro: raises $1.50 to $2.50
skars07: folds 
An1an1: folds 
Uncalled bet ($1.50) returned to Supermegopro
Supermegopro collected $2.50 from pot
Supermegopro: doesn't show hand 
*** SUMMARY ***
Total pot $2.50 | Rake $0 
Seat 1: G.Andrei95 folded before Flop (didn't bet)
Seat 2: Espada Fish folded before Flop (didn't bet)
Seat 3: Supermegopro (button) collected ($2.50)
Seat 4: skars07 (small blind) folded before Flop
Seat 5: An1an1 (big blind) folded before Flop
Seat 6: Lenz0796 folded before Flop (didn't bet)



PokerStars Hand #254682674346:  Hold'em No Limit ($0.50/$1.00 USD) - 2025/02/02 2:58:28 WET [2025/02/02 21:58:28 ET]
Table 'Italia' 6-max Seat #4 is the button
Seat 2: Espada Fish ($104.58 in chips) is sitting out
Seat 1: G.Andrei95 ($133.71 in chips) 
Seat 3: Supermegopro ($103.68 in chips) 
Seat 4: skars07 ($100 in chips) 
Seat 5: An1an1 ($118.67 in chips) 
Seat 6: Lenz0796 ($74.99 in chips) 
An1an1: posts small blind $0.50
Lenz0796: posts big blind $1
*** HOLE CARDS ***
G.Andrei95: folds 
Supermegopro: raises $1.50 to $2.50
skars07: folds 
An1an1: raises $10 to $12.50
Lenz0796: folds 
Supermegopro: folds 
Uncalled bet ($10) returned to An1an1
An1an1 collected $6 from pot
An1an1: doesn't show hand 
*** SUMMARY ***
Total pot $6 | Rake $0 
Seat 2: Espada Fish
Seat 1: G.Andrei95 folded before Flop (didn't bet)
Seat 3: Supermegopro folded before Flop
Seat 4: skars07 (button) folded before Flop (didn't bet)
Seat 5: An1an1 (small blind) collected ($6)
Seat 6: Lenz0796 (big blind) folded before Flop



PokerStars Hand #254682677539:  Hold'em No Limit ($0.50/$1.00 USD) - 2025/02/02 2:59:00 WET [2025/02/02 21:59:00 ET]
Table 'Italia' 6-max Seat #5 is the button
Seat 2: Espada Fish ($104.58 in chips) is sitting out
Seat 1: G.Andrei95 ($133.71 in chips) 
Seat 3: Supermegopro ($101.18 in chips) 
Seat 4: skars07 ($100 in chips) 
Seat 5: An1an1 ($122.17 in chips) 
Seat 6: Lenz0796 ($73.99 in chips) 
Lenz0796: posts small blind $0.50
G.Andrei95: posts big blind $1
*** HOLE CARDS ***
Supermegopro: raises $1.50 to $2.50
skars07: folds 
An1an1: calls $2.50
Lenz0796: calls $2
G.Andrei95: folds 
*** FLOP *** [6s 4d 5h]
Lenz0796: checks 
Supermegopro: checks 
An1an1: bets $4.04
Lenz0796: calls $4.04
Supermegopro: folds 
*** TURN *** [6s 4d 5h] [8c]
Lenz0796: checks 
An1an1: checks 
*** RIVER *** [6s 4d 5h 8c] [9h]
Lenz0796: checks 
An1an1: bets $67.44
Lenz0796: calls $67.44
*** SHOW DOWN ***
An1an1: shows [7d 7h] (a straight, Five to Nine)
Lenz0796: mucks hand 
An1an1 collected $148.96 from pot
*** SUMMARY ***
Total pot $151.46 | Rake $2.50 
Board [6s 4d 5h 8c 9h]
Seat 2: Espada Fish
Seat 1: G.Andrei95 (big blind) folded before Flop
Seat 3: Supermegopro folded on the Flop
Seat 4: skars07 folded before Flop (didn't bet)
Seat 5: An1an1 (button) showed [7d 7h] and won ($148.96) with a straight, Five to Nine
Seat 6: Lenz0796 (small blind) mucked



PokerStars Hand #254682685345:  Hold'em No Limit ($0.50/$1.00 USD) - 2025/02/02 3:00:17 WET [2025/02/02 22:00:17 ET]
Table 'Italia' 6-max Seat #1 is the button
Seat 2: Espada Fish ($104.58 in chips) is sitting out
Seat 6: Lenz0796 ($0.01 in chips) is sitting out
Seat 1: G.Andrei95 ($132.71 in chips) 
Seat 3: Supermegopro ($100 in chips) 
Seat 4: skars07 ($100 in chips) 
Seat 5: An1an1 ($197.15 in chips) 
Supermegopro: posts small blind $0.50
skars07: posts big blind $1
*** HOLE CARDS ***
An1an1: folds 
G.Andrei95: raises $1.50 to $2.50
Supermegopro: folds 
Lenz0796 leaves the table
skars07: folds 
Uncalled bet ($1.50) returned to G.Andrei95
G.Andrei95 collected $2.50 from pot
G.Andrei95: doesn't show hand 
*** SUMMARY ***
Total pot $2.50 | Rake $0 
Seat 2: Espada Fish
Seat 6: Lenz0796
Seat 1: G.Andrei95 (button) collected ($2.50)
Seat 3: Supermegopro (small blind) folded before Flop
Seat 4: skars07 (big blind) folded before Flop
Seat 5: An1an1 folded before Flop (didn't bet)



PokerStars Hand #254682688087:  Hold'em No Limit ($0.50/$1.00 USD) - 2025/02/02 3:00:42 WET [2025/02/02 22:00:42 ET]
Table 'Italia' 6-max Seat #4 is the button
Seat 1: G.Andrei95 ($134.21 in chips) is sitting out
Seat 2: Espada Fish ($104.58 in chips) is sitting out
Seat 5: An1an1 ($197.15 in chips) is sitting out
Seat 3: Supermegopro ($100 in chips) 
Seat 4: skars07 ($100 in chips) 
skars07: posts small blind $0.50
An1an1: is sitting out 
G.Andrei95: is sitting out 
Supermegopro: posts big blind $1
*** HOLE CARDS ***
G.Andrei95 leaves the table
skars07: raises $1.50 to $2.50
Supermegopro: calls $1.50
*** FLOP *** [5c 3d 7h]
An1an1 leaves the table
Supermegopro: checks 
skars07: checks 
*** TURN *** [5c 3d 7h] [Th]
Supermegopro: checks 
skars07: checks 
*** RIVER *** [5c 3d 7h Th] [Jd]
Supermegopro: checks 
skars07: checks 
*** SHOW DOWN ***
Supermegopro: shows [6h 9s] (high card Jack)
skars07: shows [5d 4s] (a pair of Fives)
skars07 collected $4.75 from pot
*** SUMMARY ***
Total pot $5 | Rake $0.25 
Board [5c 3d 7h Th Jd]
Seat 1: G.Andrei95
Seat 2: Espada Fish
Seat 5: An1an1
Seat 3: Supermegopro (big blind) showed [6h 9s] and lost with high card Jack
Seat 4: skars07 (button) (small blind) showed [5d 4s] and won ($4.75) with a pair of Fives



PokerStars Hand #254682694039:  Hold'em No Limit ($0.50/$1.00 USD) - 2025/02/02 3:01:30 WET [2025/02/02 22:01:30 ET]
Table 'Italia' 6-max Seat #1 is the button
Seat 2: Espada Fish ($104.58 in chips) is sitting out
Seat 4: skars07 ($102.25 in chips) is sitting out
Seat 1: Bigkahuna974 ($100 in chips) 
Seat 5: SorinS28 ($100 in chips) 
Bigkahuna974: posts small blind $0.50
skars07: is sitting out 
SorinS28: posts big blind $1
*** HOLE CARDS ***
Bigkahuna974: calls $0.50
SorinS28: raises $4 to $5
Bigkahuna974: folds 
Uncalled bet ($4) returned to SorinS28
SorinS28 collected $2 from pot
SorinS28: doesn't show hand 
*** SUMMARY ***
Total pot $2 | Rake $0 
Seat 2: Espada Fish
Seat 4: skars07
Seat 1: Bigkahuna974 (button) (small blind) folded before Flop
Seat 5: SorinS28 (big blind) collected ($2)



PokerStars Hand #254682697001:  Hold'em No Limit ($0.50/$1.00 USD) - 2025/02/02 3:01:53 WET [2025/02/02 22:01:53 ET]
Table 'Italia' 6-max Seat #5 is the button
Seat 2: Espada Fish ($104.58 in chips) is sitting out
Seat 1: Bigkahuna974 ($99 in chips) 
Seat 4: skars07 ($102.25 in chips) 
Seat 5: SorinS28 ($101 in chips) 
Bigkahuna974: posts small blind $0.50
skars07: posts big blind $1
*** HOLE CARDS ***
SorinS28: folds 
Bigkahuna974: raises $2 to $3
rossieboy222 joins the table at seat #3 
skars07: calls $2
*** FLOP *** [Qd Ks 9s]
Bigkahuna974: checks 
skars07: checks 
*** TURN *** [Qd Ks 9s] [Qs]
Bigkahuna974: bets $2
pr0tecto joins the table at seat #6 
skars07: calls $2
*** RIVER *** [Qd Ks 9s Qs] [5s]
Bigkahuna974: bets $5
skars07: calls $5
*** SHOW DOWN ***
Bigkahuna974: shows [Jd Js] (a flush, King high)
skars07: mucks hand 
Bigkahuna974 collected $19 from pot
*** SUMMARY ***
Total pot $20 | Rake $1 
Board [Qd Ks 9s Qs 5s]
Seat 2: Espada Fish
Seat 1: Bigkahuna974 (small blind) showed [Jd Js] and won ($19) with a flush, King high
Seat 4: skars07 (big blind) mucked
Seat 5: SorinS28 (button) folded before Flop (didn't bet)



PokerStars Hand #254682703872:  Hold'em No Limit ($0.50/$1.00 USD) - 2025/02/02 3:02:47 WET [2025/02/02 22:02:47 ET]
Table 'Italia' 6-max Seat #1 is the button
Seat 2: Espada Fish ($104.58 in chips) is sitting out
Seat 3: rossieboy222 ($16.28 in chips) is sitting out
Seat 6: pr0tecto ($100 in chips) is sitting out
Seat 1: Bigkahuna974 ($108 in chips) 
Seat 4: skars07 ($100 in chips) 
Seat 5: SorinS28 ($101 in chips) 
skars07: posts small blind $0.50
SorinS28: posts big blind $1
pr0tecto: sits out 
*** HOLE CARDS ***
Bigkahuna974: calls $1
skars07: folds 
SorinS28: checks 
*** FLOP *** [2d Qh 5s]
SorinS28: checks 
Bigkahuna974: checks 
*** TURN *** [2d Qh 5s] [8h]
SorinS28: checks 
Bigkahuna974: checks 
*** RIVER *** [2d Qh 5s 8h] [Th]
SorinS28: checks 
Bigkahuna974: checks 
*** SHOW DOWN ***
SorinS28: shows [2h Jc] (a pair of Deuces)
Bigkahuna974: mucks hand 
SorinS28 collected $2.38 from pot
*** SUMMARY ***
Total pot $2.50 | Rake $0.12 
Board [2d Qh 5s 8h Th]
Seat 2: Espada Fish
Seat 3: rossieboy222
Seat 6: pr0tecto
Seat 1: Bigkahuna974 (button) mucked
Seat 4: skars07 (small blind) folded before Flop
Seat 5: SorinS28 (big blind) showed [2h Jc] and won ($2.38) with a pair of Deuces



PokerStars Hand #254682708440:  Hold'em No Limit ($0.50/$1.00 USD) - 2025/02/02 3:03:22 WET [2025/02/02 22:03:22 ET]
Table 'Italia' 6-max Seat #4 is the button
Seat 2: Espada Fish ($104.58 in chips) is sitting out
Seat 3: rossieboy222 ($16.28 in chips) is sitting out
Seat 1: Bigkahuna974 ($107 in chips) 
Seat 4: skars07 ($100 in chips) 
Seat 5: SorinS28 ($102.38 in chips) 
Seat 6: pr0tecto ($100 in chips) 
SorinS28: posts small blind $0.50
pr0tecto: posts big blind $1
rossieboy222: sits out 
*** HOLE CARDS ***
Bigkahuna974: calls $1
skars07: folds 
SorinS28: raises $4 to $5
pr0tecto: folds 
Bigkahuna974: calls $4
*** FLOP *** [Ts 4d 9c]
SorinS28: checks 
Bigkahuna974: checks 
*** TURN *** [Ts 4d 9c] [5s]
SorinS28: checks 
Bigkahuna974: bets $3
SorinS28: folds 
Uncalled bet ($3) returned to Bigkahuna974
Bigkahuna974 collected $10.45 from pot
*** SUMMARY ***
Total pot $11 | Rake $0.55 
Board [Ts 4d 9c 5s]
Seat 2: Espada Fish
Seat 3: rossieboy222
Seat 1: Bigkahuna974 collected ($10.45)
Seat 4: skars07 (button) folded before Flop (didn't bet)
Seat 5: SorinS28 (small blind) folded on the Turn
Seat 6: pr0tecto (big blind) folded before Flop



PokerStars Hand #254682717619:  Hold'em No Limit ($0.50/$1.00 USD) - 2025/02/02 3:04:32 WET [2025/02/02 22:04:32 ET]
Table 'Italia' 6-max Seat #5 is the button
Seat 2: Espada Fish ($104.58 in chips) is sitting out
Seat 3: rossieboy222 ($16.28 in chips) is sitting out
Seat 1: Bigkahuna974 ($112.45 in chips) 
Seat 4: skars07 ($100 in chips) 
Seat 5: SorinS28 ($100 in chips) 
Seat 6: pr0tecto ($99 in chips) 
pr0tecto: posts small blind $0.50
Bigkahuna974: posts big blind $1
Espada Fish: sits out 
rossieboy222: sits out 
*** HOLE CARDS ***
skars07: folds 
SorinS28: folds 
pr0tecto: raises $1.24 to $2.24
Bigkahuna974: calls $1.24
*** FLOP *** [3d 8h 2c]
pr0tecto: bets $2.56
Bigkahuna974: folds 
Uncalled bet ($2.56) returned to pr0tecto
pr0tecto collected $4.26 from pot
pr0tecto: doesn't show hand 
*** SUMMARY ***
Total pot $4.48 | Rake $0.22 
Board [3d 8h 2c]
Seat 2: Espada Fish
Seat 3: rossieboy222
Seat 1: Bigkahuna974 (big blind) folded on the Flop
Seat 4: skars07 folded before Flop (didn't bet)
Seat 5: SorinS28 (button) folded before Flop (didn't bet)
Seat 6: pr0tecto (small blind) collected ($4.26)



PokerStars Hand #254682722040:  Hold'em No Limit ($0.50/$1.00 USD) - 2025/02/02 3:05:06 WET [2025/02/02 22:05:06 ET]
Table 'Italia' 6-max Seat #6 is the button
Seat 3: rossieboy222 ($16.28 in chips) is sitting out
Seat 1: Bigkahuna974 ($110.21 in chips) 
Seat 2: Espada Fish ($104.58 in chips) 
Seat 4: skars07 ($100 in chips) 
Seat 5: SorinS28 ($100 in chips) 
Seat 6: pr0tecto ($101.02 in chips) 
Bigkahuna974: posts small blind $0.50
Espada Fish: posts big blind $1
rossieboy222: sits out 
*** HOLE CARDS ***
skars07: folds 
SorinS28: folds 
pr0tecto: raises $2 to $3
Bigkahuna974: folds 
Espada Fish: calls $2
*** FLOP *** [3d 2h Qd]
Espada Fish: checks 
pr0tecto: bets $2.04
Espada Fish: calls $2.04
*** TURN *** [3d 2h Qd] [7c]
Espada Fish: checks 
pr0tecto: bets $7.54
Espada Fish: folds 
Uncalled bet ($7.54) returned to pr0tecto
pr0tecto collected $10.05 from pot
pr0tecto: doesn't show hand 
*** SUMMARY ***
Total pot $10.58 | Rake $0.53 
Board [3d 2h Qd 7c]
Seat 3: rossieboy222
Seat 1: Bigkahuna974 (small blind) folded before Flop
Seat 2: Espada Fish (big blind) folded on the Turn
Seat 4: skars07 folded before Flop (didn't bet)
Seat 5: SorinS28 folded before Flop (didn't bet)
Seat 6: pr0tecto (button) collected ($10.05)



PokerStars Hand #254682733132:  Hold'em No Limit ($0.50/$1.00 USD) - 2025/02/02 3:06:35 WET [2025/02/02 22:06:35 ET]
Table 'Italia' 6-max Seat #1 is the button
Seat 1: Bigkahuna974 ($109.71 in chips) 
Seat 2: Espada Fish ($100 in chips) 
Seat 3: rossieboy222 ($16.28 in chips) 
Seat 4: skars07 ($100 in chips) 
Seat 5: SorinS28 ($100 in chips) 
Seat 6: pr0tecto ($106.03 in chips) 
Espada Fish: posts small blind $0.50
rossieboy222: posts big blind $1
*** HOLE CARDS ***
skars07: folds 
SorinS28: folds 
pr0tecto: folds 
Bigkahuna974: calls $1
Espada Fish: raises $3 to $4
rossieboy222: folds 
Bigkahuna974: calls $3
*** FLOP *** [Qc 4c 2d]
Espada Fish: bets $2.82
Bigkahuna974: folds 
Uncalled bet ($2.82) returned to Espada Fish
Espada Fish collected $8.55 from pot
Espada Fish: doesn't show hand 
*** SUMMARY ***
Total pot $9 | Rake $0.45 
Board [Qc 4c 2d]
Seat 1: Bigkahuna974 (button) folded on the Flop
Seat 2: Espada Fish (small blind) collected ($8.55)
Seat 3: rossieboy222 (big blind) folded before Flop
Seat 4: skars07 folded before Flop (didn't bet)
Seat 5: SorinS28 folded before Flop (didn't bet)
Seat 6: pr0tecto folded before Flop (didn't bet)



PokerStars Hand #254682738281:  Hold'em No Limit ($0.50/$1.00 USD) - 2025/02/02 3:07:15 WET [2025/02/02 22:07:15 ET]
Table 'Italia' 6-max Seat #2 is the button
Seat 1: Bigkahuna974 ($105.71 in chips) 
Seat 2: Espada Fish ($104.55 in chips) 
Seat 3: rossieboy222 ($15.28 in chips) 
Seat 4: skars07 ($100 in chips) 
Seat 5: SorinS28 ($100 in chips) 
Seat 6: pr0tecto ($106.03 in chips) 
rossieboy222: posts small blind $0.50
skars07: posts big blind $1
*** HOLE CARDS ***
SorinS28: folds 
pr0tecto: raises $1.10 to $2.10
Bigkahuna974: calls $2.10
Espada Fish: folds 
rossieboy222: folds 
skars07: folds 
*** FLOP *** [7s Jc Js]
pr0tecto: bets $1.79
Bigkahuna974: calls $1.79
*** TURN *** [7s Jc Js] [9s]
pr0tecto: checks 
Bigkahuna974: bets $8.82
pr0tecto: folds 
Uncalled bet ($8.82) returned to Bigkahuna974
Bigkahuna974 collected $8.82 from pot
*** SUMMARY ***
Total pot $9.28 | Rake $0.46 
Board [7s Jc Js 9s]
Seat 1: Bigkahuna974 collected ($8.82)
Seat 2: Espada Fish (button) folded before Flop (didn't bet)
Seat 3: rossieboy222 (small blind) folded before Flop
Seat 4: skars07 (big blind) folded before Flop
Seat 5: SorinS28 folded before Flop (didn't bet)
Seat 6: pr0tecto folded on the Turn



PokerStars Hand #254682745330:  Hold'em No Limit ($0.50/$1.00 USD) - 2025/02/02 3:08:11 WET [2025/02/02 22:08:11 ET]
Table 'Italia' 6-max Seat #3 is the button
Seat 1: Bigkahuna974 ($110.64 in chips) 
Seat 2: Espada Fish ($104.55 in chips) 
Seat 3: rossieboy222 ($14.78 in chips) 
Seat 4: skars07 ($100 in chips) 
Seat 5: SorinS28 ($100 in chips) 
Seat 6: pr0tecto ($102.14 in chips) 
skars07: posts small blind $0.50
SorinS28: posts big blind $1
*** HOLE CARDS ***
pr0tecto: folds 
Bigkahuna974: raises $2 to $3
Espada Fish: folds 
rossieboy222: folds 
skars07: folds 
SorinS28: folds 
Uncalled bet ($2) returned to Bigkahuna974
Bigkahuna974 collected $2.50 from pot
*** SUMMARY ***
Total pot $2.50 | Rake $0 
Seat 1: Bigkahuna974 collected ($2.50)
Seat 2: Espada Fish folded before Flop (didn't bet)
Seat 3: rossieboy222 (button) folded before Flop (didn't bet)
Seat 4: skars07 (small blind) folded before Flop
Seat 5: SorinS28 (big blind) folded before Flop
Seat 6: pr0tecto folded before Flop (didn't bet)



PokerStars Hand #254682747154:  Hold'em No Limit ($0.50/$1.00 USD) - 2025/02/02 3:08:26 WET [2025/02/02 22:08:26 ET]
Table 'Italia' 6-max Seat #4 is the button
Seat 1: Bigkahuna974 ($112.14 in chips) 
Seat 2: Espada Fish ($104.55 in chips) 
Seat 3: rossieboy222 ($14.78 in chips) 
Seat 4: skars07 ($100 in chips) 
Seat 5: SorinS28 ($100 in chips) 
Seat 6: pr0tecto ($102.14 in chips) 
SorinS28: posts small blind $0.50
pr0tecto: posts big blind $1
*** HOLE CARDS ***
Bigkahuna974: raises $2 to $3
Espada Fish: folds 
rossieboy222: folds 
skars07: folds 
SorinS28: calls $2.50
pr0tecto: folds 
*** FLOP *** [Ah 6s Js]
SorinS28: checks 
Bigkahuna974: checks 
*** TURN *** [Ah 6s Js] [Ks]
SorinS28: checks 
Bigkahuna974: bets $3.33
SorinS28: calls $3.33
*** RIVER *** [Ah 6s Js Ks] [Qh]
SorinS28: checks 
Bigkahuna974: checks 
*** SHOW DOWN ***
SorinS28: shows [7h Kh] (a pair of Kings)
Bigkahuna974: mucks hand 
SorinS28 collected $12.98 from pot
*** SUMMARY ***
Total pot $13.66 | Rake $0.68 
Board [Ah 6s Js Ks Qh]
Seat 1: Bigkahuna974 mucked
Seat 2: Espada Fish folded before Flop (didn't bet)
Seat 3: rossieboy222 folded before Flop (didn't bet)
Seat 4: skars07 (button) folded before Flop (didn't bet)
Seat 5: SorinS28 (small blind) showed [7h Kh] and won ($12.98) with a pair of Kings
Seat 6: pr0tecto (big blind) folded before Flop



PokerStars Hand #254682754325:  Hold'em No Limit ($0.50/$1.00 USD) - 2025/02/02 3:09:23 WET [2025/02/02 22:09:23 ET]
Table 'Italia' 6-max Seat #5 is the button
Seat 1: Bigkahuna974 ($105.81 in chips) 
Seat 2: Espada Fish ($104.55 in chips) 
Seat 3: rossieboy222 ($14.78 in chips) 
Seat 4: skars07 ($100 in chips) 
Seat 5: SorinS28 ($106.65 in chips) 
Seat 6: pr0tecto ($101.14 in chips) 
pr0tecto: posts small blind $0.50
Bigkahuna974: posts big blind $1
*** HOLE CARDS ***
Espada Fish: folds 
rossieboy222: folds 
skars07: raises $1.50 to $2.50
SorinS28: folds 
pr0tecto: folds 
Bigkahuna974: calls $1.50
*** FLOP *** [2d 5c Qc]
Bigkahuna974: bets $5.22
skars07: folds 
Uncalled bet ($5.22) returned to Bigkahuna974
Bigkahuna974 collected $5.22 from pot
*** SUMMARY ***
Total pot $5.50 | Rake $0.28 
Board [2d 5c Qc]
Seat 1: Bigkahuna974 (big blind) collected ($5.22)
Seat 2: Espada Fish folded before Flop (didn't bet)
Seat 3: rossieboy222 folded before Flop (didn't bet)
Seat 4: skars07 folded on the Flop
Seat 5: SorinS28 (button) folded before Flop (didn't bet)
Seat 6: pr0tecto (small blind) folded before Flop



PokerStars Hand #254682760021:  Hold'em No Limit ($0.50/$1.00 USD) - 2025/02/02 3:10:09 WET [2025/02/02 22:10:09 ET]
Table 'Italia' 6-max Seat #6 is the button
Seat 1: Bigkahuna974 ($108.53 in chips) 
Seat 2: Espada Fish ($104.55 in chips) 
Seat 3: rossieboy222 ($14.78 in chips) 
Seat 4: skars07 ($100 in chips) 
Seat 5: SorinS28 ($106.65 in chips) 
Seat 6: pr0tecto ($100.64 in chips) 
Bigkahuna974: posts small blind $0.50
Espada Fish: posts big blind $1
*** HOLE CARDS ***
rossieboy222: raises $2 to $3
skars07: folds 
SorinS28: folds 
pr0tecto: folds 
Bigkahuna974: folds 
Espada Fish: calls $2
*** FLOP *** [Js 4c Ts]
Espada Fish: checks 
rossieboy222: bets $3
Espada Fish: raises $16.20 to $19.20
rossieboy222: calls $8.78 and is all-in
Uncalled bet ($7.42) returned to Espada Fish
*** TURN *** [Js 4c Ts] [9c]
*** RIVER *** [Js 4c Ts 9c] [5h]
*** SHOW DOWN ***
Espada Fish: shows [Jh 8h] (a pair of Jacks)
rossieboy222: shows [Td Kc] (a pair of Tens)
Espada Fish cashed out the hand for $21.43 | Cash Out Fee $0.44
*** SUMMARY ***
Total pot $30.06 | Rake $1.50 
Board [Js 4c Ts 9c 5h]
Seat 1: Bigkahuna974 (small blind) folded before Flop
Seat 2: Espada Fish (big blind) showed [Jh 8h] and won ($28.56) with a pair of Jacks (pot not awarded as player cashed out)
Seat 3: rossieboy222 showed [Td Kc] and lost with a pair of Tens
Seat 4: skars07 folded before Flop (didn't bet)
Seat 5: SorinS28 folded before Flop (didn't bet)
Seat 6: pr0tecto (button) folded before Flop (didn't bet)



PokerStars Hand #254682765540:  Hold'em No Limit ($0.50/$1.00 USD) - 2025/02/02 3:10:53 WET [2025/02/02 22:10:53 ET]
Table 'Italia' 6-max Seat #1 is the button
Seat 3: rossieboy222 ($0 in chips) is sitting out
Seat 1: Bigkahuna974 ($108.03 in chips) 
Seat 2: Espada Fish ($111.20 in chips) 
Seat 4: skars07 ($100 in chips) 
Seat 5: SorinS28 ($106.65 in chips) 
Seat 6: pr0tecto ($100.64 in chips) 
Espada Fish: posts small blind $0.50
skars07: posts big blind $1
*** HOLE CARDS ***
SorinS28: folds 
rossieboy222 leaves the table
pr0tecto: folds 
Bigkahuna974: folds 
Espada Fish: raises $2 to $3
skars07: folds 
Uncalled bet ($2) returned to Espada Fish
Espada Fish collected $2 from pot
Espada Fish: doesn't show hand 
*** SUMMARY ***
Total pot $2 | Rake $0 
Seat 3: rossieboy222
Seat 1: Bigkahuna974 (button) folded before Flop (didn't bet)
Seat 2: Espada Fish (small blind) collected ($2)
Seat 4: skars07 (big blind) folded before Flop
Seat 5: SorinS28 folded before Flop (didn't bet)
Seat 6: pr0tecto folded before Flop (didn't bet)



PokerStars Hand #254682767599:  Hold'em No Limit ($0.50/$1.00 USD) - 2025/02/02 3:11:10 WET [2025/02/02 22:11:10 ET]
Table 'Italia' 6-max Seat #2 is the button
Seat 1: Bigkahuna974 ($108.03 in chips) 
Seat 2: Espada Fish ($112.20 in chips) 
Seat 4: skars07 ($100 in chips) 
Seat 5: SorinS28 ($106.65 in chips) 
Seat 6: pr0tecto ($100.64 in chips) 
skars07: posts small blind $0.50
SorinS28: posts big blind $1
*** HOLE CARDS ***
pr0tecto: folds 
Bigkahuna974: raises $2 to $3
Espada Fish: folds 
skars07: folds 
An1an1 joins the table at seat #3 
SorinS28: calls $2
*** FLOP *** [Td Ac 6d]
SorinS28: checks 
Bigkahuna974: bets $3.09
SorinS28: calls $3.09
*** TURN *** [Td Ac 6d] [4s]
SorinS28: checks 
Bigkahuna974: checks 
*** RIVER *** [Td Ac 6d 4s] [6s]
SorinS28: checks 
Bigkahuna974: bets $5
SorinS28: folds 
Uncalled bet ($5) returned to Bigkahuna974
Bigkahuna974 collected $12.05 from pot
*** SUMMARY ***
Total pot $12.68 | Rake $0.63 
Board [Td Ac 6d 4s 6s]
Seat 1: Bigkahuna974 collected ($12.05)
Seat 2: Espada Fish (button) folded before Flop (didn't bet)
Seat 4: skars07 (small blind) folded before Flop
Seat 5: SorinS28 (big blind) folded on the River
Seat 6: pr0tecto folded before Flop (didn't bet)



PokerStars Hand #254682776645:  Hold'em No Limit ($0.50/$1.00 USD) - 2025/02/02 3:12:24 WET [2025/02/02 22:12:24 ET]
Table 'Italia' 6-max Seat #4 is the button
Seat 3: An1an1 ($197.15 in chips) is sitting out
Seat 1: Bigkahuna974 ($113.99 in chips) 
Seat 2: Espada Fish ($112.20 in chips) 
Seat 4: skars07 ($100 in chips) 
Seat 5: SorinS28 ($100.56 in chips) 
Seat 6: pr0tecto ($100.64 in chips) 
SorinS28: posts small blind $0.50
pr0tecto: posts big blind $1
An1an1: sits out 
*** HOLE CARDS ***
Bigkahuna974: folds 
Espada Fish: folds 
skars07: folds 
SorinS28: folds 
Uncalled bet ($0.50) returned to pr0tecto
pr0tecto collected $1 from pot
pr0tecto: doesn't show hand 
*** SUMMARY ***
Total pot $1 | Rake $0 
Seat 3: An1an1
Seat 1: Bigkahuna974 folded before Flop (didn't bet)
Seat 2: Espada Fish folded before Flop (didn't bet)
Seat 4: skars07 (button) folded before Flop (didn't bet)
Seat 5: SorinS28 (small blind) folded before Flop
Seat 6: pr0tecto (big blind) collected ($1)



PokerStars Hand #254682779339:  Hold'em No Limit ($0.50/$1.00 USD) - 2025/02/02 3:12:46 WET [2025/02/02 22:12:46 ET]
Table 'Italia' 6-max Seat #5 is the button
Seat 3: An1an1 ($197.15 in chips) is sitting out
Seat 1: Bigkahuna974 ($113.99 in chips) 
Seat 2: Espada Fish ($112.20 in chips) 
Seat 4: skars07 ($100 in chips) 
Seat 5: SorinS28 ($100.06 in chips) 
Seat 6: pr0tecto ($101.14 in chips) 
pr0tecto: posts small blind $0.50
Bigkahuna974: posts big blind $1
An1an1: sits out 
*** HOLE CARDS ***
Espada Fish: folds 
skars07: folds 
SorinS28: folds 
pr0tecto: folds 
Uncalled bet ($0.50) returned to Bigkahuna974
Bigkahuna974 collected $1 from pot
*** SUMMARY ***
Total pot $1 | Rake $0 
Seat 3: An1an1
Seat 1: Bigkahuna974 (big blind) collected ($1)
Seat 2: Espada Fish folded before Flop (didn't bet)
Seat 4: skars07 folded before Flop (didn't bet)
Seat 5: SorinS28 (button) folded before Flop (didn't bet)
Seat 6: pr0tecto (small blind) folded before Flop



PokerStars Hand #254682781628:  Hold'em No Limit ($0.50/$1.00 USD) - 2025/02/02 3:13:04 WET [2025/02/02 22:13:04 ET]
Table 'Italia' 6-max Seat #6 is the button
Seat 3: An1an1 ($197.15 in chips) is sitting out
Seat 1: Bigkahuna974 ($114.49 in chips) 
Seat 2: Espada Fish ($112.20 in chips) 
Seat 4: skars07 ($100 in chips) 
Seat 5: SorinS28 ($100.06 in chips) 
Seat 6: pr0tecto ($100.64 in chips) 
Bigkahuna974: posts small blind $0.50
Espada Fish: posts big blind $1
An1an1: sits out 
*** HOLE CARDS ***
skars07: folds 
SorinS28: raises $1.30 to $2.30
pr0tecto: folds 
Bigkahuna974: folds 
Espada Fish: folds 
Uncalled bet ($1.30) returned to SorinS28
SorinS28 collected $2.50 from pot
SorinS28: doesn't show hand 
*** SUMMARY ***
Total pot $2.50 | Rake $0 
Seat 3: An1an1
Seat 1: Bigkahuna974 (small blind) folded before Flop
Seat 2: Espada Fish (big blind) folded before Flop
Seat 4: skars07 folded before Flop (didn't bet)
Seat 5: SorinS28 collected ($2.50)
Seat 6: pr0tecto (button) folded before Flop (didn't bet)



PokerStars Hand #254682786740:  Hold'em No Limit ($0.50/$1.00 USD) - 2025/02/02 3:13:46 WET [2025/02/02 22:13:46 ET]
Table 'Italia' 6-max Seat #1 is the button
Seat 1: Bigkahuna974 ($113.99 in chips) 
Seat 2: Espada Fish ($111.20 in chips) 
Seat 3: An1an1 ($197.15 in chips) 
Seat 4: skars07 ($100 in chips) 
Seat 5: SorinS28 ($101.56 in chips) 
Seat 6: pr0tecto ($100.64 in chips) 
Espada Fish: posts small blind $0.50
An1an1: posts big blind $1
*** HOLE CARDS ***
skars07: folds 
SorinS28: folds 
pr0tecto: folds 
Bigkahuna974: folds 
Espada Fish: raises $2 to $3
An1an1: calls $2
*** FLOP *** [4s Jc 8d]
Espada Fish: checks 
An1an1: checks 
*** TURN *** [4s Jc 8d] [5h]
Espada Fish: checks 
An1an1: bets $3.80
Espada Fish: folds 
Uncalled bet ($3.80) returned to An1an1
An1an1 collected $5.70 from pot
An1an1: doesn't show hand 
*** SUMMARY ***
Total pot $6 | Rake $0.30 
Board [4s Jc 8d 5h]
Seat 1: Bigkahuna974 (button) folded before Flop (didn't bet)
Seat 2: Espada Fish (small blind) folded on the Turn
Seat 3: An1an1 (big blind) collected ($5.70)
Seat 4: skars07 folded before Flop (didn't bet)
Seat 5: SorinS28 folded before Flop (didn't bet)
Seat 6: pr0tecto folded before Flop (didn't bet)



PokerStars Hand #254682793601:  Hold'em No Limit ($0.50/$1.00 USD) - 2025/02/02 3:14:42 WET [2025/02/02 22:14:42 ET]
Table 'Italia' 6-max Seat #2 is the button
Seat 1: Bigkahuna974 ($113.99 in chips) 
Seat 2: Espada Fish ($108.20 in chips) 
Seat 3: An1an1 ($199.85 in chips) 
Seat 4: skars07 ($100 in chips) 
Seat 5: SorinS28 ($101.56 in chips) 
Seat 6: pr0tecto ($100.64 in chips) 
An1an1: posts small blind $0.50
skars07: posts big blind $1
*** HOLE CARDS ***
SorinS28: folds 
pr0tecto: folds 
Bigkahuna974: raises $1 to $2
Espada Fish: folds 
An1an1: folds 
skars07: raises $8 to $10
Bigkahuna974: folds 
Uncalled bet ($8) returned to skars07
skars07 collected $4.50 from pot
skars07: doesn't show hand 
*** SUMMARY ***
Total pot $4.50 | Rake $0 
Seat 1: Bigkahuna974 folded before Flop
Seat 2: Espada Fish (button) folded before Flop (didn't bet)
Seat 3: An1an1 (small blind) folded before Flop
Seat 4: skars07 (big blind) collected ($4.50)
Seat 5: SorinS28 folded before Flop (didn't bet)
Seat 6: pr0tecto folded before Flop (didn't bet)



PokerStars Hand #254682798640:  Hold'em No Limit ($0.50/$1.00 USD) - 2025/02/02 3:15:22 WET [2025/02/02 22:15:22 ET]
Table 'Italia' 6-max Seat #3 is the button
Seat 2: Espada Fish ($108.20 in chips) is sitting out
Seat 1: Bigkahuna974 ($111.99 in chips) 
Seat 3: An1an1 ($199.35 in chips) 
Seat 4: skars07 ($102.50 in chips) 
Seat 5: SorinS28 ($101.56 in chips) 
Seat 6: pr0tecto ($100.64 in chips) 
skars07: posts small blind $0.50
SorinS28: posts big blind $1
*** HOLE CARDS ***
pr0tecto: folds 
Bigkahuna974: folds 
An1an1: raises $1.50 to $2.50
skars07: folds 
SorinS28: folds 
Uncalled bet ($1.50) returned to An1an1
An1an1 collected $2.50 from pot
An1an1: doesn't show hand 
*** SUMMARY ***
Total pot $2.50 | Rake $0 
Seat 2: Espada Fish
Seat 1: Bigkahuna974 folded before Flop (didn't bet)
Seat 3: An1an1 (button) collected ($2.50)
Seat 4: skars07 (small blind) folded before Flop
Seat 5: SorinS28 (big blind) folded before Flop
Seat 6: pr0tecto folded before Flop (didn't bet)



PokerStars Hand #254682801110:  Hold'em No Limit ($0.50/$1.00 USD) - 2025/02/02 3:15:42 WET [2025/02/02 22:15:42 ET]
Table 'Italia' 6-max Seat #4 is the button
Seat 2: Espada Fish ($108.20 in chips) is sitting out
Seat 1: Bigkahuna974 ($111.99 in chips) 
Seat 3: An1an1 ($200.85 in chips) 
Seat 4: skars07 ($102 in chips) 
Seat 5: SorinS28 ($100.56 in chips) 
Seat 6: pr0tecto ($100.64 in chips) 
SorinS28: posts small blind $0.50
pr0tecto: posts big blind $1
*** HOLE CARDS ***
Bigkahuna974: calls $1
An1an1: raises $3 to $4
skars07: folds 
SorinS28: folds 
pr0tecto: folds 
Bigkahuna974: calls $3
*** FLOP *** [Qc Qh Js]
Bigkahuna974: checks 
An1an1: bets $2.16
Bigkahuna974: folds 
Uncalled bet ($2.16) returned to An1an1
An1an1 collected $9.02 from pot
An1an1: doesn't show hand 
*** SUMMARY ***
Total pot $9.50 | Rake $0.48 
Board [Qc Qh Js]
Seat 2: Espada Fish
Seat 1: Bigkahuna974 folded on the Flop
Seat 3: An1an1 collected ($9.02)
Seat 4: skars07 (button) folded before Flop (didn't bet)
Seat 5: SorinS28 (small blind) folded before Flop
Seat 6: pr0tecto (big blind) folded before Flop



PokerStars Hand #254682807541:  Hold'em No Limit ($0.50/$1.00 USD) - 2025/02/02 3:16:34 WET [2025/02/02 22:16:34 ET]
Table 'Italia' 6-max Seat #5 is the button
Seat 2: Espada Fish ($108.20 in chips) is sitting out
Seat 1: Bigkahuna974 ($107.99 in chips) 
Seat 3: An1an1 ($205.87 in chips) 
Seat 4: skars07 ($102 in chips) 
Seat 5: SorinS28 ($100.06 in chips) 
Seat 6: pr0tecto ($99.64 in chips) 
pr0tecto: posts small blind $0.50
Bigkahuna974: posts big blind $1
*** HOLE CARDS ***
An1an1: folds 
skars07: raises $1.50 to $2.50
SorinS28: calls $2.50
pr0tecto: folds 
Bigkahuna974: folds 
*** FLOP *** [Th Ad Kh]
skars07: bets $2.04
SorinS28: calls $2.04
*** TURN *** [Th Ad Kh] [9s]
skars07: bets $7.54
SorinS28: calls $7.54
*** RIVER *** [Th Ad Kh 9s] [7s]
Espada Fish leaves the table
An1an1 leaves the table
joaquin612 joins the table at seat #2 
mironchikvld joins the table at seat #3 
skars07: bets $18.29
SorinS28: calls $18.29
*** SHOW DOWN ***
skars07: shows [Qd Jc] (a straight, Ten to Ace)
SorinS28: mucks hand 
skars07 collected $59.74 from pot
*** SUMMARY ***
Total pot $62.24 | Rake $2.50 
Board [Th Ad Kh 9s 7s]
Seat 2: Espada Fish
Seat 1: Bigkahuna974 (big blind) folded before Flop
Seat 3: An1an1 folded before Flop (didn't bet)
Seat 4: skars07 showed [Qd Jc] and won ($59.74) with a straight, Ten to Ace
Seat 5: SorinS28 (button) mucked
Seat 6: pr0tecto (small blind) folded before Flop



PokerStars Hand #254682817490:  Hold'em No Limit ($0.50/$1.00 USD) - 2025/02/02 3:17:55 WET [2025/02/02 22:17:55 ET]
Table 'Italia' 6-max Seat #6 is the button
Seat 3: mironchikvld ($100 in chips) is sitting out
Seat 1: Bigkahuna974 ($106.99 in chips) 
Seat 2: joaquin612 ($100 in chips) 
Seat 4: skars07 ($131.37 in chips) 
Seat 5: SorinS28 ($100 in chips) 
Seat 6: pr0tecto ($99.14 in chips) 
Bigkahuna974: posts small blind $0.50
joaquin612: posts big blind $1
mironchikvld: sits out 
*** HOLE CARDS ***
skars07: folds 
SorinS28: raises $1.30 to $2.30
pr0tecto: folds 
Bigkahuna974: folds 
joaquin612: raises $8.70 to $11
SorinS28: calls $8.70
*** FLOP *** [9d 6h Qh]
joaquin612: checks 
SorinS28: checks 
*** TURN *** [9d 6h Qh] [Jc]
joaquin612: checks 
SorinS28: bets $7.06
joaquin612: calls $7.06
*** RIVER *** [9d 6h Qh Jc] [6s]
joaquin612: checks 
SorinS28: checks 
*** SHOW DOWN ***
joaquin612: shows [Ts Th] (two pair, Tens and Sixes)
SorinS28: mucks hand 
joaquin612 collected $34.79 from pot
*** SUMMARY ***
Total pot $36.62 | Rake $1.83 
Board [9d 6h Qh Jc 6s]
Seat 3: mironchikvld
Seat 1: Bigkahuna974 (small blind) folded before Flop
Seat 2: joaquin612 (big blind) showed [Ts Th] and won ($34.79) with two pair, Tens and Sixes
Seat 4: skars07 folded before Flop (didn't bet)
Seat 5: SorinS28 mucked
Seat 6: pr0tecto (button) folded before Flop (didn't bet)



PokerStars Hand #254682829624:  Hold'em No Limit ($0.50/$1.00 USD) - 2025/02/02 3:19:35 WET [2025/02/02 22:19:35 ET]
Table 'Italia' 6-max Seat #1 is the button
Seat 1: Bigkahuna974 ($106.49 in chips) 
Seat 2: joaquin612 ($116.73 in chips) 
Seat 3: mironchikvld ($100 in chips) 
Seat 4: skars07 ($131.37 in chips) 
Seat 5: SorinS28 ($100 in chips) 
Seat 6: pr0tecto ($99.14 in chips) 
joaquin612: posts small blind $0.50
mironchikvld: posts big blind $1
*** HOLE CARDS ***
skars07: raises $1.50 to $2.50
SorinS28: folds 
pr0tecto: folds 
Bigkahuna974: folds 
joaquin612: folds 
mironchikvld: calls $1.50
*** FLOP *** [9c Kc Ks]
mironchikvld: checks 
skars07: bets $2.61
mironchikvld: calls $2.61
*** TURN *** [9c Kc Ks] [Qs]
mironchikvld: checks 
skars07: checks 
*** RIVER *** [9c Kc Ks Qs] [5s]
mironchikvld: bets $3.36
skars07: calls $3.36
*** SHOW DOWN ***
mironchikvld: shows [Kh Jd] (three of a kind, Kings)
skars07: mucks hand 
mironchikvld collected $16.57 from pot
*** SUMMARY ***
Total pot $17.44 | Rake $0.87 
Board [9c Kc Ks Qs 5s]
Seat 1: Bigkahuna974 (button) folded before Flop (didn't bet)
Seat 2: joaquin612 (small blind) folded before Flop
Seat 3: mironchikvld (big blind) showed [Kh Jd] and won ($16.57) with three of a kind, Kings
Seat 4: skars07 mucked
Seat 5: SorinS28 folded before Flop (didn't bet)
Seat 6: pr0tecto folded before Flop (didn't bet)



PokerStars Hand #254682841077:  Hold'em No Limit ($0.50/$1.00 USD) - 2025/02/02 3:21:09 WET [2025/02/02 22:21:09 ET]
Table 'Italia' 6-max Seat #2 is the button
Seat 5: SorinS28 ($100 in chips) is sitting out
Seat 1: Bigkahuna974 ($106.49 in chips) 
Seat 2: joaquin612 ($116.23 in chips) 
Seat 3: mironchikvld ($108.10 in chips) 
Seat 4: skars07 ($122.90 in chips) 
Seat 6: pr0tecto ($99.14 in chips) 
mironchikvld: posts small blind $0.50
skars07: posts big blind $1
*** HOLE CARDS ***
pr0tecto: folds 
Bigkahuna974: folds 
joaquin612: folds 
mironchikvld: raises $2 to $3
skars07: folds 
Uncalled bet ($2) returned to mironchikvld
mironchikvld collected $2 from pot
mironchikvld: doesn't show hand 
*** SUMMARY ***
Total pot $2 | Rake $0 
Seat 5: SorinS28
Seat 1: Bigkahuna974 folded before Flop (didn't bet)
Seat 2: joaquin612 (button) folded before Flop (didn't bet)
Seat 3: mironchikvld (small blind) collected ($2)
Seat 4: skars07 (big blind) folded before Flop
Seat 6: pr0tecto folded before Flop (didn't bet)



PokerStars Hand #254682842910:  Hold'em No Limit ($0.50/$1.00 USD) - 2025/02/02 3:21:23 WET [2025/02/02 22:21:23 ET]
Table 'Italia' 6-max Seat #3 is the button
Seat 5: SorinS28 ($100 in chips) is sitting out
Seat 1: Bigkahuna974 ($106.49 in chips) 
Seat 2: joaquin612 ($116.23 in chips) 
Seat 3: mironchikvld ($109.10 in chips) 
Seat 4: skars07 ($121.90 in chips) 
Seat 6: pr0tecto ($99.14 in chips) 
skars07: posts small blind $0.50
pr0tecto: posts big blind $1
*** HOLE CARDS ***
Bigkahuna974: folds 
joaquin612: folds 
mironchikvld: folds 
skars07: folds 
Uncalled bet ($0.50) returned to pr0tecto
pr0tecto collected $1 from pot
pr0tecto: doesn't show hand 
*** SUMMARY ***
Total pot $1 | Rake $0 
Seat 5: SorinS28
Seat 1: Bigkahuna974 folded before Flop (didn't bet)
Seat 2: joaquin612 folded before Flop (didn't bet)
Seat 3: mironchikvld (button) folded before Flop (didn't bet)
Seat 4: skars07 (small blind) folded before Flop
Seat 6: pr0tecto (big blind) collected ($1)



PokerStars Hand #254682844356:  Hold'em No Limit ($0.50/$1.00 USD) - 2025/02/02 3:21:36 WET [2025/02/02 22:21:36 ET]
Table 'Italia' 6-max Seat #4 is the button
Seat 5: SorinS28 ($100 in chips) is sitting out
Seat 1: Bigkahuna974 ($106.49 in chips) 
Seat 2: joaquin612 ($116.23 in chips) 
Seat 3: mironchikvld ($109.10 in chips) 
Seat 4: skars07 ($121.40 in chips) 
Seat 6: pr0tecto ($99.64 in chips) 
pr0tecto: posts small blind $0.50
Bigkahuna974: posts big blind $1
*** HOLE CARDS ***
joaquin612: raises $1.50 to $2.50
mironchikvld: folds 
skars07: folds 
pr0tecto: folds 
Bigkahuna974: calls $1.50
*** FLOP *** [Ts Ad 5h]
Bigkahuna974: checks 
joaquin612: bets $1.72
Bigkahuna974: folds 
Uncalled bet ($1.72) returned to joaquin612
joaquin612 collected $5.22 from pot
joaquin612: doesn't show hand 
*** SUMMARY ***
Total pot $5.50 | Rake $0.28 
Board [Ts Ad 5h]
Seat 5: SorinS28
Seat 1: Bigkahuna974 (big blind) folded on the Flop
Seat 2: joaquin612 collected ($5.22)
Seat 3: mironchikvld folded before Flop (didn't bet)
Seat 4: skars07 (button) folded before Flop (didn't bet)
Seat 6: pr0tecto (small blind) folded before Flop



PokerStars Hand #254682847889:  Hold'em No Limit ($0.50/$1.00 USD) - 2025/02/02 3:22:05 WET [2025/02/02 22:22:05 ET]
Table 'Italia' 6-max Seat #6 is the button
Seat 5: SorinS28 ($100 in chips) is sitting out
Seat 1: Bigkahuna974 ($103.99 in chips) 
Seat 2: joaquin612 ($118.95 in chips) 
Seat 3: mironchikvld ($109.10 in chips) 
Seat 4: skars07 ($121.40 in chips) 
Seat 6: pr0tecto ($99.14 in chips) 
Bigkahuna974: posts small blind $0.50
joaquin612: posts big blind $1
SorinS28: sits out 
*** HOLE CARDS ***
mironchikvld: folds 
skars07: folds 
pr0tecto: folds 
Bigkahuna974: folds 
Uncalled bet ($0.50) returned to joaquin612
joaquin612 collected $1 from pot
joaquin612: doesn't show hand 
*** SUMMARY ***
Total pot $1 | Rake $0 
Seat 5: SorinS28
Seat 1: Bigkahuna974 (small blind) folded before Flop
Seat 2: joaquin612 (big blind) collected ($1)
Seat 3: mironchikvld folded before Flop (didn't bet)
Seat 4: skars07 folded before Flop (didn't bet)
Seat 6: pr0tecto (button) folded before Flop (didn't bet)



PokerStars Hand #254682849998:  Hold'em No Limit ($0.50/$1.00 USD) - 2025/02/02 3:22:23 WET [2025/02/02 22:22:23 ET]
Table 'Italia' 6-max Seat #1 is the button
Seat 5: SorinS28 ($100 in chips) is sitting out
Seat 1: Bigkahuna974 ($103.49 in chips) 
Seat 2: joaquin612 ($119.45 in chips) 
Seat 3: mironchikvld ($109.10 in chips) 
Seat 4: skars07 ($121.40 in chips) 
Seat 6: pr0tecto ($99.14 in chips) 
joaquin612: posts small blind $0.50
mironchikvld: posts big blind $1
SorinS28: sits out 
*** HOLE CARDS ***
skars07: folds 
pr0tecto: raises $1.20 to $2.20
Bigkahuna974: folds 
joaquin612: folds 
mironchikvld: folds 
Uncalled bet ($1.20) returned to pr0tecto
pr0tecto collected $2.50 from pot
pr0tecto: doesn't show hand 
*** SUMMARY ***
Total pot $2.50 | Rake $0 
Seat 5: SorinS28
Seat 1: Bigkahuna974 (button) folded before Flop (didn't bet)
Seat 2: joaquin612 (small blind) folded before Flop
Seat 3: mironchikvld (big blind) folded before Flop
Seat 4: skars07 folded before Flop (didn't bet)
Seat 6: pr0tecto collected ($2.50)



PokerStars Hand #254682851775:  Hold'em No Limit ($0.50/$1.00 USD) - 2025/02/02 3:22:37 WET [2025/02/02 22:22:37 ET]
Table 'Italia' 6-max Seat #2 is the button
Seat 4: skars07 ($121.40 in chips) is sitting out
Seat 1: Bigkahuna974 ($103.49 in chips) 
Seat 2: joaquin612 ($118.95 in chips) 
Seat 3: mironchikvld ($108.10 in chips) 
Seat 5: SorinS28 ($100 in chips) 
Seat 6: pr0tecto ($100.64 in chips) 
mironchikvld: posts small blind $0.50
skars07: is sitting out 
SorinS28: posts big blind $1
*** HOLE CARDS ***
pr0tecto: raises $1.10 to $2.10
Bigkahuna974: folds 
joaquin612: folds 
mironchikvld: folds 
SorinS28: folds 
Uncalled bet ($1.10) returned to pr0tecto
pr0tecto collected $2.50 from pot
pr0tecto: doesn't show hand 
*** SUMMARY ***
Total pot $2.50 | Rake $0 
Seat 4: skars07
Seat 1: Bigkahuna974 folded before Flop (didn't bet)
Seat 2: joaquin612 (button) folded before Flop (didn't bet)
Seat 3: mironchikvld (small blind) folded before Flop
Seat 5: SorinS28 (big blind) folded before Flop
Seat 6: pr0tecto collected ($2.50)



PokerStars Hand #254682853586:  Hold'em No Limit ($0.50/$1.00 USD) - 2025/02/02 3:22:52 WET [2025/02/02 22:22:52 ET]
Table 'Italia' 6-max Seat #3 is the button
Seat 4: skars07 ($121.40 in chips) is sitting out
Seat 1: Bigkahuna974 ($103.49 in chips) 
Seat 2: joaquin612 ($118.95 in chips) 
Seat 3: mironchikvld ($107.60 in chips) 
Seat 5: SorinS28 ($100 in chips) 
Seat 6: pr0tecto ($102.14 in chips) 
SorinS28: posts small blind $0.50
pr0tecto: posts big blind $1
*** HOLE CARDS ***
skars07 leaves the table
Bigkahuna974: folds 
joaquin612: folds 
mironchikvld: folds 
SorinS28: raises $2 to $3
50CandyJoe joins the table at seat #4 
pr0tecto: folds 
Uncalled bet ($2) returned to SorinS28
SorinS28 collected $2 from pot
SorinS28: doesn't show hand 
*** SUMMARY ***
Total pot $2 | Rake $0 
Seat 4: skars07
Seat 1: Bigkahuna974 folded before Flop (didn't bet)
Seat 2: joaquin612 folded before Flop (didn't bet)
Seat 3: mironchikvld (button) folded before Flop (didn't bet)
Seat 5: SorinS28 (small blind) collected ($2)
Seat 6: pr0tecto (big blind) folded before Flop



PokerStars Hand #254682856507:  Hold'em No Limit ($0.50/$1.00 USD) - 2025/02/02 3:23:17 WET [2025/02/02 22:23:17 ET]
Table 'Italia' 6-max Seat #5 is the button
Seat 4: 50CandyJoe ($100 in chips) is sitting out
Seat 1: Bigkahuna974 ($103.49 in chips) 
Seat 2: joaquin612 ($118.95 in chips) 
Seat 3: mironchikvld ($107.60 in chips) 
Seat 5: SorinS28 ($101 in chips) 
Seat 6: pr0tecto ($101.14 in chips) 
pr0tecto: posts small blind $0.50
Bigkahuna974: posts big blind $1
50CandyJoe: sits out 
*** HOLE CARDS ***
joaquin612: folds 
mironchikvld: folds 
SorinS28: folds 
pr0tecto: folds 
Uncalled bet ($0.50) returned to Bigkahuna974
Bigkahuna974 collected $1 from pot
*** SUMMARY ***
Total pot $1 | Rake $0 
Seat 4: 50CandyJoe
Seat 1: Bigkahuna974 (big blind) collected ($1)
Seat 2: joaquin612 folded before Flop (didn't bet)
Seat 3: mironchikvld folded before Flop (didn't bet)
Seat 5: SorinS28 (button) folded before Flop (didn't bet)
Seat 6: pr0tecto (small blind) folded before Flop



PokerStars Hand #254682858393:  Hold'em No Limit ($0.50/$1.00 USD) - 2025/02/02 3:23:32 WET [2025/02/02 22:23:32 ET]
Table 'Italia' 6-max Seat #6 is the button
Seat 4: 50CandyJoe ($100 in chips) is sitting out
Seat 1: Bigkahuna974 ($103.99 in chips) 
Seat 2: joaquin612 ($118.95 in chips) 
Seat 3: mironchikvld ($107.60 in chips) 
Seat 5: SorinS28 ($101 in chips) 
Seat 6: pr0tecto ($100.64 in chips) 
Bigkahuna974: posts small blind $0.50
joaquin612: posts big blind $1
50CandyJoe: sits out 
*** HOLE CARDS ***
mironchikvld: folds 
SorinS28: raises $1.30 to $2.30
pr0tecto: folds 
Bigkahuna974: calls $1.80
joaquin612: folds 
*** FLOP *** [Ks Ac 4c]
Bigkahuna974: checks 
SorinS28: bets $3.99
Bigkahuna974: calls $3.99
*** TURN *** [Ks Ac 4c] [4s]
Bigkahuna974: checks 
SorinS28: bets $9.68
Bigkahuna974: calls $9.68
*** RIVER *** [Ks Ac 4c 4s] [8s]
Bigkahuna974: checks 
SorinS28: bets $15.65
Bigkahuna974: calls $15.65
*** SHOW DOWN ***
SorinS28: shows [Td As] (two pair, Aces and Fours)
Bigkahuna974: shows [Jc Ad] (two pair, Aces and Fours)
Bigkahuna974 collected $30.87 from pot
SorinS28 collected $30.87 from pot
*** SUMMARY ***
Total pot $64.24 | Rake $2.50 
Board [Ks Ac 4c 4s 8s]
Seat 4: 50CandyJoe
Seat 1: Bigkahuna974 (small blind) showed [Jc Ad] and won ($30.87) with two pair, Aces and Fours
Seat 2: joaquin612 (big blind) folded before Flop
Seat 3: mironchikvld folded before Flop (didn't bet)
Seat 5: SorinS28 showed [Td As] and won ($30.87) with two pair, Aces and Fours
Seat 6: pr0tecto (button) folded before Flop (didn't bet)



PokerStars Hand #254682867011:  Hold'em No Limit ($0.50/$1.00 USD) - 2025/02/02 3:24:45 WET [2025/02/02 22:24:45 ET]
Table 'Italia' 6-max Seat #1 is the button
Seat 4: 50CandyJoe ($100 in chips) is sitting out
Seat 1: Bigkahuna974 ($103.24 in chips) 
Seat 2: joaquin612 ($117.95 in chips) 
Seat 3: mironchikvld ($107.60 in chips) 
Seat 5: SorinS28 ($100.25 in chips) 
Seat 6: pr0tecto ($100.64 in chips) 
joaquin612: posts small blind $0.50
mironchikvld: posts big blind $1
50CandyJoe: sits out 
*** HOLE CARDS ***
SorinS28: folds 
pr0tecto: folds 
Bigkahuna974: folds 
joaquin612: folds 
Uncalled bet ($0.50) returned to mironchikvld
mironchikvld collected $1 from pot
mironchikvld: doesn't show hand 
*** SUMMARY ***
Total pot $1 | Rake $0 
Seat 4: 50CandyJoe
Seat 1: Bigkahuna974 (button) folded before Flop (didn't bet)
Seat 2: joaquin612 (small blind) folded before Flop
Seat 3: mironchikvld (big blind) collected ($1)
Seat 5: SorinS28 folded before Flop (didn't bet)
Seat 6: pr0tecto folded before Flop (didn't bet)



PokerStars Hand #254682868737:  Hold'em No Limit ($0.50/$1.00 USD) - 2025/02/02 3:24:59 WET [2025/02/02 22:24:59 ET]
Table 'Italia' 6-max Seat #2 is the button
Seat 1: Bigkahuna974 ($103.24 in chips) 
Seat 2: joaquin612 ($117.45 in chips) 
Seat 3: mironchikvld ($108.10 in chips) 
Seat 4: 50CandyJoe ($100 in chips) 
Seat 5: SorinS28 ($100.25 in chips) 
Seat 6: pr0tecto ($100.64 in chips) 
mironchikvld: posts small blind $0.50
50CandyJoe: posts big blind $1
*** HOLE CARDS ***
SorinS28: folds 
pr0tecto: folds 
Bigkahuna974: folds 
joaquin612: folds 
mironchikvld: raises $2 to $3
50CandyJoe: raises $7 to $10
mironchikvld: calls $7
*** FLOP *** [Qh 9s 5d]
mironchikvld: checks 
50CandyJoe: bets $6.27
mironchikvld: calls $6.27
*** TURN *** [Qh 9s 5d] [8c]
mironchikvld: checks 
50CandyJoe: checks 
*** RIVER *** [Qh 9s 5d 8c] [2d]
mironchikvld: bets $22.50
50CandyJoe: folds 
Uncalled bet ($22.50) returned to mironchikvld
mironchikvld collected $30.91 from pot
mironchikvld: doesn't show hand 
*** SUMMARY ***
Total pot $32.54 | Rake $1.63 
Board [Qh 9s 5d 8c 2d]
Seat 1: Bigkahuna974 folded before Flop (didn't bet)
Seat 2: joaquin612 (button) folded before Flop (didn't bet)
Seat 3: mironchikvld (small blind) collected ($30.91)
Seat 4: 50CandyJoe (big blind) folded on the River
Seat 5: SorinS28 folded before Flop (didn't bet)
Seat 6: pr0tecto folded before Flop (didn't bet)



PokerStars Hand #254682878477:  Hold'em No Limit ($0.50/$1.00 USD) - 2025/02/02 3:26:22 WET [2025/02/02 22:26:22 ET]
Table 'Italia' 6-max Seat #3 is the button
Seat 1: Bigkahuna974 ($103.24 in chips) 
Seat 2: joaquin612 ($117.45 in chips) 
Seat 3: mironchikvld ($122.74 in chips) 
Seat 4: 50CandyJoe ($100 in chips) 
Seat 5: SorinS28 ($100.25 in chips) 
Seat 6: pr0tecto ($100.64 in chips) 
50CandyJoe: posts small blind $0.50
SorinS28: posts big blind $1
*** HOLE CARDS ***
pr0tecto: folds 
Bigkahuna974: raises $2 to $3
joaquin612: folds 
mironchikvld: folds 
50CandyJoe: folds 
SorinS28: calls $2
*** FLOP *** [3s Jc 4c]
SorinS28: checks 
Bigkahuna974: bets $3.09
SorinS28: raises $8.91 to $12
Bigkahuna974: folds 
Uncalled bet ($8.91) returned to SorinS28
SorinS28 collected $12.05 from pot
SorinS28: doesn't show hand 
*** SUMMARY ***
Total pot $12.68 | Rake $0.63 
Board [3s Jc 4c]
Seat 1: Bigkahuna974 folded on the Flop
Seat 2: joaquin612 folded before Flop (didn't bet)
Seat 3: mironchikvld (button) folded before Flop (didn't bet)
Seat 4: 50CandyJoe (small blind) folded before Flop
Seat 5: SorinS28 (big blind) collected ($12.05)
Seat 6: pr0tecto folded before Flop (didn't bet)



PokerStars Hand #254682883673:  Hold'em No Limit ($0.50/$1.00 USD) - 2025/02/02 3:27:06 WET [2025/02/02 22:27:06 ET]
Table 'Italia' 6-max Seat #4 is the button
Seat 1: Bigkahuna974 ($97.15 in chips) 
Seat 2: joaquin612 ($117.45 in chips) 
Seat 3: mironchikvld ($122.74 in chips) 
Seat 4: 50CandyJoe ($100 in chips) 
Seat 5: SorinS28 ($106.21 in chips) 
Seat 6: pr0tecto ($100.64 in chips) 
SorinS28: posts small blind $0.50
pr0tecto: posts big blind $1
*** HOLE CARDS ***
Bigkahuna974: folds 
joaquin612: folds 
mironchikvld: folds 
50CandyJoe: raises $1.50 to $2.50
SorinS28: folds 
pr0tecto: raises $8.50 to $11
50CandyJoe: calls $8.50
*** FLOP *** [5c Ac Js]
pr0tecto: checks 
50CandyJoe: checks 
*** TURN *** [5c Ac Js] [4h]
pr0tecto: bets $10.90
50CandyJoe: calls $10.90
*** RIVER *** [5c Ac Js 4h] [Tc]
pr0tecto: bets $78.74 and is all-in
50CandyJoe: calls $78.10 and is all-in
Uncalled bet ($0.64) returned to pr0tecto
*** SHOW DOWN ***
pr0tecto: shows [6c 6h] (a pair of Sixes)
50CandyJoe: shows [Qs Ks] (a straight, Ten to Ace)
50CandyJoe collected $198 from pot
*** SUMMARY ***
Total pot $200.50 | Rake $2.50 
Board [5c Ac Js 4h Tc]
Seat 1: Bigkahuna974 folded before Flop (didn't bet)
Seat 2: joaquin612 folded before Flop (didn't bet)
Seat 3: mironchikvld folded before Flop (didn't bet)
Seat 4: 50CandyJoe (button) showed [Qs Ks] and won ($198) with a straight, Ten to Ace
Seat 5: SorinS28 (small blind) folded before Flop
Seat 6: pr0tecto (big blind) showed [6c 6h] and lost with a pair of Sixes



PokerStars Hand #254682893510:  Hold'em No Limit ($0.50/$1.00 USD) - 2025/02/02 3:28:29 WET [2025/02/02 22:28:29 ET]
Table 'Italia' 6-max Seat #5 is the button
Seat 1: Bigkahuna974 ($97.15 in chips) 
Seat 2: joaquin612 ($117.45 in chips) 
Seat 3: mironchikvld ($122.74 in chips) 
Seat 4: 50CandyJoe ($198 in chips) 
Seat 5: SorinS28 ($105.71 in chips) 
Seat 6: pr0tecto ($100 in chips) 
pr0tecto: posts small blind $0.50
Bigkahuna974: posts big blind $1
*** HOLE CARDS ***
joaquin612: folds 
mironchikvld: folds 
50CandyJoe: folds 
SorinS28: folds 
pr0tecto: raises $1.24 to $2.24
Bigkahuna974: calls $1.24
*** FLOP *** [Ts Js 2c]
pr0tecto: checks 
Bigkahuna974: bets $2
pr0tecto: calls $2
*** TURN *** [Ts Js 2c] [Th]
pr0tecto: bets $6.05
Bigkahuna974: calls $6.05
*** RIVER *** [Ts Js 2c Th] [As]
pr0tecto: bets $14.66
Bigkahuna974: raises $28.34 to $43
pr0tecto: folds 
Uncalled bet ($28.34) returned to Bigkahuna974
Bigkahuna974 collected $47.40 from pot
*** SUMMARY ***
Total pot $49.90 | Rake $2.50 
Board [Ts Js 2c Th As]
Seat 1: Bigkahuna974 (big blind) collected ($47.40)
Seat 2: joaquin612 folded before Flop (didn't bet)
Seat 3: mironchikvld folded before Flop (didn't bet)
Seat 4: 50CandyJoe folded before Flop (didn't bet)
Seat 5: SorinS28 (button) folded before Flop (didn't bet)
Seat 6: pr0tecto (small blind) folded on the River



PokerStars Hand #254682903002:  Hold'em No Limit ($0.50/$1.00 USD) - 2025/02/02 3:29:52 WET [2025/02/02 22:29:52 ET]
Table 'Italia' 6-max Seat #6 is the button
Seat 2: joaquin612 ($117.45 in chips) is sitting out
Seat 1: Bigkahuna974 ($119.60 in chips) 
Seat 3: mironchikvld ($122.74 in chips) 
Seat 4: 50CandyJoe ($198 in chips) 
Seat 5: SorinS28 ($105.71 in chips) 
Seat 6: pr0tecto ($100 in chips) 
Bigkahuna974: posts small blind $0.50
joaquin612: is sitting out 
mironchikvld: posts big blind $1
*** HOLE CARDS ***
50CandyJoe: folds 
SorinS28: raises $1.30 to $2.30
pr0tecto: folds 
Bigkahuna974: folds 
mironchikvld: folds 
Uncalled bet ($1.30) returned to SorinS28
SorinS28 collected $2.50 from pot
SorinS28: doesn't show hand 
*** SUMMARY ***
Total pot $2.50 | Rake $0 
Seat 2: joaquin612
Seat 1: Bigkahuna974 (small blind) folded before Flop
Seat 3: mironchikvld (big blind) folded before Flop
Seat 4: 50CandyJoe folded before Flop (didn't bet)
Seat 5: SorinS28 collected ($2.50)
Seat 6: pr0tecto (button) folded before Flop (didn't bet)



PokerStars Hand #254682905345:  Hold'em No Limit ($0.50/$1.00 USD) - 2025/02/02 3:30:12 WET [2025/02/02 22:30:12 ET]
Table 'Italia' 6-max Seat #1 is the button
Seat 2: joaquin612 ($117.45 in chips) is sitting out
Seat 1: Bigkahuna974 ($119.10 in chips) 
Seat 3: mironchikvld ($121.74 in chips) 
Seat 4: 50CandyJoe ($198 in chips) 
Seat 5: SorinS28 ($107.21 in chips) 
Seat 6: pr0tecto ($100 in chips) 
mironchikvld: posts small blind $0.50
50CandyJoe: posts big blind $1
*** HOLE CARDS ***
SorinS28: folds 
pr0tecto: folds 
Bigkahuna974: folds 
mironchikvld: folds 
Uncalled bet ($0.50) returned to 50CandyJoe
50CandyJoe collected $1 from pot
50CandyJoe: doesn't show hand 
*** SUMMARY ***
Total pot $1 | Rake $0 
Seat 2: joaquin612
Seat 1: Bigkahuna974 (button) folded before Flop (didn't bet)
Seat 3: mironchikvld (small blind) folded before Flop
Seat 4: 50CandyJoe (big blind) collected ($1)
Seat 5: SorinS28 folded before Flop (didn't bet)
Seat 6: pr0tecto folded before Flop (didn't bet)



PokerStars Hand #254682906771:  Hold'em No Limit ($0.50/$1.00 USD) - 2025/02/02 3:30:24 WET [2025/02/02 22:30:24 ET]
Table 'Italia' 6-max Seat #3 is the button
Seat 2: joaquin612 ($117.45 in chips) is sitting out
Seat 1: Bigkahuna974 ($119.10 in chips) 
Seat 3: mironchikvld ($121.24 in chips) 
Seat 4: 50CandyJoe ($198.50 in chips) 
Seat 5: SorinS28 ($107.21 in chips) 
Seat 6: pr0tecto ($100 in chips) 
50CandyJoe: posts small blind $0.50
SorinS28: posts big blind $1
joaquin612: sits out 
*** HOLE CARDS ***
pr0tecto: raises $1.10 to $2.10
Bigkahuna974: calls $2.10
mironchikvld: folds 
50CandyJoe: folds 
SorinS28: folds 
*** FLOP *** [Tc 3h 3c]
pr0tecto: bets $1.79
Bigkahuna974: calls $1.79
*** TURN *** [Tc 3h 3c] [Th]
pr0tecto: bets $18
Bigkahuna974: folds 
Uncalled bet ($18) returned to pr0tecto
pr0tecto collected $8.82 from pot
pr0tecto: doesn't show hand 
*** SUMMARY ***
Total pot $9.28 | Rake $0.46 
Board [Tc 3h 3c Th]
Seat 2: joaquin612
Seat 1: Bigkahuna974 folded on the Turn
Seat 3: mironchikvld (button) folded before Flop (didn't bet)
Seat 4: 50CandyJoe (small blind) folded before Flop
Seat 5: SorinS28 (big blind) folded before Flop
Seat 6: pr0tecto collected ($8.82)



PokerStars Hand #254682915775:  Hold'em No Limit ($0.50/$1.00 USD) - 2025/02/02 3:31:41 WET [2025/02/02 22:31:41 ET]
Table 'Italia' 6-max Seat #4 is the button
Seat 2: joaquin612 ($117.45 in chips) is sitting out
Seat 1: Bigkahuna974 ($115.21 in chips) 
Seat 3: mironchikvld ($121.24 in chips) 
Seat 4: 50CandyJoe ($198 in chips) 
Seat 5: SorinS28 ($106.21 in chips) 
Seat 6: pr0tecto ($104.93 in chips) 
SorinS28: posts small blind $0.50
pr0tecto: posts big blind $1
joaquin612: sits out 
*** HOLE CARDS ***
Bigkahuna974: raises $2 to $3
mironchikvld: folds 
50CandyJoe: folds 
SorinS28: folds 
pr0tecto: folds 
Uncalled bet ($2) returned to Bigkahuna974
Bigkahuna974 collected $2.50 from pot
*** SUMMARY ***
Total pot $2.50 | Rake $0 
Seat 2: joaquin612
Seat 1: Bigkahuna974 collected ($2.50)
Seat 3: mironchikvld folded before Flop (didn't bet)
Seat 4: 50CandyJoe (button) folded before Flop (didn't bet)
Seat 5: SorinS28 (small blind) folded before Flop
Seat 6: pr0tecto (big blind) folded before Flop



PokerStars Hand #254682918038:  Hold'em No Limit ($0.50/$1.00 USD) - 2025/02/02 3:32:01 WET [2025/02/02 22:32:01 ET]
Table 'Italia' 6-max Seat #5 is the button
Seat 2: joaquin612 ($117.45 in chips) is sitting out
Seat 1: Bigkahuna974 ($116.71 in chips) 
Seat 3: mironchikvld ($121.24 in chips) 
Seat 4: 50CandyJoe ($198 in chips) 
Seat 5: SorinS28 ($105.71 in chips) 
Seat 6: pr0tecto ($103.93 in chips) 
pr0tecto: posts small blind $0.50
Bigkahuna974: posts big blind $1
joaquin612: sits out 
*** HOLE CARDS ***
mironchikvld: folds 
50CandyJoe: raises $1.20 to $2.20
SorinS28: folds 
pr0tecto: folds 
Bigkahuna974: calls $1.20
*** FLOP *** [3h 9s 5h]
Bigkahuna974: checks 
50CandyJoe: bets $1.54
Bigkahuna974: calls $1.54
*** TURN *** [3h 9s 5h] [7c]
Bigkahuna974: checks 
50CandyJoe: checks 
*** RIVER *** [3h 9s 5h 7c] [8h]
joaquin612 leaves the table
Bigkahuna974: bets $3.79
CashfishT joins the table at seat #2 
50CandyJoe: folds 
Uncalled bet ($3.79) returned to Bigkahuna974
Bigkahuna974 collected $7.58 from pot
*** SUMMARY ***
Total pot $7.98 | Rake $0.40 
Board [3h 9s 5h 7c 8h]
Seat 2: joaquin612
Seat 1: Bigkahuna974 (big blind) collected ($7.58)
Seat 3: mironchikvld folded before Flop (didn't bet)
Seat 4: 50CandyJoe folded on the River
Seat 5: SorinS28 (button) folded before Flop (didn't bet)
Seat 6: pr0tecto (small blind) folded before Flop



PokerStars Hand #254682923480:  Hold'em No Limit ($0.50/$1.00 USD) - 2025/02/02 3:32:48 WET [2025/02/02 22:32:48 ET]
Table 'Italia' 6-max Seat #6 is the button
Seat 1: Bigkahuna974 ($120.55 in chips) 
Seat 2: CashfishT ($100 in chips) 
Seat 3: mironchikvld ($121.24 in chips) 
Seat 4: 50CandyJoe ($194.26 in chips) 
Seat 5: SorinS28 ($105.71 in chips) 
Seat 6: pr0tecto ($103.43 in chips) 
Bigkahuna974: posts small blind $0.50
CashfishT: posts big blind $1
*** HOLE CARDS ***
mironchikvld: folds 
50CandyJoe: raises $1.20 to $2.20
SorinS28: folds 
pr0tecto: folds 
Bigkahuna974: folds 
CashfishT: folds 
Uncalled bet ($1.20) returned to 50CandyJoe
50CandyJoe collected $2.50 from pot
50CandyJoe: doesn't show hand 
*** SUMMARY ***
Total pot $2.50 | Rake $0 
Seat 1: Bigkahuna974 (small blind) folded before Flop
Seat 2: CashfishT (big blind) folded before Flop
Seat 3: mironchikvld folded before Flop (didn't bet)
Seat 4: 50CandyJoe collected ($2.50)
Seat 5: SorinS28 folded before Flop (didn't bet)
Seat 6: pr0tecto (button) folded before Flop (didn't bet)



PokerStars Hand #254682924907:  Hold'em No Limit ($0.50/$1.00 USD) - 2025/02/02 3:33:00 WET [2025/02/02 22:33:00 ET]
Table 'Italia' 6-max Seat #1 is the button
Seat 1: Bigkahuna974 ($120.05 in chips) 
Seat 2: CashfishT ($100 in chips) 
Seat 3: mironchikvld ($121.24 in chips) 
Seat 4: 50CandyJoe ($195.76 in chips) 
Seat 5: SorinS28 ($105.71 in chips) 
Seat 6: pr0tecto ($103.43 in chips) 
CashfishT: posts small blind $0.50
mironchikvld: posts big blind $1
*** HOLE CARDS ***
50CandyJoe: raises $1.20 to $2.20
SorinS28: folds 
pr0tecto: folds 
Bigkahuna974: calls $2.20
CashfishT: folds 
mironchikvld: folds 
*** FLOP *** [3c Jc Qd]
50CandyJoe: checks 
Bigkahuna974: checks 
*** TURN *** [3c Jc Qd] [5s]
50CandyJoe: bets $3.70
Bigkahuna974: folds 
Uncalled bet ($3.70) returned to 50CandyJoe
50CandyJoe collected $5.60 from pot
50CandyJoe: doesn't show hand 
*** SUMMARY ***
Total pot $5.90 | Rake $0.30 
Board [3c Jc Qd 5s]
Seat 1: Bigkahuna974 (button) folded on the Turn
Seat 2: CashfishT (small blind) folded before Flop
Seat 3: mironchikvld (big blind) folded before Flop
Seat 4: 50CandyJoe collected ($5.60)
Seat 5: SorinS28 folded before Flop (didn't bet)
Seat 6: pr0tecto folded before Flop (didn't bet)



PokerStars Hand #254682930423:  Hold'em No Limit ($0.50/$1.00 USD) - 2025/02/02 3:33:48 WET [2025/02/02 22:33:48 ET]
Table 'Italia' 6-max Seat #2 is the button
Seat 1: Bigkahuna974 ($117.85 in chips) 
Seat 2: CashfishT ($100 in chips) 
Seat 3: mironchikvld ($120.24 in chips) 
Seat 4: 50CandyJoe ($199.16 in chips) 
Seat 5: SorinS28 ($105.71 in chips) 
Seat 6: pr0tecto ($103.43 in chips) 
mironchikvld: posts small blind $0.50
50CandyJoe: posts big blind $1
*** HOLE CARDS ***
SorinS28: folds 
pr0tecto: folds 
Bigkahuna974: raises $2 to $3
CashfishT: folds 
mironchikvld: raises $9 to $12
50CandyJoe: folds 
Bigkahuna974: raises $24 to $36
mironchikvld: folds 
Uncalled bet ($24) returned to Bigkahuna974
Bigkahuna974 collected $25 from pot
*** SUMMARY ***
Total pot $25 | Rake $0 
Seat 1: Bigkahuna974 collected ($25)
Seat 2: CashfishT (button) folded before Flop (didn't bet)
Seat 3: mironchikvld (small blind) folded before Flop
Seat 4: 50CandyJoe (big blind) folded before Flop
Seat 5: SorinS28 folded before Flop (didn't bet)
Seat 6: pr0tecto folded before Flop (didn't bet)



PokerStars Hand #254682935539:  Hold'em No Limit ($0.50/$1.00 USD) - 2025/02/02 3:34:33 WET [2025/02/02 22:34:33 ET]
Table 'Italia' 6-max Seat #3 is the button
Seat 1: Bigkahuna974 ($130.85 in chips) 
Seat 2: CashfishT ($100 in chips) 
Seat 3: mironchikvld ($108.24 in chips) 
Seat 4: 50CandyJoe ($198.16 in chips) 
Seat 5: SorinS28 ($105.71 in chips) 
Seat 6: pr0tecto ($103.43 in chips) 
50CandyJoe: posts small blind $0.50
SorinS28: posts big blind $1
*** HOLE CARDS ***
pr0tecto: folds 
Bigkahuna974: raises $2 to $3
CashfishT: folds 
mironchikvld: folds 
50CandyJoe: folds 
SorinS28: folds 
Uncalled bet ($2) returned to Bigkahuna974
Bigkahuna974 collected $2.50 from pot
*** SUMMARY ***
Total pot $2.50 | Rake $0 
Seat 1: Bigkahuna974 collected ($2.50)
Seat 2: CashfishT folded before Flop (didn't bet)
Seat 3: mironchikvld (button) folded before Flop (didn't bet)
Seat 4: 50CandyJoe (small blind) folded before Flop
Seat 5: SorinS28 (big blind) folded before Flop
Seat 6: pr0tecto folded before Flop (didn't bet)



PokerStars Hand #254682937711:  Hold'em No Limit ($0.50/$1.00 USD) - 2025/02/02 3:34:52 WET [2025/02/02 22:34:52 ET]
Table 'Italia' 6-max Seat #4 is the button
Seat 1: Bigkahuna974 ($132.35 in chips) 
Seat 2: CashfishT ($100 in chips) 
Seat 3: mironchikvld ($108.24 in chips) 
Seat 4: 50CandyJoe ($197.66 in chips) 
Seat 5: SorinS28 ($104.71 in chips) 
Seat 6: pr0tecto ($103.43 in chips) 
SorinS28: posts small blind $0.50
pr0tecto: posts big blind $1
*** HOLE CARDS ***
Bigkahuna974: calls $1
CashfishT: raises $3 to $4
mironchikvld: folds 
50CandyJoe: folds 
SorinS28: folds 
pr0tecto: folds 
Bigkahuna974: calls $3
*** FLOP *** [Ah 9c 6d]
Bigkahuna974: checks 
CashfishT: bets $2.25
Bigkahuna974: calls $2.25
*** TURN *** [Ah 9c 6d] [7c]
Bigkahuna974: checks 
CashfishT: checks 
*** RIVER *** [Ah 9c 6d 7c] [4c]
Bigkahuna974: bets $6.65
CashfishT: folds 
Uncalled bet ($6.65) returned to Bigkahuna974
Bigkahuna974 collected $13.30 from pot
*** SUMMARY ***
Total pot $14 | Rake $0.70 
Board [Ah 9c 6d 7c 4c]
Seat 1: Bigkahuna974 collected ($13.30)
Seat 2: CashfishT folded on the River
Seat 3: mironchikvld folded before Flop (didn't bet)
Seat 4: 50CandyJoe (button) folded before Flop (didn't bet)
Seat 5: SorinS28 (small blind) folded before Flop
Seat 6: pr0tecto (big blind) folded before Flop



PokerStars Hand #254682945505:  Hold'em No Limit ($0.50/$1.00 USD) - 2025/02/02 3:36:00 WET [2025/02/02 22:36:00 ET]
Table 'Italia' 6-max Seat #5 is the button
Seat 1: Bigkahuna974 ($139.40 in chips) 
Seat 2: CashfishT ($100 in chips) 
Seat 3: mironchikvld ($108.24 in chips) 
Seat 4: 50CandyJoe ($197.66 in chips) 
Seat 5: SorinS28 ($104.21 in chips) 
Seat 6: pr0tecto ($102.43 in chips) 
pr0tecto: posts small blind $0.50
Bigkahuna974: posts big blind $1
*** HOLE CARDS ***
CashfishT: folds 
mironchikvld: folds 
50CandyJoe: raises $1.20 to $2.20
SorinS28: folds 
pr0tecto: folds 
Bigkahuna974: folds 
Uncalled bet ($1.20) returned to 50CandyJoe
50CandyJoe collected $2.50 from pot
50CandyJoe: doesn't show hand 
*** SUMMARY ***
Total pot $2.50 | Rake $0 
Seat 1: Bigkahuna974 (big blind) folded before Flop
Seat 2: CashfishT folded before Flop (didn't bet)
Seat 3: mironchikvld folded before Flop (didn't bet)
Seat 4: 50CandyJoe collected ($2.50)
Seat 5: SorinS28 (button) folded before Flop (didn't bet)
Seat 6: pr0tecto (small blind) folded before Flop



PokerStars Hand #254682947883:  Hold'em No Limit ($0.50/$1.00 USD) - 2025/02/02 3:36:22 WET [2025/02/02 22:36:22 ET]
Table 'Italia' 6-max Seat #6 is the button
Seat 1: Bigkahuna974 ($138.40 in chips) 
Seat 2: CashfishT ($100 in chips) 
Seat 3: mironchikvld ($108.24 in chips) 
Seat 4: 50CandyJoe ($199.16 in chips) 
Seat 5: SorinS28 ($104.21 in chips) 
Seat 6: pr0tecto ($101.93 in chips) 
Bigkahuna974: posts small blind $0.50
CashfishT: posts big blind $1
*** HOLE CARDS ***
mironchikvld: folds 
50CandyJoe: folds 
SorinS28: folds 
pr0tecto: raises $2 to $3
Bigkahuna974: calls $2.50
CashfishT: folds 
*** FLOP *** [4c 5h Jh]
Bigkahuna974: checks 
pr0tecto: bets $3.99
Bigkahuna974: folds 
Uncalled bet ($3.99) returned to pr0tecto
pr0tecto collected $6.65 from pot
pr0tecto: doesn't show hand 
*** SUMMARY ***
Total pot $7 | Rake $0.35 
Board [4c 5h Jh]
Seat 1: Bigkahuna974 (small blind) folded on the Flop
Seat 2: CashfishT (big blind) folded before Flop
Seat 3: mironchikvld folded before Flop (didn't bet)
Seat 4: 50CandyJoe folded before Flop (didn't bet)
Seat 5: SorinS28 folded before Flop (didn't bet)
Seat 6: pr0tecto (button) collected ($6.65)



PokerStars Hand #254682953573:  Hold'em No Limit ($0.50/$1.00 USD) - 2025/02/02 3:37:12 WET [2025/02/02 22:37:12 ET]
Table 'Italia' 6-max Seat #1 is the button
Seat 1: Bigkahuna974 ($135.40 in chips) 
Seat 2: CashfishT ($100 in chips) 
Seat 3: mironchikvld ($108.24 in chips) 
Seat 4: 50CandyJoe ($199.16 in chips) 
Seat 5: SorinS28 ($104.21 in chips) 
Seat 6: pr0tecto ($105.58 in chips) 
CashfishT: posts small blind $0.50
mironchikvld: posts big blind $1
*** HOLE CARDS ***
50CandyJoe: folds 
SorinS28: folds 
pr0tecto: raises $1.20 to $2.20
Bigkahuna974: folds 
CashfishT: folds 
mironchikvld: folds 
Uncalled bet ($1.20) returned to pr0tecto
pr0tecto collected $2.50 from pot
pr0tecto: doesn't show hand 
*** SUMMARY ***
Total pot $2.50 | Rake $0 
Seat 1: Bigkahuna974 (button) folded before Flop (didn't bet)
Seat 2: CashfishT (small blind) folded before Flop
Seat 3: mironchikvld (big blind) folded before Flop
Seat 4: 50CandyJoe folded before Flop (didn't bet)
Seat 5: SorinS28 folded before Flop (didn't bet)
Seat 6: pr0tecto collected ($2.50)



PokerStars Hand #254682956279:  Hold'em No Limit ($0.50/$1.00 USD) - 2025/02/02 3:37:35 WET [2025/02/02 22:37:35 ET]
Table 'Italia' 6-max Seat #2 is the button
Seat 1: Bigkahuna974 ($135.40 in chips) 
Seat 2: CashfishT ($100 in chips) 
Seat 3: mironchikvld ($107.24 in chips) 
Seat 4: 50CandyJoe ($199.16 in chips) 
Seat 5: SorinS28 ($104.21 in chips) 
Seat 6: pr0tecto ($107.08 in chips) 
mironchikvld: posts small blind $0.50
50CandyJoe: posts big blind $1
*** HOLE CARDS ***
SorinS28: folds 
pr0tecto: folds 
Bigkahuna974: folds 
CashfishT: raises $1.20 to $2.20
mironchikvld: folds 
50CandyJoe: folds 
Uncalled bet ($1.20) returned to CashfishT
CashfishT collected $2.50 from pot
CashfishT: doesn't show hand 
*** SUMMARY ***
Total pot $2.50 | Rake $0 
Seat 1: Bigkahuna974 folded before Flop (didn't bet)
Seat 2: CashfishT (button) collected ($2.50)
Seat 3: mironchikvld (small blind) folded before Flop
Seat 4: 50CandyJoe (big blind) folded before Flop
Seat 5: SorinS28 folded before Flop (didn't bet)
Seat 6: pr0tecto folded before Flop (didn't bet)



PokerStars Hand #254682959727:  Hold'em No Limit ($0.50/$1.00 USD) - 2025/02/02 3:38:07 WET [2025/02/02 22:38:07 ET]
Table 'Italia' 6-max Seat #3 is the button
Seat 1: Bigkahuna974 ($135.40 in chips) 
Seat 2: CashfishT ($101.50 in chips) 
Seat 3: mironchikvld ($106.74 in chips) 
Seat 4: 50CandyJoe ($198.16 in chips) 
Seat 5: SorinS28 ($104.21 in chips) 
Seat 6: pr0tecto ($107.08 in chips) 
50CandyJoe: posts small blind $0.50
SorinS28: posts big blind $1
*** HOLE CARDS ***
pr0tecto: raises $1.10 to $2.10
Bigkahuna974: folds 
CashfishT: folds 
mironchikvld: folds 
50CandyJoe: folds 
SorinS28: calls $1.10
*** FLOP *** [5h 3s 7h]
SorinS28: checks 
pr0tecto: checks 
*** TURN *** [5h 3s 7h] [6h]
SorinS28: bets $2.23
pr0tecto: folds 
Uncalled bet ($2.23) returned to SorinS28
SorinS28 collected $4.46 from pot
SorinS28: doesn't show hand 
*** SUMMARY ***
Total pot $4.70 | Rake $0.24 
Board [5h 3s 7h 6h]
Seat 1: Bigkahuna974 folded before Flop (didn't bet)
Seat 2: CashfishT folded before Flop (didn't bet)
Seat 3: mironchikvld (button) folded before Flop (didn't bet)
Seat 4: 50CandyJoe (small blind) folded before Flop
Seat 5: SorinS28 (big blind) collected ($4.46)
Seat 6: pr0tecto folded on the Turn



PokerStars Hand #254682964710:  Hold'em No Limit ($0.50/$1.00 USD) - 2025/02/02 3:38:52 WET [2025/02/02 22:38:52 ET]
Table 'Italia' 6-max Seat #4 is the button
Seat 1: Bigkahuna974 ($135.40 in chips) 
Seat 2: CashfishT ($101.50 in chips) 
Seat 3: mironchikvld ($106.74 in chips) 
Seat 4: 50CandyJoe ($197.66 in chips) 
Seat 5: SorinS28 ($106.57 in chips) 
Seat 6: pr0tecto ($104.98 in chips) 
SorinS28: posts small blind $0.50
pr0tecto: posts big blind $1
*** HOLE CARDS ***
Bigkahuna974: folds 
CashfishT: folds 
mironchikvld: folds 
50CandyJoe: raises $1.50 to $2.50
SorinS28: folds 
pr0tecto: raises $8.50 to $11
50CandyJoe: raises $14 to $25
pr0tecto: folds 
Uncalled bet ($14) returned to 50CandyJoe
50CandyJoe collected $22.50 from pot
50CandyJoe: doesn't show hand 
*** SUMMARY ***
Total pot $22.50 | Rake $0 
Seat 1: Bigkahuna974 folded before Flop (didn't bet)
Seat 2: CashfishT folded before Flop (didn't bet)
Seat 3: mironchikvld folded before Flop (didn't bet)
Seat 4: 50CandyJoe (button) collected ($22.50)
Seat 5: SorinS28 (small blind) folded before Flop
Seat 6: pr0tecto (big blind) folded before Flop



PokerStars Hand #254682969079:  Hold'em No Limit ($0.50/$1.00 USD) - 2025/02/02 3:39:31 WET [2025/02/02 22:39:31 ET]
Table 'Italia' 6-max Seat #5 is the button
Seat 1: Bigkahuna974 ($135.40 in chips) 
Seat 2: CashfishT ($101.50 in chips) 
Seat 3: mironchikvld ($106.74 in chips) 
Seat 4: 50CandyJoe ($209.16 in chips) 
Seat 5: SorinS28 ($106.07 in chips) 
Seat 6: pr0tecto ($100 in chips) 
pr0tecto: posts small blind $0.50
Bigkahuna974: posts big blind $1
*** HOLE CARDS ***
CashfishT: folds 
mironchikvld: folds 
50CandyJoe: folds 
SorinS28: folds 
pr0tecto: raises $1.24 to $2.24
Bigkahuna974: calls $1.24
*** FLOP *** [5s 2h Jd]
pr0tecto: checks 
Bigkahuna974: bets $2.13
pr0tecto: folds 
Uncalled bet ($2.13) returned to Bigkahuna974
Bigkahuna974 collected $4.26 from pot
*** SUMMARY ***
Total pot $4.48 | Rake $0.22 
Board [5s 2h Jd]
Seat 1: Bigkahuna974 (big blind) collected ($4.26)
Seat 2: CashfishT folded before Flop (didn't bet)
Seat 3: mironchikvld folded before Flop (didn't bet)
Seat 4: 50CandyJoe folded before Flop (didn't bet)
Seat 5: SorinS28 (button) folded before Flop (didn't bet)
Seat 6: pr0tecto (small blind) folded on the Flop



PokerStars Hand #254682972654:  Hold'em No Limit ($0.50/$1.00 USD) - 2025/02/02 3:40:03 WET [2025/02/02 22:40:03 ET]
Table 'Italia' 6-max Seat #6 is the button
Seat 1: Bigkahuna974 ($137.42 in chips) 
Seat 2: CashfishT ($101.50 in chips) 
Seat 3: mironchikvld ($106.74 in chips) 
Seat 4: 50CandyJoe ($209.16 in chips) 
Seat 5: SorinS28 ($106.07 in chips) 
Seat 6: pr0tecto ($100 in chips) 
Bigkahuna974: posts small blind $0.50
CashfishT: posts big blind $1
*** HOLE CARDS ***
mironchikvld: folds 
50CandyJoe: folds 
SorinS28: raises $1.30 to $2.30
pr0tecto: folds 
Bigkahuna974: raises $3.30 to $5.60
CashfishT: folds 
SorinS28: calls $3.30
*** FLOP *** [2s 3d 3c]
Bigkahuna974: bets $5.80
SorinS28: folds 
Uncalled bet ($5.80) returned to Bigkahuna974
Bigkahuna974 collected $11.59 from pot
*** SUMMARY ***
Total pot $12.20 | Rake $0.61 
Board [2s 3d 3c]
Seat 1: Bigkahuna974 (small blind) collected ($11.59)
Seat 2: CashfishT (big blind) folded before Flop
Seat 3: mironchikvld folded before Flop (didn't bet)
Seat 4: 50CandyJoe folded before Flop (didn't bet)
Seat 5: SorinS28 folded on the Flop
Seat 6: pr0tecto (button) folded before Flop (didn't bet)



PokerStars Hand #254682981440:  Hold'em No Limit ($0.50/$1.00 USD) - 2025/02/02 3:41:24 WET [2025/02/02 22:41:24 ET]
Table 'Italia' 6-max Seat #1 is the button
Seat 1: Bigkahuna974 ($143.41 in chips) 
Seat 2: CashfishT ($100.50 in chips) 
Seat 3: mironchikvld ($106.74 in chips) 
Seat 4: 50CandyJoe ($209.16 in chips) 
Seat 5: SorinS28 ($100.47 in chips) 
Seat 6: pr0tecto ($100 in chips) 
CashfishT: posts small blind $0.50
mironchikvld: posts big blind $1
*** HOLE CARDS ***
50CandyJoe: folds 
SorinS28: folds 
pr0tecto: folds 
Bigkahuna974: folds 
CashfishT: raises $2 to $3
mironchikvld: folds 
Uncalled bet ($2) returned to CashfishT
CashfishT collected $2 from pot
CashfishT: doesn't show hand 
*** SUMMARY ***
Total pot $2 | Rake $0 
Seat 1: Bigkahuna974 (button) folded before Flop (didn't bet)
Seat 2: CashfishT (small blind) collected ($2)
Seat 3: mironchikvld (big blind) folded before Flop
Seat 4: 50CandyJoe folded before Flop (didn't bet)
Seat 5: SorinS28 folded before Flop (didn't bet)
Seat 6: pr0tecto folded before Flop (didn't bet)



PokerStars Hand #254682984637:  Hold'em No Limit ($0.50/$1.00 USD) - 2025/02/02 3:41:53 WET [2025/02/02 22:41:53 ET]
Table 'Italia' 6-max Seat #2 is the button
Seat 1: Bigkahuna974 ($143.41 in chips) 
Seat 2: CashfishT ($101.50 in chips) 
Seat 3: mironchikvld ($105.74 in chips) 
Seat 4: 50CandyJoe ($209.16 in chips) 
Seat 5: SorinS28 ($100.47 in chips) 
Seat 6: pr0tecto ($100 in chips) 
mironchikvld: posts small blind $0.50
50CandyJoe: posts big blind $1
*** HOLE CARDS ***
SorinS28: folds 
pr0tecto: folds 
Bigkahuna974: raises $2 to $3
CashfishT: folds 
mironchikvld: folds 
50CandyJoe: folds 
Uncalled bet ($2) returned to Bigkahuna974
Bigkahuna974 collected $2.50 from pot
*** SUMMARY ***
Total pot $2.50 | Rake $0 
Seat 1: Bigkahuna974 collected ($2.50)
Seat 2: CashfishT (button) folded before Flop (didn't bet)
Seat 3: mironchikvld (small blind) folded before Flop
Seat 4: 50CandyJoe (big blind) folded before Flop
Seat 5: SorinS28 folded before Flop (didn't bet)
Seat 6: pr0tecto folded before Flop (didn't bet)



PokerStars Hand #254682987548:  Hold'em No Limit ($0.50/$1.00 USD) - 2025/02/02 3:42:20 WET [2025/02/02 22:42:20 ET]
Table 'Italia' 6-max Seat #3 is the button
Seat 1: Bigkahuna974 ($144.91 in chips) 
Seat 2: CashfishT ($101.50 in chips) 
Seat 3: mironchikvld ($105.24 in chips) 
Seat 4: 50CandyJoe ($208.16 in chips) 
Seat 5: SorinS28 ($100.47 in chips) 
Seat 6: pr0tecto ($100 in chips) 
50CandyJoe: posts small blind $0.50
SorinS28: posts big blind $1
*** HOLE CARDS ***
pr0tecto: folds 
pr0tecto leaves the table
Bigkahuna974: raises $2 to $3
CashfishT: folds 
mironchikvld: folds 
50CandyJoe: folds 
SorinS28: folds 
Uncalled bet ($2) returned to Bigkahuna974
Bigkahuna974 collected $2.50 from pot
*** SUMMARY ***
Total pot $2.50 | Rake $0 
Seat 1: Bigkahuna974 collected ($2.50)
Seat 2: CashfishT folded before Flop (didn't bet)
Seat 3: mironchikvld (button) folded before Flop (didn't bet)
Seat 4: 50CandyJoe (small blind) folded before Flop
Seat 5: SorinS28 (big blind) folded before Flop
Seat 6: pr0tecto folded before Flop (didn't bet)



PokerStars Hand #254682989844:  Hold'em No Limit ($0.50/$1.00 USD) - 2025/02/02 3:42:42 WET [2025/02/02 22:42:42 ET]
Table 'Italia' 6-max Seat #4 is the button
Seat 1: Bigkahuna974 ($146.41 in chips) 
Seat 2: CashfishT ($101.50 in chips) 
Seat 3: mironchikvld ($105.24 in chips) 
Seat 4: 50CandyJoe ($207.66 in chips) 
Seat 5: SorinS28 ($100 in chips) 
SorinS28: posts small blind $0.50
Bigkahuna974: posts big blind $1
*** HOLE CARDS ***
shootingGRID joins the table at seat #6 
CashfishT: folds 
mironchikvld: folds 
50CandyJoe: folds 
SorinS28: folds 
Uncalled bet ($0.50) returned to Bigkahuna974
Bigkahuna974 collected $1 from pot
*** SUMMARY ***
Total pot $1 | Rake $0 
Seat 1: Bigkahuna974 (big blind) collected ($1)
Seat 2: CashfishT folded before Flop (didn't bet)
Seat 3: mironchikvld folded before Flop (didn't bet)
Seat 4: 50CandyJoe (button) folded before Flop (didn't bet)
Seat 5: SorinS28 (small blind) folded before Flop



PokerStars Hand #254682992276:  Hold'em No Limit ($0.50/$1.00 USD) - 2025/02/02 3:43:03 WET [2025/02/02 22:43:03 ET]
Table 'Italia' 6-max Seat #5 is the button
Seat 6: shootingGRID ($100 in chips) is sitting out
Seat 1: Bigkahuna974 ($146.91 in chips) 
Seat 2: CashfishT ($101.50 in chips) 
Seat 3: mironchikvld ($105.24 in chips) 
Seat 4: 50CandyJoe ($207.66 in chips) 
Seat 5: SorinS28 ($100 in chips) 
Bigkahuna974: posts small blind $0.50
CashfishT: posts big blind $1
*** HOLE CARDS ***
mironchikvld: folds 
50CandyJoe: folds 
mironchikvld leaves the table
SorinS28: folds 
Bigkahuna974: folds 
Uncalled bet ($0.50) returned to CashfishT
CashfishT collected $1 from pot
CashfishT: doesn't show hand 
*** SUMMARY ***
Total pot $1 | Rake $0 
Seat 6: shootingGRID
Seat 1: Bigkahuna974 (small blind) folded before Flop
Seat 2: CashfishT (big blind) collected ($1)
Seat 3: mironchikvld folded before Flop (didn't bet)
Seat 4: 50CandyJoe folded before Flop (didn't bet)
Seat 5: SorinS28 (button) folded before Flop (didn't bet)



