PokerStars Hand #254666571596:  Hold'em No Limit ($0.50/$1.00 USD) - 2025/02/02 9:06:33 WET [2025/02/02 4:06:33 ET]
Table 'Mufrid' 6-max Seat #1 is the button
Seat 1: ka100pka527 ($100 in chips) 
Seat 3: etv2 ($22.71 in chips) 
Seat 4: ML51450 ($8 in chips) 
etv2: posts small blind $0.50
ML51450: posts big blind $1
*** HOLE CARDS ***
ka100pka527: raises $1.50 to $2.50
etv2: folds 
ML51450: folds 
Uncalled bet ($1.50) returned to ka100pka527
ka100pka527 collected $2.50 from pot
ka100pka527: doesn't show hand 
*** SUMMARY ***
Total pot $2.50 | Rake $0 
Seat 1: ka100pka527 (button) collected ($2.50)
Seat 3: etv2 (small blind) folded before Flop
Seat 4: ML51450 (big blind) folded before Flop



PokerStars Hand #254666574518:  Hold'em No Limit ($0.50/$1.00 USD) - 2025/02/02 9:07:02 WET [2025/02/02 4:07:02 ET]
Table 'Mufrid' 6-max Seat #3 is the button
Seat 1: ka100pka527 ($101.50 in chips) 
Seat 3: etv2 ($22.21 in chips) 
Seat 4: ML51450 ($7 in chips) 
ML51450: posts small blind $0.50
ka100pka527: posts big blind $1
*** HOLE CARDS ***
etv2: raises $1 to $2
ML51450: raises $5 to $7 and is all-in
ka100pka527: folds 
etv2: calls $5
*** FLOP *** [Qc Qh 6s]
*** TURN *** [Qc Qh 6s] [7d]
*** RIVER *** [Qc Qh 6s 7d] [Qs]
*** SHOW DOWN ***
ML51450: shows [Ah Jh] (three of a kind, Queens)
etv2: shows [3d 3c] (a full house, Queens full of Threes)
etv2 collected $14.25 from pot
*** SUMMARY ***
Total pot $15 | Rake $0.75 
Board [Qc Qh 6s 7d Qs]
Seat 1: ka100pka527 (big blind) folded before Flop
Seat 3: etv2 (button) showed [3d 3c] and won ($14.25) with a full house, Queens full of Threes
Seat 4: ML51450 (small blind) showed [Ah Jh] and lost with three of a kind, Queens



PokerStars Hand #254666577458:  Hold'em No Limit ($0.50/$1.00 USD) - 2025/02/02 9:07:31 WET [2025/02/02 4:07:31 ET]
Table 'Mufrid' 6-max Seat #1 is the button
Seat 4: ML51450 ($0 in chips) is sitting out
Seat 1: ka100pka527 ($100.50 in chips) 
Seat 3: etv2 ($29.46 in chips) 
ka100pka527: posts small blind $0.50
etv2: posts big blind $1
*** HOLE CARDS ***
ka100pka527: raises $1.50 to $2.50
etv2: calls $1.50
*** FLOP *** [4h 4s 2s]
etv2: checks 
ka100pka527: bets $1.57
etv2: folds 
Uncalled bet ($1.57) returned to ka100pka527
ka100pka527 collected $4.75 from pot
ka100pka527: doesn't show hand 
*** SUMMARY ***
Total pot $5 | Rake $0.25 
Board [4h 4s 2s]
Seat 4: ML51450
Seat 1: ka100pka527 (button) (small blind) collected ($4.75)
Seat 3: etv2 (big blind) folded on the Flop



PokerStars Hand #254666579937:  Hold'em No Limit ($0.50/$1.00 USD) - 2025/02/02 9:07:57 WET [2025/02/02 4:07:57 ET]
Table 'Mufrid' 6-max Seat #1 is the button
Seat 1: ka100pka527 ($102.75 in chips) 
Seat 3: etv2 ($26.96 in chips) 
Seat 4: ML51450 ($10 in chips) 
etv2: posts small blind $0.50
ML51450: posts big blind $1
*** HOLE CARDS ***
ka100pka527: folds 
etv2: calls $0.50
ML51450: checks 
*** FLOP *** [Kh 5h 2h]
etv2: bets $1
ML51450: calls $1
*** TURN *** [Kh 5h 2h] [4c]
etv2: checks 
ML51450: bets $1
etv2: folds 
Uncalled bet ($1) returned to ML51450
ML51450 collected $3.80 from pot
*** SUMMARY ***
Total pot $4 | Rake $0.20 
Board [Kh 5h 2h 4c]
Seat 1: ka100pka527 (button) folded before Flop (didn't bet)
Seat 3: etv2 (small blind) folded on the Turn
Seat 4: ML51450 (big blind) collected ($3.80)



PokerStars Hand #254666583658:  Hold'em No Limit ($0.50/$1.00 USD) - 2025/02/02 9:08:35 WET [2025/02/02 4:08:35 ET]
Table 'Mufrid' 6-max Seat #3 is the button
Seat 1: ka100pka527 ($102.75 in chips) 
Seat 3: etv2 ($24.96 in chips) 
Seat 4: ML51450 ($11.80 in chips) 
ML51450: posts small blind $0.50
ka100pka527: posts big blind $1
*** HOLE CARDS ***
etv2: folds 
ML51450: folds 
Uncalled bet ($0.50) returned to ka100pka527
ka100pka527 collected $1 from pot
ka100pka527: doesn't show hand 
*** SUMMARY ***
Total pot $1 | Rake $0 
Seat 1: ka100pka527 (big blind) collected ($1)
Seat 3: etv2 (button) folded before Flop (didn't bet)
Seat 4: ML51450 (small blind) folded before Flop



PokerStars Hand #254666584417:  Hold'em No Limit ($0.50/$1.00 USD) - 2025/02/02 9:08:42 WET [2025/02/02 4:08:42 ET]
Table 'Mufrid' 6-max Seat #4 is the button
Seat 1: ka100pka527 ($103.25 in chips) 
Seat 3: etv2 ($24.96 in chips) 
Seat 4: ML51450 ($11.30 in chips) 
ka100pka527: posts small blind $0.50
etv2: posts big blind $1
*** HOLE CARDS ***
ML51450: calls $1
ka100pka527: calls $0.50
etv2: checks 
*** FLOP *** [3d 8c 6c]
ka100pka527: bets $1.90
etv2: folds 
ML51450: calls $1.90
*** TURN *** [3d 8c 6c] [Tc]
ka100pka527: checks 
ML51450: checks 
*** RIVER *** [3d 8c 6c Tc] [4s]
ka100pka527: checks 
ML51450: bets $6.46
ka100pka527: folds 
Uncalled bet ($6.46) returned to ML51450
ML51450 collected $6.46 from pot
*** SUMMARY ***
Total pot $6.80 | Rake $0.34 
Board [3d 8c 6c Tc 4s]
Seat 1: ka100pka527 (small blind) folded on the River
Seat 3: etv2 (big blind) folded on the Flop
Seat 4: ML51450 (button) collected ($6.46)



PokerStars Hand #254666589522:  Hold'em No Limit ($0.50/$1.00 USD) - 2025/02/02 9:09:34 WET [2025/02/02 4:09:34 ET]
Table 'Mufrid' 6-max Seat #1 is the button
Seat 1: ka100pka527 ($100.35 in chips) 
Seat 3: etv2 ($23.96 in chips) 
Seat 4: ML51450 ($14.86 in chips) 
etv2: posts small blind $0.50
ML51450: posts big blind $1
*** HOLE CARDS ***
ka100pka527: folds 
etv2: folds 
Uncalled bet ($0.50) returned to ML51450
ML51450 collected $1 from pot
*** SUMMARY ***
Total pot $1 | Rake $0 
Seat 1: ka100pka527 (button) folded before Flop (didn't bet)
Seat 3: etv2 (small blind) folded before Flop
Seat 4: ML51450 (big blind) collected ($1)



PokerStars Hand #254666590598:  Hold'em No Limit ($0.50/$1.00 USD) - 2025/02/02 9:09:45 WET [2025/02/02 4:09:45 ET]
Table 'Mufrid' 6-max Seat #3 is the button
Seat 1: ka100pka527 ($100.35 in chips) 
Seat 3: etv2 ($23.46 in chips) 
Seat 4: ML51450 ($15.36 in chips) 
ML51450: posts small blind $0.50
ka100pka527: posts big blind $1
*** HOLE CARDS ***
etv2: folds 
ML51450: folds 
Uncalled bet ($0.50) returned to ka100pka527
ka100pka527 collected $1 from pot
ka100pka527: doesn't show hand 
*** SUMMARY ***
Total pot $1 | Rake $0 
Seat 1: ka100pka527 (big blind) collected ($1)
Seat 3: etv2 (button) folded before Flop (didn't bet)
Seat 4: ML51450 (small blind) folded before Flop



PokerStars Hand #254666591290:  Hold'em No Limit ($0.50/$1.00 USD) - 2025/02/02 9:09:52 WET [2025/02/02 4:09:52 ET]
Table 'Mufrid' 6-max Seat #4 is the button
Seat 1: ka100pka527 ($100.85 in chips) 
Seat 3: etv2 ($23.46 in chips) 
Seat 4: ML51450 ($14.86 in chips) 
ka100pka527: posts small blind $0.50
etv2: posts big blind $1
*** HOLE CARDS ***
ML51450: calls $1
ka100pka527: raises $3.50 to $4.50
etv2: folds 
ML51450: folds 
Uncalled bet ($3.50) returned to ka100pka527
ka100pka527 collected $3 from pot
ka100pka527: doesn't show hand 
*** SUMMARY ***
Total pot $3 | Rake $0 
Seat 1: ka100pka527 (small blind) collected ($3)
Seat 3: etv2 (big blind) folded before Flop
Seat 4: ML51450 (button) folded before Flop



PokerStars Hand #254666594519:  Hold'em No Limit ($0.50/$1.00 USD) - 2025/02/02 9:10:25 WET [2025/02/02 4:10:25 ET]
Table 'Mufrid' 6-max Seat #1 is the button
Seat 1: ka100pka527 ($102.85 in chips) 
Seat 3: etv2 ($22.46 in chips) 
Seat 4: ML51450 ($13.86 in chips) 
etv2: posts small blind $0.50
ML51450: posts big blind $1
*** HOLE CARDS ***
ka100pka527: raises $2 to $3
etv2: folds 
ML51450: calls $2
*** FLOP *** [7h Ad Qh]
ML51450: checks 
ka100pka527: bets $2.04
ML51450: folds 
Uncalled bet ($2.04) returned to ka100pka527
ka100pka527 collected $6.18 from pot
ka100pka527: doesn't show hand 
Emily_GetMan joins the table at seat #5 
*** SUMMARY ***
Total pot $6.50 | Rake $0.32 
Board [7h Ad Qh]
Seat 1: ka100pka527 (button) collected ($6.18)
Seat 3: etv2 (small blind) folded before Flop
Seat 4: ML51450 (big blind) folded on the Flop



PokerStars Hand #254666597166:  Hold'em No Limit ($0.50/$1.00 USD) - 2025/02/02 9:10:51 WET [2025/02/02 4:10:51 ET]
Table 'Mufrid' 6-max Seat #3 is the button
Seat 1: ka100pka527 ($106.03 in chips) 
Seat 3: etv2 ($21.96 in chips) 
Seat 4: ML51450 ($10.86 in chips) 
Seat 5: Emily_GetMan ($100 in chips) 
ML51450: posts small blind $0.50
Emily_GetMan: posts big blind $1
*** HOLE CARDS ***
ka100pka527: folds 
etv2: folds 
ML51450: raises $2 to $3
Emily_GetMan: folds 
Uncalled bet ($2) returned to ML51450
ML51450 collected $2 from pot
*** SUMMARY ***
Total pot $2 | Rake $0 
Seat 1: ka100pka527 folded before Flop (didn't bet)
Seat 3: etv2 (button) folded before Flop (didn't bet)
Seat 4: ML51450 (small blind) collected ($2)
Seat 5: Emily_GetMan (big blind) folded before Flop



PokerStars Hand #254666598932:  Hold'em No Limit ($0.50/$1.00 USD) - 2025/02/02 9:11:08 WET [2025/02/02 4:11:08 ET]
Table 'Mufrid' 6-max Seat #4 is the button
Seat 1: ka100pka527 ($106.03 in chips) 
Seat 3: etv2 ($21.96 in chips) 
Seat 4: ML51450 ($11.86 in chips) 
Seat 5: Emily_GetMan ($100 in chips) 
Emily_GetMan: posts small blind $0.50
ka100pka527: posts big blind $1
*** HOLE CARDS ***
etv2: folds 
ML51450: raises $2.50 to $3.50
Emily_GetMan: folds 
ka100pka527: folds 
Uncalled bet ($2.50) returned to ML51450
ML51450 collected $2.50 from pot
*** SUMMARY ***
Total pot $2.50 | Rake $0 
Seat 1: ka100pka527 (big blind) folded before Flop
Seat 3: etv2 folded before Flop (didn't bet)
Seat 4: ML51450 (button) collected ($2.50)
Seat 5: Emily_GetMan (small blind) folded before Flop



PokerStars Hand #254666600095:  Hold'em No Limit ($0.50/$1.00 USD) - 2025/02/02 9:11:20 WET [2025/02/02 4:11:20 ET]
Table 'Mufrid' 6-max Seat #5 is the button
Seat 1: ka100pka527 ($105.03 in chips) 
Seat 3: etv2 ($21.96 in chips) 
Seat 4: ML51450 ($13.36 in chips) 
Seat 5: Emily_GetMan ($100 in chips) 
ka100pka527: posts small blind $0.50
etv2: posts big blind $1
*** HOLE CARDS ***
ML51450: folds 
Emily_GetMan: folds 
ka100pka527: folds 
Uncalled bet ($0.50) returned to etv2
etv2 collected $1 from pot
etv2: doesn't show hand 
*** SUMMARY ***
Total pot $1 | Rake $0 
Seat 1: ka100pka527 (small blind) folded before Flop
Seat 3: etv2 (big blind) collected ($1)
Seat 4: ML51450 folded before Flop (didn't bet)
Seat 5: Emily_GetMan (button) folded before Flop (didn't bet)



PokerStars Hand #254666601041:  Hold'em No Limit ($0.50/$1.00 USD) - 2025/02/02 9:11:30 WET [2025/02/02 4:11:30 ET]
Table 'Mufrid' 6-max Seat #1 is the button
Seat 1: ka100pka527 ($104.53 in chips) 
Seat 3: etv2 ($22.46 in chips) 
Seat 4: ML51450 ($13.36 in chips) 
Seat 5: Emily_GetMan ($100 in chips) 
etv2: posts small blind $0.50
ML51450: posts big blind $1
*** HOLE CARDS ***
Emily_GetMan: raises $1 to $2
ka100pka527: folds 
etv2: folds 
ML51450: folds 
Uncalled bet ($1) returned to Emily_GetMan
Emily_GetMan collected $2.50 from pot
Emily_GetMan: doesn't show hand 
*** SUMMARY ***
Total pot $2.50 | Rake $0 
Seat 1: ka100pka527 (button) folded before Flop (didn't bet)
Seat 3: etv2 (small blind) folded before Flop
Seat 4: ML51450 (big blind) folded before Flop
Seat 5: Emily_GetMan collected ($2.50)



PokerStars Hand #254666602461:  Hold'em No Limit ($0.50/$1.00 USD) - 2025/02/02 9:11:44 WET [2025/02/02 4:11:44 ET]
Table 'Mufrid' 6-max Seat #3 is the button
Seat 1: ka100pka527 ($104.53 in chips) 
Seat 3: etv2 ($21.96 in chips) 
Seat 4: ML51450 ($12.36 in chips) 
Seat 5: Emily_GetMan ($101.50 in chips) 
ML51450: posts small blind $0.50
Emily_GetMan: posts big blind $1
*** HOLE CARDS ***
ka100pka527: raises $1.50 to $2.50
etv2: calls $2.50
ML51450: folds 
Emily_GetMan: folds 
*** FLOP *** [7c 3d 5s]
ka100pka527: checks 
etv2: checks 
*** TURN *** [7c 3d 5s] [5h]
ka100pka527: bets $3.34
etv2: calls $3.34
*** RIVER *** [7c 3d 5s 5h] [Ks]
ka100pka527: bets $6.76
etv2: folds 
Uncalled bet ($6.76) returned to ka100pka527
ka100pka527 collected $12.52 from pot
ka100pka527: doesn't show hand 
*** SUMMARY ***
Total pot $13.18 | Rake $0.66 
Board [7c 3d 5s 5h Ks]
Seat 1: ka100pka527 collected ($12.52)
Seat 3: etv2 (button) folded on the River
Seat 4: ML51450 (small blind) folded before Flop
Seat 5: Emily_GetMan (big blind) folded before Flop



PokerStars Hand #254666607225:  Hold'em No Limit ($0.50/$1.00 USD) - 2025/02/02 9:12:31 WET [2025/02/02 4:12:31 ET]
Table 'Mufrid' 6-max Seat #4 is the button
Seat 1: ka100pka527 ($111.21 in chips) 
Seat 3: etv2 ($16.12 in chips) 
Seat 4: ML51450 ($11.86 in chips) 
Seat 5: Emily_GetMan ($100.50 in chips) 
Emily_GetMan: posts small blind $0.50
ka100pka527: posts big blind $1
*** HOLE CARDS ***
etv2: raises $2 to $3
ML51450: raises $8.86 to $11.86 and is all-in
Emily_GetMan: folds 
ka100pka527: folds 
etv2: calls $8.86
*** FLOP *** [9h 2c 7d]
*** TURN *** [9h 2c 7d] [Kd]
*** RIVER *** [9h 2c 7d Kd] [6c]
*** SHOW DOWN ***
etv2: shows [Kc Ac] (a pair of Kings)
ML51450: shows [Jd Jc] (a pair of Jacks)
etv2 collected $24.22 from pot
*** SUMMARY ***
Total pot $25.22 | Rake $1 
Board [9h 2c 7d Kd 6c]
Seat 1: ka100pka527 (big blind) folded before Flop
Seat 3: etv2 showed [Kc Ac] and won ($24.22) with a pair of Kings
Seat 4: ML51450 (button) showed [Jd Jc] and lost with a pair of Jacks
Seat 5: Emily_GetMan (small blind) folded before Flop



PokerStars Hand #254666610451:  Hold'em No Limit ($0.50/$1.00 USD) - 2025/02/02 9:13:02 WET [2025/02/02 4:13:02 ET]
Table 'Mufrid' 6-max Seat #5 is the button
Seat 4: ML51450 ($0 in chips) is sitting out
Seat 1: ka100pka527 ($110.21 in chips) 
Seat 3: etv2 ($28.48 in chips) 
Seat 5: Emily_GetMan ($100 in chips) 
ka100pka527: posts small blind $0.50
etv2: posts big blind $1
*** HOLE CARDS ***
Emily_GetMan: folds 
50CandyJoe joins the table at seat #6 
ka100pka527: folds 
Uncalled bet ($0.50) returned to etv2
etv2 collected $1 from pot
etv2: doesn't show hand 
*** SUMMARY ***
Total pot $1 | Rake $0 
Seat 4: ML51450
Seat 1: ka100pka527 (small blind) folded before Flop
Seat 3: etv2 (big blind) collected ($1)
Seat 5: Emily_GetMan (button) folded before Flop (didn't bet)



PokerStars Hand #254666611485:  Hold'em No Limit ($0.50/$1.00 USD) - 2025/02/02 9:13:12 WET [2025/02/02 4:13:12 ET]
Table 'Mufrid' 6-max Seat #1 is the button
Seat 4: ML51450 ($0 in chips) is sitting out
Seat 6: 50CandyJoe ($100 in chips) is sitting out
Seat 1: ka100pka527 ($109.71 in chips) 
Seat 3: etv2 ($28.98 in chips) 
Seat 5: Emily_GetMan ($100 in chips) 
etv2: posts small blind $0.50
Emily_GetMan: posts big blind $1
50CandyJoe: sits out 
*** HOLE CARDS ***
ka100pka527: raises $1.50 to $2.50
etv2: folds 
Emily_GetMan: folds 
Uncalled bet ($1.50) returned to ka100pka527
ka100pka527 collected $2.50 from pot
ka100pka527: doesn't show hand 
*** SUMMARY ***
Total pot $2.50 | Rake $0 
Seat 4: ML51450
Seat 6: 50CandyJoe
Seat 1: ka100pka527 (button) collected ($2.50)
Seat 3: etv2 (small blind) folded before Flop
Seat 5: Emily_GetMan (big blind) folded before Flop



PokerStars Hand #254666612896:  Hold'em No Limit ($0.50/$1.00 USD) - 2025/02/02 9:13:26 WET [2025/02/02 4:13:26 ET]
Table 'Mufrid' 6-max Seat #3 is the button
Seat 4: ML51450 ($0 in chips) is sitting out
Seat 1: ka100pka527 ($111.21 in chips) 
Seat 3: etv2 ($28.48 in chips) 
Seat 5: Emily_GetMan ($100 in chips) 
Seat 6: 50CandyJoe ($100 in chips) 
Emily_GetMan: posts small blind $0.50
50CandyJoe: posts big blind $1
*** HOLE CARDS ***
ka100pka527: raises $1.50 to $2.50
etv2: folds 
Emily_GetMan: folds 
50CandyJoe: raises $10 to $12.50
ka100pka527: calls $10
*** FLOP *** [Ac Ks 8c]
50CandyJoe: bets $6.13
ka100pka527: calls $6.13
*** TURN *** [Ac Ks 8c] [3c]
50CandyJoe: checks 
ka100pka527: checks 
*** RIVER *** [Ac Ks 8c 3c] [2s]
50CandyJoe: bets $81.37 and is all-in
MRFV11 joins the table at seat #2 
MRFV11 is disconnected 
ka100pka527: folds 
Uncalled bet ($81.37) returned to 50CandyJoe
50CandyJoe collected $36.76 from pot
50CandyJoe: doesn't show hand 
*** SUMMARY ***
Total pot $37.76 | Rake $1 
Board [Ac Ks 8c 3c 2s]
Seat 4: ML51450
Seat 1: ka100pka527 folded on the River
Seat 3: etv2 (button) folded before Flop (didn't bet)
Seat 5: Emily_GetMan (small blind) folded before Flop
Seat 6: 50CandyJoe (big blind) collected ($36.76)



PokerStars Hand #254666624946:  Hold'em No Limit ($0.50/$1.00 USD) - 2025/02/02 9:15:23 WET [2025/02/02 4:15:23 ET]
Table 'Mufrid' 6-max Seat #5 is the button
Seat 4: ML51450 ($0 in chips) is sitting out
Seat 1: ka100pka527 ($100 in chips) 
Seat 2: MRFV11 ($100 in chips) 
Seat 3: etv2 ($28.48 in chips) 
Seat 5: Emily_GetMan ($100 in chips) 
Seat 6: 50CandyJoe ($118.13 in chips) 
50CandyJoe: posts small blind $0.50
ka100pka527: posts big blind $1
MRFV11: posts big blind $1
*** HOLE CARDS ***
MRFV11: checks 
etv2: raises $2 to $3
Emily_GetMan: raises $6 to $9
50CandyJoe: folds 
ka100pka527: folds 
MRFV11: folds 
etv2: calls $6
*** FLOP *** [Qh 8c 4c]
etv2: checks 
Emily_GetMan: bets $12.86
etv2: folds 
Uncalled bet ($12.86) returned to Emily_GetMan
Emily_GetMan collected $19.48 from pot
Emily_GetMan: doesn't show hand 
*** SUMMARY ***
Total pot $20.50 | Rake $1.02 
Board [Qh 8c 4c]
Seat 4: ML51450
Seat 1: ka100pka527 (big blind) folded before Flop
Seat 2: MRFV11 folded before Flop (didn't bet)
Seat 3: etv2 folded on the Flop
Seat 5: Emily_GetMan (button) collected ($19.48)
Seat 6: 50CandyJoe (small blind) folded before Flop



PokerStars Hand #254666628520:  Hold'em No Limit ($0.50/$1.00 USD) - 2025/02/02 9:15:57 WET [2025/02/02 4:15:57 ET]
Table 'Mufrid' 6-max Seat #6 is the button
Seat 4: ML51450 ($0 in chips) is sitting out
Seat 1: ka100pka527 ($100 in chips) 
Seat 2: MRFV11 ($99 in chips) 
Seat 3: etv2 ($19.48 in chips) 
Seat 5: Emily_GetMan ($110.48 in chips) 
Seat 6: 50CandyJoe ($117.63 in chips) 
ka100pka527: posts small blind $0.50
MRFV11: posts big blind $1
*** HOLE CARDS ***
etv2: folds 
Emily_GetMan: folds 
50CandyJoe: folds 
ka100pka527: folds 
Uncalled bet ($0.50) returned to MRFV11
MRFV11 collected $1 from pot
*** SUMMARY ***
Total pot $1 | Rake $0 
Seat 4: ML51450
Seat 1: ka100pka527 (small blind) folded before Flop
Seat 2: MRFV11 (big blind) collected ($1)
Seat 3: etv2 folded before Flop (didn't bet)
Seat 5: Emily_GetMan folded before Flop (didn't bet)
Seat 6: 50CandyJoe (button) folded before Flop (didn't bet)



PokerStars Hand #254666629662:  Hold'em No Limit ($0.50/$1.00 USD) - 2025/02/02 9:16:08 WET [2025/02/02 4:16:08 ET]
Table 'Mufrid' 6-max Seat #1 is the button
Seat 4: ML51450 ($0 in chips) is sitting out
Seat 1: ka100pka527 ($100 in chips) 
Seat 2: MRFV11 ($99.50 in chips) 
Seat 3: etv2 ($19.48 in chips) 
Seat 5: Emily_GetMan ($110.48 in chips) 
Seat 6: 50CandyJoe ($117.63 in chips) 
MRFV11: posts small blind $0.50
etv2: posts big blind $1
*** HOLE CARDS ***
Emily_GetMan: folds 
50CandyJoe: raises $1.20 to $2.20
ka100pka527: folds 
MRFV11: folds 
etv2: folds 
Uncalled bet ($1.20) returned to 50CandyJoe
50CandyJoe collected $2.50 from pot
50CandyJoe: doesn't show hand 
*** SUMMARY ***
Total pot $2.50 | Rake $0 
Seat 4: ML51450
Seat 1: ka100pka527 (button) folded before Flop (didn't bet)
Seat 2: MRFV11 (small blind) folded before Flop
Seat 3: etv2 (big blind) folded before Flop
Seat 5: Emily_GetMan folded before Flop (didn't bet)
Seat 6: 50CandyJoe collected ($2.50)



PokerStars Hand #254666631567:  Hold'em No Limit ($0.50/$1.00 USD) - 2025/02/02 9:16:27 WET [2025/02/02 4:16:27 ET]
Table 'Mufrid' 6-max Seat #2 is the button
Seat 4: ML51450 ($0 in chips) is sitting out
Seat 5: Emily_GetMan ($110.48 in chips) is sitting out
Seat 1: ka100pka527 ($100 in chips) 
Seat 2: MRFV11 ($99 in chips) 
Seat 3: etv2 ($18.48 in chips) 
Seat 6: 50CandyJoe ($119.13 in chips) 
etv2: posts small blind $0.50
Emily_GetMan: is sitting out 
50CandyJoe: posts big blind $1
*** HOLE CARDS ***
ka100pka527: folds 
MRFV11: calls $1
Emily_GetMan leaves the table
etv2: calls $0.50
50CandyJoe: checks 
*** FLOP *** [7h Tc Kc]
Timonessb joins the table at seat #5 
etv2: checks 
50CandyJoe: bets $1
MRFV11: calls $1
etv2: calls $1
*** TURN *** [7h Tc Kc] [6h]
etv2: checks 
50CandyJoe: checks 
MRFV11: bets $2
etv2: folds 
50CandyJoe: raises $14.55 to $16.55
MRFV11: calls $14.55
*** RIVER *** [7h Tc Kc 6h] [Ad]
50CandyJoe: bets $100.58 and is all-in
MRFV11: calls $80.45 and is all-in
Uncalled bet ($20.13) returned to 50CandyJoe
*** SHOW DOWN ***
50CandyJoe: shows [8s 9d] (a straight, Six to Ten)
MRFV11: shows [6s 7s] (two pair, Sevens and Sixes)
50CandyJoe collected $199 from pot
*** SUMMARY ***
Total pot $200 | Rake $1 
Board [7h Tc Kc 6h Ad]
Seat 4: ML51450
Seat 5: Emily_GetMan
Seat 1: ka100pka527 folded before Flop (didn't bet)
Seat 2: MRFV11 (button) showed [6s 7s] and lost with two pair, Sevens and Sixes
Seat 3: etv2 (small blind) folded on the Turn
Seat 6: 50CandyJoe (big blind) showed [8s 9d] and won ($199) with a straight, Six to Ten



PokerStars Hand #254666638555:  Hold'em No Limit ($0.50/$1.00 USD) - 2025/02/02 9:17:33 WET [2025/02/02 4:17:33 ET]
Table 'Mufrid' 6-max Seat #3 is the button
Seat 2: MRFV11 ($0 in chips) is sitting out
Seat 4: ML51450 ($0 in chips) is sitting out
Seat 5: Timonessb ($100 in chips) is sitting out
Seat 1: ka100pka527 ($100 in chips) 
Seat 3: etv2 ($16.48 in chips) 
Seat 6: 50CandyJoe ($219.13 in chips) 
50CandyJoe: posts small blind $0.50
ka100pka527: posts big blind $1
*** HOLE CARDS ***
etv2: raises $2 to $3
MRFV11 leaves the table
Don_Morgi joins the table at seat #2 
Don_Morgi is disconnected 
50CandyJoe has timed out
50CandyJoe: folds 
ka100pka527: folds 
Uncalled bet ($2) returned to etv2
etv2 collected $2.50 from pot
etv2: doesn't show hand 
*** SUMMARY ***
Total pot $2.50 | Rake $0 
Seat 2: MRFV11
Seat 4: ML51450
Seat 5: Timonessb
Seat 1: ka100pka527 (big blind) folded before Flop
Seat 3: etv2 (button) collected ($2.50)
Seat 6: 50CandyJoe (small blind) folded before Flop



PokerStars Hand #254666643274:  Hold'em No Limit ($0.50/$1.00 USD) - 2025/02/02 9:18:18 WET [2025/02/02 4:18:18 ET]
Table 'Mufrid' 6-max Seat #6 is the button
Seat 4: ML51450 ($0 in chips) is sitting out
Seat 5: Timonessb ($100 in chips) is sitting out
Seat 1: ka100pka527 ($100 in chips) 
Seat 2: Don_Morgi ($100 in chips) 
Seat 3: etv2 ($17.98 in chips) 
Seat 6: 50CandyJoe ($218.63 in chips) 
ka100pka527: posts small blind $0.50
Don_Morgi: posts big blind $1
Timonessb: sits out 
*** HOLE CARDS ***
etv2: folds 
50CandyJoe: raises $1.50 to $2.50
ka100pka527: raises $7.50 to $10
Don_Morgi: raises $22.50 to $32.50
50CandyJoe: folds 
ka100pka527: folds 
Uncalled bet ($22.50) returned to Don_Morgi
Don_Morgi collected $22.50 from pot
*** SUMMARY ***
Total pot $22.50 | Rake $0 
Seat 4: ML51450
Seat 5: Timonessb
Seat 1: ka100pka527 (small blind) folded before Flop
Seat 2: Don_Morgi (big blind) collected ($22.50)
Seat 3: etv2 folded before Flop (didn't bet)
Seat 6: 50CandyJoe (button) folded before Flop



PokerStars Hand #254666646663:  Hold'em No Limit ($0.50/$1.00 USD) - 2025/02/02 9:18:51 WET [2025/02/02 4:18:51 ET]
Table 'Mufrid' 6-max Seat #1 is the button
Seat 4: ML51450 ($0 in chips) is sitting out
Seat 5: Timonessb ($100 in chips) is sitting out
Seat 1: ka100pka527 ($100 in chips) 
Seat 2: Don_Morgi ($112.50 in chips) 
Seat 3: etv2 ($17.98 in chips) 
Seat 6: 50CandyJoe ($216.13 in chips) 
Don_Morgi: posts small blind $0.50
etv2: posts big blind $1
Timonessb: sits out 
*** HOLE CARDS ***
50CandyJoe: raises $1.20 to $2.20
ka100pka527: folds 
Don_Morgi: folds 
etv2: calls $1.20
*** FLOP *** [4c Tc 7d]
etv2: bets $3
50CandyJoe: raises $5 to $8
etv2: raises $7.78 to $15.78 and is all-in
50CandyJoe: calls $7.78
*** TURN *** [4c Tc 7d] [Kc]
*** RIVER *** [4c Tc 7d Kc] [7s]
*** SHOW DOWN ***
etv2: shows [7h Ac] (three of a kind, Sevens)
50CandyJoe: shows [4s 4h] (a full house, Fours full of Sevens)
50CandyJoe collected $35.46 from pot
*** SUMMARY ***
Total pot $36.46 | Rake $1 
Board [4c Tc 7d Kc 7s]
Seat 4: ML51450
Seat 5: Timonessb
Seat 1: ka100pka527 (button) folded before Flop (didn't bet)
Seat 2: Don_Morgi (small blind) folded before Flop
Seat 3: etv2 (big blind) showed [7h Ac] and lost with three of a kind, Sevens
Seat 6: 50CandyJoe showed [4s 4h] and won ($35.46) with a full house, Fours full of Sevens



PokerStars Hand #254666650520:  Hold'em No Limit ($0.50/$1.00 USD) - 2025/02/02 9:19:28 WET [2025/02/02 4:19:28 ET]
Table 'Mufrid' 6-max Seat #2 is the button
Seat 3: etv2 ($0 in chips) is sitting out
Seat 4: ML51450 ($0 in chips) is sitting out
Seat 5: Timonessb ($100 in chips) is sitting out
Seat 1: ka100pka527 ($100 in chips) 
Seat 2: Don_Morgi ($112 in chips) 
Seat 6: 50CandyJoe ($233.61 in chips) 
50CandyJoe: posts small blind $0.50
ka100pka527: posts big blind $1
*** HOLE CARDS ***
Don_Morgi: folds 
50CandyJoe: folds 
Uncalled bet ($0.50) returned to ka100pka527
ka100pka527 collected $1 from pot
ka100pka527: doesn't show hand 
*** SUMMARY ***
Total pot $1 | Rake $0 
Seat 3: etv2
Seat 4: ML51450
Seat 5: Timonessb
Seat 1: ka100pka527 (big blind) collected ($1)
Seat 2: Don_Morgi (button) folded before Flop (didn't bet)
Seat 6: 50CandyJoe (small blind) folded before Flop



PokerStars Hand #254666651829:  Hold'em No Limit ($0.50/$1.00 USD) - 2025/02/02 9:19:41 WET [2025/02/02 4:19:41 ET]
Table 'Mufrid' 6-max Seat #6 is the button
Seat 3: etv2 ($0 in chips) is sitting out
Seat 4: ML51450 ($0 in chips) is sitting out
Seat 5: Timonessb ($100 in chips) is sitting out
Seat 1: ka100pka527 ($100.50 in chips) 
Seat 2: Don_Morgi ($112 in chips) 
Seat 6: 50CandyJoe ($233.11 in chips) 
ka100pka527: posts small blind $0.50
Don_Morgi: posts big blind $1
Timonessb: sits out 
*** HOLE CARDS ***
etv2 leaves the table
50CandyJoe: folds 
ka100pka527: folds 
Uncalled bet ($0.50) returned to Don_Morgi
Don_Morgi collected $1 from pot
*** SUMMARY ***
Total pot $1 | Rake $0 
Seat 3: etv2
Seat 4: ML51450
Seat 5: Timonessb
Seat 1: ka100pka527 (small blind) folded before Flop
Seat 2: Don_Morgi (big blind) collected ($1)
Seat 6: 50CandyJoe (button) folded before Flop (didn't bet)



PokerStars Hand #254666652964:  Hold'em No Limit ($0.50/$1.00 USD) - 2025/02/02 9:19:51 WET [2025/02/02 4:19:51 ET]
Table 'Mufrid' 6-max Seat #1 is the button
Seat 4: ML51450 ($0 in chips) is sitting out
Seat 1: ka100pka527 ($100 in chips) 
Seat 2: Don_Morgi ($112.50 in chips) 
Seat 5: Timonessb ($100 in chips) 
Seat 6: 50CandyJoe ($233.11 in chips) 
Don_Morgi: posts small blind $0.50
Timonessb: posts big blind $1
*** HOLE CARDS ***
50CandyJoe: folds 
ka100pka527: raises $1.50 to $2.50
Don_Morgi: folds 
Timonessb: folds 
Uncalled bet ($1.50) returned to ka100pka527
ka100pka527 collected $2.50 from pot
ML51450 leaves the table
ka100pka527: doesn't show hand 
*** SUMMARY ***
Total pot $2.50 | Rake $0 
Seat 4: ML51450
Seat 1: ka100pka527 (button) collected ($2.50)
Seat 2: Don_Morgi (small blind) folded before Flop
Seat 5: Timonessb (big blind) folded before Flop
Seat 6: 50CandyJoe folded before Flop (didn't bet)



PokerStars Hand #254666654808:  Hold'em No Limit ($0.50/$1.00 USD) - 2025/02/02 9:20:10 WET [2025/02/02 4:20:10 ET]
Table 'Mufrid' 6-max Seat #2 is the button
Seat 1: ka100pka527 ($101.50 in chips) 
Seat 2: Don_Morgi ($112 in chips) 
Seat 5: Timonessb ($100 in chips) 
Seat 6: 50CandyJoe ($233.11 in chips) 
Timonessb: posts small blind $0.50
50CandyJoe: posts big blind $1
*** HOLE CARDS ***
ka100pka527: raises $1.50 to $2.50
Don_Morgi: folds 
Timonessb: folds 
50CandyJoe: folds 
Uncalled bet ($1.50) returned to ka100pka527
ka100pka527 collected $2.50 from pot
ka100pka527: doesn't show hand 
*** SUMMARY ***
Total pot $2.50 | Rake $0 
Seat 1: ka100pka527 collected ($2.50)
Seat 2: Don_Morgi (button) folded before Flop (didn't bet)
Seat 5: Timonessb (small blind) folded before Flop
Seat 6: 50CandyJoe (big blind) folded before Flop



PokerStars Hand #254666655918:  Hold'em No Limit ($0.50/$1.00 USD) - 2025/02/02 9:20:20 WET [2025/02/02 4:20:20 ET]
Table 'Mufrid' 6-max Seat #5 is the button
Seat 1: ka100pka527 ($103 in chips) 
Seat 2: Don_Morgi ($112 in chips) 
Seat 5: Timonessb ($100 in chips) 
Seat 6: 50CandyJoe ($232.11 in chips) 
50CandyJoe: posts small blind $0.50
ka100pka527: posts big blind $1
*** HOLE CARDS ***
Don_Morgi: folds 
Timonessb: folds 
50CandyJoe: raises $2 to $3
ka100pka527: folds 
Uncalled bet ($2) returned to 50CandyJoe
50CandyJoe collected $2 from pot
50CandyJoe: doesn't show hand 
*** SUMMARY ***
Total pot $2 | Rake $0 
Seat 1: ka100pka527 (big blind) folded before Flop
Seat 2: Don_Morgi folded before Flop (didn't bet)
Seat 5: Timonessb (button) folded before Flop (didn't bet)
Seat 6: 50CandyJoe (small blind) collected ($2)



PokerStars Hand #254666657231:  Hold'em No Limit ($0.50/$1.00 USD) - 2025/02/02 9:20:33 WET [2025/02/02 4:20:33 ET]
Table 'Mufrid' 6-max Seat #6 is the button
Seat 1: ka100pka527 ($102 in chips) 
Seat 2: Don_Morgi ($112 in chips) 
Seat 5: Timonessb ($100 in chips) 
Seat 6: 50CandyJoe ($233.11 in chips) 
ka100pka527: posts small blind $0.50
Don_Morgi: posts big blind $1
*** HOLE CARDS ***
Timonessb: raises $1.30 to $2.30
50CandyJoe: folds 
hshas joins the table at seat #3 
ka100pka527: folds 
Don_Morgi: calls $1.30
*** FLOP *** [7c Qh 3h]
Don_Morgi: checks 
Timonessb: bets $4.79
Don_Morgi: folds 
Uncalled bet ($4.79) returned to Timonessb
Timonessb collected $4.84 from pot
*** SUMMARY ***
Total pot $5.10 | Rake $0.26 
Board [7c Qh 3h]
Seat 1: ka100pka527 (small blind) folded before Flop
Seat 2: Don_Morgi (big blind) folded on the Flop
Seat 5: Timonessb collected ($4.84)
Seat 6: 50CandyJoe (button) folded before Flop (didn't bet)



PokerStars Hand #254666659757:  Hold'em No Limit ($0.50/$1.00 USD) - 2025/02/02 9:20:57 WET [2025/02/02 4:20:57 ET]
Table 'Mufrid' 6-max Seat #1 is the button
Seat 1: ka100pka527 ($101.50 in chips) 
Seat 2: Don_Morgi ($109.70 in chips) 
Seat 3: hshas ($100 in chips) 
Seat 5: Timonessb ($102.54 in chips) 
Seat 6: 50CandyJoe ($233.11 in chips) 
Don_Morgi: posts small blind $0.50
hshas: posts big blind $1
*** HOLE CARDS ***
Timonessb: folds 
50CandyJoe: folds 
ka100pka527: raises $1.50 to $2.50
Don_Morgi: folds 
hshas: raises $9.50 to $12
ka100pka527: calls $9.50
*** FLOP *** [Kh Kd 9s]
hshas: bets $6.52
ka100pka527: calls $6.52
*** TURN *** [Kh Kd 9s] [Ks]
hshas: bets $17.83
ka100pka527: folds 
Uncalled bet ($17.83) returned to hshas
hshas collected $35.66 from pot
hshas: doesn't show hand 
*** SUMMARY ***
Total pot $37.54 | Rake $1.88 
Board [Kh Kd 9s Ks]
Seat 1: ka100pka527 (button) folded on the Turn
Seat 2: Don_Morgi (small blind) folded before Flop
Seat 3: hshas (big blind) collected ($35.66)
Seat 5: Timonessb folded before Flop (didn't bet)
Seat 6: 50CandyJoe folded before Flop (didn't bet)



PokerStars Hand #254666668919:  Hold'em No Limit ($0.50/$1.00 USD) - 2025/02/02 9:22:25 WET [2025/02/02 4:22:25 ET]
Table 'Mufrid' 6-max Seat #2 is the button
Seat 1: ka100pka527 ($100 in chips) 
Seat 2: Don_Morgi ($109.20 in chips) 
Seat 3: hshas ($117.14 in chips) 
Seat 5: Timonessb ($102.54 in chips) 
Seat 6: 50CandyJoe ($233.11 in chips) 
hshas: posts small blind $0.50
Timonessb: posts big blind $1
*** HOLE CARDS ***
50CandyJoe: folds 
ka100pka527: folds 
Don_Morgi: folds 
hshas: folds 
Uncalled bet ($0.50) returned to Timonessb
Timonessb collected $1 from pot
*** SUMMARY ***
Total pot $1 | Rake $0 
Seat 1: ka100pka527 folded before Flop (didn't bet)
Seat 2: Don_Morgi (button) folded before Flop (didn't bet)
Seat 3: hshas (small blind) folded before Flop
Seat 5: Timonessb (big blind) collected ($1)
Seat 6: 50CandyJoe folded before Flop (didn't bet)



PokerStars Hand #254666670566:  Hold'em No Limit ($0.50/$1.00 USD) - 2025/02/02 9:22:40 WET [2025/02/02 4:22:40 ET]
Table 'Mufrid' 6-max Seat #3 is the button
Seat 1: ka100pka527 ($100 in chips) 
Seat 2: Don_Morgi ($109.20 in chips) 
Seat 3: hshas ($116.64 in chips) 
Seat 5: Timonessb ($103.04 in chips) 
Seat 6: 50CandyJoe ($233.11 in chips) 
Timonessb: posts small blind $0.50
50CandyJoe: posts big blind $1
*** HOLE CARDS ***
ka100pka527: folds 
Don_Morgi: raises $2 to $3
hshas: raises $6 to $9
Timonessb: folds 
50CandyJoe: folds 
Don_Morgi: raises $21 to $30
hshas: folds 
Uncalled bet ($21) returned to Don_Morgi
Don_Morgi collected $19.50 from pot
*** SUMMARY ***
Total pot $19.50 | Rake $0 
Seat 1: ka100pka527 folded before Flop (didn't bet)
Seat 2: Don_Morgi collected ($19.50)
Seat 3: hshas (button) folded before Flop
Seat 5: Timonessb (small blind) folded before Flop
Seat 6: 50CandyJoe (big blind) folded before Flop



PokerStars Hand #254666673909:  Hold'em No Limit ($0.50/$1.00 USD) - 2025/02/02 9:23:12 WET [2025/02/02 4:23:12 ET]
Table 'Mufrid' 6-max Seat #5 is the button
Seat 1: ka100pka527 ($100 in chips) 
Seat 2: Don_Morgi ($119.70 in chips) 
Seat 3: hshas ($107.64 in chips) 
Seat 5: Timonessb ($102.54 in chips) 
Seat 6: 50CandyJoe ($232.11 in chips) 
50CandyJoe: posts small blind $0.50
ka100pka527: posts big blind $1
*** HOLE CARDS ***
Don_Morgi: folds 
hshas: folds 
Timonessb: folds 
50CandyJoe: folds 
Uncalled bet ($0.50) returned to ka100pka527
ka100pka527 collected $1 from pot
ka100pka527: doesn't show hand 
*** SUMMARY ***
Total pot $1 | Rake $0 
Seat 1: ka100pka527 (big blind) collected ($1)
Seat 2: Don_Morgi folded before Flop (didn't bet)
Seat 3: hshas folded before Flop (didn't bet)
Seat 5: Timonessb (button) folded before Flop (didn't bet)
Seat 6: 50CandyJoe (small blind) folded before Flop



PokerStars Hand #254666675269:  Hold'em No Limit ($0.50/$1.00 USD) - 2025/02/02 9:23:24 WET [2025/02/02 4:23:24 ET]
Table 'Mufrid' 6-max Seat #6 is the button
Seat 1: ka100pka527 ($100.50 in chips) 
Seat 2: Don_Morgi ($119.70 in chips) 
Seat 3: hshas ($107.64 in chips) 
Seat 5: Timonessb ($102.54 in chips) 
Seat 6: 50CandyJoe ($231.61 in chips) 
ka100pka527: posts small blind $0.50
Don_Morgi: posts big blind $1
*** HOLE CARDS ***
hshas: raises $1.25 to $2.25
Timonessb: folds 
50CandyJoe: folds 
ka100pka527: raises $8.75 to $11
Don_Morgi: folds 
hshas: folds 
Uncalled bet ($8.75) returned to ka100pka527
ka100pka527 collected $5.50 from pot
ka100pka527: doesn't show hand 
*** SUMMARY ***
Total pot $5.50 | Rake $0 
Seat 1: ka100pka527 (small blind) collected ($5.50)
Seat 2: Don_Morgi (big blind) folded before Flop
Seat 3: hshas folded before Flop
Seat 5: Timonessb folded before Flop (didn't bet)
Seat 6: 50CandyJoe (button) folded before Flop (didn't bet)



PokerStars Hand #254666677127:  Hold'em No Limit ($0.50/$1.00 USD) - 2025/02/02 9:23:42 WET [2025/02/02 4:23:42 ET]
Table 'Mufrid' 6-max Seat #1 is the button
Seat 1: ka100pka527 ($103.75 in chips) 
Seat 2: Don_Morgi ($118.70 in chips) 
Seat 3: hshas ($105.39 in chips) 
Seat 5: Timonessb ($102.54 in chips) 
Seat 6: 50CandyJoe ($231.61 in chips) 
Don_Morgi: posts small blind $0.50
hshas: posts big blind $1
*** HOLE CARDS ***
Timonessb: folds 
50CandyJoe: folds 
ka100pka527: raises $1.50 to $2.50
KeR888 joins the table at seat #4 
Don_Morgi: folds 
hshas: folds 
Uncalled bet ($1.50) returned to ka100pka527
ka100pka527 collected $2.50 from pot
ka100pka527: doesn't show hand 
*** SUMMARY ***
Total pot $2.50 | Rake $0 
Seat 1: ka100pka527 (button) collected ($2.50)
Seat 2: Don_Morgi (small blind) folded before Flop
Seat 3: hshas (big blind) folded before Flop
Seat 5: Timonessb folded before Flop (didn't bet)
Seat 6: 50CandyJoe folded before Flop (didn't bet)



PokerStars Hand #254666678896:  Hold'em No Limit ($0.50/$1.00 USD) - 2025/02/02 9:23:59 WET [2025/02/02 4:23:59 ET]
Table 'Mufrid' 6-max Seat #2 is the button
Seat 1: ka100pka527 ($105.25 in chips) 
Seat 2: Don_Morgi ($118.20 in chips) 
Seat 3: hshas ($104.39 in chips) 
Seat 4: KeR888 ($100 in chips) 
Seat 5: Timonessb ($102.54 in chips) 
Seat 6: 50CandyJoe ($231.61 in chips) 
hshas: posts small blind $0.50
KeR888: posts big blind $1
*** HOLE CARDS ***
Timonessb: raises $1.30 to $2.30
50CandyJoe: folds 
ka100pka527: folds 
Don_Morgi: folds 
Don_Morgi leaves the table
hshas: folds 
KeR888: folds 
Uncalled bet ($1.30) returned to Timonessb
Timonessb collected $2.50 from pot
*** SUMMARY ***
Total pot $2.50 | Rake $0 
Seat 1: ka100pka527 folded before Flop (didn't bet)
Seat 2: Don_Morgi (button) folded before Flop (didn't bet)
Seat 3: hshas (small blind) folded before Flop
Seat 4: KeR888 (big blind) folded before Flop
Seat 5: Timonessb collected ($2.50)
Seat 6: 50CandyJoe folded before Flop (didn't bet)



PokerStars Hand #254666681090:  Hold'em No Limit ($0.50/$1.00 USD) - 2025/02/02 9:24:20 WET [2025/02/02 4:24:20 ET]
Table 'Mufrid' 6-max Seat #3 is the button
Seat 1: ka100pka527 ($105.25 in chips) 
Seat 3: hshas ($103.89 in chips) 
Seat 4: KeR888 ($100 in chips) 
Seat 5: Timonessb ($104.04 in chips) 
Seat 6: 50CandyJoe ($231.61 in chips) 
KeR888: posts small blind $0.50
Timonessb: posts big blind $1
*** HOLE CARDS ***
50CandyJoe: raises $1.20 to $2.20
ka100pka527: folds 
hshas: folds 
KeR888: raises $8.30 to $10.50
Timonessb: folds 
50CandyJoe: folds 
Uncalled bet ($8.30) returned to KeR888
KeR888 collected $5.40 from pot
KeR888: doesn't show hand 
*** SUMMARY ***
Total pot $5.40 | Rake $0 
Seat 1: ka100pka527 folded before Flop (didn't bet)
Seat 3: hshas (button) folded before Flop (didn't bet)
Seat 4: KeR888 (small blind) collected ($5.40)
Seat 5: Timonessb (big blind) folded before Flop
Seat 6: 50CandyJoe folded before Flop



PokerStars Hand #254666686106:  Hold'em No Limit ($0.50/$1.00 USD) - 2025/02/02 9:25:08 WET [2025/02/02 4:25:08 ET]
Table 'Mufrid' 6-max Seat #4 is the button
Seat 1: ka100pka527 ($105.25 in chips) 
Seat 3: hshas ($103.89 in chips) 
Seat 4: KeR888 ($103.20 in chips) 
Seat 5: Timonessb ($103.04 in chips) 
Seat 6: 50CandyJoe ($229.41 in chips) 
Timonessb: posts small blind $0.50
50CandyJoe: posts big blind $1
*** HOLE CARDS ***
ka100pka527: folds 
hshas: folds 
KeR888: raises $1.50 to $2.50
Timonessb: folds 
fitchA9 joins the table at seat #2 
50CandyJoe: folds 
Uncalled bet ($1.50) returned to KeR888
KeR888 collected $2.50 from pot
KeR888: doesn't show hand 
*** SUMMARY ***
Total pot $2.50 | Rake $0 
Seat 1: ka100pka527 folded before Flop (didn't bet)
Seat 3: hshas folded before Flop (didn't bet)
Seat 4: KeR888 (button) collected ($2.50)
Seat 5: Timonessb (small blind) folded before Flop
Seat 6: 50CandyJoe (big blind) folded before Flop



PokerStars Hand #254666688289:  Hold'em No Limit ($0.50/$1.00 USD) - 2025/02/02 9:25:29 WET [2025/02/02 4:25:29 ET]
Table 'Mufrid' 6-max Seat #5 is the button
Seat 1: ka100pka527 ($105.25 in chips) 
Seat 2: fitchA9 ($36.85 in chips) 
Seat 3: hshas ($103.89 in chips) 
Seat 4: KeR888 ($104.70 in chips) 
Seat 5: Timonessb ($102.54 in chips) 
Seat 6: 50CandyJoe ($228.41 in chips) 
50CandyJoe: posts small blind $0.50
ka100pka527: posts big blind $1
fitchA9: posts big blind $1
*** HOLE CARDS ***
fitchA9: raises $2 to $3
hshas: folds 
KeR888: raises $4 to $7
Timonessb: folds 
50CandyJoe: folds 
ka100pka527: folds 
fitchA9: raises $29.85 to $36.85 and is all-in
KeR888: folds 
Uncalled bet ($29.85) returned to fitchA9
fitchA9 collected $15.50 from pot
fitchA9: doesn't show hand 
*** SUMMARY ***
Total pot $15.50 | Rake $0 
Seat 1: ka100pka527 (big blind) folded before Flop
Seat 2: fitchA9 collected ($15.50)
Seat 3: hshas folded before Flop (didn't bet)
Seat 4: KeR888 folded before Flop
Seat 5: Timonessb (button) folded before Flop (didn't bet)
Seat 6: 50CandyJoe (small blind) folded before Flop



PokerStars Hand #254666691528:  Hold'em No Limit ($0.50/$1.00 USD) - 2025/02/02 9:26:00 WET [2025/02/02 4:26:00 ET]
Table 'Mufrid' 6-max Seat #6 is the button
Seat 1: ka100pka527 ($104.25 in chips) 
Seat 2: fitchA9 ($45.35 in chips) 
Seat 3: hshas ($103.89 in chips) 
Seat 4: KeR888 ($100 in chips) 
Seat 5: Timonessb ($102.54 in chips) 
Seat 6: 50CandyJoe ($227.91 in chips) 
ka100pka527: posts small blind $0.50
fitchA9: posts big blind $1
*** HOLE CARDS ***
hshas: folds 
KeR888: folds 
Timonessb: folds 
50CandyJoe: raises $1.50 to $2.50
ka100pka527: folds 
fitchA9: calls $1.50
*** FLOP *** [5s 3s 6h]
fitchA9: checks 
50CandyJoe: bets $5.22
fitchA9: folds 
Uncalled bet ($5.22) returned to 50CandyJoe
50CandyJoe collected $5.22 from pot
50CandyJoe: doesn't show hand 
*** SUMMARY ***
Total pot $5.50 | Rake $0.28 
Board [5s 3s 6h]
Seat 1: ka100pka527 (small blind) folded before Flop
Seat 2: fitchA9 (big blind) folded on the Flop
Seat 3: hshas folded before Flop (didn't bet)
Seat 4: KeR888 folded before Flop (didn't bet)
Seat 5: Timonessb folded before Flop (didn't bet)
Seat 6: 50CandyJoe (button) collected ($5.22)



PokerStars Hand #254666696486:  Hold'em No Limit ($0.50/$1.00 USD) - 2025/02/02 9:26:47 WET [2025/02/02 4:26:47 ET]
Table 'Mufrid' 6-max Seat #1 is the button
Seat 1: ka100pka527 ($103.75 in chips) 
Seat 2: fitchA9 ($42.85 in chips) 
Seat 3: hshas ($103.89 in chips) 
Seat 4: KeR888 ($100 in chips) 
Seat 5: Timonessb ($102.54 in chips) 
Seat 6: 50CandyJoe ($230.63 in chips) 
fitchA9: posts small blind $0.50
hshas: posts big blind $1
*** HOLE CARDS ***
KeR888: folds 
Timonessb: folds 
50CandyJoe: folds 
ka100pka527: raises $1.50 to $2.50
fitchA9: calls $2
hshas: folds 
*** FLOP *** [9s 8c 3d]
fitchA9: checks 
ka100pka527: bets $3.08
fitchA9: folds 
Uncalled bet ($3.08) returned to ka100pka527
ka100pka527 collected $5.70 from pot
ka100pka527: doesn't show hand 
*** SUMMARY ***
Total pot $6 | Rake $0.30 
Board [9s 8c 3d]
Seat 1: ka100pka527 (button) collected ($5.70)
Seat 2: fitchA9 (small blind) folded on the Flop
Seat 3: hshas (big blind) folded before Flop
Seat 4: KeR888 folded before Flop (didn't bet)
Seat 5: Timonessb folded before Flop (didn't bet)
Seat 6: 50CandyJoe folded before Flop (didn't bet)



PokerStars Hand #254666701629:  Hold'em No Limit ($0.50/$1.00 USD) - 2025/02/02 9:27:37 WET [2025/02/02 4:27:37 ET]
Table 'Mufrid' 6-max Seat #2 is the button
Seat 1: ka100pka527 ($106.95 in chips) 
Seat 2: fitchA9 ($40.35 in chips) 
Seat 3: hshas ($102.89 in chips) 
Seat 4: KeR888 ($100 in chips) 
Seat 5: Timonessb ($102.54 in chips) 
Seat 6: 50CandyJoe ($230.63 in chips) 
hshas: posts small blind $0.50
KeR888: posts big blind $1
*** HOLE CARDS ***
Timonessb: folds 
50CandyJoe: folds 
ka100pka527: folds 
fitchA9: raises $2 to $3
hshas: folds 
KeR888: folds 
Uncalled bet ($2) returned to fitchA9
fitchA9 collected $2.50 from pot
fitchA9: doesn't show hand 
*** SUMMARY ***
Total pot $2.50 | Rake $0 
Seat 1: ka100pka527 folded before Flop (didn't bet)
Seat 2: fitchA9 (button) collected ($2.50)
Seat 3: hshas (small blind) folded before Flop
Seat 4: KeR888 (big blind) folded before Flop
Seat 5: Timonessb folded before Flop (didn't bet)
Seat 6: 50CandyJoe folded before Flop (didn't bet)



PokerStars Hand #254666703354:  Hold'em No Limit ($0.50/$1.00 USD) - 2025/02/02 9:27:53 WET [2025/02/02 4:27:53 ET]
Table 'Mufrid' 6-max Seat #3 is the button
Seat 1: ka100pka527 ($106.95 in chips) 
Seat 2: fitchA9 ($41.85 in chips) 
Seat 3: hshas ($102.39 in chips) 
Seat 4: KeR888 ($100 in chips) 
Seat 5: Timonessb ($102.54 in chips) 
Seat 6: 50CandyJoe ($230.63 in chips) 
KeR888: posts small blind $0.50
Timonessb: posts big blind $1
*** HOLE CARDS ***
50CandyJoe: folds 
ka100pka527: folds 
fitchA9: folds 
hshas: raises $1.25 to $2.25
KeR888: raises $8.25 to $10.50
Timonessb: folds 
hshas: calls $8.25
*** FLOP *** [8d 4h Qs]
KeR888: bets $5.23
hshas: folds 
Uncalled bet ($5.23) returned to KeR888
KeR888 collected $20.90 from pot
KeR888: doesn't show hand 
*** SUMMARY ***
Total pot $22 | Rake $1.10 
Board [8d 4h Qs]
Seat 1: ka100pka527 folded before Flop (didn't bet)
Seat 2: fitchA9 folded before Flop (didn't bet)
Seat 3: hshas (button) folded on the Flop
Seat 4: KeR888 (small blind) collected ($20.90)
Seat 5: Timonessb (big blind) folded before Flop
Seat 6: 50CandyJoe folded before Flop (didn't bet)



PokerStars Hand #254666708708:  Hold'em No Limit ($0.50/$1.00 USD) - 2025/02/02 9:28:44 WET [2025/02/02 4:28:44 ET]
Table 'Mufrid' 6-max Seat #4 is the button
Seat 1: ka100pka527 ($106.95 in chips) 
Seat 2: fitchA9 ($41.85 in chips) 
Seat 3: hshas ($100 in chips) 
Seat 4: KeR888 ($110.40 in chips) 
Seat 5: Timonessb ($101.54 in chips) 
Seat 6: 50CandyJoe ($230.63 in chips) 
Timonessb: posts small blind $0.50
50CandyJoe: posts big blind $1
*** HOLE CARDS ***
ka100pka527: folds 
fitchA9: folds 
hshas: raises $1.25 to $2.25
KeR888: folds 
Timonessb: folds 
50CandyJoe: folds 
Uncalled bet ($1.25) returned to hshas
hshas collected $2.50 from pot
hshas: doesn't show hand 
*** SUMMARY ***
Total pot $2.50 | Rake $0 
Seat 1: ka100pka527 folded before Flop (didn't bet)
Seat 2: fitchA9 folded before Flop (didn't bet)
Seat 3: hshas collected ($2.50)
Seat 4: KeR888 (button) folded before Flop (didn't bet)
Seat 5: Timonessb (small blind) folded before Flop
Seat 6: 50CandyJoe (big blind) folded before Flop



PokerStars Hand #254666710521:  Hold'em No Limit ($0.50/$1.00 USD) - 2025/02/02 9:29:01 WET [2025/02/02 4:29:01 ET]
Table 'Mufrid' 6-max Seat #5 is the button
Seat 1: ka100pka527 ($106.95 in chips) 
Seat 2: fitchA9 ($41.85 in chips) 
Seat 3: hshas ($101.50 in chips) 
Seat 4: KeR888 ($110.40 in chips) 
Seat 5: Timonessb ($101.04 in chips) 
Seat 6: 50CandyJoe ($229.63 in chips) 
50CandyJoe: posts small blind $0.50
ka100pka527: posts big blind $1
*** HOLE CARDS ***
fitchA9: raises $1 to $2
hshas: folds 
KeR888: folds 
Timonessb: raises $5.50 to $7.50
50CandyJoe: raises $12.50 to $20
ka100pka527: folds 
fitchA9: folds 
Timonessb: calls $12.50
*** FLOP *** [2s 7h 8h]
50CandyJoe: bets $209.63 and is all-in
Timonessb: folds 
Uncalled bet ($209.63) returned to 50CandyJoe
50CandyJoe collected $40.85 from pot
50CandyJoe: doesn't show hand 
*** SUMMARY ***
Total pot $43 | Rake $2.15 
Board [2s 7h 8h]
Seat 1: ka100pka527 (big blind) folded before Flop
Seat 2: fitchA9 folded before Flop
Seat 3: hshas folded before Flop (didn't bet)
Seat 4: KeR888 folded before Flop (didn't bet)
Seat 5: Timonessb (button) folded on the Flop
Seat 6: 50CandyJoe (small blind) collected ($40.85)



PokerStars Hand #254666715200:  Hold'em No Limit ($0.50/$1.00 USD) - 2025/02/02 9:29:45 WET [2025/02/02 4:29:45 ET]
Table 'Mufrid' 6-max Seat #6 is the button
Seat 1: ka100pka527 ($105.95 in chips) 
Seat 2: fitchA9 ($39.85 in chips) 
Seat 3: hshas ($101.50 in chips) 
Seat 4: KeR888 ($110.40 in chips) 
Seat 5: Timonessb ($100 in chips) 
Seat 6: 50CandyJoe ($250.48 in chips) 
ka100pka527: posts small blind $0.50
fitchA9: posts big blind $1
*** HOLE CARDS ***
hshas: raises $1.25 to $2.25
KeR888: folds 
Timonessb: folds 
50CandyJoe: calls $2.25
ka100pka527: folds 
fitchA9: calls $1.25
*** FLOP *** [5h 3c Kd]
fitchA9: checks 
hshas: checks 
50CandyJoe: bets $2.27
fitchA9: calls $2.27
hshas: calls $2.27
*** TURN *** [5h 3c Kd] [6c]
fitchA9: checks 
hshas: checks 
50CandyJoe: checks 
*** RIVER *** [5h 3c Kd 6c] [6s]
fitchA9: checks 
hshas: bets $10.02
50CandyJoe: folds 
fitchA9: calls $10.02
*** SHOW DOWN ***
hshas: shows [Jc Kh] (two pair, Kings and Sixes)
fitchA9: mucks hand 
hshas collected $32.40 from pot
*** SUMMARY ***
Total pot $34.10 | Rake $1.70 
Board [5h 3c Kd 6c 6s]
Seat 1: ka100pka527 (small blind) folded before Flop
Seat 2: fitchA9 (big blind) mucked
Seat 3: hshas showed [Jc Kh] and won ($32.40) with two pair, Kings and Sixes
Seat 4: KeR888 folded before Flop (didn't bet)
Seat 5: Timonessb folded before Flop (didn't bet)
Seat 6: 50CandyJoe (button) folded on the River



PokerStars Hand #254666722612:  Hold'em No Limit ($0.50/$1.00 USD) - 2025/02/02 9:30:54 WET [2025/02/02 4:30:54 ET]
Table 'Mufrid' 6-max Seat #1 is the button
Seat 1: ka100pka527 ($105.45 in chips) 
Seat 2: fitchA9 ($25.31 in chips) 
Seat 3: hshas ($119.36 in chips) 
Seat 4: KeR888 ($110.40 in chips) 
Seat 5: Timonessb ($100 in chips) 
Seat 6: 50CandyJoe ($245.96 in chips) 
fitchA9: posts small blind $0.50
hshas: posts big blind $1
*** HOLE CARDS ***
KeR888: raises $1.20 to $2.20
Timonessb: folds 
50CandyJoe: folds 
ka100pka527: folds 
fitchA9: folds 
hshas: folds 
Uncalled bet ($1.20) returned to KeR888
KeR888 collected $2.50 from pot
KeR888: doesn't show hand 
*** SUMMARY ***
Total pot $2.50 | Rake $0 
Seat 1: ka100pka527 (button) folded before Flop (didn't bet)
Seat 2: fitchA9 (small blind) folded before Flop
Seat 3: hshas (big blind) folded before Flop
Seat 4: KeR888 collected ($2.50)
Seat 5: Timonessb folded before Flop (didn't bet)
Seat 6: 50CandyJoe folded before Flop (didn't bet)



PokerStars Hand #254666725781:  Hold'em No Limit ($0.50/$1.00 USD) - 2025/02/02 9:31:23 WET [2025/02/02 4:31:23 ET]
Table 'Mufrid' 6-max Seat #2 is the button
Seat 1: ka100pka527 ($105.45 in chips) 
Seat 2: fitchA9 ($24.81 in chips) 
Seat 3: hshas ($118.36 in chips) 
Seat 4: KeR888 ($111.90 in chips) 
Seat 5: Timonessb ($100 in chips) 
Seat 6: 50CandyJoe ($245.96 in chips) 
hshas: posts small blind $0.50
KeR888: posts big blind $1
*** HOLE CARDS ***
Timonessb: folds 
50CandyJoe: folds 
ka100pka527: folds 
fitchA9: folds 
hshas: folds 
Uncalled bet ($0.50) returned to KeR888
KeR888 collected $1 from pot
KeR888: doesn't show hand 
*** SUMMARY ***
Total pot $1 | Rake $0 
Seat 1: ka100pka527 folded before Flop (didn't bet)
Seat 2: fitchA9 (button) folded before Flop (didn't bet)
Seat 3: hshas (small blind) folded before Flop
Seat 4: KeR888 (big blind) collected ($1)
Seat 5: Timonessb folded before Flop (didn't bet)
Seat 6: 50CandyJoe folded before Flop (didn't bet)



PokerStars Hand #254666727119:  Hold'em No Limit ($0.50/$1.00 USD) - 2025/02/02 9:31:36 WET [2025/02/02 4:31:36 ET]
Table 'Mufrid' 6-max Seat #3 is the button
Seat 1: ka100pka527 ($105.45 in chips) 
Seat 2: fitchA9 ($24.81 in chips) 
Seat 3: hshas ($117.86 in chips) 
Seat 4: KeR888 ($112.40 in chips) 
Seat 5: Timonessb ($100 in chips) 
Seat 6: 50CandyJoe ($245.96 in chips) 
KeR888: posts small blind $0.50
Timonessb: posts big blind $1
*** HOLE CARDS ***
50CandyJoe: folds 
ka100pka527: folds 
fitchA9: raises $3 to $4
hshas: folds 
KeR888: folds 
Timonessb: folds 
Uncalled bet ($3) returned to fitchA9
fitchA9 collected $2.50 from pot
fitchA9: doesn't show hand 
*** SUMMARY ***
Total pot $2.50 | Rake $0 
Seat 1: ka100pka527 folded before Flop (didn't bet)
Seat 2: fitchA9 collected ($2.50)
Seat 3: hshas (button) folded before Flop (didn't bet)
Seat 4: KeR888 (small blind) folded before Flop
Seat 5: Timonessb (big blind) folded before Flop
Seat 6: 50CandyJoe folded before Flop (didn't bet)



PokerStars Hand #254666730039:  Hold'em No Limit ($0.50/$1.00 USD) - 2025/02/02 9:32:03 WET [2025/02/02 4:32:03 ET]
Table 'Mufrid' 6-max Seat #4 is the button
Seat 1: ka100pka527 ($105.45 in chips) 
Seat 2: fitchA9 ($26.31 in chips) 
Seat 3: hshas ($117.86 in chips) 
Seat 4: KeR888 ($111.90 in chips) 
Seat 5: Timonessb ($100 in chips) 
Seat 6: 50CandyJoe ($245.96 in chips) 
Timonessb: posts small blind $0.50
50CandyJoe: posts big blind $1
*** HOLE CARDS ***
ka100pka527: folds 
fitchA9: folds 
hshas: folds 
KeR888: folds 
Timonessb: folds 
Uncalled bet ($0.50) returned to 50CandyJoe
50CandyJoe collected $1 from pot
50CandyJoe: doesn't show hand 
*** SUMMARY ***
Total pot $1 | Rake $0 
Seat 1: ka100pka527 folded before Flop (didn't bet)
Seat 2: fitchA9 folded before Flop (didn't bet)
Seat 3: hshas folded before Flop (didn't bet)
Seat 4: KeR888 (button) folded before Flop (didn't bet)
Seat 5: Timonessb (small blind) folded before Flop
Seat 6: 50CandyJoe (big blind) collected ($1)



PokerStars Hand #254666732985:  Hold'em No Limit ($0.50/$1.00 USD) - 2025/02/02 9:32:30 WET [2025/02/02 4:32:30 ET]
Table 'Mufrid' 6-max Seat #5 is the button
Seat 1: ka100pka527 ($105.45 in chips) 
Seat 2: fitchA9 ($26.31 in chips) 
Seat 3: hshas ($117.86 in chips) 
Seat 4: KeR888 ($111.90 in chips) 
Seat 5: Timonessb ($100 in chips) 
Seat 6: 50CandyJoe ($246.46 in chips) 
50CandyJoe: posts small blind $0.50
ka100pka527: posts big blind $1
*** HOLE CARDS ***
fitchA9: folds 
fitchA9 leaves the table
hshas: folds 
KeR888: raises $1.50 to $2.50
Timonessb: folds 
50CandyJoe: folds 
ka100pka527: folds 
Uncalled bet ($1.50) returned to KeR888
KeR888 collected $2.50 from pot
KeR888: doesn't show hand 
*** SUMMARY ***
Total pot $2.50 | Rake $0 
Seat 1: ka100pka527 (big blind) folded before Flop
Seat 2: fitchA9 folded before Flop (didn't bet)
Seat 3: hshas folded before Flop (didn't bet)
Seat 4: KeR888 collected ($2.50)
Seat 5: Timonessb (button) folded before Flop (didn't bet)
Seat 6: 50CandyJoe (small blind) folded before Flop



PokerStars Hand #254666737190:  Hold'em No Limit ($0.50/$1.00 USD) - 2025/02/02 9:33:09 WET [2025/02/02 4:33:09 ET]
Table 'Mufrid' 6-max Seat #6 is the button
Seat 1: ka100pka527 ($104.45 in chips) 
Seat 3: hshas ($117.86 in chips) 
Seat 4: KeR888 ($113.40 in chips) 
Seat 5: Timonessb ($100 in chips) 
Seat 6: 50CandyJoe ($245.96 in chips) 
ka100pka527: posts small blind $0.50
hshas: posts big blind $1
*** HOLE CARDS ***
KeR888: folds 
KeR888 leaves the table
Timonessb: folds 
50CandyJoe: folds 
ka100pka527: raises $1.50 to $2.50
hshas: calls $1.50
*** FLOP *** [8d Qs 6d]
ka100pka527: checks 
hshas: checks 
*** TURN *** [8d Qs 6d] [Jc]
ka100pka527: checks 
hshas: checks 
*** RIVER *** [8d Qs 6d Jc] [Kh]
ka100pka527: checks 
hshas: bets $3.56
ka100pka527: calls $3.56
*** SHOW DOWN ***
hshas: shows [2s 3s] (high card King)
ka100pka527: shows [4h Qh] (a pair of Queens)
ka100pka527 collected $11.51 from pot
*** SUMMARY ***
Total pot $12.12 | Rake $0.61 
Board [8d Qs 6d Jc Kh]
Seat 1: ka100pka527 (small blind) showed [4h Qh] and won ($11.51) with a pair of Queens
Seat 3: hshas (big blind) showed [2s 3s] and lost with high card King
Seat 4: KeR888 folded before Flop (didn't bet)
Seat 5: Timonessb folded before Flop (didn't bet)
Seat 6: 50CandyJoe (button) folded before Flop (didn't bet)



PokerStars Hand #254666744214:  Hold'em No Limit ($0.50/$1.00 USD) - 2025/02/02 9:34:13 WET [2025/02/02 4:34:13 ET]
Table 'Mufrid' 6-max Seat #1 is the button
Seat 1: ka100pka527 ($109.90 in chips) 
Seat 3: hshas ($111.80 in chips) 
Seat 5: Timonessb ($100 in chips) 
Seat 6: 50CandyJoe ($245.96 in chips) 
hshas: posts small blind $0.50
Timonessb: posts big blind $1
*** HOLE CARDS ***
50CandyJoe: folds 
ka100pka527: raises $1.50 to $2.50
hshas: folds 
Timonessb: folds 
Uncalled bet ($1.50) returned to ka100pka527
ka100pka527 collected $2.50 from pot
ka100pka527: doesn't show hand 
*** SUMMARY ***
Total pot $2.50 | Rake $0 
Seat 1: ka100pka527 (button) collected ($2.50)
Seat 3: hshas (small blind) folded before Flop
Seat 5: Timonessb (big blind) folded before Flop
Seat 6: 50CandyJoe folded before Flop (didn't bet)



PokerStars Hand #254666745837:  Hold'em No Limit ($0.50/$1.00 USD) - 2025/02/02 9:34:27 WET [2025/02/02 4:34:27 ET]
Table 'Mufrid' 6-max Seat #3 is the button
Seat 1: ka100pka527 ($111.40 in chips) 
Seat 3: hshas ($111.30 in chips) 
Seat 5: Timonessb ($100 in chips) 
Seat 6: 50CandyJoe ($245.96 in chips) 
Timonessb: posts small blind $0.50
50CandyJoe: posts big blind $1
*** HOLE CARDS ***
ka100pka527: folds 
hshas: raises $1.25 to $2.25
Timonessb: folds 
50CandyJoe: folds 
Uncalled bet ($1.25) returned to hshas
hshas collected $2.50 from pot
hshas: doesn't show hand 
*** SUMMARY ***
Total pot $2.50 | Rake $0 
Seat 1: ka100pka527 folded before Flop (didn't bet)
Seat 3: hshas (button) collected ($2.50)
Seat 5: Timonessb (small blind) folded before Flop
Seat 6: 50CandyJoe (big blind) folded before Flop



PokerStars Hand #254666747105:  Hold'em No Limit ($0.50/$1.00 USD) - 2025/02/02 9:34:39 WET [2025/02/02 4:34:39 ET]
Table 'Mufrid' 6-max Seat #5 is the button
Seat 1: ka100pka527 ($111.40 in chips) 
Seat 3: hshas ($112.80 in chips) 
Seat 5: Timonessb ($100 in chips) 
Seat 6: 50CandyJoe ($244.96 in chips) 
50CandyJoe: posts small blind $0.50
ka100pka527: posts big blind $1
*** HOLE CARDS ***
hshas: folds 
Timonessb: raises $1.50 to $2.50
50CandyJoe: folds 
ka100pka527: folds 
Uncalled bet ($1.50) returned to Timonessb
Timonessb collected $2.50 from pot
*** SUMMARY ***
Total pot $2.50 | Rake $0 
Seat 1: ka100pka527 (big blind) folded before Flop
Seat 3: hshas folded before Flop (didn't bet)
Seat 5: Timonessb (button) collected ($2.50)
Seat 6: 50CandyJoe (small blind) folded before Flop



PokerStars Hand #254666749011:  Hold'em No Limit ($0.50/$1.00 USD) - 2025/02/02 9:34:56 WET [2025/02/02 4:34:56 ET]
Table 'Mufrid' 6-max Seat #1 is the button
Seat 3: hshas ($112.80 in chips) is sitting out
Seat 5: Timonessb ($101.50 in chips) is sitting out
Seat 1: ka100pka527 ($110.40 in chips) 
Seat 6: 50CandyJoe ($244.46 in chips) 
ka100pka527: posts small blind $0.50
hshas: is sitting out 
Timonessb: is sitting out 
50CandyJoe: posts big blind $1
*** HOLE CARDS ***
Timonessb leaves the table
ka100pka527: folds 
Uncalled bet ($0.50) returned to 50CandyJoe
50CandyJoe collected $1 from pot
50CandyJoe: doesn't show hand 
*** SUMMARY ***
Total pot $1 | Rake $0 
Seat 3: hshas
Seat 5: Timonessb
Seat 1: ka100pka527 (button) (small blind) folded before Flop
Seat 6: 50CandyJoe (big blind) collected ($1)



PokerStars Hand #254666750151:  Hold'em No Limit ($0.50/$1.00 USD) - 2025/02/02 9:35:07 WET [2025/02/02 4:35:07 ET]
Table 'Mufrid' 6-max Seat #6 is the button
Seat 3: hshas ($112.80 in chips) is sitting out
Seat 1: ka100pka527 ($109.90 in chips) 
Seat 6: 50CandyJoe ($244.96 in chips) 
50CandyJoe: posts small blind $0.50
ka100pka527: posts big blind $1
*** HOLE CARDS ***
50CandyJoe: raises $1.50 to $2.50
hshas leaves the table
ka100pka527: raises $8.50 to $11
50CandyJoe: folds 
Uncalled bet ($8.50) returned to ka100pka527
ka100pka527 collected $5 from pot
ka100pka527: doesn't show hand 
*** SUMMARY ***
Total pot $5 | Rake $0 
Seat 3: hshas
Seat 1: ka100pka527 (big blind) collected ($5)
Seat 6: 50CandyJoe (button) (small blind) folded before Flop



PokerStars Hand #254666751912:  Hold'em No Limit ($0.50/$1.00 USD) - 2025/02/02 9:35:23 WET [2025/02/02 4:35:23 ET]
Table 'Mufrid' 6-max Seat #1 is the button
Seat 1: ka100pka527 ($112.40 in chips) 
Seat 6: 50CandyJoe ($242.46 in chips) 
ka100pka527: posts small blind $0.50
50CandyJoe: posts big blind $1
*** HOLE CARDS ***
ka100pka527: raises $1.50 to $2.50
50CandyJoe: calls $1.50
*** FLOP *** [Kd 9c 5c]
50CandyJoe: checks 
ka100pka527: bets $2.57
50CandyJoe: folds 
Uncalled bet ($2.57) returned to ka100pka527
ka100pka527 collected $4.75 from pot
ka100pka527: doesn't show hand 
*** SUMMARY ***
Total pot $5 | Rake $0.25 
Board [Kd 9c 5c]
Seat 1: ka100pka527 (button) (small blind) collected ($4.75)
Seat 6: 50CandyJoe (big blind) folded on the Flop



