PokerStars Hand #254671735557:  Hold'em No Limit ($0.50/$1.00 USD) - 2025/02/02 17:07:13 WET [2025/02/02 12:07:13 ET]
Table 'Recha' 6-max Seat #2 is the button
Seat 4: radibay ($42.41 in chips) is sitting out
Seat 5: blistein ($100 in chips) is sitting out
Seat 6: EasyGamerrr ($100 in chips) is sitting out
Seat 1: Pippa83 ($100 in chips) 
Seat 2: ptolejmus ($17 in chips) 
Seat 3: ReVeu710 ($109.49 in chips) 
ReVeu710: posts small blind $0.50
blistein: is sitting out 
EasyGamerrr: is sitting out 
EasyGamerrr leaves the table
Pippa83: posts big blind $1
*** HOLE CARDS ***
blistein leaves the table
ptolejmus: raises $1 to $2
ReVeu710: folds 
Pippa83: folds 
Uncalled bet ($1) returned to ptolejmus
Pippa83 leaves the table
ptolejmus collected $2.50 from pot
*** SUMMARY ***
Total pot $2.50 | Rake $0 
Seat 4: radibay
Seat 5: blistein
Seat 6: EasyGamerrr
Seat 1: Pippa83 (big blind) folded before Flop
Seat 2: ptolejmus (button) collected ($2.50)
Seat 3: ReVeu710 (small blind) folded before Flop



PokerStars Hand #254671586839:  Hold'em No Limit ($0.50/$1.00 USD) - 2025/02/02 16:57:32 WET [2025/02/02 11:57:32 ET]
Table 'Recha' 6-max Seat #2 is the button
Seat 1: Burlica2013 ($109 in chips) 
Seat 2: ptolejmus ($13.20 in chips) 
Seat 3: ReVeu710 ($100 in chips) 
Seat 4: radibay ($29.31 in chips) 
Seat 5: blistein ($100 in chips) 
Seat 6: EasyGamerrr ($100 in chips) 
ReVeu710: posts small blind $0.50
radibay: posts big blind $1
*** HOLE CARDS ***
blistein: folds 
EasyGamerrr: folds 
Burlica2013: folds 
ptolejmus: raises $1 to $2
ReVeu710: raises $11 to $13
radibay: folds 
ptolejmus: folds 
Uncalled bet ($11) returned to ReVeu710
ReVeu710 collected $5 from pot
ReVeu710: doesn't show hand 
*** SUMMARY ***
Total pot $5 | Rake $0 
Seat 1: Burlica2013 folded before Flop (didn't bet)
Seat 2: ptolejmus (button) folded before Flop
Seat 3: ReVeu710 (small blind) collected ($5)
Seat 4: radibay (big blind) folded before Flop
Seat 5: blistein folded before Flop (didn't bet)
Seat 6: EasyGamerrr folded before Flop (didn't bet)



PokerStars Hand #254671595810:  Hold'em No Limit ($0.50/$1.00 USD) - 2025/02/02 16:58:18 WET [2025/02/02 11:58:18 ET]
Table 'Recha' 6-max Seat #3 is the button
Seat 1: Burlica2013 ($109 in chips) 
Seat 2: ptolejmus ($11.20 in chips) 
Seat 3: ReVeu710 ($103 in chips) 
Seat 4: radibay ($28.31 in chips) 
Seat 5: blistein ($100 in chips) 
Seat 6: EasyGamerrr ($100 in chips) 
radibay: posts small blind $0.50
blistein: posts big blind $1
*** HOLE CARDS ***
EasyGamerrr has timed out
EasyGamerrr: folds 
Burlica2013: folds 
ptolejmus: folds 
ReVeu710: folds 
radibay: folds 
Uncalled bet ($0.50) returned to blistein
blistein collected $1 from pot
blistein: doesn't show hand 
*** SUMMARY ***
Total pot $1 | Rake $0 
Seat 1: Burlica2013 folded before Flop (didn't bet)
Seat 2: ptolejmus folded before Flop (didn't bet)
Seat 3: ReVeu710 (button) folded before Flop (didn't bet)
Seat 4: radibay (small blind) folded before Flop
Seat 5: blistein (big blind) collected ($1)
Seat 6: EasyGamerrr folded before Flop (didn't bet)



PokerStars Hand #254671598789:  Hold'em No Limit ($0.50/$1.00 USD) - 2025/02/02 16:58:34 WET [2025/02/02 11:58:34 ET]
Table 'Recha' 6-max Seat #4 is the button
Seat 1: Burlica2013 ($109 in chips) 
Seat 2: ptolejmus ($11.20 in chips) 
Seat 3: ReVeu710 ($103 in chips) 
Seat 4: radibay ($27.81 in chips) 
Seat 5: blistein ($100.50 in chips) 
Seat 6: EasyGamerrr ($100 in chips) 
blistein: posts small blind $0.50
EasyGamerrr: posts big blind $1
*** HOLE CARDS ***
Burlica2013: folds 
ptolejmus: folds 
ReVeu710: folds 
radibay: folds 
blistein: folds 
Uncalled bet ($0.50) returned to EasyGamerrr
EasyGamerrr collected $1 from pot
EasyGamerrr: doesn't show hand 
*** SUMMARY ***
Total pot $1 | Rake $0 
Seat 1: Burlica2013 folded before Flop (didn't bet)
Seat 2: ptolejmus folded before Flop (didn't bet)
Seat 3: ReVeu710 folded before Flop (didn't bet)
Seat 4: radibay (button) folded before Flop (didn't bet)
Seat 5: blistein (small blind) folded before Flop
Seat 6: EasyGamerrr (big blind) collected ($1)



PokerStars Hand #254671602682:  Hold'em No Limit ($0.50/$1.00 USD) - 2025/02/02 16:58:54 WET [2025/02/02 11:58:54 ET]
Table 'Recha' 6-max Seat #5 is the button
Seat 1: Burlica2013 ($109 in chips) 
Seat 2: ptolejmus ($11.20 in chips) 
Seat 3: ReVeu710 ($103 in chips) 
Seat 4: radibay ($27.81 in chips) 
Seat 5: blistein ($100 in chips) 
Seat 6: EasyGamerrr ($100.50 in chips) 
EasyGamerrr: posts small blind $0.50
Burlica2013: posts big blind $1
*** HOLE CARDS ***
ptolejmus: folds 
ReVeu710: raises $1 to $2
radibay: folds 
blistein: folds 
EasyGamerrr: folds 
Burlica2013: folds 
Uncalled bet ($1) returned to ReVeu710
ReVeu710 collected $2.50 from pot
ReVeu710: doesn't show hand 
*** SUMMARY ***
Total pot $2.50 | Rake $0 
Seat 1: Burlica2013 (big blind) folded before Flop
Seat 2: ptolejmus folded before Flop (didn't bet)
Seat 3: ReVeu710 collected ($2.50)
Seat 4: radibay folded before Flop (didn't bet)
Seat 5: blistein (button) folded before Flop (didn't bet)
Seat 6: EasyGamerrr (small blind) folded before Flop



PokerStars Hand #254671607155:  Hold'em No Limit ($0.50/$1.00 USD) - 2025/02/02 16:59:18 WET [2025/02/02 11:59:18 ET]
Table 'Recha' 6-max Seat #6 is the button
Seat 1: Burlica2013 ($108 in chips) 
Seat 2: ptolejmus ($11.20 in chips) 
Seat 3: ReVeu710 ($104.50 in chips) 
Seat 4: radibay ($27.81 in chips) 
Seat 5: blistein ($100 in chips) 
Seat 6: EasyGamerrr ($100 in chips) 
Burlica2013: posts small blind $0.50
ptolejmus: posts big blind $1
*** HOLE CARDS ***
ReVeu710: folds 
radibay: folds 
blistein: folds 
EasyGamerrr: raises $1.50 to $2.50
Burlica2013: folds 
ptolejmus: folds 
Uncalled bet ($1.50) returned to EasyGamerrr
EasyGamerrr collected $2.50 from pot
EasyGamerrr: doesn't show hand 
*** SUMMARY ***
Total pot $2.50 | Rake $0 
Seat 1: Burlica2013 (small blind) folded before Flop
Seat 2: ptolejmus (big blind) folded before Flop
Seat 3: ReVeu710 folded before Flop (didn't bet)
Seat 4: radibay folded before Flop (didn't bet)
Seat 5: blistein folded before Flop (didn't bet)
Seat 6: EasyGamerrr (button) collected ($2.50)



PokerStars Hand #254671611502:  Hold'em No Limit ($0.50/$1.00 USD) - 2025/02/02 16:59:40 WET [2025/02/02 11:59:40 ET]
Table 'Recha' 6-max Seat #1 is the button
Seat 1: Burlica2013 ($107.50 in chips) 
Seat 2: ptolejmus ($10.20 in chips) 
Seat 3: ReVeu710 ($104.50 in chips) 
Seat 4: radibay ($27.81 in chips) 
Seat 5: blistein ($100 in chips) 
Seat 6: EasyGamerrr ($101.50 in chips) 
ptolejmus: posts small blind $0.50
ReVeu710: posts big blind $1
*** HOLE CARDS ***
radibay: folds 
blistein: folds 
EasyGamerrr: folds 
Burlica2013: raises $1.45 to $2.45
ptolejmus: folds 
ReVeu710: calls $1.45
*** FLOP *** [Qd 8c 6c]
ReVeu710: checks 
Burlica2013: bets $5.18
ReVeu710: folds 
Uncalled bet ($5.18) returned to Burlica2013
Burlica2013 collected $5.13 from pot
Burlica2013: doesn't show hand 
*** SUMMARY ***
Total pot $5.40 | Rake $0.27 
Board [Qd 8c 6c]
Seat 1: Burlica2013 (button) collected ($5.13)
Seat 2: ptolejmus (small blind) folded before Flop
Seat 3: ReVeu710 (big blind) folded on the Flop
Seat 4: radibay folded before Flop (didn't bet)
Seat 5: blistein folded before Flop (didn't bet)
Seat 6: EasyGamerrr folded before Flop (didn't bet)



PokerStars Hand #254671622029:  Hold'em No Limit ($0.50/$1.00 USD) - 2025/02/02 17:00:33 WET [2025/02/02 12:00:33 ET]
Table 'Recha' 6-max Seat #2 is the button
Seat 1: Burlica2013 ($110.18 in chips) 
Seat 2: ptolejmus ($10 in chips) 
Seat 3: ReVeu710 ($102.05 in chips) 
Seat 4: radibay ($27.81 in chips) 
Seat 5: blistein ($100 in chips) 
Seat 6: EasyGamerrr ($101.50 in chips) 
ReVeu710: posts small blind $0.50
radibay: posts big blind $1
*** HOLE CARDS ***
blistein: folds 
EasyGamerrr: folds 
Burlica2013: folds 
ptolejmus: raises $1 to $2
ReVeu710: folds 
radibay: folds 
Uncalled bet ($1) returned to ptolejmus
ptolejmus collected $2.50 from pot
*** SUMMARY ***
Total pot $2.50 | Rake $0 
Seat 1: Burlica2013 folded before Flop (didn't bet)
Seat 2: ptolejmus (button) collected ($2.50)
Seat 3: ReVeu710 (small blind) folded before Flop
Seat 4: radibay (big blind) folded before Flop
Seat 5: blistein folded before Flop (didn't bet)
Seat 6: EasyGamerrr folded before Flop (didn't bet)



PokerStars Hand #254671626729:  Hold'em No Limit ($0.50/$1.00 USD) - 2025/02/02 17:00:55 WET [2025/02/02 12:00:55 ET]
Table 'Recha' 6-max Seat #3 is the button
Seat 1: Burlica2013 ($110.18 in chips) 
Seat 2: ptolejmus ($11.50 in chips) 
Seat 3: ReVeu710 ($101.55 in chips) 
Seat 4: radibay ($26.81 in chips) 
Seat 5: blistein ($100 in chips) 
Seat 6: EasyGamerrr ($101.50 in chips) 
radibay: posts small blind $0.50
blistein: posts big blind $1
*** HOLE CARDS ***
EasyGamerrr: folds 
Burlica2013: folds 
ptolejmus: raises $10.50 to $11.50 and is all-in
ReVeu710: folds 
radibay: folds 
blistein: folds 
Uncalled bet ($10.50) returned to ptolejmus
ptolejmus collected $2.50 from pot
*** SUMMARY ***
Total pot $2.50 | Rake $0 
Seat 1: Burlica2013 folded before Flop (didn't bet)
Seat 2: ptolejmus collected ($2.50)
Seat 3: ReVeu710 (button) folded before Flop (didn't bet)
Seat 4: radibay (small blind) folded before Flop
Seat 5: blistein (big blind) folded before Flop
Seat 6: EasyGamerrr folded before Flop (didn't bet)



PokerStars Hand #254671631092:  Hold'em No Limit ($0.50/$1.00 USD) - 2025/02/02 17:01:13 WET [2025/02/02 12:01:13 ET]
Table 'Recha' 6-max Seat #4 is the button
Seat 1: Burlica2013 ($110.18 in chips) 
Seat 2: ptolejmus ($13 in chips) 
Seat 3: ReVeu710 ($101.55 in chips) 
Seat 4: radibay ($26.31 in chips) 
Seat 5: blistein ($100 in chips) 
Seat 6: EasyGamerrr ($101.50 in chips) 
blistein: posts small blind $0.50
EasyGamerrr: posts big blind $1
*** HOLE CARDS ***
Burlica2013: raises $1.20 to $2.20
ptolejmus: folds 
ReVeu710: folds 
radibay: calls $2.20
blistein: folds 
EasyGamerrr: calls $1.20
*** FLOP *** [Kd 4d 7s]
EasyGamerrr: checks 
Burlica2013: checks 
radibay: checks 
*** TURN *** [Kd 4d 7s] [Kc]
EasyGamerrr: checks 
Burlica2013: checks 
radibay: checks 
*** RIVER *** [Kd 4d 7s Kc] [Kh]
EasyGamerrr: checks 
Burlica2013: bets $2.22
radibay: folds 
EasyGamerrr: folds 
Uncalled bet ($2.22) returned to Burlica2013
Burlica2013 collected $6.74 from pot
Burlica2013: doesn't show hand 
*** SUMMARY ***
Total pot $7.10 | Rake $0.36 
Board [Kd 4d 7s Kc Kh]
Seat 1: Burlica2013 collected ($6.74)
Seat 2: ptolejmus folded before Flop (didn't bet)
Seat 3: ReVeu710 folded before Flop (didn't bet)
Seat 4: radibay (button) folded on the River
Seat 5: blistein (small blind) folded before Flop
Seat 6: EasyGamerrr (big blind) folded on the River



PokerStars Hand #254671651595:  Hold'em No Limit ($0.50/$1.00 USD) - 2025/02/02 17:02:32 WET [2025/02/02 12:02:32 ET]
Table 'Recha' 6-max Seat #5 is the button
Seat 1: Burlica2013 ($114.72 in chips) 
Seat 2: ptolejmus ($13 in chips) 
Seat 3: ReVeu710 ($101.55 in chips) 
Seat 4: radibay ($24.11 in chips) 
Seat 5: blistein ($100 in chips) 
Seat 6: EasyGamerrr ($100 in chips) 
EasyGamerrr: posts small blind $0.50
Burlica2013: posts big blind $1
*** HOLE CARDS ***
ptolejmus: folds 
ReVeu710: folds 
radibay: folds 
blistein: folds 
EasyGamerrr: folds 
Uncalled bet ($0.50) returned to Burlica2013
Burlica2013 collected $1 from pot
Burlica2013: doesn't show hand 
*** SUMMARY ***
Total pot $1 | Rake $0 
Seat 1: Burlica2013 (big blind) collected ($1)
Seat 2: ptolejmus folded before Flop (didn't bet)
Seat 3: ReVeu710 folded before Flop (didn't bet)
Seat 4: radibay folded before Flop (didn't bet)
Seat 5: blistein (button) folded before Flop (didn't bet)
Seat 6: EasyGamerrr (small blind) folded before Flop



PokerStars Hand #254671654825:  Hold'em No Limit ($0.50/$1.00 USD) - 2025/02/02 17:02:44 WET [2025/02/02 12:02:44 ET]
Table 'Recha' 6-max Seat #6 is the button
Seat 1: Burlica2013 ($115.22 in chips) 
Seat 2: ptolejmus ($13 in chips) 
Seat 3: ReVeu710 ($101.55 in chips) 
Seat 4: radibay ($24.11 in chips) 
Seat 5: blistein ($100 in chips) 
Seat 6: EasyGamerrr ($100 in chips) 
Burlica2013: posts small blind $0.50
ptolejmus: posts big blind $1
*** HOLE CARDS ***
ReVeu710: folds 
radibay: calls $1
blistein: raises $2 to $3
EasyGamerrr: folds 
Burlica2013: folds 
ptolejmus: folds 
radibay: calls $2
*** FLOP *** [5c 6c 2s]
radibay: checks 
blistein: bets $3.56
radibay: calls $3.56
*** TURN *** [5c 6c 2s] [7s]
radibay: bets $17.55 and is all-in
blistein: calls $17.55
*** RIVER *** [5c 6c 2s 7s] [8h]
*** SHOW DOWN ***
radibay: shows [Qd Qh] (a pair of Queens)
blistein: shows [Qs 8s] (a pair of Eights)
radibay collected $46.61 from pot
*** SUMMARY ***
Total pot $49.72 | Rake $3.11 
Board [5c 6c 2s 7s 8h]
Seat 1: Burlica2013 (small blind) folded before Flop
Seat 2: ptolejmus (big blind) folded before Flop
Seat 3: ReVeu710 folded before Flop (didn't bet)
Seat 4: radibay showed [Qd Qh] and won ($46.61) with a pair of Queens
Seat 5: blistein showed [Qs 8s] and lost with a pair of Eights
Seat 6: EasyGamerrr (button) folded before Flop (didn't bet)



PokerStars Hand #254671668171:  Hold'em No Limit ($0.50/$1.00 USD) - 2025/02/02 17:03:29 WET [2025/02/02 12:03:29 ET]
Table 'Recha' 6-max Seat #1 is the button
Seat 1: Burlica2013 ($114.72 in chips) 
Seat 2: ptolejmus ($12 in chips) 
Seat 3: ReVeu710 ($101.55 in chips) 
Seat 4: radibay ($46.61 in chips) 
Seat 5: blistein ($100 in chips) 
Seat 6: EasyGamerrr ($100 in chips) 
ptolejmus: posts small blind $0.50
ReVeu710: posts big blind $1
*** HOLE CARDS ***
radibay: folds 
blistein: folds 
EasyGamerrr: folds 
Burlica2013: folds 
ptolejmus: raises $1.50 to $2.50
ReVeu710: folds 
Uncalled bet ($1.50) returned to ptolejmus
ptolejmus collected $2 from pot
*** SUMMARY ***
Total pot $2 | Rake $0 
Seat 1: Burlica2013 (button) folded before Flop (didn't bet)
Seat 2: ptolejmus (small blind) collected ($2)
Seat 3: ReVeu710 (big blind) folded before Flop
Seat 4: radibay folded before Flop (didn't bet)
Seat 5: blistein folded before Flop (didn't bet)
Seat 6: EasyGamerrr folded before Flop (didn't bet)



PokerStars Hand #254671672649:  Hold'em No Limit ($0.50/$1.00 USD) - 2025/02/02 17:03:45 WET [2025/02/02 12:03:45 ET]
Table 'Recha' 6-max Seat #2 is the button
Seat 1: Burlica2013 ($114.72 in chips) 
Seat 2: ptolejmus ($13 in chips) 
Seat 3: ReVeu710 ($100.55 in chips) 
Seat 4: radibay ($46.61 in chips) 
Seat 5: blistein ($100 in chips) 
Seat 6: EasyGamerrr ($100 in chips) 
ReVeu710: posts small blind $0.50
radibay: posts big blind $1
*** HOLE CARDS ***
blistein: folds 
EasyGamerrr: folds 
Burlica2013: folds 
ptolejmus: raises $1 to $2
ReVeu710: folds 
radibay: folds 
Uncalled bet ($1) returned to ptolejmus
ptolejmus collected $2.50 from pot
*** SUMMARY ***
Total pot $2.50 | Rake $0 
Seat 1: Burlica2013 folded before Flop (didn't bet)
Seat 2: ptolejmus (button) collected ($2.50)
Seat 3: ReVeu710 (small blind) folded before Flop
Seat 4: radibay (big blind) folded before Flop
Seat 5: blistein folded before Flop (didn't bet)
Seat 6: EasyGamerrr folded before Flop (didn't bet)



PokerStars Hand #254671679691:  Hold'em No Limit ($0.50/$1.00 USD) - 2025/02/02 17:04:09 WET [2025/02/02 12:04:09 ET]
Table 'Recha' 6-max Seat #3 is the button
Seat 1: Burlica2013 ($114.72 in chips) 
Seat 2: ptolejmus ($14.50 in chips) 
Seat 3: ReVeu710 ($100.05 in chips) 
Seat 4: radibay ($45.61 in chips) 
Seat 5: blistein ($100 in chips) 
Seat 6: EasyGamerrr ($100 in chips) 
radibay: posts small blind $0.50
blistein: posts big blind $1
*** HOLE CARDS ***
EasyGamerrr: folds 
Burlica2013: folds 
ptolejmus: folds 
ReVeu710: folds 
radibay: calls $0.50
blistein: raises $2.50 to $3.50
radibay: folds 
Uncalled bet ($2.50) returned to blistein
blistein collected $2 from pot
blistein: doesn't show hand 
*** SUMMARY ***
Total pot $2 | Rake $0 
Seat 1: Burlica2013 folded before Flop (didn't bet)
Seat 2: ptolejmus folded before Flop (didn't bet)
Seat 3: ReVeu710 (button) folded before Flop (didn't bet)
Seat 4: radibay (small blind) folded before Flop
Seat 5: blistein (big blind) collected ($2)
Seat 6: EasyGamerrr folded before Flop (didn't bet)



PokerStars Hand #254671687495:  Hold'em No Limit ($0.50/$1.00 USD) - 2025/02/02 17:04:35 WET [2025/02/02 12:04:35 ET]
Table 'Recha' 6-max Seat #4 is the button
Seat 1: Burlica2013 ($114.72 in chips) 
Seat 2: ptolejmus ($14.50 in chips) 
Seat 3: ReVeu710 ($100.05 in chips) 
Seat 4: radibay ($44.61 in chips) 
Seat 5: blistein ($101 in chips) 
Seat 6: EasyGamerrr ($100 in chips) 
blistein: posts small blind $0.50
EasyGamerrr: posts big blind $1
*** HOLE CARDS ***
Burlica2013: raises $1.20 to $2.20
ptolejmus: folds 
ReVeu710: folds 
radibay: calls $2.20
blistein: folds 
EasyGamerrr: calls $1.20
*** FLOP *** [Qs 4c 8h]
EasyGamerrr: checks 
Burlica2013: checks 
radibay: checks 
*** TURN *** [Qs 4c 8h] [2s]
EasyGamerrr: checks 
Burlica2013: bets $3.37
radibay: folds 
EasyGamerrr: folds 
Uncalled bet ($3.37) returned to Burlica2013
Burlica2013 collected $6.74 from pot
Burlica2013: doesn't show hand 
*** SUMMARY ***
Total pot $7.10 | Rake $0.36 
Board [Qs 4c 8h 2s]
Seat 1: Burlica2013 collected ($6.74)
Seat 2: ptolejmus folded before Flop (didn't bet)
Seat 3: ReVeu710 folded before Flop (didn't bet)
Seat 4: radibay (button) folded on the Turn
Seat 5: blistein (small blind) folded before Flop
Seat 6: EasyGamerrr (big blind) folded on the Turn



PokerStars Hand #254671707922:  Hold'em No Limit ($0.50/$1.00 USD) - 2025/02/02 17:05:42 WET [2025/02/02 12:05:42 ET]
Table 'Recha' 6-max Seat #5 is the button
Seat 1: Burlica2013 ($119.26 in chips) is sitting out
Seat 2: ptolejmus ($14.50 in chips) 
Seat 3: ReVeu710 ($100.05 in chips) 
Seat 4: radibay ($42.41 in chips) 
Seat 5: blistein ($100.50 in chips) 
Seat 6: EasyGamerrr ($100 in chips) 
EasyGamerrr: posts small blind $0.50
Burlica2013: is sitting out 
ptolejmus: posts big blind $1
*** HOLE CARDS ***
Burlica2013 leaves the table
ReVeu710: folds 
radibay: folds 
blistein: raises $1.50 to $2.50
EasyGamerrr: folds 
ptolejmus: raises $12 to $14.50 and is all-in
blistein: folds 
Uncalled bet ($12) returned to ptolejmus
ptolejmus collected $5.50 from pot
*** SUMMARY ***
Total pot $5.50 | Rake $0 
Seat 1: Burlica2013
Seat 2: ptolejmus (big blind) collected ($5.50)
Seat 3: ReVeu710 folded before Flop (didn't bet)
Seat 4: radibay folded before Flop (didn't bet)
Seat 5: blistein (button) folded before Flop
Seat 6: EasyGamerrr (small blind) folded before Flop



PokerStars Hand #254671716206:  Hold'em No Limit ($0.50/$1.00 USD) - 2025/02/02 17:06:09 WET [2025/02/02 12:06:09 ET]
Table 'Recha' 6-max Seat #6 is the button
Seat 4: radibay ($42.41 in chips) is sitting out
Seat 2: ptolejmus ($17.50 in chips) 
Seat 3: ReVeu710 ($100.05 in chips) 
Seat 5: blistein ($100 in chips) 
Seat 6: EasyGamerrr ($100 in chips) 
ptolejmus: posts small blind $0.50
ReVeu710: posts big blind $1
*** HOLE CARDS ***
blistein: raises $1.30 to $2.30
EasyGamerrr: folds 
ptolejmus: folds 
ReVeu710: calls $1.30
*** FLOP *** [3c Qc 8c]
ReVeu710: checks 
blistein: bets $1.65
Pippa83 joins the table at seat #1 
ReVeu710: calls $1.65
*** TURN *** [3c Qc 8c] [Js]
ReVeu710: checks 
blistein: bets $5.99
radibay is disconnected 
ReVeu710: calls $5.99
*** RIVER *** [3c Qc 8c Js] [Ac]
ReVeu710: checks 
blistein: checks 
*** SHOW DOWN ***
ReVeu710: shows [7c 5c] (a flush, Ace high)
blistein: mucks hand 
ReVeu710 collected $19.38 from pot
*** SUMMARY ***
Total pot $20.38 | Rake $1 
Board [3c Qc 8c Js Ac]
Seat 4: radibay
Seat 2: ptolejmus (small blind) folded before Flop
Seat 3: ReVeu710 (big blind) showed [7c 5c] and won ($19.38) with a flush, Ace high
Seat 5: blistein mucked
Seat 6: EasyGamerrr (button) folded before Flop (didn't bet)



PokerStars Hand #254671917430:  Hold'em No Limit ($0.50/$1.00 USD) - 2025/02/02 17:16:58 WET [2025/02/02 12:16:58 ET]
Table 'Recha' 6-max Seat #5 is the button
Seat 4: radibay ($42.41 in chips) is sitting out
Seat 5: KarP93 ($100 in chips) 
Seat 6: coeeeelho ($100 in chips) 
KarP93: posts small blind $0.50
coeeeelho: posts big blind $1
*** HOLE CARDS ***
radibay leaves the table
KarP93: raises $1.50 to $2.50
coeeeelho: raises $8.50 to $11
KarP93: folds 
Uncalled bet ($8.50) returned to coeeeelho
coeeeelho collected $5 from pot
*** SUMMARY ***
Total pot $5 | Rake $0 
Seat 4: radibay
Seat 5: KarP93 (button) (small blind) folded before Flop
Seat 6: coeeeelho (big blind) collected ($5)



PokerStars Hand #254672725428:  Hold'em No Limit ($0.50/$1.00 USD) - 2025/02/02 17:33:11 WET [2025/02/02 12:33:11 ET]
Table 'Recha' 6-max Seat #4 is the button
Seat 1: MAO_DZEDYN_S ($100 in chips) is sitting out
Seat 2: ptolejmus ($18.50 in chips) 
Seat 3: straight77777 ($24.60 in chips) 
Seat 4: z00mba ($100 in chips) 
Seat 5: K.Antagonist ($102.70 in chips) 
Seat 6: radibay ($55.55 in chips) 
K.Antagonist: posts small blind $0.50
radibay: posts big blind $1
MAO_DZEDYN_S: sits out 
*** HOLE CARDS ***
ptolejmus: folds 
straight77777: raises $1.50 to $2.50
z00mba: calls $2.50
K.Antagonist: folds 
radibay: folds 
*** FLOP *** [7h Qc Th]
straight77777: bets $2
z00mba: folds 
Uncalled bet ($2) returned to straight77777
straight77777 collected $6.18 from pot
*** SUMMARY ***
Total pot $6.50 | Rake $0.32 
Board [7h Qc Th]
Seat 1: MAO_DZEDYN_S
Seat 2: ptolejmus folded before Flop (didn't bet)
Seat 3: straight77777 collected ($6.18)
Seat 4: z00mba (button) folded on the Flop
Seat 5: K.Antagonist (small blind) folded before Flop
Seat 6: radibay (big blind) folded before Flop



PokerStars Hand #254672736991:  Hold'em No Limit ($0.50/$1.00 USD) - 2025/02/02 17:33:47 WET [2025/02/02 12:33:47 ET]
Table 'Recha' 6-max Seat #5 is the button
Seat 1: MAO_DZEDYN_S ($100 in chips) 
Seat 2: ptolejmus ($18.50 in chips) 
Seat 3: straight77777 ($28.28 in chips) 
Seat 4: z00mba ($100 in chips) 
Seat 5: K.Antagonist ($102.20 in chips) 
Seat 6: radibay ($54.55 in chips) 
radibay: posts small blind $0.50
MAO_DZEDYN_S: posts big blind $1
*** HOLE CARDS ***
ptolejmus: folds 
straight77777: raises $1.50 to $2.50
z00mba: folds 
K.Antagonist: folds 
radibay: folds 
MAO_DZEDYN_S: folds 
Uncalled bet ($1.50) returned to straight77777
K.Antagonist leaves the table
straight77777 collected $2.50 from pot
*** SUMMARY ***
Total pot $2.50 | Rake $0 
Seat 1: MAO_DZEDYN_S (big blind) folded before Flop
Seat 2: ptolejmus folded before Flop (didn't bet)
Seat 3: straight77777 collected ($2.50)
Seat 4: z00mba folded before Flop (didn't bet)
Seat 5: K.Antagonist (button) folded before Flop (didn't bet)
Seat 6: radibay (small blind) folded before Flop



PokerStars Hand #254672745368:  Hold'em No Limit ($0.50/$1.00 USD) - 2025/02/02 17:34:13 WET [2025/02/02 12:34:13 ET]
Table 'Recha' 6-max Seat #6 is the button
Seat 1: MAO_DZEDYN_S ($100 in chips) 
Seat 2: ptolejmus ($18.50 in chips) 
Seat 3: straight77777 ($29.78 in chips) 
Seat 4: z00mba ($100 in chips) 
Seat 6: radibay ($54.05 in chips) 
MAO_DZEDYN_S: posts small blind $0.50
ptolejmus: posts big blind $1
*** HOLE CARDS ***
straight77777: folds 
Pippa83 joins the table at seat #5 
z00mba: folds 
radibay: folds 
MAO_DZEDYN_S: raises $1.50 to $2.50
ptolejmus: calls $1.50
*** FLOP *** [Ad Jd 6d]
MAO_DZEDYN_S: checks 
ptolejmus: checks 
*** TURN *** [Ad Jd 6d] [4c]
MAO_DZEDYN_S: bets $3.56
ptolejmus: calls $3.56
*** RIVER *** [Ad Jd 6d 4c] [Ks]
MAO_DZEDYN_S: checks 
ptolejmus: checks 
*** SHOW DOWN ***
MAO_DZEDYN_S: shows [Tc Kh] (a pair of Kings)
ptolejmus: mucks hand 
MAO_DZEDYN_S collected $11.51 from pot
*** SUMMARY ***
Total pot $12.12 | Rake $0.61 
Board [Ad Jd 6d 4c Ks]
Seat 1: MAO_DZEDYN_S (small blind) showed [Tc Kh] and won ($11.51) with a pair of Kings
Seat 2: ptolejmus (big blind) mucked
Seat 3: straight77777 folded before Flop (didn't bet)
Seat 4: z00mba folded before Flop (didn't bet)
Seat 6: radibay (button) folded before Flop (didn't bet)



PokerStars Hand #254672782205:  Hold'em No Limit ($0.50/$1.00 USD) - 2025/02/02 17:36:06 WET [2025/02/02 12:36:06 ET]
Table 'Recha' 6-max Seat #1 is the button
Seat 5: Pippa83 ($100 in chips) is sitting out
Seat 1: MAO_DZEDYN_S ($105.45 in chips) 
Seat 2: ptolejmus ($18.50 in chips) 
Seat 3: straight77777 ($29.78 in chips) 
Seat 4: z00mba ($100 in chips) 
Seat 6: radibay ($82.34 in chips) 
ptolejmus: posts small blind $0.50
straight77777: posts big blind $1
Pippa83: sits out 
*** HOLE CARDS ***
z00mba: folds 
radibay: folds 
MAO_DZEDYN_S: folds 
ptolejmus: raises $1.50 to $2.50
straight77777: calls $1.50
*** FLOP *** [7d Qd 4s]
ptolejmus: checks 
straight77777: checks 
*** TURN *** [7d Qd 4s] [Kd]
ptolejmus: checks 
straight77777: bets $2.38
ptolejmus: folds 
Uncalled bet ($2.38) returned to straight77777
straight77777 collected $4.75 from pot
*** SUMMARY ***
Total pot $5 | Rake $0.25 
Board [7d Qd 4s Kd]
Seat 5: Pippa83
Seat 1: MAO_DZEDYN_S (button) folded before Flop (didn't bet)
Seat 2: ptolejmus (small blind) folded on the Turn
Seat 3: straight77777 (big blind) collected ($4.75)
Seat 4: z00mba folded before Flop (didn't bet)
Seat 6: radibay folded before Flop (didn't bet)



PokerStars Hand #254672798182:  Hold'em No Limit ($0.50/$1.00 USD) - 2025/02/02 17:36:56 WET [2025/02/02 12:36:56 ET]
Table 'Recha' 6-max Seat #2 is the button
Seat 5: Pippa83 ($100 in chips) is sitting out
Seat 1: MAO_DZEDYN_S ($105.45 in chips) 
Seat 2: ptolejmus ($18.50 in chips) 
Seat 3: straight77777 ($32.03 in chips) 
Seat 4: z00mba ($100 in chips) 
Seat 6: radibay ($82.34 in chips) 
straight77777: posts small blind $0.50
z00mba: posts big blind $1
Pippa83: sits out 
*** HOLE CARDS ***
radibay: folds 
MAO_DZEDYN_S: folds 
ptolejmus: raises $1 to $2
straight77777: folds 
z00mba: calls $1
*** FLOP *** [Tc 9d 4d]
z00mba: checks 
ptolejmus: bets $2.18
z00mba: raises $19.32 to $21.50
ptolejmus: calls $14.32 and is all-in
Uncalled bet ($5) returned to z00mba
*** TURN *** [Tc 9d 4d] [Qh]
*** RIVER *** [Tc 9d 4d Qh] [8s]
*** SHOW DOWN ***
z00mba: shows [Kh Th] (a pair of Tens)
ptolejmus: shows [9s Ts] (two pair, Tens and Nines)
ptolejmus collected $35.62 from pot
*** SUMMARY ***
Total pot $37.50 | Rake $1.88 
Board [Tc 9d 4d Qh 8s]
Seat 5: Pippa83
Seat 1: MAO_DZEDYN_S folded before Flop (didn't bet)
Seat 2: ptolejmus (button) showed [9s Ts] and won ($35.62) with two pair, Tens and Nines
Seat 3: straight77777 (small blind) folded before Flop
Seat 4: z00mba (big blind) showed [Kh Th] and lost with a pair of Tens
Seat 6: radibay folded before Flop (didn't bet)



PokerStars Hand #254672818462:  Hold'em No Limit ($0.50/$1.00 USD) - 2025/02/02 17:38:00 WET [2025/02/02 12:38:00 ET]
Table 'Recha' 6-max Seat #3 is the button
Seat 1: MAO_DZEDYN_S ($105.45 in chips) 
Seat 2: ptolejmus ($35.62 in chips) 
Seat 3: straight77777 ($31.53 in chips) 
Seat 4: z00mba ($100 in chips) 
Seat 5: Pippa83 ($100 in chips) 
Seat 6: radibay ($82.34 in chips) 
z00mba: posts small blind $0.50
Pippa83: posts big blind $1
*** HOLE CARDS ***
radibay: calls $1
MAO_DZEDYN_S: folds 
ptolejmus: folds 
straight77777: raises $2 to $3
z00mba: folds 
Pippa83: folds 
radibay: calls $2
*** FLOP *** [Ah 7c Qc]
radibay: bets $3.56
straight77777: calls $3.56
*** TURN *** [Ah 7c Qc] [7s]
radibay: bets $6.95
straight77777: calls $6.95
*** RIVER *** [Ah 7c Qc 7s] [Ks]
radibay: bets $27.09
straight77777: calls $18.02 and is all-in
Uncalled bet ($9.07) returned to radibay
*** SHOW DOWN ***
radibay: shows [Qh Kc] (two pair, Kings and Queens)
straight77777: shows [Ac 9s] (two pair, Aces and Sevens)
straight77777 collected $62.06 from pot
*** SUMMARY ***
Total pot $64.56 | Rake $2.50 
Board [Ah 7c Qc 7s Ks]
Seat 1: MAO_DZEDYN_S folded before Flop (didn't bet)
Seat 2: ptolejmus folded before Flop (didn't bet)
Seat 3: straight77777 (button) showed [Ac 9s] and won ($62.06) with two pair, Aces and Sevens
Seat 4: z00mba (small blind) folded before Flop
Seat 5: Pippa83 (big blind) folded before Flop
Seat 6: radibay showed [Qh Kc] and lost with two pair, Kings and Queens



PokerStars Hand #254672834181:  Hold'em No Limit ($0.50/$1.00 USD) - 2025/02/02 17:38:49 WET [2025/02/02 12:38:49 ET]
Table 'Recha' 6-max Seat #4 is the button
Seat 1: MAO_DZEDYN_S ($105.45 in chips) 
Seat 2: ptolejmus ($35.62 in chips) 
Seat 3: straight77777 ($62.06 in chips) 
Seat 4: z00mba ($100 in chips) 
Seat 5: Pippa83 ($100 in chips) 
Seat 6: radibay ($50.81 in chips) 
Pippa83: posts small blind $0.50
radibay: posts big blind $1
*** HOLE CARDS ***
MAO_DZEDYN_S: folds 
ptolejmus: raises $1 to $2
straight77777: folds 
z00mba: raises $4 to $6
Pippa83: folds 
radibay: folds 
ptolejmus: folds 
Uncalled bet ($4) returned to z00mba
z00mba collected $5.50 from pot
z00mba: doesn't show hand 
*** SUMMARY ***
Total pot $5.50 | Rake $0 
Seat 1: MAO_DZEDYN_S folded before Flop (didn't bet)
Seat 2: ptolejmus folded before Flop
Seat 3: straight77777 folded before Flop (didn't bet)
Seat 4: z00mba (button) collected ($5.50)
Seat 5: Pippa83 (small blind) folded before Flop
Seat 6: radibay (big blind) folded before Flop



PokerStars Hand #254672845735:  Hold'em No Limit ($0.50/$1.00 USD) - 2025/02/02 17:39:25 WET [2025/02/02 12:39:25 ET]
Table 'Recha' 6-max Seat #5 is the button
Seat 1: MAO_DZEDYN_S ($105.45 in chips) 
Seat 2: ptolejmus ($33.62 in chips) 
Seat 3: straight77777 ($62.06 in chips) 
Seat 4: z00mba ($103.50 in chips) 
Seat 5: Pippa83 ($100 in chips) 
Seat 6: radibay ($49.81 in chips) 
radibay: posts small blind $0.50
MAO_DZEDYN_S: posts big blind $1
*** HOLE CARDS ***
ptolejmus: folds 
straight77777: folds 
z00mba: raises $1.50 to $2.50
Pippa83: folds 
radibay: folds 
MAO_DZEDYN_S: folds 
Uncalled bet ($1.50) returned to z00mba
z00mba collected $2.50 from pot
z00mba: doesn't show hand 
*** SUMMARY ***
Total pot $2.50 | Rake $0 
Seat 1: MAO_DZEDYN_S (big blind) folded before Flop
Seat 2: ptolejmus folded before Flop (didn't bet)
Seat 3: straight77777 folded before Flop (didn't bet)
Seat 4: z00mba collected ($2.50)
Seat 5: Pippa83 (button) folded before Flop (didn't bet)
Seat 6: radibay (small blind) folded before Flop



PokerStars Hand #254672852131:  Hold'em No Limit ($0.50/$1.00 USD) - 2025/02/02 17:39:45 WET [2025/02/02 12:39:45 ET]
Table 'Recha' 6-max Seat #6 is the button
Seat 2: ptolejmus ($33.62 in chips) is sitting out
Seat 1: MAO_DZEDYN_S ($104.45 in chips) 
Seat 3: straight77777 ($62.06 in chips) 
Seat 4: z00mba ($105 in chips) 
Seat 5: Pippa83 ($100 in chips) 
Seat 6: radibay ($49.31 in chips) 
MAO_DZEDYN_S: posts small blind $0.50
ptolejmus: is sitting out 
straight77777: posts big blind $1
*** HOLE CARDS ***
z00mba: folds 
Pippa83: folds 
radibay: folds 
MAO_DZEDYN_S: folds 
Uncalled bet ($0.50) returned to straight77777
straight77777 collected $1 from pot
*** SUMMARY ***
Total pot $1 | Rake $0 
Seat 2: ptolejmus
Seat 1: MAO_DZEDYN_S (small blind) folded before Flop
Seat 3: straight77777 (big blind) collected ($1)
Seat 4: z00mba folded before Flop (didn't bet)
Seat 5: Pippa83 folded before Flop (didn't bet)
Seat 6: radibay (button) folded before Flop (didn't bet)



PokerStars Hand #254672857934:  Hold'em No Limit ($0.50/$1.00 USD) - 2025/02/02 17:40:03 WET [2025/02/02 12:40:03 ET]
Table 'Recha' 6-max Seat #1 is the button
Seat 2: ptolejmus ($33.62 in chips) is sitting out
Seat 1: MAO_DZEDYN_S ($103.95 in chips) 
Seat 3: straight77777 ($62.56 in chips) 
Seat 4: z00mba ($105 in chips) 
Seat 5: Pippa83 ($100 in chips) 
Seat 6: radibay ($49.31 in chips) 
straight77777: posts small blind $0.50
z00mba: posts big blind $1
*** HOLE CARDS ***
Pippa83: raises $1.20 to $2.20
radibay: folds 
ptolejmus leaves the table
MAO_DZEDYN_S: folds 
straight77777: calls $1.70
z00mba: calls $1.20
*** FLOP *** [Kh 9c 5d]
straight77777: checks 
z00mba: checks 
Pippa83: bets $2.07
straight77777: calls $2.07
z00mba: folds 
*** TURN *** [Kh 9c 5d] [2s]
straight77777: checks 
Pippa83: bets $7.65
straight77777: calls $7.65
*** RIVER *** [Kh 9c 5d 2s] [Qc]
coeeeelho joins the table at seat #2 
straight77777: checks 
Pippa83: bets $18.56
straight77777: folds 
Uncalled bet ($18.56) returned to Pippa83
straight77777 leaves the table
Pippa83 collected $24.74 from pot
Pippa83: doesn't show hand 
*** SUMMARY ***
Total pot $26.04 | Rake $1.30 
Board [Kh 9c 5d 2s Qc]
Seat 2: ptolejmus
Seat 1: MAO_DZEDYN_S (button) folded before Flop (didn't bet)
Seat 3: straight77777 (small blind) folded on the River
Seat 4: z00mba (big blind) folded on the Flop
Seat 5: Pippa83 collected ($24.74)
Seat 6: radibay folded before Flop (didn't bet)



PokerStars Hand #254672892566:  Hold'em No Limit ($0.50/$1.00 USD) - 2025/02/02 17:41:51 WET [2025/02/02 12:41:51 ET]
Table 'Recha' 6-max Seat #4 is the button
Seat 2: coeeeelho ($102.50 in chips) is sitting out
Seat 1: MAO_DZEDYN_S ($103.95 in chips) 
Seat 4: z00mba ($102.80 in chips) 
Seat 5: Pippa83 ($112.82 in chips) 
Seat 6: radibay ($49.31 in chips) 
Pippa83: posts small blind $0.50
radibay: posts big blind $1
coeeeelho: sits out 
*** HOLE CARDS ***
dreimis190 joins the table at seat #3 
MAO_DZEDYN_S: raises $1.25 to $2.25
z00mba: folds 
Pippa83: folds 
radibay: calls $1.25
*** FLOP *** [8c Ad Ts]
radibay: checks 
MAO_DZEDYN_S: checks 
*** TURN *** [8c Ad Ts] [Ks]
radibay: bets $4.75
MAO_DZEDYN_S: calls $4.75
*** RIVER *** [8c Ad Ts Ks] [9d]
radibay: bets $13.78
MAO_DZEDYN_S: folds 
Uncalled bet ($13.78) returned to radibay
radibay collected $13.60 from pot
*** SUMMARY ***
Total pot $14.50 | Rake $0.90 
Board [8c Ad Ts Ks 9d]
Seat 2: coeeeelho
Seat 1: MAO_DZEDYN_S folded on the River
Seat 4: z00mba (button) folded before Flop (didn't bet)
Seat 5: Pippa83 (small blind) folded before Flop
Seat 6: radibay (big blind) collected ($13.60)



PokerStars Hand #254672920170:  Hold'em No Limit ($0.50/$1.00 USD) - 2025/02/02 17:43:16 WET [2025/02/02 12:43:16 ET]
Table 'Recha' 6-max Seat #5 is the button
Seat 2: coeeeelho ($102.50 in chips) is sitting out
Seat 3: dreimis190 ($100 in chips) is sitting out
Seat 1: MAO_DZEDYN_S ($100 in chips) 
Seat 4: z00mba ($102.80 in chips) 
Seat 5: Pippa83 ($112.32 in chips) 
Seat 6: radibay ($55.91 in chips) 
radibay: posts small blind $0.50
MAO_DZEDYN_S: posts big blind $1
coeeeelho: sits out 
dreimis190: sits out 
*** HOLE CARDS ***
z00mba: raises $1.50 to $2.50
Pippa83: calls $2.50
radibay: folds 
MAO_DZEDYN_S: folds 
*** FLOP *** [Qd Th As]
z00mba: bets $3.03
Pippa83: folds 
Uncalled bet ($3.03) returned to z00mba
z00mba collected $6.18 from pot
z00mba: doesn't show hand 
*** SUMMARY ***
Total pot $6.50 | Rake $0.32 
Board [Qd Th As]
Seat 2: coeeeelho
Seat 3: dreimis190
Seat 1: MAO_DZEDYN_S (big blind) folded before Flop
Seat 4: z00mba collected ($6.18)
Seat 5: Pippa83 (button) folded on the Flop
Seat 6: radibay (small blind) folded before Flop



PokerStars Hand #254672932711:  Hold'em No Limit ($0.50/$1.00 USD) - 2025/02/02 17:43:56 WET [2025/02/02 12:43:56 ET]
Table 'Recha' 6-max Seat #6 is the button
Seat 3: dreimis190 ($100 in chips) is sitting out
Seat 1: MAO_DZEDYN_S ($100 in chips) 
Seat 2: coeeeelho ($102.50 in chips) 
Seat 4: z00mba ($106.48 in chips) 
Seat 5: Pippa83 ($109.82 in chips) 
Seat 6: radibay ($55.41 in chips) 
MAO_DZEDYN_S: posts small blind $0.50
coeeeelho: posts big blind $1
dreimis190: sits out 
*** HOLE CARDS ***
z00mba: folds 
Pippa83: folds 
radibay: folds 
MAO_DZEDYN_S: folds 
Uncalled bet ($0.50) returned to coeeeelho
coeeeelho collected $1 from pot
*** SUMMARY ***
Total pot $1 | Rake $0 
Seat 3: dreimis190
Seat 1: MAO_DZEDYN_S (small blind) folded before Flop
Seat 2: coeeeelho (big blind) collected ($1)
Seat 4: z00mba folded before Flop (didn't bet)
Seat 5: Pippa83 folded before Flop (didn't bet)
Seat 6: radibay (button) folded before Flop (didn't bet)



PokerStars Hand #254672658993:  Hold'em No Limit ($0.50/$1.00 USD) - 2025/02/02 17:29:44 WET [2025/02/02 12:29:44 ET]
Table 'Recha' 6-max Seat #3 is the button
Seat 2: ptolejmus ($18.50 in chips) is sitting out
Seat 3: straight77777 ($10 in chips) 
Seat 4: z00mba ($100 in chips) 
straight77777: posts small blind $0.50
z00mba: posts big blind $1
*** HOLE CARDS ***
straight77777: calls $0.50
z00mba: checks 
*** FLOP *** [Ah 3s Jc]
z00mba: checks 
straight77777: checks 
*** TURN *** [Ah 3s Jc] [9c]
z00mba: bets $1
straight77777: calls $1
*** RIVER *** [Ah 3s Jc 9c] [2c]
z00mba: bets $3
straight77777: folds 
Uncalled bet ($3) returned to z00mba
z00mba collected $3.80 from pot
z00mba: doesn't show hand 
*** SUMMARY ***
Total pot $4 | Rake $0.20 
Board [Ah 3s Jc 9c 2c]
Seat 2: ptolejmus
Seat 3: straight77777 (button) (small blind) folded on the River
Seat 4: z00mba (big blind) collected ($3.80)



PokerStars Hand #254672669627:  Hold'em No Limit ($0.50/$1.00 USD) - 2025/02/02 17:30:16 WET [2025/02/02 12:30:16 ET]
Table 'Recha' 6-max Seat #3 is the button
Seat 4: z00mba ($101.80 in chips) is sitting out
Seat 2: ptolejmus ($18.50 in chips) 
Seat 3: straight77777 ($8 in chips) 
straight77777: posts small blind $0.50
ptolejmus: posts big blind $1
*** HOLE CARDS ***
straight77777: calls $0.50
ptolejmus: checks 
*** FLOP *** [7c 3h 9c]
ptolejmus: checks 
straight77777: checks 
*** TURN *** [7c 3h 9c] [4d]
ptolejmus: bets $2.50
straight77777: folds 
Uncalled bet ($2.50) returned to ptolejmus
ptolejmus collected $1.90 from pot
*** SUMMARY ***
Total pot $2 | Rake $0.10 
Board [7c 3h 9c 4d]
Seat 4: z00mba
Seat 2: ptolejmus (big blind) collected ($1.90)
Seat 3: straight77777 (button) (small blind) folded on the Turn



PokerStars Hand #254672676940:  Hold'em No Limit ($0.50/$1.00 USD) - 2025/02/02 17:30:39 WET [2025/02/02 12:30:39 ET]
Table 'Recha' 6-max Seat #2 is the button
Seat 2: ptolejmus ($19.40 in chips) 
Seat 3: straight77777 ($7 in chips) 
Seat 4: z00mba ($101.80 in chips) 
straight77777: posts small blind $0.50
z00mba: posts big blind $1
*** HOLE CARDS ***
ptolejmus: folds 
straight77777: raises $1 to $2
z00mba: raises $6 to $8
straight77777: calls $5 and is all-in
Uncalled bet ($1) returned to z00mba
*** FLOP *** [4s Jd 7d]
*** TURN *** [4s Jd 7d] [Kc]
*** RIVER *** [4s Jd 7d Kc] [6c]
*** SHOW DOWN ***
straight77777: shows [Js Kh] (two pair, Kings and Jacks)
z00mba: shows [Qh Ah] (high card Ace)
straight77777 collected $13.30 from pot
*** SUMMARY ***
Total pot $14 | Rake $0.70 
Board [4s Jd 7d Kc 6c]
Seat 2: ptolejmus (button) folded before Flop (didn't bet)
Seat 3: straight77777 (small blind) showed [Js Kh] and won ($13.30) with two pair, Kings and Jacks
Seat 4: z00mba (big blind) showed [Qh Ah] and lost with high card Ace



PokerStars Hand #254672684766:  Hold'em No Limit ($0.50/$1.00 USD) - 2025/02/02 17:31:04 WET [2025/02/02 12:31:04 ET]
Table 'Recha' 6-max Seat #3 is the button
Seat 2: ptolejmus ($19.40 in chips) 
Seat 3: straight77777 ($13.30 in chips) 
Seat 4: z00mba ($100 in chips) 
z00mba: posts small blind $0.50
ptolejmus: posts big blind $1
*** HOLE CARDS ***
straight77777: folds 
z00mba: folds 
Uncalled bet ($0.50) returned to ptolejmus
radibay joins the table at seat #6 
radibay is disconnected 
ptolejmus collected $1 from pot
*** SUMMARY ***
Total pot $1 | Rake $0 
Seat 2: ptolejmus (big blind) collected ($1)
Seat 3: straight77777 (button) folded before Flop (didn't bet)
Seat 4: z00mba (small blind) folded before Flop



PokerStars Hand #254672687769:  Hold'em No Limit ($0.50/$1.00 USD) - 2025/02/02 17:31:14 WET [2025/02/02 12:31:14 ET]
Table 'Recha' 6-max Seat #4 is the button
Seat 6: radibay ($56.55 in chips) is sitting out
Seat 2: ptolejmus ($19.90 in chips) 
Seat 3: straight77777 ($13.30 in chips) 
Seat 4: z00mba ($100 in chips) 
ptolejmus: posts small blind $0.50
straight77777: posts big blind $1
*** HOLE CARDS ***
z00mba: folds 
MAO_DZEDYN_S joins the table at seat #1 
ptolejmus: raises $18.90 to $19.90 and is all-in
straight77777: calls $12.30 and is all-in
Uncalled bet ($6.60) returned to ptolejmus
*** FLOP *** [Ad 7c Ac]
*** TURN *** [Ad 7c Ac] [Ah]
*** RIVER *** [Ad 7c Ac Ah] [3h]
K.Antagonist joins the table at seat #5 
*** SHOW DOWN ***
ptolejmus: shows [5d 5c] (a full house, Aces full of Fives)
straight77777: shows [8s 8d] (a full house, Aces full of Eights)
straight77777 collected $25.60 from pot
*** SUMMARY ***
Total pot $26.60 | Rake $1 
Board [Ad 7c Ac Ah 3h]
Seat 6: radibay
Seat 2: ptolejmus (small blind) showed [5d 5c] and lost with a full house, Aces full of Fives
Seat 3: straight77777 (big blind) showed [8s 8d] and won ($25.60) with a full house, Aces full of Eights
Seat 4: z00mba (button) folded before Flop (didn't bet)



PokerStars Hand #254672697246:  Hold'em No Limit ($0.50/$1.00 USD) - 2025/02/02 17:31:43 WET [2025/02/02 12:31:43 ET]
Table 'Recha' 6-max Seat #2 is the button
Seat 1: MAO_DZEDYN_S ($100 in chips) is sitting out
Seat 5: K.Antagonist ($100 in chips) is sitting out
Seat 2: ptolejmus ($18.50 in chips) 
Seat 3: straight77777 ($25.60 in chips) 
Seat 4: z00mba ($100 in chips) 
Seat 6: radibay ($56.55 in chips) 
straight77777: posts small blind $0.50
z00mba: posts big blind $1
K.Antagonist: sits out 
radibay: posts big blind $1
MAO_DZEDYN_S: sits out 
*** HOLE CARDS ***
radibay: checks 
ptolejmus: folds 
straight77777: calls $0.50
z00mba: checks 
*** FLOP *** [8c Jh Jd]
straight77777: checks 
z00mba: checks 
radibay: checks 
*** TURN *** [8c Jh Jd] [As]
straight77777: checks 
z00mba: checks 
radibay: checks 
*** RIVER *** [8c Jh Jd As] [3s]
straight77777: checks 
z00mba: bets $1.50
radibay: folds 
straight77777: folds 
Uncalled bet ($1.50) returned to z00mba
z00mba collected $2.85 from pot
z00mba: doesn't show hand 
*** SUMMARY ***
Total pot $3 | Rake $0.15 
Board [8c Jh Jd As 3s]
Seat 1: MAO_DZEDYN_S
Seat 5: K.Antagonist
Seat 2: ptolejmus (button) folded before Flop (didn't bet)
Seat 3: straight77777 (small blind) folded on the River
Seat 4: z00mba (big blind) collected ($2.85)
Seat 6: radibay folded on the River (didn't bet)



PokerStars Hand #254672715845:  Hold'em No Limit ($0.50/$1.00 USD) - 2025/02/02 17:32:41 WET [2025/02/02 12:32:41 ET]
Table 'Recha' 6-max Seat #3 is the button
Seat 1: MAO_DZEDYN_S ($100 in chips) is sitting out
Seat 2: ptolejmus ($18.50 in chips) 
Seat 3: straight77777 ($24.60 in chips) 
Seat 4: z00mba ($101.85 in chips) 
Seat 5: K.Antagonist ($100 in chips) 
Seat 6: radibay ($55.55 in chips) 
z00mba: posts small blind $0.50
K.Antagonist: posts big blind $1
MAO_DZEDYN_S: sits out 
*** HOLE CARDS ***
radibay: folds 
ptolejmus: folds 
straight77777: folds 
z00mba: raises $2 to $3
K.Antagonist: calls $2
*** FLOP *** [4d 5s As]
z00mba: checks 
K.Antagonist: bets $4.28
z00mba: folds 
Uncalled bet ($4.28) returned to K.Antagonist
K.Antagonist collected $5.70 from pot
K.Antagonist: doesn't show hand 
*** SUMMARY ***
Total pot $6 | Rake $0.30 
Board [4d 5s As]
Seat 1: MAO_DZEDYN_S
Seat 2: ptolejmus folded before Flop (didn't bet)
Seat 3: straight77777 (button) folded before Flop (didn't bet)
Seat 4: z00mba (small blind) folded on the Flop
Seat 5: K.Antagonist (big blind) collected ($5.70)
Seat 6: radibay folded before Flop (didn't bet)



PokerStars Hand #254672943127:  Hold'em No Limit ($0.50/$1.00 USD) - 2025/02/02 17:44:29 WET [2025/02/02 12:44:29 ET]
Table 'Recha' 6-max Seat #1 is the button
Seat 1: MAO_DZEDYN_S ($100 in chips) 
Seat 2: coeeeelho ($103 in chips) 
Seat 3: dreimis190 ($100 in chips) 
Seat 4: z00mba ($106.48 in chips) 
Seat 5: Pippa83 ($109.82 in chips) 
Seat 6: radibay ($55.41 in chips) 
coeeeelho: posts small blind $0.50
dreimis190: posts big blind $1
*** HOLE CARDS ***
z00mba: folds 
Pippa83: folds 
radibay: calls $1
MAO_DZEDYN_S: raises $3 to $4
coeeeelho: folds 
dreimis190: calls $3
radibay: folds 
*** FLOP *** [3c 3d Jc]
dreimis190: checks 
MAO_DZEDYN_S: bets $2.71
dreimis190: calls $2.71
*** TURN *** [3c 3d Jc] [Jd]
dreimis190: checks 
MAO_DZEDYN_S: checks 
*** RIVER *** [3c 3d Jc Jd] [6c]
dreimis190: bets $3.54
MAO_DZEDYN_S: raises $9.05 to $12.59
dreimis190: folds 
Uncalled bet ($9.05) returned to MAO_DZEDYN_S
MAO_DZEDYN_S collected $20.90 from pot
MAO_DZEDYN_S: doesn't show hand 
*** SUMMARY ***
Total pot $22 | Rake $1.10 
Board [3c 3d Jc Jd 6c]
Seat 1: MAO_DZEDYN_S (button) collected ($20.90)
Seat 2: coeeeelho (small blind) folded before Flop
Seat 3: dreimis190 (big blind) folded on the River
Seat 4: z00mba folded before Flop (didn't bet)
Seat 5: Pippa83 folded before Flop (didn't bet)
Seat 6: radibay folded before Flop



PokerStars Hand #254672982098:  Hold'em No Limit ($0.50/$1.00 USD) - 2025/02/02 17:46:28 WET [2025/02/02 12:46:28 ET]
Table 'Recha' 6-max Seat #2 is the button
Seat 1: MAO_DZEDYN_S ($110.65 in chips) 
Seat 2: coeeeelho ($102.50 in chips) 
Seat 3: dreimis190 ($100 in chips) 
Seat 4: z00mba ($106.48 in chips) 
Seat 5: Pippa83 ($109.82 in chips) 
Seat 6: radibay ($54.41 in chips) 
dreimis190: posts small blind $0.50
z00mba: posts big blind $1
*** HOLE CARDS ***
Pippa83: folds 
radibay: folds 
MAO_DZEDYN_S: folds 
coeeeelho: raises $1.50 to $2.50
dreimis190: folds 
z00mba: calls $1.50
*** FLOP *** [Ah Ks 2c]
z00mba: checks 
coeeeelho: bets $3.92
z00mba: calls $3.92
*** TURN *** [Ah Ks 2c] [3d]
z00mba: checks 
coeeeelho: bets $19
z00mba: folds 
Uncalled bet ($19) returned to coeeeelho
coeeeelho collected $12.67 from pot
*** SUMMARY ***
Total pot $13.34 | Rake $0.67 
Board [Ah Ks 2c 3d]
Seat 1: MAO_DZEDYN_S folded before Flop (didn't bet)
Seat 2: coeeeelho (button) collected ($12.67)
Seat 3: dreimis190 (small blind) folded before Flop
Seat 4: z00mba (big blind) folded on the Turn
Seat 5: Pippa83 folded before Flop (didn't bet)
Seat 6: radibay folded before Flop (didn't bet)



PokerStars Hand #254672999743:  Hold'em No Limit ($0.50/$1.00 USD) - 2025/02/02 17:47:23 WET [2025/02/02 12:47:23 ET]
Table 'Recha' 6-max Seat #3 is the button
Seat 1: MAO_DZEDYN_S ($110.65 in chips) 
Seat 2: coeeeelho ($108.75 in chips) 
Seat 3: dreimis190 ($100 in chips) 
Seat 4: z00mba ($100.06 in chips) 
Seat 5: Pippa83 ($109.82 in chips) 
Seat 6: radibay ($54.41 in chips) 
z00mba: posts small blind $0.50
Pippa83: posts big blind $1
*** HOLE CARDS ***
radibay: folds 
MAO_DZEDYN_S: folds 
coeeeelho: raises $1.20 to $2.20
dreimis190: raises $5.30 to $7.50
z00mba: folds 
Pippa83: folds 
coeeeelho: folds 
Uncalled bet ($5.30) returned to dreimis190
dreimis190 collected $5.90 from pot
dreimis190: doesn't show hand 
*** SUMMARY ***
Total pot $5.90 | Rake $0 
Seat 1: MAO_DZEDYN_S folded before Flop (didn't bet)
Seat 2: coeeeelho folded before Flop
Seat 3: dreimis190 (button) collected ($5.90)
Seat 4: z00mba (small blind) folded before Flop
Seat 5: Pippa83 (big blind) folded before Flop
Seat 6: radibay folded before Flop (didn't bet)



PokerStars Hand #254673009616:  Hold'em No Limit ($0.50/$1.00 USD) - 2025/02/02 17:47:53 WET [2025/02/02 12:47:53 ET]
Table 'Recha' 6-max Seat #4 is the button
Seat 1: MAO_DZEDYN_S ($110.65 in chips) 
Seat 2: coeeeelho ($106.55 in chips) 
Seat 3: dreimis190 ($103.70 in chips) 
Seat 4: z00mba ($100 in chips) 
Seat 5: Pippa83 ($108.82 in chips) 
Seat 6: radibay ($54.41 in chips) 
Pippa83: posts small blind $0.50
radibay: posts big blind $1
*** HOLE CARDS ***
MAO_DZEDYN_S: folds 
coeeeelho: folds 
dreimis190: folds 
z00mba: folds 
Pippa83: raises $2 to $3
radibay: folds 
Uncalled bet ($2) returned to Pippa83
Pippa83 collected $2 from pot
Pippa83: doesn't show hand 
*** SUMMARY ***
Total pot $2 | Rake $0 
Seat 1: MAO_DZEDYN_S folded before Flop (didn't bet)
Seat 2: coeeeelho folded before Flop (didn't bet)
Seat 3: dreimis190 folded before Flop (didn't bet)
Seat 4: z00mba (button) folded before Flop (didn't bet)
Seat 5: Pippa83 (small blind) collected ($2)
Seat 6: radibay (big blind) folded before Flop



PokerStars Hand #254673015161:  Hold'em No Limit ($0.50/$1.00 USD) - 2025/02/02 17:48:10 WET [2025/02/02 12:48:10 ET]
Table 'Recha' 6-max Seat #5 is the button
Seat 1: MAO_DZEDYN_S ($110.65 in chips) 
Seat 2: coeeeelho ($106.55 in chips) 
Seat 3: dreimis190 ($103.70 in chips) 
Seat 4: z00mba ($100 in chips) 
Seat 5: Pippa83 ($109.82 in chips) 
Seat 6: radibay ($53.41 in chips) 
radibay: posts small blind $0.50
MAO_DZEDYN_S: posts big blind $1
*** HOLE CARDS ***
coeeeelho: folds 
dreimis190: raises $1 to $2
z00mba: folds 
Pippa83: folds 
radibay: folds 
MAO_DZEDYN_S: calls $1
*** FLOP *** [Ks 2d Kc]
MAO_DZEDYN_S: checks 
dreimis190: bets $1.07
MAO_DZEDYN_S: folds 
Uncalled bet ($1.07) returned to dreimis190
dreimis190 collected $4.28 from pot
dreimis190: doesn't show hand 
*** SUMMARY ***
Total pot $4.50 | Rake $0.22 
Board [Ks 2d Kc]
Seat 1: MAO_DZEDYN_S (big blind) folded on the Flop
Seat 2: coeeeelho folded before Flop (didn't bet)
Seat 3: dreimis190 collected ($4.28)
Seat 4: z00mba folded before Flop (didn't bet)
Seat 5: Pippa83 (button) folded before Flop (didn't bet)
Seat 6: radibay (small blind) folded before Flop



PokerStars Hand #254673034015:  Hold'em No Limit ($0.50/$1.00 USD) - 2025/02/02 17:49:08 WET [2025/02/02 12:49:08 ET]
Table 'Recha' 6-max Seat #6 is the button
Seat 1: MAO_DZEDYN_S ($108.65 in chips) 
Seat 2: coeeeelho ($106.55 in chips) 
Seat 3: dreimis190 ($105.98 in chips) 
Seat 4: z00mba ($100 in chips) 
Seat 5: Pippa83 ($109.82 in chips) 
Seat 6: radibay ($52.91 in chips) 
MAO_DZEDYN_S: posts small blind $0.50
coeeeelho: posts big blind $1
*** HOLE CARDS ***
dreimis190: folds 
z00mba: raises $1.50 to $2.50
Pippa83: folds 
radibay: calls $2.50
MAO_DZEDYN_S: folds 
coeeeelho: folds 
*** FLOP *** [5d Jd 2d]
z00mba: bets $1.98
radibay: folds 
Uncalled bet ($1.98) returned to z00mba
z00mba collected $6.18 from pot
z00mba: doesn't show hand 
*** SUMMARY ***
Total pot $6.50 | Rake $0.32 
Board [5d Jd 2d]
Seat 1: MAO_DZEDYN_S (small blind) folded before Flop
Seat 2: coeeeelho (big blind) folded before Flop
Seat 3: dreimis190 folded before Flop (didn't bet)
Seat 4: z00mba collected ($6.18)
Seat 5: Pippa83 folded before Flop (didn't bet)
Seat 6: radibay (button) folded on the Flop



PokerStars Hand #254673051732:  Hold'em No Limit ($0.50/$1.00 USD) - 2025/02/02 17:50:03 WET [2025/02/02 12:50:03 ET]
Table 'Recha' 6-max Seat #1 is the button
Seat 1: MAO_DZEDYN_S ($108.15 in chips) 
Seat 2: coeeeelho ($105.55 in chips) 
Seat 3: dreimis190 ($105.98 in chips) 
Seat 4: z00mba ($103.68 in chips) 
Seat 5: Pippa83 ($109.82 in chips) 
Seat 6: radibay ($50.41 in chips) 
coeeeelho: posts small blind $0.50
dreimis190: posts big blind $1
*** HOLE CARDS ***
z00mba: folds 
Pippa83: folds 
radibay: folds 
MAO_DZEDYN_S: folds 
coeeeelho: raises $2 to $3
dreimis190: folds 
Uncalled bet ($2) returned to coeeeelho
coeeeelho collected $2 from pot
*** SUMMARY ***
Total pot $2 | Rake $0 
Seat 1: MAO_DZEDYN_S (button) folded before Flop (didn't bet)
Seat 2: coeeeelho (small blind) collected ($2)
Seat 3: dreimis190 (big blind) folded before Flop
Seat 4: z00mba folded before Flop (didn't bet)
Seat 5: Pippa83 folded before Flop (didn't bet)
Seat 6: radibay folded before Flop (didn't bet)



PokerStars Hand #254673059622:  Hold'em No Limit ($0.50/$1.00 USD) - 2025/02/02 17:50:27 WET [2025/02/02 12:50:27 ET]
Table 'Recha' 6-max Seat #2 is the button
Seat 4: z00mba ($103.68 in chips) is sitting out
Seat 1: MAO_DZEDYN_S ($108.15 in chips) 
Seat 2: coeeeelho ($106.55 in chips) 
Seat 3: dreimis190 ($104.98 in chips) 
Seat 5: Pippa83 ($109.82 in chips) 
Seat 6: radibay ($50.41 in chips) 
dreimis190: posts small blind $0.50
z00mba: is sitting out 
Pippa83: posts big blind $1
*** HOLE CARDS ***
radibay: calls $1
z00mba leaves the table
MAO_DZEDYN_S: folds 
coeeeelho: folds 
dreimis190: folds 
Pippa83: checks 
*** FLOP *** [Tc 9c 8s]
Pippa83: checks 
radibay: checks 
*** TURN *** [Tc 9c 8s] [4s]
Pippa83: checks 
radibay: checks 
*** RIVER *** [Tc 9c 8s 4s] [5s]
Pippa83: checks 
Magnodive joins the table at seat #4 
radibay: checks 
*** SHOW DOWN ***
Pippa83: shows [2s 4c] (a pair of Fours)
radibay: mucks hand 
Pippa83 collected $2.38 from pot
*** SUMMARY ***
Total pot $2.50 | Rake $0.12 
Board [Tc 9c 8s 4s 5s]
Seat 4: z00mba
Seat 1: MAO_DZEDYN_S folded before Flop (didn't bet)
Seat 2: coeeeelho (button) folded before Flop (didn't bet)
Seat 3: dreimis190 (small blind) folded before Flop
Seat 5: Pippa83 (big blind) showed [2s 4c] and won ($2.38) with a pair of Fours
Seat 6: radibay mucked



PokerStars Hand #254673073396:  Hold'em No Limit ($0.50/$1.00 USD) - 2025/02/02 17:51:11 WET [2025/02/02 12:51:11 ET]
Table 'Recha' 6-max Seat #3 is the button
Seat 4: Magnodive ($100 in chips) is sitting out
Seat 1: MAO_DZEDYN_S ($108.15 in chips) 
Seat 2: coeeeelho ($106.55 in chips) 
Seat 3: dreimis190 ($104.48 in chips) 
Seat 5: Pippa83 ($111.20 in chips) 
Seat 6: radibay ($49.41 in chips) 
Pippa83: posts small blind $0.50
radibay: posts big blind $1
*** HOLE CARDS ***
MAO_DZEDYN_S: folds 
coeeeelho: folds 
dreimis190: folds 
Pippa83: folds 
Uncalled bet ($0.50) returned to radibay
radibay collected $1 from pot
*** SUMMARY ***
Total pot $1 | Rake $0 
Seat 4: Magnodive
Seat 1: MAO_DZEDYN_S folded before Flop (didn't bet)
Seat 2: coeeeelho folded before Flop (didn't bet)
Seat 3: dreimis190 (button) folded before Flop (didn't bet)
Seat 5: Pippa83 (small blind) folded before Flop
Seat 6: radibay (big blind) collected ($1)



PokerStars Hand #254673082440:  Hold'em No Limit ($0.50/$1.00 USD) - 2025/02/02 17:51:39 WET [2025/02/02 12:51:39 ET]
Table 'Recha' 6-max Seat #5 is the button
Seat 4: Magnodive ($100 in chips) is sitting out
Seat 1: MAO_DZEDYN_S ($108.15 in chips) 
Seat 2: coeeeelho ($106.55 in chips) 
Seat 3: dreimis190 ($104.48 in chips) 
Seat 5: Pippa83 ($110.70 in chips) 
Seat 6: radibay ($49.91 in chips) 
radibay: posts small blind $0.50
MAO_DZEDYN_S: posts big blind $1
Magnodive: sits out 
*** HOLE CARDS ***
coeeeelho: folds 
dreimis190: folds 
Pippa83: raises $1.50 to $2.50
radibay: folds 
MAO_DZEDYN_S: raises $9.68 to $12.18
Pippa83: folds 
Uncalled bet ($9.68) returned to MAO_DZEDYN_S
MAO_DZEDYN_S collected $5.50 from pot
MAO_DZEDYN_S: doesn't show hand 
*** SUMMARY ***
Total pot $5.50 | Rake $0 
Seat 4: Magnodive
Seat 1: MAO_DZEDYN_S (big blind) collected ($5.50)
Seat 2: coeeeelho folded before Flop (didn't bet)
Seat 3: dreimis190 folded before Flop (didn't bet)
Seat 5: Pippa83 (button) folded before Flop
Seat 6: radibay (small blind) folded before Flop



PokerStars Hand #254673094258:  Hold'em No Limit ($0.50/$1.00 USD) - 2025/02/02 17:52:16 WET [2025/02/02 12:52:16 ET]
Table 'Recha' 6-max Seat #6 is the button
Seat 4: Magnodive ($100 in chips) is sitting out
Seat 1: MAO_DZEDYN_S ($111.15 in chips) 
Seat 2: coeeeelho ($106.55 in chips) 
Seat 3: dreimis190 ($104.48 in chips) 
Seat 5: Pippa83 ($108.20 in chips) 
Seat 6: radibay ($49.41 in chips) 
MAO_DZEDYN_S: posts small blind $0.50
coeeeelho: posts big blind $1
Magnodive: sits out 
*** HOLE CARDS ***
dreimis190: raises $1 to $2
Pippa83: folds 
radibay: folds 
MAO_DZEDYN_S: folds 
coeeeelho: folds 
Uncalled bet ($1) returned to dreimis190
dreimis190 collected $2.50 from pot
dreimis190: doesn't show hand 
*** SUMMARY ***
Total pot $2.50 | Rake $0 
Seat 4: Magnodive
Seat 1: MAO_DZEDYN_S (small blind) folded before Flop
Seat 2: coeeeelho (big blind) folded before Flop
Seat 3: dreimis190 collected ($2.50)
Seat 5: Pippa83 folded before Flop (didn't bet)
Seat 6: radibay (button) folded before Flop (didn't bet)



PokerStars Hand #254673098936:  Hold'em No Limit ($0.50/$1.00 USD) - 2025/02/02 17:52:30 WET [2025/02/02 12:52:30 ET]
Table 'Recha' 6-max Seat #1 is the button
Seat 4: Magnodive ($100 in chips) is sitting out
Seat 1: MAO_DZEDYN_S ($110.65 in chips) 
Seat 2: coeeeelho ($105.55 in chips) 
Seat 3: dreimis190 ($105.98 in chips) 
Seat 5: Pippa83 ($108.20 in chips) 
Seat 6: radibay ($49.41 in chips) 
coeeeelho: posts small blind $0.50
dreimis190: posts big blind $1
Magnodive: sits out 
*** HOLE CARDS ***
Pippa83: folds 
radibay: folds 
MAO_DZEDYN_S: raises $1.50 to $2.50
coeeeelho: raises $8.72 to $11.22
dreimis190: folds 
MAO_DZEDYN_S: calls $8.72
*** FLOP *** [7d 5s 3c]
coeeeelho: bets $11.13
MAO_DZEDYN_S: folds 
Uncalled bet ($11.13) returned to coeeeelho
coeeeelho collected $22.27 from pot
*** SUMMARY ***
Total pot $23.44 | Rake $1.17 
Board [7d 5s 3c]
Seat 4: Magnodive
Seat 1: MAO_DZEDYN_S (button) folded on the Flop
Seat 2: coeeeelho (small blind) collected ($22.27)
Seat 3: dreimis190 (big blind) folded before Flop
Seat 5: Pippa83 folded before Flop (didn't bet)
Seat 6: radibay folded before Flop (didn't bet)



PokerStars Hand #254673115794:  Hold'em No Limit ($0.50/$1.00 USD) - 2025/02/02 17:53:22 WET [2025/02/02 12:53:22 ET]
Table 'Recha' 6-max Seat #2 is the button
Seat 1: MAO_DZEDYN_S ($100 in chips) 
Seat 2: coeeeelho ($116.60 in chips) 
Seat 3: dreimis190 ($104.98 in chips) 
Seat 4: Magnodive ($100 in chips) 
Seat 5: Pippa83 ($108.20 in chips) 
Seat 6: radibay ($49.41 in chips) 
dreimis190: posts small blind $0.50
Magnodive: posts big blind $1
*** HOLE CARDS ***
Pippa83: raises $1.20 to $2.20
radibay: folds 
MAO_DZEDYN_S: folds 
coeeeelho: folds 
dreimis190: folds 
Magnodive: folds 
Uncalled bet ($1.20) returned to Pippa83
Pippa83 collected $2.50 from pot
Pippa83: doesn't show hand 
*** SUMMARY ***
Total pot $2.50 | Rake $0 
Seat 1: MAO_DZEDYN_S folded before Flop (didn't bet)
Seat 2: coeeeelho (button) folded before Flop (didn't bet)
Seat 3: dreimis190 (small blind) folded before Flop
Seat 4: Magnodive (big blind) folded before Flop
Seat 5: Pippa83 collected ($2.50)
Seat 6: radibay folded before Flop (didn't bet)



PokerStars Hand #254673122023:  Hold'em No Limit ($0.50/$1.00 USD) - 2025/02/02 17:53:42 WET [2025/02/02 12:53:42 ET]
Table 'Recha' 6-max Seat #3 is the button
Seat 1: MAO_DZEDYN_S ($100 in chips) 
Seat 2: coeeeelho ($116.60 in chips) 
Seat 3: dreimis190 ($104.48 in chips) 
Seat 4: Magnodive ($100 in chips) 
Seat 5: Pippa83 ($109.70 in chips) 
Seat 6: radibay ($49.41 in chips) 
Magnodive: posts small blind $0.50
Pippa83: posts big blind $1
*** HOLE CARDS ***
radibay: calls $1
MAO_DZEDYN_S: folds 
coeeeelho has timed out
coeeeelho: folds 
dreimis190: folds 
Magnodive: folds 
Pippa83: checks 
*** FLOP *** [Jd 2s Qd]
Pippa83: checks 
radibay: checks 
*** TURN *** [Jd 2s Qd] [8s]
Pippa83: checks 
radibay: checks 
*** RIVER *** [Jd 2s Qd 8s] [Jc]
Pippa83: bets $1.79
radibay: folds 
Uncalled bet ($1.79) returned to Pippa83
Pippa83 collected $2.38 from pot
Pippa83: doesn't show hand 
*** SUMMARY ***
Total pot $2.50 | Rake $0.12 
Board [Jd 2s Qd 8s Jc]
Seat 1: MAO_DZEDYN_S folded before Flop (didn't bet)
Seat 2: coeeeelho folded before Flop (didn't bet)
Seat 3: dreimis190 (button) folded before Flop (didn't bet)
Seat 4: Magnodive (small blind) folded before Flop
Seat 5: Pippa83 (big blind) collected ($2.38)
Seat 6: radibay folded on the River



PokerStars Hand #254673139466:  Hold'em No Limit ($0.50/$1.00 USD) - 2025/02/02 17:54:35 WET [2025/02/02 12:54:35 ET]
Table 'Recha' 6-max Seat #4 is the button
Seat 2: coeeeelho ($116.60 in chips) is sitting out
Seat 1: MAO_DZEDYN_S ($100 in chips) 
Seat 3: dreimis190 ($104.48 in chips) 
Seat 4: Magnodive ($100 in chips) 
Seat 5: Pippa83 ($111.08 in chips) 
Seat 6: radibay ($48.41 in chips) 
Pippa83: posts small blind $0.50
radibay: posts big blind $1
*** HOLE CARDS ***
MAO_DZEDYN_S: folds 
dreimis190: folds 
Magnodive: raises $1.50 to $2.50
Pippa83: folds 
radibay: folds 
Uncalled bet ($1.50) returned to Magnodive
Magnodive collected $2.50 from pot
Magnodive: doesn't show hand 
*** SUMMARY ***
Total pot $2.50 | Rake $0 
Seat 2: coeeeelho
Seat 1: MAO_DZEDYN_S folded before Flop (didn't bet)
Seat 3: dreimis190 folded before Flop (didn't bet)
Seat 4: Magnodive (button) collected ($2.50)
Seat 5: Pippa83 (small blind) folded before Flop
Seat 6: radibay (big blind) folded before Flop



PokerStars Hand #254673144392:  Hold'em No Limit ($0.50/$1.00 USD) - 2025/02/02 17:54:51 WET [2025/02/02 12:54:51 ET]
Table 'Recha' 6-max Seat #5 is the button
Seat 2: coeeeelho ($116.60 in chips) is sitting out
Seat 1: MAO_DZEDYN_S ($100 in chips) 
Seat 3: dreimis190 ($104.48 in chips) 
Seat 4: Magnodive ($101.50 in chips) 
Seat 5: Pippa83 ($110.58 in chips) 
Seat 6: radibay ($47.41 in chips) 
radibay: posts small blind $0.50
MAO_DZEDYN_S: posts big blind $1
*** HOLE CARDS ***
dreimis190: folds 
Magnodive: folds 
Pippa83: folds 
radibay: calls $0.50
MAO_DZEDYN_S: checks 
*** FLOP *** [Ac 2s 3c]
radibay: checks 
MAO_DZEDYN_S: checks 
*** TURN *** [Ac 2s 3c] [8s]
radibay: checks 
MAO_DZEDYN_S: checks 
*** RIVER *** [Ac 2s 3c 8s] [9s]
radibay: checks 
MAO_DZEDYN_S: bets $1
radibay: folds 
Uncalled bet ($1) returned to MAO_DZEDYN_S
MAO_DZEDYN_S collected $1.90 from pot
MAO_DZEDYN_S: doesn't show hand 
*** SUMMARY ***
Total pot $2 | Rake $0.10 
Board [Ac 2s 3c 8s 9s]
Seat 2: coeeeelho
Seat 1: MAO_DZEDYN_S (big blind) collected ($1.90)
Seat 3: dreimis190 folded before Flop (didn't bet)
Seat 4: Magnodive folded before Flop (didn't bet)
Seat 5: Pippa83 (button) folded before Flop (didn't bet)
Seat 6: radibay (small blind) folded on the River



PokerStars Hand #254673161242:  Hold'em No Limit ($0.50/$1.00 USD) - 2025/02/02 17:56:04 WET [2025/02/02 12:56:04 ET]
Table 'Recha' 6-max Seat #6 is the button
Seat 1: MAO_DZEDYN_S ($100.90 in chips) 
Seat 2: coeeeelho ($116.60 in chips) 
Seat 3: dreimis190 ($104.48 in chips) 
Seat 4: Magnodive ($101.50 in chips) 
Seat 5: Pippa83 ($110.58 in chips) 
Seat 6: radibay ($46.41 in chips) 
MAO_DZEDYN_S: posts small blind $0.50
coeeeelho: posts big blind $1
*** HOLE CARDS ***
dreimis190: folds 
Magnodive: folds 
Pippa83: folds 
radibay: folds 
MAO_DZEDYN_S: raises $2 to $3
coeeeelho: raises $7 to $10
MAO_DZEDYN_S: folds 
Uncalled bet ($7) returned to coeeeelho
coeeeelho collected $6 from pot
*** SUMMARY ***
Total pot $6 | Rake $0 
Seat 1: MAO_DZEDYN_S (small blind) folded before Flop
Seat 2: coeeeelho (big blind) collected ($6)
Seat 3: dreimis190 folded before Flop (didn't bet)
Seat 4: Magnodive folded before Flop (didn't bet)
Seat 5: Pippa83 folded before Flop (didn't bet)
Seat 6: radibay (button) folded before Flop (didn't bet)



PokerStars Hand #254673165849:  Hold'em No Limit ($0.50/$1.00 USD) - 2025/02/02 17:56:27 WET [2025/02/02 12:56:27 ET]
Table 'Recha' 6-max Seat #1 is the button
Seat 1: MAO_DZEDYN_S ($100 in chips) 
Seat 2: coeeeelho ($119.60 in chips) 
Seat 3: dreimis190 ($104.48 in chips) 
Seat 4: Magnodive ($101.50 in chips) 
Seat 5: Pippa83 ($110.58 in chips) 
Seat 6: radibay ($46.41 in chips) 
coeeeelho: posts small blind $0.50
dreimis190: posts big blind $1
*** HOLE CARDS ***
Magnodive: folds 
Pippa83: folds 
radibay: folds 
MAO_DZEDYN_S: raises $1.50 to $2.50
coeeeelho: raises $8.72 to $11.22
dreimis190: folds 
MAO_DZEDYN_S: folds 
Uncalled bet ($8.72) returned to coeeeelho
coeeeelho collected $6 from pot
*** SUMMARY ***
Total pot $6 | Rake $0 
Seat 1: MAO_DZEDYN_S (button) folded before Flop
Seat 2: coeeeelho (small blind) collected ($6)
Seat 3: dreimis190 (big blind) folded before Flop
Seat 4: Magnodive folded before Flop (didn't bet)
Seat 5: Pippa83 folded before Flop (didn't bet)
Seat 6: radibay folded before Flop (didn't bet)



PokerStars Hand #254673173256:  Hold'em No Limit ($0.50/$1.00 USD) - 2025/02/02 17:57:04 WET [2025/02/02 12:57:04 ET]
Table 'Recha' 6-max Seat #2 is the button
Seat 1: MAO_DZEDYN_S ($100 in chips) 
Seat 2: coeeeelho ($123.10 in chips) 
Seat 3: dreimis190 ($103.48 in chips) 
Seat 4: Magnodive ($101.50 in chips) 
Seat 5: Pippa83 ($110.58 in chips) 
Seat 6: radibay ($46.41 in chips) 
dreimis190: posts small blind $0.50
Magnodive: posts big blind $1
*** HOLE CARDS ***
Pippa83: raises $1.20 to $2.20
radibay: folds 
MAO_DZEDYN_S: folds 
coeeeelho: folds 
dreimis190: folds 
Magnodive: calls $1.20
*** FLOP *** [2h Ad 4s]
Magnodive: checks 
Pippa83: bets $1.54
radibay leaves the table
Magnodive: calls $1.54
*** TURN *** [2h Ad 4s] [Qc]
Magnodive: checks 
Pippa83: checks 
*** RIVER *** [2h Ad 4s Qc] [Qs]
Magnodive: checks 
Pippa83: checks 
*** SHOW DOWN ***
Magnodive: shows [Qd As] (a full house, Queens full of Aces)
Pippa83: mucks hand 
Magnodive collected $7.58 from pot
*** SUMMARY ***
Total pot $7.98 | Rake $0.40 
Board [2h Ad 4s Qc Qs]
Seat 1: MAO_DZEDYN_S folded before Flop (didn't bet)
Seat 2: coeeeelho (button) folded before Flop (didn't bet)
Seat 3: dreimis190 (small blind) folded before Flop
Seat 4: Magnodive (big blind) showed [Qd As] and won ($7.58) with a full house, Queens full of Aces
Seat 5: Pippa83 mucked
Seat 6: radibay folded before Flop (didn't bet)



PokerStars Hand #254673186100:  Hold'em No Limit ($0.50/$1.00 USD) - 2025/02/02 17:58:07 WET [2025/02/02 12:58:07 ET]
Table 'Recha' 6-max Seat #3 is the button
Seat 1: MAO_DZEDYN_S ($100 in chips) 
Seat 2: coeeeelho ($123.10 in chips) 
Seat 3: dreimis190 ($102.98 in chips) 
Seat 4: Magnodive ($105.34 in chips) 
Seat 5: Pippa83 ($106.84 in chips) 
Magnodive: posts small blind $0.50
Pippa83: posts big blind $1
*** HOLE CARDS ***
MAO_DZEDYN_S: folds 
coeeeelho: folds 
dreimis190: raises $1.50 to $2.50
Magnodive: folds 
Pippa83: folds 
Uncalled bet ($1.50) returned to dreimis190
dreimis190 collected $2.50 from pot
dreimis190: doesn't show hand 
*** SUMMARY ***
Total pot $2.50 | Rake $0 
Seat 1: MAO_DZEDYN_S folded before Flop (didn't bet)
Seat 2: coeeeelho folded before Flop (didn't bet)
Seat 3: dreimis190 (button) collected ($2.50)
Seat 4: Magnodive (small blind) folded before Flop
Seat 5: Pippa83 (big blind) folded before Flop



PokerStars Hand #254673188595:  Hold'em No Limit ($0.50/$1.00 USD) - 2025/02/02 17:58:20 WET [2025/02/02 12:58:20 ET]
Table 'Recha' 6-max Seat #4 is the button
Seat 1: MAO_DZEDYN_S ($100 in chips) is sitting out
Seat 2: coeeeelho ($123.10 in chips) 
Seat 3: dreimis190 ($104.48 in chips) 
Seat 4: Magnodive ($104.84 in chips) 
Seat 5: Pippa83 ($105.84 in chips) 
Pippa83: posts small blind $0.50
MAO_DZEDYN_S: is sitting out 
coeeeelho: posts big blind $1
*** HOLE CARDS ***
dreimis190: folds 
dreimis190 leaves the table
MAO_DZEDYN_S leaves the table
Magnodive: raises $1.50 to $2.50
Pippa83: folds 
coeeeelho: folds 
Uncalled bet ($1.50) returned to Magnodive
Magnodive collected $2.50 from pot
Magnodive: doesn't show hand 
*** SUMMARY ***
Total pot $2.50 | Rake $0 
Seat 1: MAO_DZEDYN_S
Seat 2: coeeeelho (big blind) folded before Flop
Seat 3: dreimis190 folded before Flop (didn't bet)
Seat 4: Magnodive (button) collected ($2.50)
Seat 5: Pippa83 (small blind) folded before Flop



PokerStars Hand #254673191005:  Hold'em No Limit ($0.50/$1.00 USD) - 2025/02/02 17:58:31 WET [2025/02/02 12:58:31 ET]
Table 'Recha' 6-max Seat #5 is the button
Seat 2: coeeeelho ($122.10 in chips) 
Seat 4: Magnodive ($106.34 in chips) 
Seat 5: Pippa83 ($105.34 in chips) 
coeeeelho: posts small blind $0.50
Magnodive: posts big blind $1
*** HOLE CARDS ***
Pippa83: folds 
Pippa83 leaves the table
coeeeelho: raises $2 to $3
Magnodive: folds 
Uncalled bet ($2) returned to coeeeelho
coeeeelho collected $2 from pot
*** SUMMARY ***
Total pot $2 | Rake $0 
Seat 2: coeeeelho (small blind) collected ($2)
Seat 4: Magnodive (big blind) folded before Flop
Seat 5: Pippa83 (button) folded before Flop (didn't bet)



