PokerStars Hand #254679715391:  Hold'em No Limit ($0.50/$1.00 USD) - 2025/02/02 23:20:04 WET [2025/02/02 18:20:04 ET]
Table 'Fanatica' 6-max Seat #4 is the button
Seat 1: Magnodive ($100 in chips) 
Seat 2: Kushbros ($72.04 in chips) 
Seat 4: ReVeu710 ($100 in chips) 
Seat 5: Manifestorr ($100 in chips) 
Seat 6: pr0tecto ($100 in chips) 
Manifestorr: posts small blind $0.50
pr0tecto: posts big blind $1
*** HOLE CARDS ***
Magnodive: folds 
Kushbros: folds 
ReVeu710: raises $1.50 to $2.50
Manifestorr: folds 
pr0tecto: calls $1.50
*** FLOP *** [Ad Qh 3h]
pr0tecto: checks 
ReVeu710: checks 
*** TURN *** [Ad Qh 3h] [4s]
pr0tecto: checks 
z00mba joins the table at seat #3 
ReVeu710: bets $5.27
pr0tecto: folds 
Uncalled bet ($5.27) returned to ReVeu710
ReVeu710 collected $5.22 from pot
ReVeu710: doesn't show hand 
*** SUMMARY ***
Total pot $5.50 | Rake $0.28 
Board [Ad Qh 3h 4s]
Seat 1: Magnodive folded before Flop (didn't bet)
Seat 2: Kushbros folded before Flop (didn't bet)
Seat 4: ReVeu710 (button) collected ($5.22)
Seat 5: Manifestorr (small blind) folded before Flop
Seat 6: pr0tecto (big blind) folded on the Turn



PokerStars Hand #254679729250:  Hold'em No Limit ($0.50/$1.00 USD) - 2025/02/02 23:20:56 WET [2025/02/02 18:20:56 ET]
Table 'Fanatica' 6-max Seat #5 is the button
Seat 3: z00mba ($100 in chips) is sitting out
Seat 1: Magnodive ($100 in chips) 
Seat 2: Kushbros ($72.04 in chips) 
Seat 4: ReVeu710 ($102.72 in chips) 
Seat 5: Manifestorr ($100 in chips) 
Seat 6: pr0tecto ($100 in chips) 
pr0tecto: posts small blind $0.50
Magnodive: posts big blind $1
z00mba: sits out 
*** HOLE CARDS ***
Kushbros: folds 
ReVeu710: folds 
Manifestorr: folds 
pr0tecto: raises $1.24 to $2.24
Magnodive: calls $1.24
*** FLOP *** [9d 3h 5h]
pr0tecto: checks 
Magnodive: checks 
*** TURN *** [9d 3h 5h] [Qh]
pr0tecto: checks 
Magnodive: checks 
*** RIVER *** [9d 3h 5h Qh] [Jh]
pr0tecto: checks 
Magnodive: checks 
*** SHOW DOWN ***
pr0tecto: shows [7s 5d] (a pair of Fives)
Magnodive: shows [7c Js] (a pair of Jacks)
Magnodive collected $4.26 from pot
*** SUMMARY ***
Total pot $4.48 | Rake $0.22 
Board [9d 3h 5h Qh Jh]
Seat 3: z00mba
Seat 1: Magnodive (big blind) showed [7c Js] and won ($4.26) with a pair of Jacks
Seat 2: Kushbros folded before Flop (didn't bet)
Seat 4: ReVeu710 folded before Flop (didn't bet)
Seat 5: Manifestorr (button) folded before Flop (didn't bet)
Seat 6: pr0tecto (small blind) showed [7s 5d] and lost with a pair of Fives



PokerStars Hand #254679744068:  Hold'em No Limit ($0.50/$1.00 USD) - 2025/02/02 23:21:50 WET [2025/02/02 18:21:50 ET]
Table 'Fanatica' 6-max Seat #6 is the button
Seat 3: z00mba ($100 in chips) is sitting out
Seat 1: Magnodive ($102.02 in chips) 
Seat 2: Kushbros ($72.04 in chips) 
Seat 4: ReVeu710 ($102.72 in chips) 
Seat 5: Manifestorr ($100 in chips) 
Seat 6: pr0tecto ($100 in chips) 
Magnodive: posts small blind $0.50
Kushbros: posts big blind $1
z00mba: sits out 
*** HOLE CARDS ***
ReVeu710: folds 
Manifestorr: folds 
pr0tecto: folds 
Magnodive: folds 
Uncalled bet ($0.50) returned to Kushbros
Kushbros collected $1 from pot
Kushbros: shows [Ks 7d] (high card King)
*** SUMMARY ***
Total pot $1 | Rake $0 
Seat 3: z00mba
Seat 1: Magnodive (small blind) folded before Flop
Seat 2: Kushbros (big blind) collected ($1)
Seat 4: ReVeu710 folded before Flop (didn't bet)
Seat 5: Manifestorr folded before Flop (didn't bet)
Seat 6: pr0tecto (button) folded before Flop (didn't bet)



PokerStars Hand #254679746437:  Hold'em No Limit ($0.50/$1.00 USD) - 2025/02/02 23:21:59 WET [2025/02/02 18:21:59 ET]
Table 'Fanatica' 6-max Seat #1 is the button
Seat 1: Magnodive ($101.52 in chips) 
Seat 2: Kushbros ($72.54 in chips) 
Seat 3: z00mba ($100 in chips) 
Seat 4: ReVeu710 ($102.72 in chips) 
Seat 5: Manifestorr ($100 in chips) 
Seat 6: pr0tecto ($100 in chips) 
Kushbros: posts small blind $0.50
z00mba: posts big blind $1
*** HOLE CARDS ***
ReVeu710: folds 
Manifestorr: folds 
pr0tecto: raises $1.20 to $2.20
Magnodive: folds 
Kushbros: folds 
z00mba: raises $9.30 to $11.50
pr0tecto: calls $9.30
*** FLOP *** [7s 8s 6h]
z00mba: checks 
pr0tecto: checks 
*** TURN *** [7s 8s 6h] [9s]
z00mba: checks 
pr0tecto: checks 
*** RIVER *** [7s 8s 6h 9s] [5s]
z00mba: checks 
pr0tecto: checks 
*** SHOW DOWN ***
z00mba: shows [Ad Ks] (a flush, King high)
pr0tecto: mucks hand 
z00mba collected $22.32 from pot
*** SUMMARY ***
Total pot $23.50 | Rake $1.18 
Board [7s 8s 6h 9s 5s]
Seat 1: Magnodive (button) folded before Flop (didn't bet)
Seat 2: Kushbros (small blind) folded before Flop
Seat 3: z00mba (big blind) showed [Ad Ks] and won ($22.32) with a flush, King high
Seat 4: ReVeu710 folded before Flop (didn't bet)
Seat 5: Manifestorr folded before Flop (didn't bet)
Seat 6: pr0tecto mucked



PokerStars Hand #254679762032:  Hold'em No Limit ($0.50/$1.00 USD) - 2025/02/02 23:22:57 WET [2025/02/02 18:22:57 ET]
Table 'Fanatica' 6-max Seat #2 is the button
Seat 1: Magnodive ($101.52 in chips) 
Seat 2: Kushbros ($72.04 in chips) 
Seat 3: z00mba ($110.82 in chips) 
Seat 4: ReVeu710 ($102.72 in chips) 
Seat 5: Manifestorr ($100 in chips) 
Seat 6: pr0tecto ($100 in chips) 
z00mba: posts small blind $0.50
ReVeu710: posts big blind $1
*** HOLE CARDS ***
Manifestorr: raises $1.20 to $2.20
pr0tecto: folds 
Magnodive: folds 
Kushbros: folds 
z00mba: folds 
ReVeu710: folds 
Uncalled bet ($1.20) returned to Manifestorr
Manifestorr collected $2.50 from pot
*** SUMMARY ***
Total pot $2.50 | Rake $0 
Seat 1: Magnodive folded before Flop (didn't bet)
Seat 2: Kushbros (button) folded before Flop (didn't bet)
Seat 3: z00mba (small blind) folded before Flop
Seat 4: ReVeu710 (big blind) folded before Flop
Seat 5: Manifestorr collected ($2.50)
Seat 6: pr0tecto folded before Flop (didn't bet)



PokerStars Hand #254679799835:  Hold'em No Limit ($0.50/$1.00 USD) - 2025/02/02 23:25:15 WET [2025/02/02 18:25:15 ET]
Table 'Fanatica' 6-max Seat #2 is the button
Seat 1: Tibibacsi ($100 in chips) is sitting out
Seat 4: ReVeu710 ($121.18 in chips) is sitting out
Seat 2: Kushbros ($53.43 in chips) 
Seat 3: z00mba ($109.32 in chips) 
Seat 5: Nutt94 ($39.22 in chips) 
Seat 6: pr0tecto ($100 in chips) 
z00mba: posts small blind $0.50
ReVeu710: is sitting out 
Nutt94: posts big blind $1
Tibibacsi: sits out 
*** HOLE CARDS ***
pr0tecto: raises $1.20 to $2.20
Kushbros: calls $2.20
z00mba: folds 
Nutt94: folds 
*** FLOP *** [4s 4h 6h]
pr0tecto: bets $1.85
Kushbros: calls $1.85
*** TURN *** [4s 4h 6h] [8h]
pr0tecto: checks 
Kushbros: checks 
*** RIVER *** [4s 4h 6h 8h] [Ac]
pr0tecto: checks 
Kushbros: checks 
*** SHOW DOWN ***
pr0tecto: shows [9c 6c] (two pair, Sixes and Fours)
Kushbros: shows [Ah Qc] (two pair, Aces and Fours)
Kushbros collected $9.12 from pot
*** SUMMARY ***
Total pot $9.60 | Rake $0.48 
Board [4s 4h 6h 8h Ac]
Seat 1: Tibibacsi
Seat 4: ReVeu710
Seat 2: Kushbros (button) showed [Ah Qc] and won ($9.12) with two pair, Aces and Fours
Seat 3: z00mba (small blind) folded before Flop
Seat 5: Nutt94 (big blind) folded before Flop
Seat 6: pr0tecto showed [9c 6c] and lost with two pair, Sixes and Fours



PokerStars Hand #254679807185:  Hold'em No Limit ($0.50/$1.00 USD) - 2025/02/02 23:25:42 WET [2025/02/02 18:25:42 ET]
Table 'Fanatica' 6-max Seat #3 is the button
Seat 1: Tibibacsi ($100 in chips) is sitting out
Seat 4: ReVeu710 ($121.18 in chips) is sitting out
Seat 2: Kushbros ($58.50 in chips) 
Seat 3: z00mba ($108.82 in chips) 
Seat 5: Nutt94 ($38.22 in chips) 
Seat 6: pr0tecto ($100 in chips) 
Nutt94: posts small blind $0.50
pr0tecto: posts big blind $1
Tibibacsi: sits out 
*** HOLE CARDS ***
Kushbros: folds 
z00mba: folds 
Nutt94: calls $0.50
pr0tecto: checks 
*** FLOP *** [9s Ac 5s]
Nutt94: checks 
pr0tecto: checks 
*** TURN *** [9s Ac 5s] [8h]
Nutt94: checks 
pr0tecto: checks 
*** RIVER *** [9s Ac 5s 8h] [As]
Nutt94: bets $7
pr0tecto: folds 
Uncalled bet ($7) returned to Nutt94
Nutt94 collected $1.90 from pot
*** SUMMARY ***
Total pot $2 | Rake $0.10 
Board [9s Ac 5s 8h As]
Seat 1: Tibibacsi
Seat 4: ReVeu710
Seat 2: Kushbros folded before Flop (didn't bet)
Seat 3: z00mba (button) folded before Flop (didn't bet)
Seat 5: Nutt94 (small blind) collected ($1.90)
Seat 6: pr0tecto (big blind) folded on the River



PokerStars Hand #254679816193:  Hold'em No Limit ($0.50/$1.00 USD) - 2025/02/02 23:26:15 WET [2025/02/02 18:26:15 ET]
Table 'Fanatica' 6-max Seat #5 is the button
Seat 4: ReVeu710 ($121.18 in chips) is sitting out
Seat 1: Tibibacsi ($100 in chips) 
Seat 2: Kushbros ($58.50 in chips) 
Seat 3: z00mba ($108.82 in chips) 
Seat 5: Nutt94 ($39.12 in chips) 
Seat 6: pr0tecto ($99 in chips) 
pr0tecto: posts small blind $0.50
Tibibacsi: posts big blind $1
ReVeu710: sits out 
*** HOLE CARDS ***
Kushbros: folds 
z00mba: folds 
Nutt94: folds 
pr0tecto: raises $1.24 to $2.24
Tibibacsi: folds 
Uncalled bet ($1.24) returned to pr0tecto
pr0tecto collected $2 from pot
pr0tecto: doesn't show hand 
*** SUMMARY ***
Total pot $2 | Rake $0 
Seat 4: ReVeu710
Seat 1: Tibibacsi (big blind) folded before Flop
Seat 2: Kushbros folded before Flop (didn't bet)
Seat 3: z00mba folded before Flop (didn't bet)
Seat 5: Nutt94 (button) folded before Flop (didn't bet)
Seat 6: pr0tecto (small blind) collected ($2)



PokerStars Hand #254679819667:  Hold'em No Limit ($0.50/$1.00 USD) - 2025/02/02 23:26:28 WET [2025/02/02 18:26:28 ET]
Table 'Fanatica' 6-max Seat #6 is the button
Seat 4: ReVeu710 ($121.18 in chips) is sitting out
Seat 1: Tibibacsi ($100 in chips) 
Seat 2: Kushbros ($58.50 in chips) 
Seat 3: z00mba ($108.82 in chips) 
Seat 5: Nutt94 ($39.12 in chips) 
Seat 6: pr0tecto ($100 in chips) 
Tibibacsi: posts small blind $0.50
Kushbros: posts big blind $1
ReVeu710: sits out 
*** HOLE CARDS ***
z00mba: folds 
Nutt94: calls $1
pr0tecto: folds 
Tibibacsi: folds 
Kushbros: checks 
*** FLOP *** [Td 8c Js]
Kushbros: checks 
Nutt94: checks 
*** TURN *** [Td 8c Js] [8h]
Kushbros: bets $1
Nutt94: calls $1
*** RIVER *** [Td 8c Js 8h] [9h]
Kushbros: bets $11
Nutt94: raises $11 to $22
Kushbros: calls $11
*** SHOW DOWN ***
Nutt94: shows [6s Qc] (a straight, Eight to Queen)
Kushbros: mucks hand 
Nutt94 collected $46.08 from pot
*** SUMMARY ***
Total pot $48.50 | Rake $2.42 
Board [Td 8c Js 8h 9h]
Seat 4: ReVeu710
Seat 1: Tibibacsi (small blind) folded before Flop
Seat 2: Kushbros (big blind) mucked
Seat 3: z00mba folded before Flop (didn't bet)
Seat 5: Nutt94 showed [6s Qc] and won ($46.08) with a straight, Eight to Queen
Seat 6: pr0tecto (button) folded before Flop (didn't bet)



PokerStars Hand #254679836440:  Hold'em No Limit ($0.50/$1.00 USD) - 2025/02/02 23:27:30 WET [2025/02/02 18:27:30 ET]
Table 'Fanatica' 6-max Seat #1 is the button
Seat 4: ReVeu710 ($121.18 in chips) is sitting out
Seat 1: Tibibacsi ($100 in chips) 
Seat 2: Kushbros ($34.50 in chips) 
Seat 3: z00mba ($108.82 in chips) 
Seat 5: Nutt94 ($61.20 in chips) 
Seat 6: pr0tecto ($100 in chips) 
Kushbros: posts small blind $0.50
z00mba: posts big blind $1
ReVeu710: sits out 
*** HOLE CARDS ***
Nutt94: folds 
pr0tecto: folds 
Tibibacsi: raises $1.50 to $2.50
Kushbros: folds 
z00mba: calls $1.50
*** FLOP *** [3d 2d As]
Nutt94 leaves the table
z00mba: checks 
ReVeu710 leaves the table
Tibibacsi: bets $3.50
Dante21b joins the table at seat #4 
z00mba: folds 
Uncalled bet ($3.50) returned to Tibibacsi
Tibibacsi collected $5.22 from pot
Tibibacsi: doesn't show hand 
*** SUMMARY ***
Total pot $5.50 | Rake $0.28 
Board [3d 2d As]
Seat 4: ReVeu710
Seat 1: Tibibacsi (button) collected ($5.22)
Seat 2: Kushbros (small blind) folded before Flop
Seat 3: z00mba (big blind) folded on the Flop
Seat 5: Nutt94 folded before Flop (didn't bet)
Seat 6: pr0tecto folded before Flop (didn't bet)



PokerStars Hand #254679847105:  Hold'em No Limit ($0.50/$1.00 USD) - 2025/02/02 23:28:10 WET [2025/02/02 18:28:10 ET]
Table 'Fanatica' 6-max Seat #2 is the button
Seat 1: Tibibacsi ($102.72 in chips) 
Seat 2: Kushbros ($34 in chips) 
Seat 3: z00mba ($106.32 in chips) 
Seat 4: Dante21b ($100 in chips) 
Seat 6: pr0tecto ($100 in chips) 
z00mba: posts small blind $0.50
Dante21b: posts big blind $1
*** HOLE CARDS ***
pr0tecto: folds 
Tibibacsi: raises $1 to $2
Kushbros: folds 
z00mba: folds 
Dante21b: folds 
Uncalled bet ($1) returned to Tibibacsi
Tibibacsi collected $2.50 from pot
Tibibacsi: doesn't show hand 
*** SUMMARY ***
Total pot $2.50 | Rake $0 
Seat 1: Tibibacsi collected ($2.50)
Seat 2: Kushbros (button) folded before Flop (didn't bet)
Seat 3: z00mba (small blind) folded before Flop
Seat 4: Dante21b (big blind) folded before Flop
Seat 6: pr0tecto folded before Flop (didn't bet)



PokerStars Hand #254679853351:  Hold'em No Limit ($0.50/$1.00 USD) - 2025/02/02 23:28:33 WET [2025/02/02 18:28:33 ET]
Table 'Fanatica' 6-max Seat #3 is the button
Seat 1: Tibibacsi ($104.22 in chips) is sitting out
Seat 6: pr0tecto ($100 in chips) is sitting out
Seat 2: Kushbros ($34 in chips) 
Seat 3: z00mba ($105.82 in chips) 
Seat 4: Dante21b ($99 in chips) 
Dante21b: posts small blind $0.50
pr0tecto: is sitting out 
Tibibacsi: is sitting out 
Kushbros: posts big blind $1
*** HOLE CARDS ***
z00mba: raises $1.50 to $2.50
Tibibacsi leaves the table
vadjkeee joins the table at seat #5 
pr0tecto leaves the table
Dante21b: folds 
Kushbros: calls $1.50
*** FLOP *** [7c 2d 7s]
Kushbros: checks 
z00mba: checks 
*** TURN *** [7c 2d 7s] [Ts]
Kushbros: checks 
z00mba: checks 
*** RIVER *** [7c 2d 7s Ts] [6h]
Kushbros: bets $1
z00mba: folds 
Uncalled bet ($1) returned to Kushbros
Kushbros collected $5.22 from pot
*** SUMMARY ***
Total pot $5.50 | Rake $0.28 
Board [7c 2d 7s Ts 6h]
Seat 1: Tibibacsi
Seat 6: pr0tecto
Seat 2: Kushbros (big blind) collected ($5.22)
Seat 3: z00mba (button) folded on the River
Seat 4: Dante21b (small blind) folded before Flop



PokerStars Hand #254679864032:  Hold'em No Limit ($0.50/$1.00 USD) - 2025/02/02 23:29:13 WET [2025/02/02 18:29:13 ET]
Table 'Fanatica' 6-max Seat #2 is the button
Seat 3: z00mba ($103.32 in chips) is sitting out
Seat 5: vadjkeee ($100 in chips) is sitting out
Seat 2: Kushbros ($36.72 in chips) 
Seat 4: Dante21b ($98.50 in chips) 
Kushbros: posts small blind $0.50
z00mba: is sitting out 
Dante21b: posts big blind $1
*** HOLE CARDS ***
Kushbros: folds 
Uncalled bet ($0.50) returned to Dante21b
Dante21b collected $1 from pot
Dante21b: doesn't show hand 
*** SUMMARY ***
Total pot $1 | Rake $0 
Seat 3: z00mba
Seat 5: vadjkeee
Seat 2: Kushbros (button) (small blind) folded before Flop
Seat 4: Dante21b (big blind) collected ($1)



PokerStars Hand #254679865797:  Hold'em No Limit ($0.50/$1.00 USD) - 2025/02/02 23:29:20 WET [2025/02/02 18:29:20 ET]
Table 'Fanatica' 6-max Seat #2 is the button
Seat 3: z00mba ($103.32 in chips) is sitting out
Seat 2: Kushbros ($36.22 in chips) 
Seat 4: Dante21b ($99 in chips) 
Seat 5: vadjkeee ($100 in chips) 
Dante21b: posts small blind $0.50
vadjkeee: posts big blind $1
*** HOLE CARDS ***
Kushbros: folds 
Dante21b: folds 
Uncalled bet ($0.50) returned to vadjkeee
vadjkeee collected $1 from pot
vadjkeee: doesn't show hand 
*** SUMMARY ***
Total pot $1 | Rake $0 
Seat 3: z00mba
Seat 2: Kushbros (button) folded before Flop (didn't bet)
Seat 4: Dante21b (small blind) folded before Flop
Seat 5: vadjkeee (big blind) collected ($1)



PokerStars Hand #254679868108:  Hold'em No Limit ($0.50/$1.00 USD) - 2025/02/02 23:29:29 WET [2025/02/02 18:29:29 ET]
Table 'Fanatica' 6-max Seat #4 is the button
Seat 3: z00mba ($103.32 in chips) is sitting out
Seat 2: Kushbros ($36.22 in chips) 
Seat 4: Dante21b ($98.50 in chips) 
Seat 5: vadjkeee ($100.50 in chips) 
vadjkeee: posts small blind $0.50
Kushbros: posts big blind $1
*** HOLE CARDS ***
Dante21b: raises $1.50 to $2.50
vadjkeee: raises $9.50 to $12
z00mba leaves the table
Kushbros: folds 
Dante21b: raises $13.50 to $25.50
vadjkeee: raises $75 to $100.50 and is all-in
Dante21b: calls $73 and is all-in
Uncalled bet ($2) returned to vadjkeee
*** FLOP *** [3s Qh 8h]
*** TURN *** [3s Qh 8h] [Jc]
*** RIVER *** [3s Qh 8h Jc] [Th]
*** SHOW DOWN ***
vadjkeee: shows [As Kd] (a straight, Ten to Ace)
Dante21b: shows [Ad Kh] (a straight, Ten to Ace)
vadjkeee collected $98.50 from pot
Dante21b collected $98.50 from pot
*** SUMMARY ***
Total pot $198 | Rake $1 
Board [3s Qh 8h Jc Th]
Seat 3: z00mba
Seat 2: Kushbros (big blind) folded before Flop
Seat 4: Dante21b (button) showed [Ad Kh] and won ($98.50) with a straight, Ten to Ace
Seat 5: vadjkeee (small blind) showed [As Kd] and won ($98.50) with a straight, Ten to Ace



PokerStars Hand #254679879266:  Hold'em No Limit ($0.50/$1.00 USD) - 2025/02/02 23:30:10 WET [2025/02/02 18:30:10 ET]
Table 'Fanatica' 6-max Seat #5 is the button
Seat 2: Kushbros ($35.22 in chips) 
Seat 4: Dante21b ($98.50 in chips) 
Seat 5: vadjkeee ($100.50 in chips) 
Kushbros: posts small blind $0.50
Dante21b: posts big blind $1
*** HOLE CARDS ***
vadjkeee: folds 
vadjkeee leaves the table
Kushbros: raises $1 to $2
Dante21b: folds 
Uncalled bet ($1) returned to Kushbros
Kushbros collected $2 from pot
*** SUMMARY ***
Total pot $2 | Rake $0 
Seat 2: Kushbros (small blind) collected ($2)
Seat 4: Dante21b (big blind) folded before Flop
Seat 5: vadjkeee (button) folded before Flop (didn't bet)



PokerStars Hand #254679882887:  Hold'em No Limit ($0.50/$1.00 USD) - 2025/02/02 23:30:23 WET [2025/02/02 18:30:23 ET]
Table 'Fanatica' 6-max Seat #4 is the button
Seat 2: Kushbros ($36.22 in chips) 
Seat 4: Dante21b ($97.50 in chips) 
Dante21b: posts small blind $0.50
Kushbros: posts big blind $1
*** HOLE CARDS ***
Dante21b: raises $1.50 to $2.50
Kushbros: calls $1.50
*** FLOP *** [Jc 8h Tc]
Kushbros: checks 
Dante21b: checks 
*** TURN *** [Jc 8h Tc] [Qs]
Kushbros: bets $2
Dante21b: raises $5 to $7
Kushbros: folds 
Uncalled bet ($5) returned to Dante21b
Dante21b collected $8.55 from pot
Dante21b: doesn't show hand 
*** SUMMARY ***
Total pot $9 | Rake $0.45 
Board [Jc 8h Tc Qs]
Seat 2: Kushbros (big blind) folded on the Turn
Seat 4: Dante21b (button) (small blind) collected ($8.55)



PokerStars Hand #254679891066:  Hold'em No Limit ($0.50/$1.00 USD) - 2025/02/02 23:30:53 WET [2025/02/02 18:30:53 ET]
Table 'Fanatica' 6-max Seat #2 is the button
Seat 2: Kushbros ($31.72 in chips) 
Seat 4: Dante21b ($101.55 in chips) 
Kushbros: posts small blind $0.50
Dante21b: posts big blind $1
*** HOLE CARDS ***
BGS013 joins the table at seat #3 
Kushbros: folds 
Uncalled bet ($0.50) returned to Dante21b
Dante21b collected $1 from pot
Dante21b: doesn't show hand 
*** SUMMARY ***
Total pot $1 | Rake $0 
Seat 2: Kushbros (button) (small blind) folded before Flop
Seat 4: Dante21b (big blind) collected ($1)



PokerStars Hand #254679892715:  Hold'em No Limit ($0.50/$1.00 USD) - 2025/02/02 23:30:59 WET [2025/02/02 18:30:59 ET]
Table 'Fanatica' 6-max Seat #4 is the button
Seat 2: Kushbros ($31.22 in chips) 
Seat 3: BGS013 ($100 in chips) 
Seat 4: Dante21b ($102.05 in chips) 
Kushbros: posts small blind $0.50
BGS013: posts big blind $1
*** HOLE CARDS ***
Dante21b: folds 
Kushbros: calls $0.50
tintin641 joins the table at seat #6 
BGS013: checks 
*** FLOP *** [3s 6h Ac]
shootingGRID joins the table at seat #5 
Kushbros: checks 
BGS013: checks 
*** TURN *** [3s 6h Ac] [5s]
Kushbros: checks 
zzaimo joins the table at seat #1 
zzaimo is disconnected 
BGS013: bets $1.05
Kushbros: folds 
Uncalled bet ($1.05) returned to BGS013
BGS013 collected $1.90 from pot
BGS013: doesn't show hand 
*** SUMMARY ***
Total pot $2 | Rake $0.10 
Board [3s 6h Ac 5s]
Seat 2: Kushbros (small blind) folded on the Turn
Seat 3: BGS013 (big blind) collected ($1.90)
Seat 4: Dante21b (button) folded before Flop (didn't bet)



PokerStars Hand #254679903941:  Hold'em No Limit ($0.50/$1.00 USD) - 2025/02/02 23:31:40 WET [2025/02/02 18:31:40 ET]
Table 'Fanatica' 6-max Seat #2 is the button
Seat 1: zzaimo ($100 in chips) is sitting out
Seat 5: shootingGRID ($100 in chips) is sitting out
Seat 6: tintin641 ($100 in chips) is sitting out
Seat 2: Kushbros ($30.22 in chips) 
Seat 3: BGS013 ($100.90 in chips) 
Seat 4: Dante21b ($102.05 in chips) 
BGS013: posts small blind $0.50
Dante21b: posts big blind $1
shootingGRID: sits out 
tintin641: sits out 
zzaimo: sits out 
*** HOLE CARDS ***
Kushbros: folds 
BGS013: raises $2 to $3
Dante21b: raises $6 to $9
BGS013: folds 
Uncalled bet ($6) returned to Dante21b
Dante21b collected $6 from pot
Dante21b: doesn't show hand 
*** SUMMARY ***
Total pot $6 | Rake $0 
Seat 1: zzaimo
Seat 5: shootingGRID
Seat 6: tintin641
Seat 2: Kushbros (button) folded before Flop (didn't bet)
Seat 3: BGS013 (small blind) folded before Flop
Seat 4: Dante21b (big blind) collected ($6)



PokerStars Hand #254679908365:  Hold'em No Limit ($0.50/$1.00 USD) - 2025/02/02 23:31:57 WET [2025/02/02 18:31:57 ET]
Table 'Fanatica' 6-max Seat #3 is the button
Seat 1: zzaimo ($100 in chips) is sitting out
Seat 6: tintin641 ($100 in chips) is sitting out
Seat 2: Kushbros ($30.22 in chips) 
Seat 3: BGS013 ($100 in chips) 
Seat 4: Dante21b ($105.05 in chips) 
Seat 5: shootingGRID ($100 in chips) 
Dante21b: posts small blind $0.50
shootingGRID: posts big blind $1
tintin641: sits out 
zzaimo: sits out 
*** HOLE CARDS ***
Kushbros: raises $2 to $3
BGS013: folds 
Dante21b: folds 
shootingGRID: calls $2
*** FLOP *** [Ad 4d Jh]
shootingGRID: checks 
Kushbros: bets $6
shootingGRID: calls $6
*** TURN *** [Ad 4d Jh] [As]
shootingGRID: checks 
Kushbros: checks 
*** RIVER *** [Ad 4d Jh As] [9d]
shootingGRID: bets $8.79
Kushbros: calls $8.79
*** SHOW DOWN ***
shootingGRID: shows [7d Td] (a flush, Ace high)
Kushbros: mucks hand 
shootingGRID collected $35.08 from pot
*** SUMMARY ***
Total pot $36.08 | Rake $1 
Board [Ad 4d Jh As 9d]
Seat 1: zzaimo
Seat 6: tintin641
Seat 2: Kushbros mucked
Seat 3: BGS013 (button) folded before Flop (didn't bet)
Seat 4: Dante21b (small blind) folded before Flop
Seat 5: shootingGRID (big blind) showed [7d Td] and won ($35.08) with a flush, Ace high



PokerStars Hand #254679927389:  Hold'em No Limit ($0.50/$1.00 USD) - 2025/02/02 23:33:08 WET [2025/02/02 18:33:08 ET]
Table 'Fanatica' 6-max Seat #4 is the button
Seat 1: zzaimo ($100 in chips) 
Seat 2: Kushbros ($12.43 in chips) 
Seat 3: BGS013 ($100 in chips) 
Seat 4: Dante21b ($104.55 in chips) 
Seat 5: shootingGRID ($117.29 in chips) 
Seat 6: tintin641 ($100 in chips) 
shootingGRID: posts small blind $0.50
tintin641: posts big blind $1
zzaimo: posts big blind $1
*** HOLE CARDS ***
zzaimo: checks 
Kushbros: folds 
BGS013: raises $3.50 to $4.50
Dante21b: folds 
shootingGRID: folds 
tintin641: folds 
zzaimo: folds 
Uncalled bet ($3.50) returned to BGS013
BGS013 collected $3.50 from pot
BGS013: doesn't show hand 
*** SUMMARY ***
Total pot $3.50 | Rake $0 
Seat 1: zzaimo folded before Flop (didn't bet)
Seat 2: Kushbros folded before Flop (didn't bet)
Seat 3: BGS013 collected ($3.50)
Seat 4: Dante21b (button) folded before Flop (didn't bet)
Seat 5: shootingGRID (small blind) folded before Flop
Seat 6: tintin641 (big blind) folded before Flop



PokerStars Hand #254679936758:  Hold'em No Limit ($0.50/$1.00 USD) - 2025/02/02 23:33:43 WET [2025/02/02 18:33:43 ET]
Table 'Fanatica' 6-max Seat #5 is the button
Seat 1: zzaimo ($99 in chips) 
Seat 2: Kushbros ($12.43 in chips) 
Seat 3: BGS013 ($102.50 in chips) 
Seat 4: Dante21b ($104.55 in chips) 
Seat 5: shootingGRID ($116.79 in chips) 
Seat 6: tintin641 ($100 in chips) 
tintin641: posts small blind $0.50
zzaimo: posts big blind $1
*** HOLE CARDS ***
Kushbros: calls $1
BGS013: raises $3 to $4
Dante21b: folds 
shootingGRID: folds 
tintin641: folds 
zzaimo: folds 
Kushbros: raises $8.43 to $12.43 and is all-in
BGS013: calls $8.43
*** FLOP *** [Ad Kc Th]
*** TURN *** [Ad Kc Th] [Js]
*** RIVER *** [Ad Kc Th Js] [7h]
*** SHOW DOWN ***
Kushbros: shows [Jh Jd] (three of a kind, Jacks)
BGS013: shows [6s 6h] (a pair of Sixes)
Kushbros collected $25.04 from pot
*** SUMMARY ***
Total pot $26.36 | Rake $1.32 
Board [Ad Kc Th Js 7h]
Seat 1: zzaimo (big blind) folded before Flop
Seat 2: Kushbros showed [Jh Jd] and won ($25.04) with three of a kind, Jacks
Seat 3: BGS013 showed [6s 6h] and lost with a pair of Sixes
Seat 4: Dante21b folded before Flop (didn't bet)
Seat 5: shootingGRID (button) folded before Flop (didn't bet)
Seat 6: tintin641 (small blind) folded before Flop



PokerStars Hand #254679944692:  Hold'em No Limit ($0.50/$1.00 USD) - 2025/02/02 23:34:14 WET [2025/02/02 18:34:14 ET]
Table 'Fanatica' 6-max Seat #6 is the button
Seat 1: zzaimo ($98 in chips) 
Seat 2: Kushbros ($25.04 in chips) 
Seat 3: BGS013 ($100 in chips) 
Seat 4: Dante21b ($104.55 in chips) 
Seat 5: shootingGRID ($116.79 in chips) 
Seat 6: tintin641 ($100 in chips) 
zzaimo: posts small blind $0.50
Kushbros: posts big blind $1
*** HOLE CARDS ***
BGS013: folds 
Dante21b: folds 
shootingGRID: folds 
tintin641: raises $1.50 to $2.50
zzaimo: folds 
Kushbros: folds 
Uncalled bet ($1.50) returned to tintin641
tintin641 collected $2.50 from pot
tintin641: doesn't show hand 
*** SUMMARY ***
Total pot $2.50 | Rake $0 
Seat 1: zzaimo (small blind) folded before Flop
Seat 2: Kushbros (big blind) folded before Flop
Seat 3: BGS013 folded before Flop (didn't bet)
Seat 4: Dante21b folded before Flop (didn't bet)
Seat 5: shootingGRID folded before Flop (didn't bet)
Seat 6: tintin641 (button) collected ($2.50)



PokerStars Hand #254679951102:  Hold'em No Limit ($0.50/$1.00 USD) - 2025/02/02 23:34:38 WET [2025/02/02 18:34:38 ET]
Table 'Fanatica' 6-max Seat #1 is the button
Seat 1: zzaimo ($97.50 in chips) 
Seat 2: Kushbros ($24.04 in chips) 
Seat 3: BGS013 ($100 in chips) 
Seat 4: Dante21b ($104.55 in chips) 
Seat 5: shootingGRID ($116.79 in chips) 
Seat 6: tintin641 ($101.50 in chips) 
Kushbros: posts small blind $0.50
BGS013: posts big blind $1
*** HOLE CARDS ***
Dante21b: folds 
shootingGRID: folds 
tintin641: raises $1.50 to $2.50
zzaimo: folds 
Kushbros: folds 
BGS013: calls $1.50
*** FLOP *** [Jd 7c 6h]
BGS013: checks 
tintin641: bets $1.72
BGS013: folds 
Uncalled bet ($1.72) returned to tintin641
tintin641 collected $5.22 from pot
tintin641: doesn't show hand 
*** SUMMARY ***
Total pot $5.50 | Rake $0.28 
Board [Jd 7c 6h]
Seat 1: zzaimo (button) folded before Flop (didn't bet)
Seat 2: Kushbros (small blind) folded before Flop
Seat 3: BGS013 (big blind) folded on the Flop
Seat 4: Dante21b folded before Flop (didn't bet)
Seat 5: shootingGRID folded before Flop (didn't bet)
Seat 6: tintin641 collected ($5.22)



PokerStars Hand #254679968844:  Hold'em No Limit ($0.50/$1.00 USD) - 2025/02/02 23:35:45 WET [2025/02/02 18:35:45 ET]
Table 'Fanatica' 6-max Seat #2 is the button
Seat 1: zzaimo ($97.50 in chips) 
Seat 2: Kushbros ($23.54 in chips) 
Seat 3: BGS013 ($100 in chips) 
Seat 4: Dante21b ($104.55 in chips) 
Seat 5: shootingGRID ($116.79 in chips) 
Seat 6: tintin641 ($104.22 in chips) 
BGS013: posts small blind $0.50
Dante21b: posts big blind $1
*** HOLE CARDS ***
shootingGRID: folds 
tintin641: folds 
zzaimo: calls $1
Kushbros: folds 
BGS013: raises $4 to $5
Dante21b: folds 
zzaimo: calls $4
*** FLOP *** [8d 7h Th]
BGS013: bets $2.72
zzaimo: calls $2.72
*** TURN *** [8d 7h Th] [Ah]
BGS013: checks 
zzaimo: checks 
*** RIVER *** [8d 7h Th Ah] [7s]
BGS013: bets $4.06
zzaimo: calls $4.06
*** SHOW DOWN ***
BGS013: shows [9d Ad] (two pair, Aces and Sevens)
zzaimo: mucks hand 
BGS013 collected $23.33 from pot
*** SUMMARY ***
Total pot $24.56 | Rake $1.23 
Board [8d 7h Th Ah 7s]
Seat 1: zzaimo mucked
Seat 2: Kushbros (button) folded before Flop (didn't bet)
Seat 3: BGS013 (small blind) showed [9d Ad] and won ($23.33) with two pair, Aces and Sevens
Seat 4: Dante21b (big blind) folded before Flop
Seat 5: shootingGRID folded before Flop (didn't bet)
Seat 6: tintin641 folded before Flop (didn't bet)



PokerStars Hand #254679980815:  Hold'em No Limit ($0.50/$1.00 USD) - 2025/02/02 23:36:30 WET [2025/02/02 18:36:30 ET]
Table 'Fanatica' 6-max Seat #3 is the button
Seat 1: zzaimo ($85.72 in chips) 
Seat 2: Kushbros ($23.54 in chips) 
Seat 3: BGS013 ($111.55 in chips) 
Seat 4: Dante21b ($103.55 in chips) 
Seat 5: shootingGRID ($116.79 in chips) 
Seat 6: tintin641 ($104.22 in chips) 
Dante21b: posts small blind $0.50
shootingGRID: posts big blind $1
*** HOLE CARDS ***
tintin641: folds 
zzaimo: folds 
Kushbros: raises $1 to $2
BGS013: folds 
Dante21b: folds 
shootingGRID: raises $10.50 to $12.50
Kushbros: folds 
Uncalled bet ($10.50) returned to shootingGRID
shootingGRID collected $4.50 from pot
*** SUMMARY ***
Total pot $4.50 | Rake $0 
Seat 1: zzaimo folded before Flop (didn't bet)
Seat 2: Kushbros folded before Flop
Seat 3: BGS013 (button) folded before Flop (didn't bet)
Seat 4: Dante21b (small blind) folded before Flop
Seat 5: shootingGRID (big blind) collected ($4.50)
Seat 6: tintin641 folded before Flop (didn't bet)



PokerStars Hand #254679989644:  Hold'em No Limit ($0.50/$1.00 USD) - 2025/02/02 23:37:04 WET [2025/02/02 18:37:04 ET]
Table 'Fanatica' 6-max Seat #4 is the button
Seat 1: zzaimo ($85.72 in chips) 
Seat 2: Kushbros ($21.54 in chips) 
Seat 3: BGS013 ($111.55 in chips) 
Seat 4: Dante21b ($103.05 in chips) 
Seat 5: shootingGRID ($119.29 in chips) 
Seat 6: tintin641 ($104.22 in chips) 
shootingGRID: posts small blind $0.50
tintin641: posts big blind $1
*** HOLE CARDS ***
zzaimo: calls $1
Kushbros: raises $3 to $4
BGS013: folds 
Dante21b has timed out
Dante21b: folds 
shootingGRID: folds 
tintin641: folds 
zzaimo: calls $3
*** FLOP *** [Qh Kd 3c]
zzaimo: checks 
Kushbros: checks 
*** TURN *** [Qh Kd 3c] [Qs]
zzaimo: checks 
Kushbros: checks 
*** RIVER *** [Qh Kd 3c Qs] [Jh]
zzaimo: checks 
Kushbros: checks 
*** SHOW DOWN ***
zzaimo: shows [Jc 8s] (two pair, Queens and Jacks)
Kushbros: mucks hand 
zzaimo collected $8.90 from pot
*** SUMMARY ***
Total pot $9.50 | Rake $0.60 
Board [Qh Kd 3c Qs Jh]
Seat 1: zzaimo showed [Jc 8s] and won ($8.90) with two pair, Queens and Jacks
Seat 2: Kushbros mucked
Seat 3: BGS013 folded before Flop (didn't bet)
Seat 4: Dante21b (button) folded before Flop (didn't bet)
Seat 5: shootingGRID (small blind) folded before Flop
Seat 6: tintin641 (big blind) folded before Flop



PokerStars Hand #254680005645:  Hold'em No Limit ($0.50/$1.00 USD) - 2025/02/02 23:38:05 WET [2025/02/02 18:38:05 ET]
Table 'Fanatica' 6-max Seat #5 is the button
Seat 1: zzaimo ($90.62 in chips) 
Seat 2: Kushbros ($17.54 in chips) 
Seat 3: BGS013 ($111.55 in chips) 
Seat 4: Dante21b ($103.05 in chips) 
Seat 5: shootingGRID ($118.79 in chips) 
Seat 6: tintin641 ($103.22 in chips) 
tintin641: posts small blind $0.50
zzaimo: posts big blind $1
*** HOLE CARDS ***
Kushbros: raises $16.54 to $17.54 and is all-in
BGS013: folds 
Dante21b: folds 
shootingGRID: folds 
tintin641: folds 
zzaimo: calls $16.54
*** FLOP *** [6c Ad Qc]
*** TURN *** [6c Ad Qc] [5d]
*** RIVER *** [6c Ad Qc 5d] [Ah]
*** SHOW DOWN ***
zzaimo: shows [9c Jc] (a pair of Aces)
Kushbros: shows [6d 6h] (a full house, Sixes full of Aces)
Kushbros collected $33.80 from pot
*** SUMMARY ***
Total pot $35.58 | Rake $1.78 
Board [6c Ad Qc 5d Ah]
Seat 1: zzaimo (big blind) showed [9c Jc] and lost with a pair of Aces
Seat 2: Kushbros showed [6d 6h] and won ($33.80) with a full house, Sixes full of Aces
Seat 3: BGS013 folded before Flop (didn't bet)
Seat 4: Dante21b folded before Flop (didn't bet)
Seat 5: shootingGRID (button) folded before Flop (didn't bet)
Seat 6: tintin641 (small blind) folded before Flop



PokerStars Hand #254680014799:  Hold'em No Limit ($0.50/$1.00 USD) - 2025/02/02 23:38:40 WET [2025/02/02 18:38:40 ET]
Table 'Fanatica' 6-max Seat #6 is the button
Seat 1: zzaimo ($73.08 in chips) 
Seat 2: Kushbros ($33.80 in chips) 
Seat 3: BGS013 ($111.55 in chips) 
Seat 4: Dante21b ($103.05 in chips) 
Seat 5: shootingGRID ($118.79 in chips) 
Seat 6: tintin641 ($102.72 in chips) 
zzaimo: posts small blind $0.50
Kushbros: posts big blind $1
*** HOLE CARDS ***
BGS013: folds 
Dante21b: folds 
shootingGRID: raises $1.25 to $2.25
tintin641: folds 
zzaimo: calls $1.75
Kushbros: calls $1.25
*** FLOP *** [5h 5c Qs]
zzaimo: checks 
Kushbros: checks 
shootingGRID: bets $2.12
zzaimo: calls $2.12
Kushbros: folds 
*** TURN *** [5h 5c Qs] [8c]
zzaimo: checks 
shootingGRID: bets $6.89
zzaimo: calls $6.89
*** RIVER *** [5h 5c Qs 8c] [4h]
zzaimo: checks 
shootingGRID: checks 
*** SHOW DOWN ***
zzaimo: shows [Qc Jd] (two pair, Queens and Fives)
shootingGRID: mucks hand 
zzaimo collected $23.22 from pot
*** SUMMARY ***
Total pot $24.77 | Rake $1.55 
Board [5h 5c Qs 8c 4h]
Seat 1: zzaimo (small blind) showed [Qc Jd] and won ($23.22) with two pair, Queens and Fives
Seat 2: Kushbros (big blind) folded on the Flop
Seat 3: BGS013 folded before Flop (didn't bet)
Seat 4: Dante21b folded before Flop (didn't bet)
Seat 5: shootingGRID mucked
Seat 6: tintin641 (button) folded before Flop (didn't bet)



PokerStars Hand #254680032690:  Hold'em No Limit ($0.50/$1.00 USD) - 2025/02/02 23:39:49 WET [2025/02/02 18:39:49 ET]
Table 'Fanatica' 6-max Seat #1 is the button
Seat 1: zzaimo ($85.04 in chips) 
Seat 2: Kushbros ($31.55 in chips) 
Seat 3: BGS013 ($111.55 in chips) 
Seat 4: Dante21b ($103.05 in chips) 
Seat 5: shootingGRID ($107.53 in chips) 
Seat 6: tintin641 ($102.72 in chips) 
Kushbros: posts small blind $0.50
BGS013: posts big blind $1
*** HOLE CARDS ***
Dante21b: folds 
shootingGRID: folds 
tintin641: folds 
zzaimo: folds 
Kushbros: raises $1 to $2
BGS013: folds 
Uncalled bet ($1) returned to Kushbros
Kushbros collected $2 from pot
Kushbros: doesn't show hand 
*** SUMMARY ***
Total pot $2 | Rake $0 
Seat 1: zzaimo (button) folded before Flop (didn't bet)
Seat 2: Kushbros (small blind) collected ($2)
Seat 3: BGS013 (big blind) folded before Flop
Seat 4: Dante21b folded before Flop (didn't bet)
Seat 5: shootingGRID folded before Flop (didn't bet)
Seat 6: tintin641 folded before Flop (didn't bet)



PokerStars Hand #254680036231:  Hold'em No Limit ($0.50/$1.00 USD) - 2025/02/02 23:40:03 WET [2025/02/02 18:40:03 ET]
Table 'Fanatica' 6-max Seat #2 is the button
Seat 1: zzaimo ($85.04 in chips) 
Seat 2: Kushbros ($32.55 in chips) 
Seat 3: BGS013 ($110.55 in chips) 
Seat 4: Dante21b ($103.05 in chips) 
Seat 5: shootingGRID ($107.53 in chips) 
Seat 6: tintin641 ($102.72 in chips) 
BGS013: posts small blind $0.50
Dante21b: posts big blind $1
*** HOLE CARDS ***
shootingGRID: raises $1.25 to $2.25
tintin641: folds 
tintin641 leaves the table
zzaimo: raises $2.25 to $4.50
Kushbros: folds 
BGS013: folds 
Magnodive joins the table at seat #6 
Dante21b: folds 
shootingGRID: calls $2.25
*** FLOP *** [7c 7h 6h]
shootingGRID: checks 
zzaimo: bets $6.99
shootingGRID: calls $6.99
*** TURN *** [7c 7h 6h] [8s]
shootingGRID: checks 
zzaimo: bets $13.63
shootingGRID has timed out
shootingGRID: folds 
Uncalled bet ($13.63) returned to zzaimo
zzaimo collected $22.96 from pot
*** SUMMARY ***
Total pot $24.48 | Rake $1.52 
Board [7c 7h 6h 8s]
Seat 1: zzaimo collected ($22.96)
Seat 2: Kushbros (button) folded before Flop (didn't bet)
Seat 3: BGS013 (small blind) folded before Flop
Seat 4: Dante21b (big blind) folded before Flop
Seat 5: shootingGRID folded on the Turn
Seat 6: tintin641 folded before Flop (didn't bet)



PokerStars Hand #254680062834:  Hold'em No Limit ($0.50/$1.00 USD) - 2025/02/02 23:41:46 WET [2025/02/02 18:41:46 ET]
Table 'Fanatica' 6-max Seat #3 is the button
Seat 6: Magnodive ($101.52 in chips) is sitting out
Seat 1: zzaimo ($96.51 in chips) 
Seat 2: Kushbros ($32.55 in chips) 
Seat 3: BGS013 ($110.05 in chips) 
Seat 4: Dante21b ($102.05 in chips) 
Seat 5: shootingGRID ($100 in chips) 
Dante21b: posts small blind $0.50
shootingGRID: posts big blind $1
Magnodive: sits out 
*** HOLE CARDS ***
zzaimo: calls $1
Kushbros: folds 
BGS013: raises $3.50 to $4.50
Dante21b: folds 
shootingGRID: calls $3.50
zzaimo: folds 
*** FLOP *** [As 8c Ah]
shootingGRID: checks 
BGS013: bets $2.59
shootingGRID: folds 
Uncalled bet ($2.59) returned to BGS013
BGS013 collected $9.98 from pot
BGS013: doesn't show hand 
*** SUMMARY ***
Total pot $10.50 | Rake $0.52 
Board [As 8c Ah]
Seat 6: Magnodive
Seat 1: zzaimo folded before Flop
Seat 2: Kushbros folded before Flop (didn't bet)
Seat 3: BGS013 (button) collected ($9.98)
Seat 4: Dante21b (small blind) folded before Flop
Seat 5: shootingGRID (big blind) folded on the Flop



PokerStars Hand #254680077532:  Hold'em No Limit ($0.50/$1.00 USD) - 2025/02/02 23:42:42 WET [2025/02/02 18:42:42 ET]
Table 'Fanatica' 6-max Seat #4 is the button
Seat 1: zzaimo ($95.51 in chips) 
Seat 2: Kushbros ($32.55 in chips) 
Seat 3: BGS013 ($115.53 in chips) 
Seat 4: Dante21b ($101.55 in chips) 
Seat 5: shootingGRID ($100 in chips) 
Seat 6: Magnodive ($101.52 in chips) 
shootingGRID: posts small blind $0.50
Magnodive: posts big blind $1
*** HOLE CARDS ***
zzaimo: folds 
Kushbros: folds 
BGS013: folds 
Dante21b: folds 
shootingGRID: raises $2 to $3
Magnodive: folds 
Uncalled bet ($2) returned to shootingGRID
shootingGRID collected $2 from pot
*** SUMMARY ***
Total pot $2 | Rake $0 
Seat 1: zzaimo folded before Flop (didn't bet)
Seat 2: Kushbros folded before Flop (didn't bet)
Seat 3: BGS013 folded before Flop (didn't bet)
Seat 4: Dante21b (button) folded before Flop (didn't bet)
Seat 5: shootingGRID (small blind) collected ($2)
Seat 6: Magnodive (big blind) folded before Flop



PokerStars Hand #254680085271:  Hold'em No Limit ($0.50/$1.00 USD) - 2025/02/02 23:43:12 WET [2025/02/02 18:43:12 ET]
Table 'Fanatica' 6-max Seat #5 is the button
Seat 1: zzaimo ($95.51 in chips) 
Seat 2: Kushbros ($32.55 in chips) 
Seat 3: BGS013 ($115.53 in chips) 
Seat 4: Dante21b ($101.55 in chips) 
Seat 5: shootingGRID ($101 in chips) 
Seat 6: Magnodive ($100.52 in chips) 
Magnodive: posts small blind $0.50
zzaimo: posts big blind $1
*** HOLE CARDS ***
Kushbros: folds 
BGS013: raises $1 to $2
Dante21b: folds 
shootingGRID: folds 
Magnodive: folds 
zzaimo: calls $1
*** FLOP *** [3c 8c 6h]
zzaimo: checks 
BGS013: bets $1.11
zzaimo: raises $3.25 to $4.36
BGS013: folds 
Uncalled bet ($3.25) returned to zzaimo
zzaimo collected $6.30 from pot
*** SUMMARY ***
Total pot $6.72 | Rake $0.42 
Board [3c 8c 6h]
Seat 1: zzaimo (big blind) collected ($6.30)
Seat 2: Kushbros folded before Flop (didn't bet)
Seat 3: BGS013 folded on the Flop
Seat 4: Dante21b folded before Flop (didn't bet)
Seat 5: shootingGRID (button) folded before Flop (didn't bet)
Seat 6: Magnodive (small blind) folded before Flop



PokerStars Hand #254680097438:  Hold'em No Limit ($0.50/$1.00 USD) - 2025/02/02 23:44:00 WET [2025/02/02 18:44:00 ET]
Table 'Fanatica' 6-max Seat #6 is the button
Seat 1: zzaimo ($98.70 in chips) 
Seat 2: Kushbros ($32.55 in chips) 
Seat 3: BGS013 ($112.42 in chips) 
Seat 4: Dante21b ($101.55 in chips) 
Seat 5: shootingGRID ($101 in chips) 
Seat 6: Magnodive ($100.02 in chips) 
zzaimo: posts small blind $0.50
Kushbros: posts big blind $1
*** HOLE CARDS ***
BGS013: folds 
Dante21b: folds 
shootingGRID: raises $1.25 to $2.25
Magnodive: folds 
zzaimo: calls $1.75
Kushbros: folds 
*** FLOP *** [6d Tc 6s]
zzaimo: checks 
shootingGRID: bets $1.72
zzaimo: raises $1.72 to $3.44
shootingGRID: calls $1.72
*** TURN *** [6d Tc 6s] [Kc]
zzaimo: checks 
shootingGRID: checks 
*** RIVER *** [6d Tc 6s Kc] [Ad]
zzaimo: checks 
shootingGRID: checks 
*** SHOW DOWN ***
zzaimo: shows [Ts Qc] (two pair, Tens and Sixes)
shootingGRID: mucks hand 
zzaimo collected $11.60 from pot
*** SUMMARY ***
Total pot $12.38 | Rake $0.78 
Board [6d Tc 6s Kc Ad]
Seat 1: zzaimo (small blind) showed [Ts Qc] and won ($11.60) with two pair, Tens and Sixes
Seat 2: Kushbros (big blind) folded before Flop
Seat 3: BGS013 folded before Flop (didn't bet)
Seat 4: Dante21b folded before Flop (didn't bet)
Seat 5: shootingGRID mucked
Seat 6: Magnodive (button) folded before Flop (didn't bet)



PokerStars Hand #254680118875:  Hold'em No Limit ($0.50/$1.00 USD) - 2025/02/02 23:45:24 WET [2025/02/02 18:45:24 ET]
Table 'Fanatica' 6-max Seat #1 is the button
Seat 1: zzaimo ($104.61 in chips) 
Seat 2: Kushbros ($31.55 in chips) 
Seat 3: BGS013 ($112.42 in chips) 
Seat 4: Dante21b ($101.55 in chips) 
Seat 5: shootingGRID ($100 in chips) 
Seat 6: Magnodive ($100.02 in chips) 
Kushbros: posts small blind $0.50
BGS013: posts big blind $1
*** HOLE CARDS ***
Dante21b: folds 
shootingGRID: raises $1.25 to $2.25
Magnodive: folds 
zzaimo: folds 
Kushbros: folds 
BGS013: calls $1.25
*** FLOP *** [5c 6c Kh]
BGS013: checks 
shootingGRID: checks 
*** TURN *** [5c 6c Kh] [6d]
BGS013: bets $1.24
shootingGRID: calls $1.24
*** RIVER *** [5c 6c Kh 6d] [4d]
BGS013: bets $6
shootingGRID: folds 
Uncalled bet ($6) returned to BGS013
BGS013 collected $7.11 from pot
BGS013: doesn't show hand 
*** SUMMARY ***
Total pot $7.48 | Rake $0.37 
Board [5c 6c Kh 6d 4d]
Seat 1: zzaimo (button) folded before Flop (didn't bet)
Seat 2: Kushbros (small blind) folded before Flop
Seat 3: BGS013 (big blind) collected ($7.11)
Seat 4: Dante21b folded before Flop (didn't bet)
Seat 5: shootingGRID folded on the River
Seat 6: Magnodive folded before Flop (didn't bet)



PokerStars Hand #254680139653:  Hold'em No Limit ($0.50/$1.00 USD) - 2025/02/02 23:46:45 WET [2025/02/02 18:46:45 ET]
Table 'Fanatica' 6-max Seat #2 is the button
Seat 1: zzaimo ($104.61 in chips) 
Seat 2: Kushbros ($31.05 in chips) 
Seat 3: BGS013 ($116.04 in chips) 
Seat 4: Dante21b ($101.55 in chips) 
Seat 5: shootingGRID ($100 in chips) 
Seat 6: Magnodive ($100.02 in chips) 
BGS013: posts small blind $0.50
Dante21b: posts big blind $1
*** HOLE CARDS ***
shootingGRID: folds 
Magnodive: folds 
zzaimo: calls $1
Kushbros: folds 
BGS013: folds 
Dante21b: raises $5 to $6
zzaimo: folds 
Uncalled bet ($5) returned to Dante21b
Dante21b collected $2.50 from pot
Dante21b: doesn't show hand 
*** SUMMARY ***
Total pot $2.50 | Rake $0 
Seat 1: zzaimo folded before Flop
Seat 2: Kushbros (button) folded before Flop (didn't bet)
Seat 3: BGS013 (small blind) folded before Flop
Seat 4: Dante21b (big blind) collected ($2.50)
Seat 5: shootingGRID folded before Flop (didn't bet)
Seat 6: Magnodive folded before Flop (didn't bet)



PokerStars Hand #254680144489:  Hold'em No Limit ($0.50/$1.00 USD) - 2025/02/02 23:47:05 WET [2025/02/02 18:47:05 ET]
Table 'Fanatica' 6-max Seat #3 is the button
Seat 1: zzaimo ($103.61 in chips) 
Seat 2: Kushbros ($31.05 in chips) 
Seat 3: BGS013 ($115.54 in chips) 
Seat 4: Dante21b ($103.05 in chips) 
Seat 5: shootingGRID ($100 in chips) 
Seat 6: Magnodive ($100.02 in chips) 
Dante21b: posts small blind $0.50
shootingGRID: posts big blind $1
*** HOLE CARDS ***
Magnodive: folds 
zzaimo: calls $1
Kushbros: raises $1 to $2
BGS013: folds 
Dante21b: folds 
shootingGRID: folds 
zzaimo: calls $1
*** FLOP *** [2c 4s 9d]
zzaimo: checks 
Kushbros: checks 
*** TURN *** [2c 4s 9d] [5d]
zzaimo: bets $2
Kushbros: folds 
Uncalled bet ($2) returned to zzaimo
zzaimo collected $5.15 from pot
*** SUMMARY ***
Total pot $5.50 | Rake $0.35 
Board [2c 4s 9d 5d]
Seat 1: zzaimo collected ($5.15)
Seat 2: Kushbros folded on the Turn
Seat 3: BGS013 (button) folded before Flop (didn't bet)
Seat 4: Dante21b (small blind) folded before Flop
Seat 5: shootingGRID (big blind) folded before Flop
Seat 6: Magnodive folded before Flop (didn't bet)



PokerStars Hand #254680157127:  Hold'em No Limit ($0.50/$1.00 USD) - 2025/02/02 23:47:55 WET [2025/02/02 18:47:55 ET]
Table 'Fanatica' 6-max Seat #4 is the button
Seat 1: zzaimo ($106.76 in chips) 
Seat 2: Kushbros ($29.05 in chips) 
Seat 3: BGS013 ($115.54 in chips) 
Seat 4: Dante21b ($102.55 in chips) 
Seat 5: shootingGRID ($100 in chips) 
Seat 6: Magnodive ($100.02 in chips) 
shootingGRID: posts small blind $0.50
Magnodive: posts big blind $1
*** HOLE CARDS ***
zzaimo: raises $2 to $3
Kushbros: folds 
BGS013: raises $6 to $9
Dante21b: folds 
shootingGRID: folds 
Magnodive: folds 
zzaimo: calls $6
*** FLOP *** [9h 9s Kd]
zzaimo: checks 
BGS013: bets $4.82
zzaimo: calls $4.82
*** TURN *** [9h 9s Kd] [Ad]
zzaimo: checks 
BGS013: checks 
*** RIVER *** [9h 9s Kd Ad] [3s]
zzaimo: checks 
BGS013: bets $21.59
zzaimo: calls $21.59
*** SHOW DOWN ***
BGS013: shows [Qc Ah] (two pair, Aces and Nines)
zzaimo: mucks hand 
BGS013 collected $69.82 from pot
*** SUMMARY ***
Total pot $72.32 | Rake $2.50 
Board [9h 9s Kd Ad 3s]
Seat 1: zzaimo mucked
Seat 2: Kushbros folded before Flop (didn't bet)
Seat 3: BGS013 showed [Qc Ah] and won ($69.82) with two pair, Aces and Nines
Seat 4: Dante21b (button) folded before Flop (didn't bet)
Seat 5: shootingGRID (small blind) folded before Flop
Seat 6: Magnodive (big blind) folded before Flop



PokerStars Hand #254680170246:  Hold'em No Limit ($0.50/$1.00 USD) - 2025/02/02 23:48:48 WET [2025/02/02 18:48:48 ET]
Table 'Fanatica' 6-max Seat #5 is the button
Seat 1: zzaimo ($71.35 in chips) 
Seat 2: Kushbros ($29.05 in chips) 
Seat 3: BGS013 ($149.95 in chips) 
Seat 4: Dante21b ($102.55 in chips) 
Seat 5: shootingGRID ($100 in chips) 
Seat 6: Magnodive ($100 in chips) 
Magnodive: posts small blind $0.50
zzaimo: posts big blind $1
*** HOLE CARDS ***
Kushbros: folds 
BGS013: folds 
Dante21b has timed out
Dante21b: folds 
shootingGRID: raises $1.50 to $2.50
Magnodive: folds 
zzaimo: calls $1.50
*** FLOP *** [2h Tc 6c]
zzaimo: bets $2
Dante21b is disconnected 
shootingGRID: folds 
Uncalled bet ($2) returned to zzaimo
zzaimo collected $5.15 from pot
*** SUMMARY ***
Total pot $5.50 | Rake $0.35 
Board [2h Tc 6c]
Seat 1: zzaimo (big blind) collected ($5.15)
Seat 2: Kushbros folded before Flop (didn't bet)
Seat 3: BGS013 folded before Flop (didn't bet)
Seat 4: Dante21b folded before Flop (didn't bet)
Seat 5: shootingGRID (button) folded on the Flop
Seat 6: Magnodive (small blind) folded before Flop



PokerStars Hand #254680181157:  Hold'em No Limit ($0.50/$1.00 USD) - 2025/02/02 23:49:31 WET [2025/02/02 18:49:31 ET]
Table 'Fanatica' 6-max Seat #6 is the button
Seat 4: Dante21b ($102.55 in chips) is sitting out
Seat 1: zzaimo ($74 in chips) 
Seat 2: Kushbros ($29.05 in chips) 
Seat 3: BGS013 ($149.95 in chips) 
Seat 5: shootingGRID ($100 in chips) 
Seat 6: Magnodive ($100 in chips) 
zzaimo: posts small blind $0.50
Kushbros: posts big blind $1
*** HOLE CARDS ***
BGS013: folds 
shootingGRID: folds 
Magnodive: raises $1.50 to $2.50
zzaimo: folds 
Kushbros: folds 
Uncalled bet ($1.50) returned to Magnodive
Magnodive collected $2.50 from pot
Magnodive: doesn't show hand 
*** SUMMARY ***
Total pot $2.50 | Rake $0 
Seat 4: Dante21b
Seat 1: zzaimo (small blind) folded before Flop
Seat 2: Kushbros (big blind) folded before Flop
Seat 3: BGS013 folded before Flop (didn't bet)
Seat 5: shootingGRID folded before Flop (didn't bet)
Seat 6: Magnodive (button) collected ($2.50)



PokerStars Hand #254680185920:  Hold'em No Limit ($0.50/$1.00 USD) - 2025/02/02 23:49:50 WET [2025/02/02 18:49:50 ET]
Table 'Fanatica' 6-max Seat #1 is the button
Seat 4: Dante21b ($102.55 in chips) is sitting out
Seat 1: zzaimo ($73.50 in chips) 
Seat 2: Kushbros ($28.05 in chips) 
Seat 3: BGS013 ($149.95 in chips) 
Seat 5: shootingGRID ($100 in chips) 
Seat 6: Magnodive ($101.50 in chips) 
Kushbros: posts small blind $0.50
BGS013: posts big blind $1
*** HOLE CARDS ***
shootingGRID: folds 
Magnodive: folds 
zzaimo: folds 
Kushbros: folds 
Uncalled bet ($0.50) returned to BGS013
BGS013 collected $1 from pot
BGS013: doesn't show hand 
*** SUMMARY ***
Total pot $1 | Rake $0 
Seat 4: Dante21b
Seat 1: zzaimo (button) folded before Flop (didn't bet)
Seat 2: Kushbros (small blind) folded before Flop
Seat 3: BGS013 (big blind) collected ($1)
Seat 5: shootingGRID folded before Flop (didn't bet)
Seat 6: Magnodive folded before Flop (didn't bet)



PokerStars Hand #254680189459:  Hold'em No Limit ($0.50/$1.00 USD) - 2025/02/02 23:50:05 WET [2025/02/02 18:50:05 ET]
Table 'Fanatica' 6-max Seat #2 is the button
Seat 1: zzaimo ($73.50 in chips) 
Seat 2: Kushbros ($27.55 in chips) 
Seat 3: BGS013 ($150.45 in chips) 
Seat 4: Dante21b ($102.55 in chips) 
Seat 5: shootingGRID ($100 in chips) 
Seat 6: Magnodive ($101.50 in chips) 
BGS013: posts small blind $0.50
Dante21b: posts big blind $1
*** HOLE CARDS ***
shootingGRID: folds 
Magnodive: folds 
zzaimo: calls $1
Kushbros: folds 
BGS013: folds 
Dante21b: raises $5 to $6
zzaimo: folds 
Uncalled bet ($5) returned to Dante21b
Dante21b collected $2.50 from pot
Dante21b: doesn't show hand 
*** SUMMARY ***
Total pot $2.50 | Rake $0 
Seat 1: zzaimo folded before Flop
Seat 2: Kushbros (button) folded before Flop (didn't bet)
Seat 3: BGS013 (small blind) folded before Flop
Seat 4: Dante21b (big blind) collected ($2.50)
Seat 5: shootingGRID folded before Flop (didn't bet)
Seat 6: Magnodive folded before Flop (didn't bet)



PokerStars Hand #254680195841:  Hold'em No Limit ($0.50/$1.00 USD) - 2025/02/02 23:50:30 WET [2025/02/02 18:50:30 ET]
Table 'Fanatica' 6-max Seat #3 is the button
Seat 1: zzaimo ($72.50 in chips) 
Seat 2: Kushbros ($27.55 in chips) 
Seat 3: BGS013 ($149.95 in chips) 
Seat 4: Dante21b ($104.05 in chips) 
Seat 5: shootingGRID ($100 in chips) 
Seat 6: Magnodive ($101.50 in chips) 
Dante21b: posts small blind $0.50
shootingGRID: posts big blind $1
*** HOLE CARDS ***
Magnodive: folds 
zzaimo: calls $1
Kushbros: folds 
BGS013: folds 
Dante21b: calls $0.50
shootingGRID: raises $5 to $6
zzaimo: folds 
Dante21b: calls $5
*** FLOP *** [Ad 2d Js]
Dante21b: checks 
shootingGRID: bets $4.08
Dante21b: folds 
Uncalled bet ($4.08) returned to shootingGRID
shootingGRID collected $12.35 from pot
*** SUMMARY ***
Total pot $13 | Rake $0.65 
Board [Ad 2d Js]
Seat 1: zzaimo folded before Flop
Seat 2: Kushbros folded before Flop (didn't bet)
Seat 3: BGS013 (button) folded before Flop (didn't bet)
Seat 4: Dante21b (small blind) folded on the Flop
Seat 5: shootingGRID (big blind) collected ($12.35)
Seat 6: Magnodive folded before Flop (didn't bet)



PokerStars Hand #254680209294:  Hold'em No Limit ($0.50/$1.00 USD) - 2025/02/02 23:51:25 WET [2025/02/02 18:51:25 ET]
Table 'Fanatica' 6-max Seat #4 is the button
Seat 1: zzaimo ($71.50 in chips) 
Seat 2: Kushbros ($27.55 in chips) 
Seat 3: BGS013 ($149.95 in chips) 
Seat 4: Dante21b ($98.05 in chips) 
Seat 5: shootingGRID ($106.35 in chips) 
Seat 6: Magnodive ($101.50 in chips) 
shootingGRID: posts small blind $0.50
Magnodive: posts big blind $1
*** HOLE CARDS ***
zzaimo: calls $1
Kushbros: folds 
BGS013: raises $3.50 to $4.50
Dante21b: folds 
shootingGRID: folds 
Magnodive: folds 
zzaimo: calls $3.50
*** FLOP *** [Jd 6d 2c]
zzaimo: checks 
BGS013: bets $2.59
zzaimo: folds 
Uncalled bet ($2.59) returned to BGS013
BGS013 collected $9.98 from pot
BGS013: doesn't show hand 
*** SUMMARY ***
Total pot $10.50 | Rake $0.52 
Board [Jd 6d 2c]
Seat 1: zzaimo folded on the Flop
Seat 2: Kushbros folded before Flop (didn't bet)
Seat 3: BGS013 collected ($9.98)
Seat 4: Dante21b (button) folded before Flop (didn't bet)
Seat 5: shootingGRID (small blind) folded before Flop
Seat 6: Magnodive (big blind) folded before Flop



PokerStars Hand #254680224110:  Hold'em No Limit ($0.50/$1.00 USD) - 2025/02/02 23:52:25 WET [2025/02/02 18:52:25 ET]
Table 'Fanatica' 6-max Seat #5 is the button
Seat 1: zzaimo ($67 in chips) 
Seat 2: Kushbros ($27.55 in chips) 
Seat 3: BGS013 ($155.43 in chips) 
Seat 4: Dante21b ($98.05 in chips) 
Seat 5: shootingGRID ($105.85 in chips) 
Seat 6: Magnodive ($100.50 in chips) 
Magnodive: posts small blind $0.50
zzaimo: posts big blind $1
*** HOLE CARDS ***
Kushbros: folds 
BGS013: raises $1 to $2
Dante21b: folds 
shootingGRID: folds 
Magnodive: folds 
zzaimo: folds 
Uncalled bet ($1) returned to BGS013
BGS013 collected $2.50 from pot
BGS013: doesn't show hand 
*** SUMMARY ***
Total pot $2.50 | Rake $0 
Seat 1: zzaimo (big blind) folded before Flop
Seat 2: Kushbros folded before Flop (didn't bet)
Seat 3: BGS013 collected ($2.50)
Seat 4: Dante21b folded before Flop (didn't bet)
Seat 5: shootingGRID (button) folded before Flop (didn't bet)
Seat 6: Magnodive (small blind) folded before Flop



PokerStars Hand #254680230253:  Hold'em No Limit ($0.50/$1.00 USD) - 2025/02/02 23:52:50 WET [2025/02/02 18:52:50 ET]
Table 'Fanatica' 6-max Seat #6 is the button
Seat 1: zzaimo ($66 in chips) 
Seat 2: Kushbros ($27.55 in chips) 
Seat 3: BGS013 ($156.93 in chips) 
Seat 4: Dante21b ($98.05 in chips) 
Seat 5: shootingGRID ($105.85 in chips) 
Seat 6: Magnodive ($100 in chips) 
zzaimo: posts small blind $0.50
Kushbros: posts big blind $1
*** HOLE CARDS ***
BGS013: folds 
Dante21b: folds 
shootingGRID: folds 
Magnodive: raises $1.50 to $2.50
zzaimo: calls $2
Kushbros: calls $1.50
*** FLOP *** [3c Ks 8s]
zzaimo: checks 
Kushbros: bets $2
Magnodive: folds 
zzaimo: folds 
Uncalled bet ($2) returned to Kushbros
Kushbros collected $7.12 from pot
*** SUMMARY ***
Total pot $7.50 | Rake $0.38 
Board [3c Ks 8s]
Seat 1: zzaimo (small blind) folded on the Flop
Seat 2: Kushbros (big blind) collected ($7.12)
Seat 3: BGS013 folded before Flop (didn't bet)
Seat 4: Dante21b folded before Flop (didn't bet)
Seat 5: shootingGRID folded before Flop (didn't bet)
Seat 6: Magnodive (button) folded on the Flop



PokerStars Hand #254680241916:  Hold'em No Limit ($0.50/$1.00 USD) - 2025/02/02 23:53:38 WET [2025/02/02 18:53:38 ET]
Table 'Fanatica' 6-max Seat #1 is the button
Seat 1: zzaimo ($63.50 in chips) 
Seat 2: Kushbros ($32.17 in chips) 
Seat 3: BGS013 ($156.93 in chips) 
Seat 4: Dante21b ($98.05 in chips) 
Seat 5: shootingGRID ($105.85 in chips) 
Seat 6: Magnodive ($100 in chips) 
Kushbros: posts small blind $0.50
BGS013: posts big blind $1
*** HOLE CARDS ***
Dante21b: folds 
shootingGRID: raises $1.25 to $2.25
Magnodive: folds 
zzaimo: folds 
Kushbros: folds 
BGS013: folds 
Uncalled bet ($1.25) returned to shootingGRID
shootingGRID collected $2.50 from pot
*** SUMMARY ***
Total pot $2.50 | Rake $0 
Seat 1: zzaimo (button) folded before Flop (didn't bet)
Seat 2: Kushbros (small blind) folded before Flop
Seat 3: BGS013 (big blind) folded before Flop
Seat 4: Dante21b folded before Flop (didn't bet)
Seat 5: shootingGRID collected ($2.50)
Seat 6: Magnodive folded before Flop (didn't bet)



PokerStars Hand #254680248336:  Hold'em No Limit ($0.50/$1.00 USD) - 2025/02/02 23:54:04 WET [2025/02/02 18:54:04 ET]
Table 'Fanatica' 6-max Seat #2 is the button
Seat 1: zzaimo ($63.50 in chips) 
Seat 2: Kushbros ($31.67 in chips) 
Seat 3: BGS013 ($155.93 in chips) 
Seat 4: Dante21b ($98.05 in chips) 
Seat 5: shootingGRID ($107.35 in chips) 
Seat 6: Magnodive ($100 in chips) 
BGS013: posts small blind $0.50
Dante21b: posts big blind $1
*** HOLE CARDS ***
shootingGRID: folds 
Magnodive: raises $1.50 to $2.50
zzaimo: folds 
Kushbros: folds 
BGS013: folds 
Dante21b: folds 
Uncalled bet ($1.50) returned to Magnodive
Magnodive collected $2.50 from pot
Magnodive: doesn't show hand 
*** SUMMARY ***
Total pot $2.50 | Rake $0 
Seat 1: zzaimo folded before Flop (didn't bet)
Seat 2: Kushbros (button) folded before Flop (didn't bet)
Seat 3: BGS013 (small blind) folded before Flop
Seat 4: Dante21b (big blind) folded before Flop
Seat 5: shootingGRID folded before Flop (didn't bet)
Seat 6: Magnodive collected ($2.50)



PokerStars Hand #254680253693:  Hold'em No Limit ($0.50/$1.00 USD) - 2025/02/02 23:54:27 WET [2025/02/02 18:54:27 ET]
Table 'Fanatica' 6-max Seat #3 is the button
Seat 1: zzaimo ($63.50 in chips) 
Seat 2: Kushbros ($31.67 in chips) 
Seat 3: BGS013 ($155.43 in chips) 
Seat 4: Dante21b ($97.05 in chips) 
Seat 5: shootingGRID ($107.35 in chips) 
Seat 6: Magnodive ($101.50 in chips) 
Dante21b: posts small blind $0.50
shootingGRID: posts big blind $1
*** HOLE CARDS ***
Magnodive: folds 
zzaimo: folds 
Kushbros: raises $2 to $3
BGS013: folds 
Dante21b: folds 
shootingGRID: folds 
Uncalled bet ($2) returned to Kushbros
Kushbros collected $2.50 from pot
*** SUMMARY ***
Total pot $2.50 | Rake $0 
Seat 1: zzaimo folded before Flop (didn't bet)
Seat 2: Kushbros collected ($2.50)
Seat 3: BGS013 (button) folded before Flop (didn't bet)
Seat 4: Dante21b (small blind) folded before Flop
Seat 5: shootingGRID (big blind) folded before Flop
Seat 6: Magnodive folded before Flop (didn't bet)



PokerStars Hand #254680264790:  Hold'em No Limit ($0.50/$1.00 USD) - 2025/02/02 23:55:14 WET [2025/02/02 18:55:14 ET]
Table 'Fanatica' 6-max Seat #4 is the button
Seat 1: zzaimo ($63.50 in chips) 
Seat 2: Kushbros ($33.17 in chips) 
Seat 3: BGS013 ($155.43 in chips) 
Seat 4: Dante21b ($96.55 in chips) 
Seat 5: shootingGRID ($106.35 in chips) 
Seat 6: Magnodive ($101.50 in chips) 
shootingGRID: posts small blind $0.50
Magnodive: posts big blind $1
*** HOLE CARDS ***
zzaimo: folds 
Kushbros: calls $1
BGS013: folds 
Dante21b: raises $3 to $4
shootingGRID: folds 
Magnodive: folds 
Kushbros: folds 
Uncalled bet ($3) returned to Dante21b
Dante21b collected $3.50 from pot
Dante21b: doesn't show hand 
*** SUMMARY ***
Total pot $3.50 | Rake $0 
Seat 1: zzaimo folded before Flop (didn't bet)
Seat 2: Kushbros folded before Flop
Seat 3: BGS013 folded before Flop (didn't bet)
Seat 4: Dante21b (button) collected ($3.50)
Seat 5: shootingGRID (small blind) folded before Flop
Seat 6: Magnodive (big blind) folded before Flop



PokerStars Hand #254680268653:  Hold'em No Limit ($0.50/$1.00 USD) - 2025/02/02 23:55:37 WET [2025/02/02 18:55:37 ET]
Table 'Fanatica' 6-max Seat #5 is the button
Seat 1: zzaimo ($63.50 in chips) 
Seat 2: Kushbros ($32.17 in chips) 
Seat 3: BGS013 ($155.43 in chips) 
Seat 4: Dante21b ($99.05 in chips) 
Seat 5: shootingGRID ($105.85 in chips) 
Seat 6: Magnodive ($100.50 in chips) 
Magnodive: posts small blind $0.50
zzaimo: posts big blind $1
*** HOLE CARDS ***
Kushbros: raises $1 to $2
BGS013: folds 
Dante21b: folds 
shootingGRID: folds 
Magnodive: folds 
zzaimo: calls $1
*** FLOP *** [3h 6c Ts]
zzaimo: checks 
Kushbros: checks 
*** TURN *** [3h 6c Ts] [9s]
zzaimo: bets $2.14
Kushbros: calls $2.14
*** RIVER *** [3h 6c Ts 9s] [Kh]
zzaimo: checks 
Kushbros: checks 
*** SHOW DOWN ***
zzaimo: shows [Tc 7s] (a pair of Tens)
Kushbros: mucks hand 
zzaimo collected $8.23 from pot
*** SUMMARY ***
Total pot $8.78 | Rake $0.55 
Board [3h 6c Ts 9s Kh]
Seat 1: zzaimo (big blind) showed [Tc 7s] and won ($8.23) with a pair of Tens
Seat 2: Kushbros mucked
Seat 3: BGS013 folded before Flop (didn't bet)
Seat 4: Dante21b folded before Flop (didn't bet)
Seat 5: shootingGRID (button) folded before Flop (didn't bet)
Seat 6: Magnodive (small blind) folded before Flop



PokerStars Hand #254680276864:  Hold'em No Limit ($0.50/$1.00 USD) - 2025/02/02 23:56:26 WET [2025/02/02 18:56:26 ET]
Table 'Fanatica' 6-max Seat #6 is the button
Seat 1: zzaimo ($67.59 in chips) 
Seat 2: Kushbros ($28.03 in chips) 
Seat 3: BGS013 ($155.43 in chips) 
Seat 4: Dante21b ($99.05 in chips) 
Seat 5: shootingGRID ($105.85 in chips) 
Seat 6: Magnodive ($100 in chips) 
zzaimo: posts small blind $0.50
Kushbros: posts big blind $1
*** HOLE CARDS ***
BGS013: folds 
Dante21b: folds 
shootingGRID: raises $1.25 to $2.25
Magnodive: folds 
zzaimo: folds 
Kushbros: calls $1.25
*** FLOP *** [Qs 2c 5c]
Kushbros: checks 
shootingGRID: checks 
*** TURN *** [Qs 2c 5c] [Jd]
Kushbros: bets $1
shootingGRID: calls $1
*** RIVER *** [Qs 2c 5c Jd] [8h]
Kushbros: checks 
shootingGRID: bets $4.39
Kushbros: folds 
Uncalled bet ($4.39) returned to shootingGRID
shootingGRID collected $6.65 from pot
*** SUMMARY ***
Total pot $7 | Rake $0.35 
Board [Qs 2c 5c Jd 8h]
Seat 1: zzaimo (small blind) folded before Flop
Seat 2: Kushbros (big blind) folded on the River
Seat 3: BGS013 folded before Flop (didn't bet)
Seat 4: Dante21b folded before Flop (didn't bet)
Seat 5: shootingGRID collected ($6.65)
Seat 6: Magnodive (button) folded before Flop (didn't bet)



PokerStars Hand #254680287927:  Hold'em No Limit ($0.50/$1.00 USD) - 2025/02/02 23:57:32 WET [2025/02/02 18:57:32 ET]
Table 'Fanatica' 6-max Seat #1 is the button
Seat 1: zzaimo ($67.09 in chips) 
Seat 2: Kushbros ($24.78 in chips) 
Seat 3: BGS013 ($155.43 in chips) 
Seat 4: Dante21b ($99.05 in chips) 
Seat 5: shootingGRID ($109.25 in chips) 
Seat 6: Magnodive ($100 in chips) 
Kushbros: posts small blind $0.50
BGS013: posts big blind $1
*** HOLE CARDS ***
Dante21b: folds 
shootingGRID: raises $1.25 to $2.25
Magnodive: folds 
zzaimo: calls $2.25
Kushbros: folds 
BGS013: folds 
*** FLOP *** [Kd 5h As]
Kushbros leaves the table
shootingGRID: bets $1.88
zzaimo: folds 
Uncalled bet ($1.88) returned to shootingGRID
shootingGRID collected $5.70 from pot
*** SUMMARY ***
Total pot $6 | Rake $0.30 
Board [Kd 5h As]
Seat 1: zzaimo (button) folded on the Flop
Seat 2: Kushbros (small blind) folded before Flop
Seat 3: BGS013 (big blind) folded before Flop
Seat 4: Dante21b folded before Flop (didn't bet)
Seat 5: shootingGRID collected ($5.70)
Seat 6: Magnodive folded before Flop (didn't bet)



PokerStars Hand #254680292898:  Hold'em No Limit ($0.50/$1.00 USD) - 2025/02/02 23:58:02 WET [2025/02/02 18:58:02 ET]
Table 'Fanatica' 6-max Seat #3 is the button
Seat 1: zzaimo ($64.84 in chips) 
Seat 3: BGS013 ($154.43 in chips) 
Seat 4: Dante21b ($99.05 in chips) 
Seat 5: shootingGRID ($112.70 in chips) 
Seat 6: Magnodive ($100 in chips) 
Dante21b: posts small blind $0.50
shootingGRID: posts big blind $1
*** HOLE CARDS ***
Magnodive: raises $1.50 to $2.50
zzaimo: folds 
BGS013: folds 
Dante21b: folds 
shootingGRID: folds 
Uncalled bet ($1.50) returned to Magnodive
Magnodive collected $2.50 from pot
Magnodive: doesn't show hand 
*** SUMMARY ***
Total pot $2.50 | Rake $0 
Seat 1: zzaimo folded before Flop (didn't bet)
Seat 3: BGS013 (button) folded before Flop (didn't bet)
Seat 4: Dante21b (small blind) folded before Flop
Seat 5: shootingGRID (big blind) folded before Flop
Seat 6: Magnodive collected ($2.50)



PokerStars Hand #254680296373:  Hold'em No Limit ($0.50/$1.00 USD) - 2025/02/02 23:58:22 WET [2025/02/02 18:58:22 ET]
Table 'Fanatica' 6-max Seat #4 is the button
Seat 1: zzaimo ($64.84 in chips) 
Seat 3: BGS013 ($154.43 in chips) 
Seat 4: Dante21b ($98.55 in chips) 
Seat 5: shootingGRID ($111.70 in chips) 
Seat 6: Magnodive ($101.50 in chips) 
shootingGRID: posts small blind $0.50
Magnodive: posts big blind $1
*** HOLE CARDS ***
zzaimo: raises $2 to $3
BGS013: folds 
Dante21b: folds 
shootingGRID: raises $8 to $11
Magnodive: raises $13.40 to $24.40
zzaimo: folds 
S0NeT joins the table at seat #2 
shootingGRID: calls $13.40
*** FLOP *** [Ad 4c Td]
shootingGRID: checks 
Magnodive: bets $9.86
shootingGRID: calls $9.86
*** TURN *** [Ad 4c Td] [2s]
shootingGRID: checks 
Magnodive: bets $16.75
shootingGRID: calls $16.75
*** RIVER *** [Ad 4c Td 2s] [Tc]
shootingGRID: checks 
Magnodive: bets $50.49 and is all-in
shootingGRID: calls $50.49
*** SHOW DOWN ***
Magnodive: shows [Ah Kc] (two pair, Aces and Tens)
shootingGRID: shows [Ac Qc] (two pair, Aces and Tens - lower kicker)
Magnodive collected $203.50 from pot
*** SUMMARY ***
Total pot $206 | Rake $2.50 
Board [Ad 4c Td 2s Tc]
Seat 1: zzaimo folded before Flop
Seat 3: BGS013 folded before Flop (didn't bet)
Seat 4: Dante21b (button) folded before Flop (didn't bet)
Seat 5: shootingGRID (small blind) showed [Ac Qc] and lost with two pair, Aces and Tens
Seat 6: Magnodive (big blind) showed [Ah Kc] and won ($203.50) with two pair, Aces and Tens



PokerStars Hand #254680323157:  Hold'em No Limit ($0.50/$1.00 USD) - 2025/02/02 0:00:57 WET [2025/02/02 19:00:57 ET]
Table 'Fanatica' 6-max Seat #5 is the button
Seat 2: S0NeT ($100 in chips) is sitting out
Seat 1: zzaimo ($61.84 in chips) 
Seat 3: BGS013 ($154.43 in chips) 
Seat 4: Dante21b ($98.55 in chips) 
Seat 5: shootingGRID ($100 in chips) 
Seat 6: Magnodive ($203.50 in chips) 
Magnodive: posts small blind $0.50
zzaimo: posts big blind $1
S0NeT: sits out 
*** HOLE CARDS ***
BGS013: folds 
Dante21b: folds 
shootingGRID: folds 
Magnodive: raises $2 to $3
zzaimo: calls $2
*** FLOP *** [8d 9h 9s]
Magnodive: checks 
zzaimo: bets $2.85
Magnodive: folds 
Uncalled bet ($2.85) returned to zzaimo
zzaimo collected $5.62 from pot
*** SUMMARY ***
Total pot $6 | Rake $0.38 
Board [8d 9h 9s]
Seat 2: S0NeT
Seat 1: zzaimo (big blind) collected ($5.62)
Seat 3: BGS013 folded before Flop (didn't bet)
Seat 4: Dante21b folded before Flop (didn't bet)
Seat 5: shootingGRID (button) folded before Flop (didn't bet)
Seat 6: Magnodive (small blind) folded on the Flop



PokerStars Hand #254680329668:  Hold'em No Limit ($0.50/$1.00 USD) - 2025/02/02 0:01:28 WET [2025/02/02 19:01:28 ET]
Table 'Fanatica' 6-max Seat #6 is the button
Seat 1: zzaimo ($64.46 in chips) 
Seat 2: S0NeT ($100 in chips) 
Seat 3: BGS013 ($154.43 in chips) 
Seat 4: Dante21b ($98.55 in chips) 
Seat 5: shootingGRID ($100 in chips) 
Seat 6: Magnodive ($200.50 in chips) 
zzaimo: posts small blind $0.50
S0NeT: posts big blind $1
*** HOLE CARDS ***
BGS013: folds 
Dante21b: folds 
shootingGRID: folds 
Magnodive: folds 
zzaimo: folds 
Uncalled bet ($0.50) returned to S0NeT
S0NeT collected $1 from pot
S0NeT: doesn't show hand 
*** SUMMARY ***
Total pot $1 | Rake $0 
Seat 1: zzaimo (small blind) folded before Flop
Seat 2: S0NeT (big blind) collected ($1)
Seat 3: BGS013 folded before Flop (didn't bet)
Seat 4: Dante21b folded before Flop (didn't bet)
Seat 5: shootingGRID folded before Flop (didn't bet)
Seat 6: Magnodive (button) folded before Flop (didn't bet)



PokerStars Hand #254680331506:  Hold'em No Limit ($0.50/$1.00 USD) - 2025/02/02 0:01:36 WET [2025/02/02 19:01:36 ET]
Table 'Fanatica' 6-max Seat #1 is the button
Seat 1: zzaimo ($63.96 in chips) 
Seat 2: S0NeT ($100.50 in chips) 
Seat 3: BGS013 ($154.43 in chips) 
Seat 4: Dante21b ($98.55 in chips) 
Seat 5: shootingGRID ($100 in chips) 
Seat 6: Magnodive ($200.50 in chips) 
S0NeT: posts small blind $0.50
BGS013: posts big blind $1
*** HOLE CARDS ***
Dante21b: folds 
shootingGRID: raises $1.25 to $2.25
Magnodive: folds 
zzaimo: folds 
S0NeT: folds 
BGS013: folds 
Uncalled bet ($1.25) returned to shootingGRID
shootingGRID collected $2.50 from pot
*** SUMMARY ***
Total pot $2.50 | Rake $0 
Seat 1: zzaimo (button) folded before Flop (didn't bet)
Seat 2: S0NeT (small blind) folded before Flop
Seat 3: BGS013 (big blind) folded before Flop
Seat 4: Dante21b folded before Flop (didn't bet)
Seat 5: shootingGRID collected ($2.50)
Seat 6: Magnodive folded before Flop (didn't bet)



PokerStars Hand #254680335329:  Hold'em No Limit ($0.50/$1.00 USD) - 2025/02/02 0:01:52 WET [2025/02/02 19:01:52 ET]
Table 'Fanatica' 6-max Seat #2 is the button
Seat 1: zzaimo ($63.96 in chips) 
Seat 2: S0NeT ($100 in chips) 
Seat 3: BGS013 ($153.43 in chips) 
Seat 4: Dante21b ($98.55 in chips) 
Seat 5: shootingGRID ($101.50 in chips) 
Seat 6: Magnodive ($200.50 in chips) 
BGS013: posts small blind $0.50
Dante21b: posts big blind $1
*** HOLE CARDS ***
shootingGRID: folds 
Magnodive: folds 
zzaimo: calls $1
S0NeT: folds 
BGS013: folds 
Dante21b: raises $5 to $6
zzaimo: calls $5
*** FLOP *** [6s Ts 6d]
Dante21b: bets $3.92
zzaimo: calls $3.92
*** TURN *** [6s Ts 6d] [3c]
Dante21b: checks 
zzaimo: bets $9.66
Dante21b: calls $9.66
*** RIVER *** [6s Ts 6d 3c] [Kc]
Dante21b: checks 
zzaimo: bets $18.84
Dante21b: calls $18.84
*** SHOW DOWN ***
zzaimo: shows [8c 6c] (three of a kind, Sixes)
Dante21b: mucks hand 
zzaimo collected $74.22 from pot
*** SUMMARY ***
Total pot $77.34 | Rake $3.12 
Board [6s Ts 6d 3c Kc]
Seat 1: zzaimo showed [8c 6c] and won ($74.22) with three of a kind, Sixes
Seat 2: S0NeT (button) folded before Flop (didn't bet)
Seat 3: BGS013 (small blind) folded before Flop
Seat 4: Dante21b (big blind) mucked
Seat 5: shootingGRID folded before Flop (didn't bet)
Seat 6: Magnodive folded before Flop (didn't bet)



PokerStars Hand #254680349245:  Hold'em No Limit ($0.50/$1.00 USD) - 2025/02/02 0:02:52 WET [2025/02/02 19:02:52 ET]
Table 'Fanatica' 6-max Seat #3 is the button
Seat 1: zzaimo ($99.76 in chips) 
Seat 2: S0NeT ($100 in chips) 
Seat 3: BGS013 ($152.93 in chips) 
Seat 4: Dante21b ($100 in chips) 
Seat 5: shootingGRID ($101.50 in chips) 
Seat 6: Magnodive ($200.50 in chips) 
Dante21b: posts small blind $0.50
shootingGRID: posts big blind $1
*** HOLE CARDS ***
Magnodive: folds 
zzaimo: folds 
S0NeT: folds 
BGS013: folds 
Dante21b: folds 
Uncalled bet ($0.50) returned to shootingGRID
shootingGRID collected $1 from pot
*** SUMMARY ***
Total pot $1 | Rake $0 
Seat 1: zzaimo folded before Flop (didn't bet)
Seat 2: S0NeT folded before Flop (didn't bet)
Seat 3: BGS013 (button) folded before Flop (didn't bet)
Seat 4: Dante21b (small blind) folded before Flop
Seat 5: shootingGRID (big blind) collected ($1)
Seat 6: Magnodive folded before Flop (didn't bet)



PokerStars Hand #254680354486:  Hold'em No Limit ($0.50/$1.00 USD) - 2025/02/02 0:03:14 WET [2025/02/02 19:03:14 ET]
Table 'Fanatica' 6-max Seat #4 is the button
Seat 1: zzaimo ($99.76 in chips) 
Seat 2: S0NeT ($100 in chips) 
Seat 3: BGS013 ($152.93 in chips) 
Seat 4: Dante21b ($99.50 in chips) 
Seat 5: shootingGRID ($102 in chips) 
Seat 6: Magnodive ($200.50 in chips) 
shootingGRID: posts small blind $0.50
Magnodive: posts big blind $1
*** HOLE CARDS ***
zzaimo: raises $2 to $3
S0NeT: folds 
BGS013: folds 
Dante21b: folds 
shootingGRID: folds 
Magnodive: folds 
Uncalled bet ($2) returned to zzaimo
zzaimo collected $2.50 from pot
*** SUMMARY ***
Total pot $2.50 | Rake $0 
Seat 1: zzaimo collected ($2.50)
Seat 2: S0NeT folded before Flop (didn't bet)
Seat 3: BGS013 folded before Flop (didn't bet)
Seat 4: Dante21b (button) folded before Flop (didn't bet)
Seat 5: shootingGRID (small blind) folded before Flop
Seat 6: Magnodive (big blind) folded before Flop



PokerStars Hand #254680359524:  Hold'em No Limit ($0.50/$1.00 USD) - 2025/02/02 0:03:36 WET [2025/02/02 19:03:36 ET]
Table 'Fanatica' 6-max Seat #5 is the button
Seat 1: zzaimo ($101.26 in chips) 
Seat 2: S0NeT ($100 in chips) 
Seat 3: BGS013 ($152.93 in chips) 
Seat 4: Dante21b ($99.50 in chips) 
Seat 5: shootingGRID ($101.50 in chips) 
Seat 6: Magnodive ($199.50 in chips) 
Magnodive: posts small blind $0.50
zzaimo: posts big blind $1
*** HOLE CARDS ***
S0NeT: folds 
BGS013: folds 
Dante21b: raises $1.50 to $2.50
shootingGRID: folds 
Magnodive: folds 
zzaimo: calls $1.50
*** FLOP *** [7s As 8d]
zzaimo: checks 
Dante21b: checks 
*** TURN *** [7s As 8d] [Jh]
zzaimo: bets $2.61
Dante21b: calls $2.61
*** RIVER *** [7s As 8d Jh] [9d]
zzaimo: checks 
Dante21b: bets $7.55
zzaimo: calls $7.55
*** SHOW DOWN ***
Dante21b: shows [Jd Td] (a straight, Seven to Jack)
zzaimo: mucks hand 
Dante21b collected $24.53 from pot
*** SUMMARY ***
Total pot $25.82 | Rake $1.29 
Board [7s As 8d Jh 9d]
Seat 1: zzaimo (big blind) mucked
Seat 2: S0NeT folded before Flop (didn't bet)
Seat 3: BGS013 folded before Flop (didn't bet)
Seat 4: Dante21b showed [Jd Td] and won ($24.53) with a straight, Seven to Jack
Seat 5: shootingGRID (button) folded before Flop (didn't bet)
Seat 6: Magnodive (small blind) folded before Flop



PokerStars Hand #254680373313:  Hold'em No Limit ($0.50/$1.00 USD) - 2025/02/02 0:04:34 WET [2025/02/02 19:04:34 ET]
Table 'Fanatica' 6-max Seat #6 is the button
Seat 1: zzaimo ($88.60 in chips) 
Seat 2: S0NeT ($100 in chips) 
Seat 3: BGS013 ($152.93 in chips) 
Seat 4: Dante21b ($111.37 in chips) 
Seat 5: shootingGRID ($101.50 in chips) 
Seat 6: Magnodive ($199 in chips) 
zzaimo: posts small blind $0.50
S0NeT: posts big blind $1
*** HOLE CARDS ***
BGS013: folds 
Dante21b: folds 
shootingGRID: folds 
Magnodive: folds 
zzaimo: calls $0.50
S0NeT: raises $3 to $4
zzaimo: calls $3
*** FLOP *** [Td 4h 5c]
zzaimo: checks 
S0NeT: bets $3.80
zzaimo: folds 
Uncalled bet ($3.80) returned to S0NeT
S0NeT collected $7.60 from pot
S0NeT: doesn't show hand 
*** SUMMARY ***
Total pot $8 | Rake $0.40 
Board [Td 4h 5c]
Seat 1: zzaimo (small blind) folded on the Flop
Seat 2: S0NeT (big blind) collected ($7.60)
Seat 3: BGS013 folded before Flop (didn't bet)
Seat 4: Dante21b folded before Flop (didn't bet)
Seat 5: shootingGRID folded before Flop (didn't bet)
Seat 6: Magnodive (button) folded before Flop (didn't bet)



PokerStars Hand #254680382183:  Hold'em No Limit ($0.50/$1.00 USD) - 2025/02/02 0:05:11 WET [2025/02/02 19:05:11 ET]
Table 'Fanatica' 6-max Seat #1 is the button
Seat 1: zzaimo ($84.60 in chips) 
Seat 2: S0NeT ($103.60 in chips) 
Seat 3: BGS013 ($152.93 in chips) 
Seat 4: Dante21b ($111.37 in chips) 
Seat 5: shootingGRID ($101.50 in chips) 
Seat 6: Magnodive ($199 in chips) 
S0NeT: posts small blind $0.50
BGS013: posts big blind $1
*** HOLE CARDS ***
Dante21b: folds 
shootingGRID: raises $1.25 to $2.25
Magnodive: folds 
zzaimo: folds 
S0NeT: folds 
BGS013: calls $1.25
*** FLOP *** [3s 6h 8h]
BGS013: checks 
shootingGRID: checks 
*** TURN *** [3s 6h 8h] [Qc]
BGS013: checks 
shootingGRID: checks 
*** RIVER *** [3s 6h 8h Qc] [5c]
BGS013: checks 
shootingGRID: checks 
*** SHOW DOWN ***
BGS013: shows [3d Ad] (a pair of Threes)
shootingGRID: mucks hand 
BGS013 collected $4.75 from pot
*** SUMMARY ***
Total pot $5 | Rake $0.25 
Board [3s 6h 8h Qc 5c]
Seat 1: zzaimo (button) folded before Flop (didn't bet)
Seat 2: S0NeT (small blind) folded before Flop
Seat 3: BGS013 (big blind) showed [3d Ad] and won ($4.75) with a pair of Threes
Seat 4: Dante21b folded before Flop (didn't bet)
Seat 5: shootingGRID mucked
Seat 6: Magnodive folded before Flop (didn't bet)



PokerStars Hand #254680396133:  Hold'em No Limit ($0.50/$1.00 USD) - 2025/02/02 0:06:12 WET [2025/02/02 19:06:12 ET]
Table 'Fanatica' 6-max Seat #2 is the button
Seat 1: zzaimo ($84.60 in chips) 
Seat 2: S0NeT ($103.10 in chips) 
Seat 3: BGS013 ($155.43 in chips) 
Seat 4: Dante21b ($111.37 in chips) 
Seat 5: shootingGRID ($100 in chips) 
Seat 6: Magnodive ($199 in chips) 
BGS013: posts small blind $0.50
Dante21b: posts big blind $1
*** HOLE CARDS ***
shootingGRID: folds 
Magnodive: folds 
zzaimo: folds 
S0NeT: raises $1.50 to $2.50
BGS013: raises $8.50 to $11
Dante21b: folds 
S0NeT: folds 
Uncalled bet ($8.50) returned to BGS013
BGS013 collected $6 from pot
BGS013: doesn't show hand 
*** SUMMARY ***
Total pot $6 | Rake $0 
Seat 1: zzaimo folded before Flop (didn't bet)
Seat 2: S0NeT (button) folded before Flop
Seat 3: BGS013 (small blind) collected ($6)
Seat 4: Dante21b (big blind) folded before Flop
Seat 5: shootingGRID folded before Flop (didn't bet)
Seat 6: Magnodive folded before Flop (didn't bet)



PokerStars Hand #254680402627:  Hold'em No Limit ($0.50/$1.00 USD) - 2025/02/02 0:06:39 WET [2025/02/02 19:06:39 ET]
Table 'Fanatica' 6-max Seat #3 is the button
Seat 1: zzaimo ($84.60 in chips) 
Seat 2: S0NeT ($100.60 in chips) 
Seat 3: BGS013 ($158.93 in chips) 
Seat 4: Dante21b ($110.37 in chips) 
Seat 5: shootingGRID ($100 in chips) 
Seat 6: Magnodive ($199 in chips) 
Dante21b: posts small blind $0.50
shootingGRID: posts big blind $1
*** HOLE CARDS ***
Magnodive: folds 
zzaimo: folds 
S0NeT: raises $1.50 to $2.50
BGS013: folds 
Dante21b: folds 
shootingGRID: folds 
Uncalled bet ($1.50) returned to S0NeT
S0NeT collected $2.50 from pot
S0NeT: doesn't show hand 
*** SUMMARY ***
Total pot $2.50 | Rake $0 
Seat 1: zzaimo folded before Flop (didn't bet)
Seat 2: S0NeT collected ($2.50)
Seat 3: BGS013 (button) folded before Flop (didn't bet)
Seat 4: Dante21b (small blind) folded before Flop
Seat 5: shootingGRID (big blind) folded before Flop
Seat 6: Magnodive folded before Flop (didn't bet)



PokerStars Hand #254680406901:  Hold'em No Limit ($0.50/$1.00 USD) - 2025/02/02 0:06:57 WET [2025/02/02 19:06:57 ET]
Table 'Fanatica' 6-max Seat #4 is the button
Seat 1: zzaimo ($84.60 in chips) 
Seat 2: S0NeT ($102.10 in chips) 
Seat 3: BGS013 ($158.93 in chips) 
Seat 4: Dante21b ($109.87 in chips) 
Seat 5: shootingGRID ($100 in chips) 
Seat 6: Magnodive ($199 in chips) 
shootingGRID: posts small blind $0.50
Magnodive: posts big blind $1
*** HOLE CARDS ***
zzaimo: calls $1
S0NeT: folds 
BGS013: folds 
Dante21b: folds 
shootingGRID: calls $0.50
Magnodive: checks 
*** FLOP *** [Jd Js 6h]
shootingGRID: checks 
Magnodive: checks 
zzaimo: bets $1.43
shootingGRID: folds 
Magnodive: folds 
Uncalled bet ($1.43) returned to zzaimo
zzaimo collected $2.81 from pot
*** SUMMARY ***
Total pot $3 | Rake $0.19 
Board [Jd Js 6h]
Seat 1: zzaimo collected ($2.81)
Seat 2: S0NeT folded before Flop (didn't bet)
Seat 3: BGS013 folded before Flop (didn't bet)
Seat 4: Dante21b (button) folded before Flop (didn't bet)
Seat 5: shootingGRID (small blind) folded on the Flop
Seat 6: Magnodive (big blind) folded on the Flop



PokerStars Hand #254680412640:  Hold'em No Limit ($0.50/$1.00 USD) - 2025/02/02 0:07:22 WET [2025/02/02 19:07:22 ET]
Table 'Fanatica' 6-max Seat #5 is the button
Seat 1: zzaimo ($86.41 in chips) 
Seat 2: S0NeT ($102.10 in chips) 
Seat 3: BGS013 ($158.93 in chips) 
Seat 4: Dante21b ($109.87 in chips) 
Seat 5: shootingGRID ($100 in chips) 
Seat 6: Magnodive ($198 in chips) 
Magnodive: posts small blind $0.50
zzaimo: posts big blind $1
*** HOLE CARDS ***
S0NeT: folds 
BGS013: folds 
Dante21b has timed out
Dante21b: folds 
shootingGRID: folds 
Magnodive: folds 
Uncalled bet ($0.50) returned to zzaimo
zzaimo collected $1 from pot
*** SUMMARY ***
Total pot $1 | Rake $0 
Seat 1: zzaimo (big blind) collected ($1)
Seat 2: S0NeT folded before Flop (didn't bet)
Seat 3: BGS013 folded before Flop (didn't bet)
Seat 4: Dante21b folded before Flop (didn't bet)
Seat 5: shootingGRID (button) folded before Flop (didn't bet)
Seat 6: Magnodive (small blind) folded before Flop



PokerStars Hand #254680459937:  Hold'em No Limit ($0.50/$1.00 USD) - 2025/02/02 0:10:47 WET [2025/02/02 19:10:47 ET]
Table 'Fanatica' 6-max Seat #3 is the button
Seat 1: zzaimo ($105.53 in chips) 
Seat 2: S0NeT ($111.08 in chips) 
Seat 3: BGS013 ($147.43 in chips) 
Seat 4: Dante21b ($108.87 in chips) 
Seat 5: shootingGRID ($100 in chips) 
Seat 6: Magnodive ($192.96 in chips) 
Dante21b: posts small blind $0.50
shootingGRID: posts big blind $1
*** HOLE CARDS ***
Magnodive: folds 
zzaimo: calls $1
S0NeT: folds 
BGS013: folds 
Dante21b: folds 
shootingGRID: checks 
*** FLOP *** [Ah Kh 9h]
shootingGRID: bets $1.79
zzaimo: calls $1.79
*** TURN *** [Ah Kh 9h] [8d]
shootingGRID: bets $9.50
zzaimo: folds 
Uncalled bet ($9.50) returned to shootingGRID
shootingGRID collected $5.78 from pot
*** SUMMARY ***
Total pot $6.08 | Rake $0.30 
Board [Ah Kh 9h 8d]
Seat 1: zzaimo folded on the Turn
Seat 2: S0NeT folded before Flop (didn't bet)
Seat 3: BGS013 (button) folded before Flop (didn't bet)
Seat 4: Dante21b (small blind) folded before Flop
Seat 5: shootingGRID (big blind) collected ($5.78)
Seat 6: Magnodive folded before Flop (didn't bet)



PokerStars Hand #254680468172:  Hold'em No Limit ($0.50/$1.00 USD) - 2025/02/02 0:11:23 WET [2025/02/02 19:11:23 ET]
Table 'Fanatica' 6-max Seat #4 is the button
Seat 1: zzaimo ($102.74 in chips) 
Seat 2: S0NeT ($111.08 in chips) 
Seat 3: BGS013 ($147.43 in chips) 
Seat 4: Dante21b ($108.37 in chips) 
Seat 5: shootingGRID ($102.99 in chips) 
Seat 6: Magnodive ($192.96 in chips) 
shootingGRID: posts small blind $0.50
Magnodive: posts big blind $1
*** HOLE CARDS ***
zzaimo: raises $2 to $3
S0NeT: folds 
BGS013: folds 
Dante21b: folds 
shootingGRID: folds 
Magnodive: folds 
Uncalled bet ($2) returned to zzaimo
zzaimo collected $2.50 from pot
*** SUMMARY ***
Total pot $2.50 | Rake $0 
Seat 1: zzaimo collected ($2.50)
Seat 2: S0NeT folded before Flop (didn't bet)
Seat 3: BGS013 folded before Flop (didn't bet)
Seat 4: Dante21b (button) folded before Flop (didn't bet)
Seat 5: shootingGRID (small blind) folded before Flop
Seat 6: Magnodive (big blind) folded before Flop



PokerStars Hand #254680471539:  Hold'em No Limit ($0.50/$1.00 USD) - 2025/02/02 0:11:38 WET [2025/02/02 19:11:38 ET]
Table 'Fanatica' 6-max Seat #5 is the button
Seat 1: zzaimo ($104.24 in chips) 
Seat 2: S0NeT ($111.08 in chips) 
Seat 3: BGS013 ($147.43 in chips) 
Seat 4: Dante21b ($108.37 in chips) 
Seat 5: shootingGRID ($102.49 in chips) 
Seat 6: Magnodive ($191.96 in chips) 
Magnodive: posts small blind $0.50
zzaimo: posts big blind $1
*** HOLE CARDS ***
S0NeT: folds 
BGS013: folds 
Dante21b: folds 
shootingGRID: folds 
Magnodive: raises $2 to $3
zzaimo: calls $2
*** FLOP *** [Jc 9h Kc]
Magnodive: checks 
zzaimo: bets $3
Magnodive: calls $3
*** TURN *** [Jc 9h Kc] [5d]
Magnodive: checks 
zzaimo: checks 
*** RIVER *** [Jc 9h Kc 5d] [3c]
Magnodive: bets $3.42
zzaimo: calls $3.42
*** SHOW DOWN ***
Magnodive: shows [Kd 7d] (a pair of Kings)
zzaimo: mucks hand 
Magnodive collected $17.90 from pot
*** SUMMARY ***
Total pot $18.84 | Rake $0.94 
Board [Jc 9h Kc 5d 3c]
Seat 1: zzaimo (big blind) mucked
Seat 2: S0NeT folded before Flop (didn't bet)
Seat 3: BGS013 folded before Flop (didn't bet)
Seat 4: Dante21b folded before Flop (didn't bet)
Seat 5: shootingGRID (button) folded before Flop (didn't bet)
Seat 6: Magnodive (small blind) showed [Kd 7d] and won ($17.90) with a pair of Kings



PokerStars Hand #254680482366:  Hold'em No Limit ($0.50/$1.00 USD) - 2025/02/02 0:12:26 WET [2025/02/02 19:12:26 ET]
Table 'Fanatica' 6-max Seat #6 is the button
Seat 1: zzaimo ($94.82 in chips) 
Seat 2: S0NeT ($111.08 in chips) 
Seat 3: BGS013 ($147.43 in chips) 
Seat 4: Dante21b ($108.37 in chips) 
Seat 5: shootingGRID ($102.49 in chips) 
Seat 6: Magnodive ($200.44 in chips) 
zzaimo: posts small blind $0.50
S0NeT: posts big blind $1
*** HOLE CARDS ***
BGS013: raises $1 to $2
Dante21b: folds 
shootingGRID: folds 
Magnodive: raises $5.50 to $7.50
zzaimo: folds 
S0NeT: folds 
BGS013: folds 
Uncalled bet ($5.50) returned to Magnodive
Magnodive collected $5.50 from pot
Magnodive: doesn't show hand 
*** SUMMARY ***
Total pot $5.50 | Rake $0 
Seat 1: zzaimo (small blind) folded before Flop
Seat 2: S0NeT (big blind) folded before Flop
Seat 3: BGS013 folded before Flop
Seat 4: Dante21b folded before Flop (didn't bet)
Seat 5: shootingGRID folded before Flop (didn't bet)
Seat 6: Magnodive (button) collected ($5.50)



PokerStars Hand #254680486063:  Hold'em No Limit ($0.50/$1.00 USD) - 2025/02/02 0:12:42 WET [2025/02/02 19:12:42 ET]
Table 'Fanatica' 6-max Seat #1 is the button
Seat 1: zzaimo ($94.32 in chips) 
Seat 2: S0NeT ($110.08 in chips) 
Seat 3: BGS013 ($145.43 in chips) 
Seat 4: Dante21b ($108.37 in chips) 
Seat 5: shootingGRID ($102.49 in chips) 
Seat 6: Magnodive ($203.94 in chips) 
S0NeT: posts small blind $0.50
BGS013: posts big blind $1
*** HOLE CARDS ***
Dante21b: folds 
shootingGRID: raises $1.25 to $2.25
Magnodive: folds 
zzaimo: calls $2.25
S0NeT: folds 
BGS013: folds 
*** FLOP *** [5c 6h Th]
shootingGRID: bets $4.28
zzaimo: calls $4.28
*** TURN *** [5c 6h Th] [Jc]
shootingGRID: bets $10.37
zzaimo: folds 
Uncalled bet ($10.37) returned to shootingGRID
shootingGRID collected $13.83 from pot
*** SUMMARY ***
Total pot $14.56 | Rake $0.73 
Board [5c 6h Th Jc]
Seat 1: zzaimo (button) folded on the Turn
Seat 2: S0NeT (small blind) folded before Flop
Seat 3: BGS013 (big blind) folded before Flop
Seat 4: Dante21b folded before Flop (didn't bet)
Seat 5: shootingGRID collected ($13.83)
Seat 6: Magnodive folded before Flop (didn't bet)



PokerStars Hand #254680496260:  Hold'em No Limit ($0.50/$1.00 USD) - 2025/02/02 0:13:27 WET [2025/02/02 19:13:27 ET]
Table 'Fanatica' 6-max Seat #2 is the button
Seat 1: zzaimo ($87.79 in chips) 
Seat 2: S0NeT ($109.58 in chips) 
Seat 3: BGS013 ($144.43 in chips) 
Seat 4: Dante21b ($108.37 in chips) 
Seat 5: shootingGRID ($109.79 in chips) 
Seat 6: Magnodive ($203.94 in chips) 
BGS013: posts small blind $0.50
Dante21b: posts big blind $1
*** HOLE CARDS ***
shootingGRID: folds 
Magnodive: raises $1.50 to $2.50
zzaimo: calls $2.50
S0NeT: folds 
BGS013: folds 
Dante21b: folds 
*** FLOP *** [6d 3s 3d]
Magnodive: bets $2.04
zzaimo: calls $2.04
*** TURN *** [6d 3s 3d] [5s]
Magnodive: bets $7.54
zzaimo: calls $7.54
*** RIVER *** [6d 3s 3d 5s] [Qh]
Magnodive: bets $12.19
zzaimo: calls $12.19
*** SHOW DOWN ***
Magnodive: shows [8h 8s] (two pair, Eights and Threes)
zzaimo: mucks hand 
Magnodive collected $47.54 from pot
*** SUMMARY ***
Total pot $50.04 | Rake $2.50 
Board [6d 3s 3d 5s Qh]
Seat 1: zzaimo mucked
Seat 2: S0NeT (button) folded before Flop (didn't bet)
Seat 3: BGS013 (small blind) folded before Flop
Seat 4: Dante21b (big blind) folded before Flop
Seat 5: shootingGRID folded before Flop (didn't bet)
Seat 6: Magnodive showed [8h 8s] and won ($47.54) with two pair, Eights and Threes



PokerStars Hand #254680512271:  Hold'em No Limit ($0.50/$1.00 USD) - 2025/02/02 0:14:39 WET [2025/02/02 19:14:39 ET]
Table 'Fanatica' 6-max Seat #3 is the button
Seat 1: zzaimo ($63.52 in chips) 
Seat 2: S0NeT ($109.58 in chips) 
Seat 3: BGS013 ($143.93 in chips) 
Seat 4: Dante21b ($107.37 in chips) 
Seat 5: shootingGRID ($109.79 in chips) 
Seat 6: Magnodive ($227.21 in chips) 
Dante21b: posts small blind $0.50
shootingGRID: posts big blind $1
*** HOLE CARDS ***
Magnodive: folds 
zzaimo: calls $1
S0NeT: raises $4 to $5
BGS013: folds 
Dante21b: folds 
shootingGRID: folds 
zzaimo: calls $4
*** FLOP *** [Kc Ah 7h]
zzaimo: checks 
S0NeT: bets $3.60
zzaimo: calls $3.60
*** TURN *** [Kc Ah 7h] [9h]
zzaimo: checks 
S0NeT: checks 
*** RIVER *** [Kc Ah 7h 9h] [Jd]
zzaimo: bets $14.76
S0NeT: folds 
Uncalled bet ($14.76) returned to zzaimo
zzaimo collected $17.52 from pot
*** SUMMARY ***
Total pot $18.70 | Rake $1.18 
Board [Kc Ah 7h 9h Jd]
Seat 1: zzaimo collected ($17.52)
Seat 2: S0NeT folded on the River
Seat 3: BGS013 (button) folded before Flop (didn't bet)
Seat 4: Dante21b (small blind) folded before Flop
Seat 5: shootingGRID (big blind) folded before Flop
Seat 6: Magnodive folded before Flop (didn't bet)



PokerStars Hand #254680526762:  Hold'em No Limit ($0.50/$1.00 USD) - 2025/02/02 0:15:43 WET [2025/02/02 19:15:43 ET]
Table 'Fanatica' 6-max Seat #4 is the button
Seat 1: zzaimo ($72.44 in chips) 
Seat 2: S0NeT ($100.98 in chips) 
Seat 3: BGS013 ($143.93 in chips) 
Seat 4: Dante21b ($106.87 in chips) 
Seat 5: shootingGRID ($108.79 in chips) 
Seat 6: Magnodive ($227.21 in chips) 
shootingGRID: posts small blind $0.50
Magnodive: posts big blind $1
*** HOLE CARDS ***
zzaimo: folds 
S0NeT: folds 
BGS013: raises $1.50 to $2.50
Dante21b: folds 
shootingGRID: raises $9.50 to $12
Magnodive: folds 
BGS013: folds 
Uncalled bet ($9.50) returned to shootingGRID
shootingGRID collected $6 from pot
*** SUMMARY ***
Total pot $6 | Rake $0 
Seat 1: zzaimo folded before Flop (didn't bet)
Seat 2: S0NeT folded before Flop (didn't bet)
Seat 3: BGS013 folded before Flop
Seat 4: Dante21b (button) folded before Flop (didn't bet)
Seat 5: shootingGRID (small blind) collected ($6)
Seat 6: Magnodive (big blind) folded before Flop



PokerStars Hand #254680535057:  Hold'em No Limit ($0.50/$1.00 USD) - 2025/02/02 0:16:21 WET [2025/02/02 19:16:21 ET]
Table 'Fanatica' 6-max Seat #5 is the button
Seat 1: zzaimo ($72.44 in chips) 
Seat 2: S0NeT ($100.98 in chips) 
Seat 3: BGS013 ($141.43 in chips) 
Seat 4: Dante21b ($106.87 in chips) 
Seat 5: shootingGRID ($112.29 in chips) 
Seat 6: Magnodive ($226.21 in chips) 
Magnodive: posts small blind $0.50
zzaimo: posts big blind $1
*** HOLE CARDS ***
S0NeT: folds 
BGS013: folds 
Dante21b: folds 
shootingGRID: raises $1.50 to $2.50
Magnodive: folds 
zzaimo: calls $1.50
*** FLOP *** [Ac Qc Qs]
zzaimo: checks 
shootingGRID: bets $1.72
zzaimo: calls $1.72
*** TURN *** [Ac Qc Qs] [9d]
zzaimo: checks 
shootingGRID: checks 
*** RIVER *** [Ac Qc Qs 9d] [Js]
zzaimo: bets $8.49
shootingGRID: calls $8.49
*** SHOW DOWN ***
zzaimo: shows [Qd 4s] (three of a kind, Queens)
shootingGRID: shows [Tc 8s] (a straight, Eight to Queen)
shootingGRID collected $24.62 from pot
*** SUMMARY ***
Total pot $25.92 | Rake $1.30 
Board [Ac Qc Qs 9d Js]
Seat 1: zzaimo (big blind) showed [Qd 4s] and lost with three of a kind, Queens
Seat 2: S0NeT folded before Flop (didn't bet)
Seat 3: BGS013 folded before Flop (didn't bet)
Seat 4: Dante21b folded before Flop (didn't bet)
Seat 5: shootingGRID (button) showed [Tc 8s] and won ($24.62) with a straight, Eight to Queen
Seat 6: Magnodive (small blind) folded before Flop



PokerStars Hand #254680545595:  Hold'em No Limit ($0.50/$1.00 USD) - 2025/02/02 0:17:08 WET [2025/02/02 19:17:08 ET]
Table 'Fanatica' 6-max Seat #6 is the button
Seat 1: zzaimo ($59.73 in chips) 
Seat 2: S0NeT ($100.98 in chips) 
Seat 3: BGS013 ($141.43 in chips) 
Seat 4: Dante21b ($106.87 in chips) 
Seat 5: shootingGRID ($124.20 in chips) 
Seat 6: Magnodive ($225.71 in chips) 
zzaimo: posts small blind $0.50
S0NeT: posts big blind $1
*** HOLE CARDS ***
BGS013: raises $1 to $2
Dante21b: folds 
shootingGRID: folds 
Magnodive: folds 
zzaimo: calls $1.50
S0NeT: folds 
*** FLOP *** [Qh Jd 4d]
zzaimo: bets $1
BGS013: calls $1
*** TURN *** [Qh Jd 4d] [Ah]
zzaimo: checks 
BGS013: checks 
*** RIVER *** [Qh Jd 4d Ah] [Ac]
zzaimo: checks 
BGS013: checks 
*** SHOW DOWN ***
zzaimo: shows [9d Th] (a pair of Aces)
BGS013: shows [6c 6d] (two pair, Aces and Sixes)
BGS013 collected $6.65 from pot
*** SUMMARY ***
Total pot $7 | Rake $0.35 
Board [Qh Jd 4d Ah Ac]
Seat 1: zzaimo (small blind) showed [9d Th] and lost with a pair of Aces
Seat 2: S0NeT (big blind) folded before Flop
Seat 3: BGS013 showed [6c 6d] and won ($6.65) with two pair, Aces and Sixes
Seat 4: Dante21b folded before Flop (didn't bet)
Seat 5: shootingGRID folded before Flop (didn't bet)
Seat 6: Magnodive (button) folded before Flop (didn't bet)



PokerStars Hand #254680555677:  Hold'em No Limit ($0.50/$1.00 USD) - 2025/02/02 0:17:53 WET [2025/02/02 19:17:53 ET]
Table 'Fanatica' 6-max Seat #1 is the button
Seat 1: zzaimo ($56.73 in chips) 
Seat 2: S0NeT ($100 in chips) 
Seat 3: BGS013 ($145.08 in chips) 
Seat 4: Dante21b ($106.87 in chips) 
Seat 5: shootingGRID ($124.20 in chips) 
Seat 6: Magnodive ($225.71 in chips) 
S0NeT: posts small blind $0.50
BGS013: posts big blind $1
*** HOLE CARDS ***
Dante21b: folds 
shootingGRID: folds 
Magnodive: folds 
zzaimo: calls $1
S0NeT: folds 
BGS013: checks 
*** FLOP *** [Kh 9s 3d]
BGS013: checks 
zzaimo: checks 
*** TURN *** [Kh 9s 3d] [Kc]
BGS013: bets $1.31
zzaimo: folds 
Uncalled bet ($1.31) returned to BGS013
BGS013 collected $2.38 from pot
BGS013: doesn't show hand 
*** SUMMARY ***
Total pot $2.50 | Rake $0.12 
Board [Kh 9s 3d Kc]
Seat 1: zzaimo (button) folded on the Turn
Seat 2: S0NeT (small blind) folded before Flop
Seat 3: BGS013 (big blind) collected ($2.38)
Seat 4: Dante21b folded before Flop (didn't bet)
Seat 5: shootingGRID folded before Flop (didn't bet)
Seat 6: Magnodive folded before Flop (didn't bet)



PokerStars Hand #254680560869:  Hold'em No Limit ($0.50/$1.00 USD) - 2025/02/02 0:18:17 WET [2025/02/02 19:18:17 ET]
Table 'Fanatica' 6-max Seat #2 is the button
Seat 1: zzaimo ($55.73 in chips) 
Seat 2: S0NeT ($100 in chips) 
Seat 3: BGS013 ($146.46 in chips) 
Seat 4: Dante21b ($106.87 in chips) 
Seat 5: shootingGRID ($124.20 in chips) 
Seat 6: Magnodive ($225.71 in chips) 
BGS013: posts small blind $0.50
Dante21b: posts big blind $1
*** HOLE CARDS ***
shootingGRID: folds 
Magnodive: folds 
zzaimo: folds 
S0NeT: raises $1.50 to $2.50
BGS013: folds 
Dante21b: raises $8.50 to $11
S0NeT: folds 
Uncalled bet ($8.50) returned to Dante21b
Dante21b collected $5.50 from pot
Dante21b: doesn't show hand 
*** SUMMARY ***
Total pot $5.50 | Rake $0 
Seat 1: zzaimo folded before Flop (didn't bet)
Seat 2: S0NeT (button) folded before Flop
Seat 3: BGS013 (small blind) folded before Flop
Seat 4: Dante21b (big blind) collected ($5.50)
Seat 5: shootingGRID folded before Flop (didn't bet)
Seat 6: Magnodive folded before Flop (didn't bet)



PokerStars Hand #254680570395:  Hold'em No Limit ($0.50/$1.00 USD) - 2025/02/02 0:19:00 WET [2025/02/02 19:19:00 ET]
Table 'Fanatica' 6-max Seat #3 is the button
Seat 1: zzaimo ($55.73 in chips) 
Seat 2: S0NeT ($100 in chips) 
Seat 3: BGS013 ($145.96 in chips) 
Seat 4: Dante21b ($109.87 in chips) 
Seat 5: shootingGRID ($124.20 in chips) 
Seat 6: Magnodive ($225.71 in chips) 
Dante21b: posts small blind $0.50
shootingGRID: posts big blind $1
*** HOLE CARDS ***
Magnodive: folds 
zzaimo: calls $1
S0NeT: folds 
BGS013: raises $3.50 to $4.50
Dante21b: folds 
shootingGRID: folds 
zzaimo: calls $3.50
*** FLOP *** [9s Qs Ts]
zzaimo: checks 
BGS013: bets $2.59
zzaimo: folds 
Uncalled bet ($2.59) returned to BGS013
BGS013 collected $9.98 from pot
BGS013: doesn't show hand 
*** SUMMARY ***
Total pot $10.50 | Rake $0.52 
Board [9s Qs Ts]
Seat 1: zzaimo folded on the Flop
Seat 2: S0NeT folded before Flop (didn't bet)
Seat 3: BGS013 (button) collected ($9.98)
Seat 4: Dante21b (small blind) folded before Flop
Seat 5: shootingGRID (big blind) folded before Flop
Seat 6: Magnodive folded before Flop (didn't bet)



PokerStars Hand #254680578352:  Hold'em No Limit ($0.50/$1.00 USD) - 2025/02/02 0:19:36 WET [2025/02/02 19:19:36 ET]
Table 'Fanatica' 6-max Seat #4 is the button
Seat 1: zzaimo ($51.23 in chips) 
Seat 2: S0NeT ($100 in chips) 
Seat 3: BGS013 ($151.44 in chips) 
Seat 4: Dante21b ($109.37 in chips) 
Seat 5: shootingGRID ($123.20 in chips) 
Seat 6: Magnodive ($225.71 in chips) 
shootingGRID: posts small blind $0.50
Magnodive: posts big blind $1
*** HOLE CARDS ***
zzaimo: calls $1
S0NeT: folds 
BGS013: raises $3.50 to $4.50
Dante21b: folds 
shootingGRID: raises $9 to $13.50
Magnodive: folds 
zzaimo: folds 
BGS013: folds 
Uncalled bet ($9) returned to shootingGRID
shootingGRID collected $11 from pot
*** SUMMARY ***
Total pot $11 | Rake $0 
Seat 1: zzaimo folded before Flop
Seat 2: S0NeT folded before Flop (didn't bet)
Seat 3: BGS013 folded before Flop
Seat 4: Dante21b (button) folded before Flop (didn't bet)
Seat 5: shootingGRID (small blind) collected ($11)
Seat 6: Magnodive (big blind) folded before Flop



PokerStars Hand #254680587474:  Hold'em No Limit ($0.50/$1.00 USD) - 2025/02/02 0:20:17 WET [2025/02/02 19:20:17 ET]
Table 'Fanatica' 6-max Seat #5 is the button
Seat 1: zzaimo ($50.23 in chips) 
Seat 2: S0NeT ($100 in chips) 
Seat 3: BGS013 ($146.94 in chips) 
Seat 4: Dante21b ($109.37 in chips) 
Seat 5: shootingGRID ($129.70 in chips) 
Seat 6: Magnodive ($224.71 in chips) 
Magnodive: posts small blind $0.50
zzaimo: posts big blind $1
*** HOLE CARDS ***
S0NeT: folds 
BGS013: folds 
Dante21b: folds 
shootingGRID: folds 
Magnodive: raises $2 to $3
zzaimo: calls $2
*** FLOP *** [Ac 3s Ks]
Magnodive: bets $1.88
zzaimo: folds 
Uncalled bet ($1.88) returned to Magnodive
Magnodive collected $5.70 from pot
Magnodive: doesn't show hand 
*** SUMMARY ***
Total pot $6 | Rake $0.30 
Board [Ac 3s Ks]
Seat 1: zzaimo (big blind) folded on the Flop
Seat 2: S0NeT folded before Flop (didn't bet)
Seat 3: BGS013 folded before Flop (didn't bet)
Seat 4: Dante21b folded before Flop (didn't bet)
Seat 5: shootingGRID (button) folded before Flop (didn't bet)
Seat 6: Magnodive (small blind) collected ($5.70)



PokerStars Hand #254680592828:  Hold'em No Limit ($0.50/$1.00 USD) - 2025/02/02 0:20:42 WET [2025/02/02 19:20:42 ET]
Table 'Fanatica' 6-max Seat #6 is the button
Seat 1: zzaimo ($47.23 in chips) 
Seat 2: S0NeT ($100 in chips) 
Seat 3: BGS013 ($146.94 in chips) 
Seat 4: Dante21b ($109.37 in chips) 
Seat 5: shootingGRID ($129.70 in chips) 
Seat 6: Magnodive ($227.41 in chips) 
zzaimo: posts small blind $0.50
S0NeT: posts big blind $1
*** HOLE CARDS ***
BGS013: folds 
Dante21b: folds 
shootingGRID: folds 
Magnodive: raises $1.50 to $2.50
zzaimo: folds 
S0NeT: raises $7.50 to $10
Magnodive: folds 
Uncalled bet ($7.50) returned to S0NeT
S0NeT collected $5.50 from pot
S0NeT: doesn't show hand 
*** SUMMARY ***
Total pot $5.50 | Rake $0 
Seat 1: zzaimo (small blind) folded before Flop
Seat 2: S0NeT (big blind) collected ($5.50)
Seat 3: BGS013 folded before Flop (didn't bet)
Seat 4: Dante21b folded before Flop (didn't bet)
Seat 5: shootingGRID folded before Flop (didn't bet)
Seat 6: Magnodive (button) folded before Flop



PokerStars Hand #254680599880:  Hold'em No Limit ($0.50/$1.00 USD) - 2025/02/02 0:21:14 WET [2025/02/02 19:21:14 ET]
Table 'Fanatica' 6-max Seat #1 is the button
Seat 1: zzaimo ($46.73 in chips) 
Seat 2: S0NeT ($103 in chips) 
Seat 3: BGS013 ($146.94 in chips) 
Seat 4: Dante21b ($109.37 in chips) 
Seat 5: shootingGRID ($129.70 in chips) 
Seat 6: Magnodive ($224.91 in chips) 
S0NeT: posts small blind $0.50
BGS013: posts big blind $1
*** HOLE CARDS ***
Dante21b: folds 
shootingGRID: folds 
Magnodive: folds 
zzaimo: raises $2 to $3
S0NeT: folds 
BGS013: calls $2
*** FLOP *** [Qh 6s 9d]
BGS013: checks 
zzaimo: bets $5
BGS013: calls $5
*** TURN *** [Qh 6s 9d] [6h]
BGS013: checks 
zzaimo: checks 
*** RIVER *** [Qh 6s 9d 6h] [9h]
BGS013: checks 
zzaimo: bets $38.73 and is all-in
BGS013: folds 
Uncalled bet ($38.73) returned to zzaimo
zzaimo collected $15.48 from pot
*** SUMMARY ***
Total pot $16.50 | Rake $1.02 
Board [Qh 6s 9d 6h 9h]
Seat 1: zzaimo (button) collected ($15.48)
Seat 2: S0NeT (small blind) folded before Flop
Seat 3: BGS013 (big blind) folded on the River
Seat 4: Dante21b folded before Flop (didn't bet)
Seat 5: shootingGRID folded before Flop (didn't bet)
Seat 6: Magnodive folded before Flop (didn't bet)



PokerStars Hand #254680610395:  Hold'em No Limit ($0.50/$1.00 USD) - 2025/02/02 0:22:03 WET [2025/02/02 19:22:03 ET]
Table 'Fanatica' 6-max Seat #2 is the button
Seat 1: zzaimo ($54.21 in chips) 
Seat 2: S0NeT ($102.50 in chips) 
Seat 3: BGS013 ($138.94 in chips) 
Seat 4: Dante21b ($109.37 in chips) 
Seat 5: shootingGRID ($129.70 in chips) 
Seat 6: Magnodive ($224.91 in chips) 
BGS013: posts small blind $0.50
Dante21b: posts big blind $1
*** HOLE CARDS ***
shootingGRID: raises $1.25 to $2.25
Magnodive: folds 
zzaimo: calls $2.25
S0NeT: folds 
BGS013: folds 
Dante21b: folds 
*** FLOP *** [9c 3h Kh]
shootingGRID: bets $2.85
zzaimo: folds 
Uncalled bet ($2.85) returned to shootingGRID
shootingGRID collected $5.70 from pot
*** SUMMARY ***
Total pot $6 | Rake $0.30 
Board [9c 3h Kh]
Seat 1: zzaimo folded on the Flop
Seat 2: S0NeT (button) folded before Flop (didn't bet)
Seat 3: BGS013 (small blind) folded before Flop
Seat 4: Dante21b (big blind) folded before Flop
Seat 5: shootingGRID collected ($5.70)
Seat 6: Magnodive folded before Flop (didn't bet)



PokerStars Hand #254680619580:  Hold'em No Limit ($0.50/$1.00 USD) - 2025/02/02 0:22:45 WET [2025/02/02 19:22:45 ET]
Table 'Fanatica' 6-max Seat #3 is the button
Seat 1: zzaimo ($51.96 in chips) 
Seat 2: S0NeT ($102.50 in chips) 
Seat 3: BGS013 ($138.44 in chips) 
Seat 4: Dante21b ($108.37 in chips) 
Seat 5: shootingGRID ($133.15 in chips) 
Seat 6: Magnodive ($224.91 in chips) 
Dante21b: posts small blind $0.50
shootingGRID: posts big blind $1
*** HOLE CARDS ***
Magnodive: folds 
zzaimo: raises $2 to $3
S0NeT: folds 
BGS013: folds 
Dante21b: folds 
shootingGRID: folds 
Uncalled bet ($2) returned to zzaimo
zzaimo collected $2.50 from pot
*** SUMMARY ***
Total pot $2.50 | Rake $0 
Seat 1: zzaimo collected ($2.50)
Seat 2: S0NeT folded before Flop (didn't bet)
Seat 3: BGS013 (button) folded before Flop (didn't bet)
Seat 4: Dante21b (small blind) folded before Flop
Seat 5: shootingGRID (big blind) folded before Flop
Seat 6: Magnodive folded before Flop (didn't bet)



PokerStars Hand #254680714070:  Hold'em No Limit ($0.50/$1.00 USD) - 2025/02/02 0:30:06 WET [2025/02/02 19:30:06 ET]
Table 'Fanatica' 6-max Seat #2 is the button
Seat 1: zzaimo ($58.20 in chips) 
Seat 2: S0NeT ($100 in chips) 
Seat 3: BGS013 ($134.94 in chips) 
Seat 4: Dante21b ($113.09 in chips) 
Seat 5: shootingGRID ($231.37 in chips) 
Seat 6: Magnodive ($217.82 in chips) 
BGS013: posts small blind $0.50
Dante21b: posts big blind $1
*** HOLE CARDS ***
shootingGRID: folds 
Magnodive: raises $1.50 to $2.50
zzaimo: calls $2.50
S0NeT: folds 
BGS013: folds 
Dante21b: calls $1.50
*** FLOP *** [5h 2d Th]
Dante21b: checks 
Magnodive: bets $1.90
zzaimo: calls $1.90
Dante21b: calls $1.90
*** TURN *** [5h 2d Th] [Kh]
Dante21b: checks 
Magnodive: bets $9.77
zzaimo: folds 
Dante21b: folds 
Uncalled bet ($9.77) returned to Magnodive
Magnodive collected $13.02 from pot
Magnodive: doesn't show hand 
*** SUMMARY ***
Total pot $13.70 | Rake $0.68 
Board [5h 2d Th Kh]
Seat 1: zzaimo folded on the Turn
Seat 2: S0NeT (button) folded before Flop (didn't bet)
Seat 3: BGS013 (small blind) folded before Flop
Seat 4: Dante21b (big blind) folded on the Turn
Seat 5: shootingGRID folded before Flop (didn't bet)
Seat 6: Magnodive collected ($13.02)



PokerStars Hand #254680727376:  Hold'em No Limit ($0.50/$1.00 USD) - 2025/02/02 0:31:10 WET [2025/02/02 19:31:10 ET]
Table 'Fanatica' 6-max Seat #3 is the button
Seat 1: zzaimo ($53.80 in chips) 
Seat 2: S0NeT ($100 in chips) 
Seat 3: BGS013 ($134.44 in chips) 
Seat 4: Dante21b ($108.69 in chips) 
Seat 5: shootingGRID ($231.37 in chips) 
Seat 6: Magnodive ($226.44 in chips) 
Dante21b: posts small blind $0.50
shootingGRID: posts big blind $1
*** HOLE CARDS ***
Magnodive: folds 
zzaimo: calls $1
S0NeT: raises $3.50 to $4.50
BGS013: folds 
Dante21b: folds 
shootingGRID: folds 
zzaimo: calls $3.50
*** FLOP *** [4c Qd Kd]
zzaimo: checks 
S0NeT: bets $3.29
zzaimo: calls $3.29
*** TURN *** [4c Qd Kd] [Qs]
zzaimo: checks 
S0NeT: checks 
*** RIVER *** [4c Qd Kd Qs] [Ac]
zzaimo: bets $8.12
S0NeT: folds 
Uncalled bet ($8.12) returned to zzaimo
zzaimo collected $16.02 from pot
*** SUMMARY ***
Total pot $17.08 | Rake $1.06 
Board [4c Qd Kd Qs Ac]
Seat 1: zzaimo collected ($16.02)
Seat 2: S0NeT folded on the River
Seat 3: BGS013 (button) folded before Flop (didn't bet)
Seat 4: Dante21b (small blind) folded before Flop
Seat 5: shootingGRID (big blind) folded before Flop
Seat 6: Magnodive folded before Flop (didn't bet)



PokerStars Hand #254680742017:  Hold'em No Limit ($0.50/$1.00 USD) - 2025/02/02 0:32:20 WET [2025/02/02 19:32:20 ET]
Table 'Fanatica' 6-max Seat #4 is the button
Seat 1: zzaimo ($62.03 in chips) 
Seat 2: S0NeT ($100 in chips) 
Seat 3: BGS013 ($134.44 in chips) 
Seat 4: Dante21b ($108.19 in chips) 
Seat 5: shootingGRID ($230.37 in chips) 
Seat 6: Magnodive ($226.44 in chips) 
shootingGRID: posts small blind $0.50
Magnodive: posts big blind $1
*** HOLE CARDS ***
zzaimo: calls $1
S0NeT: folds 
BGS013: folds 
Dante21b: folds 
shootingGRID: folds 
Magnodive: raises $3.50 to $4.50
zzaimo: calls $3.50
*** FLOP *** [6c 5d 8d]
Magnodive: checks 
zzaimo: bets $2
Magnodive: calls $2
*** TURN *** [6c 5d 8d] [4c]
Magnodive: checks 
zzaimo: bets $5
Magnodive: calls $5
*** RIVER *** [6c 5d 8d 4c] [8h]
Magnodive: checks 
zzaimo: bets $16.16
Magnodive: folds 
Uncalled bet ($16.16) returned to zzaimo
zzaimo collected $22.02 from pot
*** SUMMARY ***
Total pot $23.50 | Rake $1.48 
Board [6c 5d 8d 4c 8h]
Seat 1: zzaimo collected ($22.02)
Seat 2: S0NeT folded before Flop (didn't bet)
Seat 3: BGS013 folded before Flop (didn't bet)
Seat 4: Dante21b (button) folded before Flop (didn't bet)
Seat 5: shootingGRID (small blind) folded before Flop
Seat 6: Magnodive (big blind) folded on the River



PokerStars Hand #254680754607:  Hold'em No Limit ($0.50/$1.00 USD) - 2025/02/02 0:33:21 WET [2025/02/02 19:33:21 ET]
Table 'Fanatica' 6-max Seat #5 is the button
Seat 1: zzaimo ($72.55 in chips) 
Seat 2: S0NeT ($100 in chips) 
Seat 3: BGS013 ($134.44 in chips) 
Seat 4: Dante21b ($108.19 in chips) 
Seat 5: shootingGRID ($229.87 in chips) 
Seat 6: Magnodive ($214.94 in chips) 
Magnodive: posts small blind $0.50
zzaimo: posts big blind $1
*** HOLE CARDS ***
S0NeT: folds 
BGS013: raises $1 to $2
Dante21b: folds 
shootingGRID: folds 
Magnodive: folds 
zzaimo: calls $1
*** FLOP *** [2h 9s Ts]
zzaimo: checks 
BGS013: bets $1.11
zzaimo: folds 
Uncalled bet ($1.11) returned to BGS013
BGS013 collected $4.28 from pot
BGS013: doesn't show hand 
*** SUMMARY ***
Total pot $4.50 | Rake $0.22 
Board [2h 9s Ts]
Seat 1: zzaimo (big blind) folded on the Flop
Seat 2: S0NeT folded before Flop (didn't bet)
Seat 3: BGS013 collected ($4.28)
Seat 4: Dante21b folded before Flop (didn't bet)
Seat 5: shootingGRID (button) folded before Flop (didn't bet)
Seat 6: Magnodive (small blind) folded before Flop



PokerStars Hand #254680759911:  Hold'em No Limit ($0.50/$1.00 USD) - 2025/02/02 0:33:47 WET [2025/02/02 19:33:47 ET]
Table 'Fanatica' 6-max Seat #6 is the button
Seat 1: zzaimo ($70.55 in chips) 
Seat 2: S0NeT ($100 in chips) 
Seat 3: BGS013 ($136.72 in chips) 
Seat 4: Dante21b ($108.19 in chips) 
Seat 5: shootingGRID ($229.87 in chips) 
Seat 6: Magnodive ($214.44 in chips) 
zzaimo: posts small blind $0.50
S0NeT: posts big blind $1
*** HOLE CARDS ***
BGS013: folds 
Dante21b: folds 
shootingGRID: folds 
Magnodive: raises $1.50 to $2.50
zzaimo: calls $2
S0NeT: folds 
*** FLOP *** [7d Ah 3h]
zzaimo: bets $2.85
Magnodive: calls $2.85
*** TURN *** [7d Ah 3h] [Jh]
zzaimo: checks 
Magnodive: checks 
*** RIVER *** [7d Ah 3h Jh] [6c]
zzaimo: bets $6.56
Magnodive: folds 
Uncalled bet ($6.56) returned to zzaimo
zzaimo collected $10.98 from pot
*** SUMMARY ***
Total pot $11.70 | Rake $0.72 
Board [7d Ah 3h Jh 6c]
Seat 1: zzaimo (small blind) collected ($10.98)
Seat 2: S0NeT (big blind) folded before Flop
Seat 3: BGS013 folded before Flop (didn't bet)
Seat 4: Dante21b folded before Flop (didn't bet)
Seat 5: shootingGRID folded before Flop (didn't bet)
Seat 6: Magnodive (button) folded on the River



PokerStars Hand #254680770540:  Hold'em No Limit ($0.50/$1.00 USD) - 2025/02/02 0:34:38 WET [2025/02/02 19:34:38 ET]
Table 'Fanatica' 6-max Seat #1 is the button
Seat 1: zzaimo ($76.18 in chips) 
Seat 2: S0NeT ($100 in chips) 
Seat 3: BGS013 ($136.72 in chips) 
Seat 4: Dante21b ($108.19 in chips) 
Seat 5: shootingGRID ($229.87 in chips) 
Seat 6: Magnodive ($209.09 in chips) 
S0NeT: posts small blind $0.50
BGS013: posts big blind $1
*** HOLE CARDS ***
Dante21b: folds 
shootingGRID: raises $1.25 to $2.25
Magnodive: folds 
zzaimo: calls $2.25
S0NeT: folds 
BGS013: folds 
*** FLOP *** [Qh 9h As]
shootingGRID: bets $1.88
zzaimo: calls $1.88
*** TURN *** [Qh 9h As] [Ks]
shootingGRID: checks 
zzaimo: bets $3
shootingGRID: calls $3
*** RIVER *** [Qh 9h As Ks] [Qs]
shootingGRID: checks 
zzaimo: checks 
*** SHOW DOWN ***
shootingGRID: shows [7h 6h] (a pair of Queens)
zzaimo: shows [Kh 8h] (two pair, Kings and Queens)
zzaimo collected $14.77 from pot
*** SUMMARY ***
Total pot $15.76 | Rake $0.99 
Board [Qh 9h As Ks Qs]
Seat 1: zzaimo (button) showed [Kh 8h] and won ($14.77) with two pair, Kings and Queens
Seat 2: S0NeT (small blind) folded before Flop
Seat 3: BGS013 (big blind) folded before Flop
Seat 4: Dante21b folded before Flop (didn't bet)
Seat 5: shootingGRID showed [7h 6h] and lost with a pair of Queens
Seat 6: Magnodive folded before Flop (didn't bet)



PokerStars Hand #254680782637:  Hold'em No Limit ($0.50/$1.00 USD) - 2025/02/02 0:35:38 WET [2025/02/02 19:35:38 ET]
Table 'Fanatica' 6-max Seat #2 is the button
Seat 1: zzaimo ($83.82 in chips) 
Seat 2: S0NeT ($100 in chips) 
Seat 3: BGS013 ($135.72 in chips) 
Seat 4: Dante21b ($108.19 in chips) 
Seat 5: shootingGRID ($222.74 in chips) 
Seat 6: Magnodive ($209.09 in chips) 
BGS013: posts small blind $0.50
Dante21b: posts big blind $1
*** HOLE CARDS ***
shootingGRID: raises $1.25 to $2.25
Magnodive: raises $5.25 to $7.50
zzaimo: folds 
S0NeT: folds 
BGS013: folds 
Dante21b: folds 
shootingGRID: folds 
Uncalled bet ($5.25) returned to Magnodive
Magnodive collected $6 from pot
Magnodive: doesn't show hand 
*** SUMMARY ***
Total pot $6 | Rake $0 
Seat 1: zzaimo folded before Flop (didn't bet)
Seat 2: S0NeT (button) folded before Flop (didn't bet)
Seat 3: BGS013 (small blind) folded before Flop
Seat 4: Dante21b (big blind) folded before Flop
Seat 5: shootingGRID folded before Flop
Seat 6: Magnodive collected ($6)



PokerStars Hand #254680789833:  Hold'em No Limit ($0.50/$1.00 USD) - 2025/02/02 0:36:13 WET [2025/02/02 19:36:13 ET]
Table 'Fanatica' 6-max Seat #3 is the button
Seat 1: zzaimo ($83.82 in chips) 
Seat 2: S0NeT ($100 in chips) 
Seat 3: BGS013 ($135.22 in chips) 
Seat 4: Dante21b ($107.19 in chips) 
Seat 5: shootingGRID ($220.49 in chips) 
Seat 6: Magnodive ($212.84 in chips) 
Dante21b: posts small blind $0.50
shootingGRID: posts big blind $1
*** HOLE CARDS ***
Magnodive: folds 
zzaimo: folds 
S0NeT: raises $1.50 to $2.50
BGS013: folds 
Dante21b: folds 
shootingGRID: calls $1.50
*** FLOP *** [Qh As 4s]
shootingGRID: bets $1.72
S0NeT: folds 
Uncalled bet ($1.72) returned to shootingGRID
shootingGRID collected $5.22 from pot
*** SUMMARY ***
Total pot $5.50 | Rake $0.28 
Board [Qh As 4s]
Seat 1: zzaimo folded before Flop (didn't bet)
Seat 2: S0NeT folded on the Flop
Seat 3: BGS013 (button) folded before Flop (didn't bet)
Seat 4: Dante21b (small blind) folded before Flop
Seat 5: shootingGRID (big blind) collected ($5.22)
Seat 6: Magnodive folded before Flop (didn't bet)



PokerStars Hand #254680802784:  Hold'em No Limit ($0.50/$1.00 USD) - 2025/02/02 0:37:17 WET [2025/02/02 19:37:17 ET]
Table 'Fanatica' 6-max Seat #4 is the button
Seat 1: zzaimo ($83.82 in chips) 
Seat 2: S0NeT ($100 in chips) 
Seat 3: BGS013 ($135.22 in chips) 
Seat 4: Dante21b ($106.69 in chips) 
Seat 5: shootingGRID ($223.21 in chips) 
Seat 6: Magnodive ($212.84 in chips) 
shootingGRID: posts small blind $0.50
Magnodive: posts big blind $1
*** HOLE CARDS ***
zzaimo: folds 
S0NeT: folds 
BGS013: folds 
Dante21b: raises $1.50 to $2.50
shootingGRID: raises $9.50 to $12
Magnodive: folds 
Dante21b: raises $14 to $26
shootingGRID: calls $14
*** FLOP *** [3d 5h Qs]
shootingGRID: checks 
Dante21b: bets $9.67
shootingGRID: calls $9.67
*** TURN *** [3d 5h Qs] [Ah]
shootingGRID: checks 
Dante21b: checks 
*** RIVER *** [3d 5h Qs Ah] [6d]
shootingGRID: checks 
Dante21b: checks 
*** SHOW DOWN ***
shootingGRID: shows [Qc Kc] (a pair of Queens)
Dante21b: shows [Kd Kh] (a pair of Kings)
Dante21b collected $69.84 from pot
*** SUMMARY ***
Total pot $72.34 | Rake $2.50 
Board [3d 5h Qs Ah 6d]
Seat 1: zzaimo folded before Flop (didn't bet)
Seat 2: S0NeT folded before Flop (didn't bet)
Seat 3: BGS013 folded before Flop (didn't bet)
Seat 4: Dante21b (button) showed [Kd Kh] and won ($69.84) with a pair of Kings
Seat 5: shootingGRID (small blind) showed [Qc Kc] and lost with a pair of Queens
Seat 6: Magnodive (big blind) folded before Flop



PokerStars Hand #254680824117:  Hold'em No Limit ($0.50/$1.00 USD) - 2025/02/02 0:39:05 WET [2025/02/02 19:39:05 ET]
Table 'Fanatica' 6-max Seat #5 is the button
Seat 1: zzaimo ($83.82 in chips) 
Seat 2: S0NeT ($100 in chips) 
Seat 3: BGS013 ($135.22 in chips) 
Seat 4: Dante21b ($140.86 in chips) 
Seat 5: shootingGRID ($187.54 in chips) 
Seat 6: Magnodive ($211.84 in chips) 
Magnodive: posts small blind $0.50
zzaimo: posts big blind $1
*** HOLE CARDS ***
S0NeT: raises $1.50 to $2.50
BGS013: folds 
Dante21b: folds 
shootingGRID: folds 
Magnodive: folds 
zzaimo: folds 
Uncalled bet ($1.50) returned to S0NeT
S0NeT collected $2.50 from pot
S0NeT: doesn't show hand 
*** SUMMARY ***
Total pot $2.50 | Rake $0 
Seat 1: zzaimo (big blind) folded before Flop
Seat 2: S0NeT collected ($2.50)
Seat 3: BGS013 folded before Flop (didn't bet)
Seat 4: Dante21b folded before Flop (didn't bet)
Seat 5: shootingGRID (button) folded before Flop (didn't bet)
Seat 6: Magnodive (small blind) folded before Flop



PokerStars Hand #254680828878:  Hold'em No Limit ($0.50/$1.00 USD) - 2025/02/02 0:39:29 WET [2025/02/02 19:39:29 ET]
Table 'Fanatica' 6-max Seat #6 is the button
Seat 1: zzaimo ($82.82 in chips) 
Seat 2: S0NeT ($101.50 in chips) 
Seat 3: BGS013 ($135.22 in chips) 
Seat 4: Dante21b ($140.86 in chips) 
Seat 5: shootingGRID ($187.54 in chips) 
Seat 6: Magnodive ($211.34 in chips) 
zzaimo: posts small blind $0.50
S0NeT: posts big blind $1
*** HOLE CARDS ***
BGS013: folds 
Dante21b: folds 
shootingGRID: folds 
Magnodive: raises $1.50 to $2.50
zzaimo: calls $2
S0NeT: raises $10.50 to $13
Magnodive: folds 
zzaimo: folds 
Uncalled bet ($10.50) returned to S0NeT
S0NeT collected $7.50 from pot
S0NeT: doesn't show hand 
*** SUMMARY ***
Total pot $7.50 | Rake $0 
Seat 1: zzaimo (small blind) folded before Flop
Seat 2: S0NeT (big blind) collected ($7.50)
Seat 3: BGS013 folded before Flop (didn't bet)
Seat 4: Dante21b folded before Flop (didn't bet)
Seat 5: shootingGRID folded before Flop (didn't bet)
Seat 6: Magnodive (button) folded before Flop



PokerStars Hand #254680835631:  Hold'em No Limit ($0.50/$1.00 USD) - 2025/02/02 0:40:02 WET [2025/02/02 19:40:02 ET]
Table 'Fanatica' 6-max Seat #1 is the button
Seat 1: zzaimo ($80.32 in chips) 
Seat 2: S0NeT ($106.50 in chips) 
Seat 3: BGS013 ($135.22 in chips) 
Seat 4: Dante21b ($140.86 in chips) 
Seat 5: shootingGRID ($187.54 in chips) 
Seat 6: Magnodive ($208.84 in chips) 
S0NeT: posts small blind $0.50
BGS013: posts big blind $1
*** HOLE CARDS ***
Dante21b: folds 
shootingGRID: folds 
Magnodive: raises $1.50 to $2.50
zzaimo: calls $2.50
S0NeT: folds 
BGS013: folds 
*** FLOP *** [6s 8s Qc]
Magnodive: checks 
Dante21b leaves the table
zzaimo: bets $3.09
Magnodive: folds 
Uncalled bet ($3.09) returned to zzaimo
zzaimo collected $6.10 from pot
*** SUMMARY ***
Total pot $6.50 | Rake $0.40 
Board [6s 8s Qc]
Seat 1: zzaimo (button) collected ($6.10)
Seat 2: S0NeT (small blind) folded before Flop
Seat 3: BGS013 (big blind) folded before Flop
Seat 4: Dante21b folded before Flop (didn't bet)
Seat 5: shootingGRID folded before Flop (didn't bet)
Seat 6: Magnodive folded on the Flop



PokerStars Hand #254680843485:  Hold'em No Limit ($0.50/$1.00 USD) - 2025/02/02 0:40:41 WET [2025/02/02 19:40:41 ET]
Table 'Fanatica' 6-max Seat #2 is the button
Seat 1: zzaimo ($83.92 in chips) 
Seat 2: S0NeT ($106 in chips) 
Seat 3: BGS013 ($134.22 in chips) 
Seat 5: shootingGRID ($187.54 in chips) 
Seat 6: Magnodive ($206.34 in chips) 
BGS013: posts small blind $0.50
shootingGRID: posts big blind $1
*** HOLE CARDS ***
Magnodive: folds 
zzaimo: calls $1
S0NeT: folds 
BGS013: raises $3.50 to $4.50
shootingGRID: folds 
zzaimo: calls $3.50
*** FLOP *** [Qs 3c Qh]
BGS013: bets $2.47
zzaimo: folds 
Uncalled bet ($2.47) returned to BGS013
BGS013 collected $9.50 from pot
BGS013: doesn't show hand 
m0nTTu joins the table at seat #4 
*** SUMMARY ***
Total pot $10 | Rake $0.50 
Board [Qs 3c Qh]
Seat 1: zzaimo folded on the Flop
Seat 2: S0NeT (button) folded before Flop (didn't bet)
Seat 3: BGS013 (small blind) collected ($9.50)
Seat 5: shootingGRID (big blind) folded before Flop
Seat 6: Magnodive folded before Flop (didn't bet)



PokerStars Hand #254680847812:  Hold'em No Limit ($0.50/$1.00 USD) - 2025/02/02 0:41:03 WET [2025/02/02 19:41:03 ET]
Table 'Fanatica' 6-max Seat #3 is the button
Seat 4: m0nTTu ($10 in chips) is sitting out
Seat 1: zzaimo ($79.42 in chips) 
Seat 2: S0NeT ($106 in chips) 
Seat 3: BGS013 ($139.22 in chips) 
Seat 5: shootingGRID ($186.54 in chips) 
Seat 6: Magnodive ($206.34 in chips) 
shootingGRID: posts small blind $0.50
Magnodive: posts big blind $1
*** HOLE CARDS ***
zzaimo: calls $1
S0NeT: folds 
BGS013: raises $3.50 to $4.50
shootingGRID: folds 
Magnodive: calls $3.50
zzaimo: calls $3.50
*** FLOP *** [5h Qc Qd]
Magnodive: checks 
zzaimo: checks 
BGS013: bets $3.46
Magnodive: calls $3.46
zzaimo: folds 
*** TURN *** [5h Qc Qd] [3c]
Magnodive: checks 
BGS013: bets $15.50
Magnodive: folds 
Uncalled bet ($15.50) returned to BGS013
BGS013 collected $19.87 from pot
BGS013: doesn't show hand 
*** SUMMARY ***
Total pot $20.92 | Rake $1.05 
Board [5h Qc Qd 3c]
Seat 4: m0nTTu
Seat 1: zzaimo folded on the Flop
Seat 2: S0NeT folded before Flop (didn't bet)
Seat 3: BGS013 (button) collected ($19.87)
Seat 5: shootingGRID (small blind) folded before Flop
Seat 6: Magnodive (big blind) folded on the Turn



PokerStars Hand #254680862188:  Hold'em No Limit ($0.50/$1.00 USD) - 2025/02/02 0:42:16 WET [2025/02/02 19:42:16 ET]
Table 'Fanatica' 6-max Seat #5 is the button
Seat 4: m0nTTu ($10 in chips) is sitting out
Seat 1: zzaimo ($74.92 in chips) 
Seat 2: S0NeT ($106 in chips) 
Seat 3: BGS013 ($151.13 in chips) 
Seat 5: shootingGRID ($186.04 in chips) 
Seat 6: Magnodive ($198.38 in chips) 
Magnodive: posts small blind $0.50
zzaimo: posts big blind $1
m0nTTu: sits out 
*** HOLE CARDS ***
S0NeT: raises $1.50 to $2.50
BGS013: folds 
shootingGRID: folds 
Magnodive: folds 
zzaimo: calls $1.50
*** FLOP *** [5h Js 4d]
zzaimo: checks 
S0NeT: bets $2.61
zzaimo: folds 
Uncalled bet ($2.61) returned to S0NeT
S0NeT collected $5.22 from pot
S0NeT: doesn't show hand 
*** SUMMARY ***
Total pot $5.50 | Rake $0.28 
Board [5h Js 4d]
Seat 4: m0nTTu
Seat 1: zzaimo (big blind) folded on the Flop
Seat 2: S0NeT collected ($5.22)
Seat 3: BGS013 folded before Flop (didn't bet)
Seat 5: shootingGRID (button) folded before Flop (didn't bet)
Seat 6: Magnodive (small blind) folded before Flop



PokerStars Hand #254680867661:  Hold'em No Limit ($0.50/$1.00 USD) - 2025/02/02 0:42:43 WET [2025/02/02 19:42:43 ET]
Table 'Fanatica' 6-max Seat #6 is the button
Seat 4: m0nTTu ($10 in chips) is sitting out
Seat 1: zzaimo ($72.42 in chips) 
Seat 2: S0NeT ($108.72 in chips) 
Seat 3: BGS013 ($151.13 in chips) 
Seat 5: shootingGRID ($186.04 in chips) 
Seat 6: Magnodive ($197.88 in chips) 
zzaimo: posts small blind $0.50
S0NeT: posts big blind $1
m0nTTu: sits out 
*** HOLE CARDS ***
BGS013: folds 
shootingGRID: folds 
Magnodive: folds 
zzaimo: folds 
Uncalled bet ($0.50) returned to S0NeT
S0NeT collected $1 from pot
S0NeT: doesn't show hand 
*** SUMMARY ***
Total pot $1 | Rake $0 
Seat 4: m0nTTu
Seat 1: zzaimo (small blind) folded before Flop
Seat 2: S0NeT (big blind) collected ($1)
Seat 3: BGS013 folded before Flop (didn't bet)
Seat 5: shootingGRID folded before Flop (didn't bet)
Seat 6: Magnodive (button) folded before Flop (didn't bet)



PokerStars Hand #254680869270:  Hold'em No Limit ($0.50/$1.00 USD) - 2025/02/02 0:42:51 WET [2025/02/02 19:42:51 ET]
Table 'Fanatica' 6-max Seat #1 is the button
Seat 4: m0nTTu ($10 in chips) is sitting out
Seat 1: zzaimo ($71.92 in chips) 
Seat 2: S0NeT ($109.22 in chips) 
Seat 3: BGS013 ($151.13 in chips) 
Seat 5: shootingGRID ($186.04 in chips) 
Seat 6: Magnodive ($197.88 in chips) 
S0NeT: posts small blind $0.50
BGS013: posts big blind $1
m0nTTu: sits out 
*** HOLE CARDS ***
shootingGRID: folds 
Magnodive: folds 
zzaimo: folds 
S0NeT: raises $2 to $3
BGS013: calls $2
*** FLOP *** [Ac Qs 9h]
S0NeT: checks 
BGS013: checks 
*** TURN *** [Ac Qs 9h] [3d]
S0NeT: checks 
BGS013: checks 
*** RIVER *** [Ac Qs 9h 3d] [8s]
S0NeT: bets $2.85
BGS013: folds 
Uncalled bet ($2.85) returned to S0NeT
S0NeT collected $5.70 from pot
S0NeT: doesn't show hand 
*** SUMMARY ***
Total pot $6 | Rake $0.30 
Board [Ac Qs 9h 3d 8s]
Seat 4: m0nTTu
Seat 1: zzaimo (button) folded before Flop (didn't bet)
Seat 2: S0NeT (small blind) collected ($5.70)
Seat 3: BGS013 (big blind) folded on the River
Seat 5: shootingGRID folded before Flop (didn't bet)
Seat 6: Magnodive folded before Flop (didn't bet)



PokerStars Hand #254680885171:  Hold'em No Limit ($0.50/$1.00 USD) - 2025/02/02 0:44:12 WET [2025/02/02 19:44:12 ET]
Table 'Fanatica' 6-max Seat #2 is the button
Seat 1: zzaimo ($71.92 in chips) 
Seat 2: S0NeT ($111.92 in chips) 
Seat 3: BGS013 ($148.13 in chips) 
Seat 4: m0nTTu ($10 in chips) 
Seat 5: shootingGRID ($186.04 in chips) 
Seat 6: Magnodive ($197.88 in chips) 
BGS013: posts small blind $0.50
m0nTTu: posts big blind $1
*** HOLE CARDS ***
shootingGRID: folds 
Magnodive: raises $1.50 to $2.50
zzaimo: calls $2.50
S0NeT: folds 
BGS013: folds 
m0nTTu: folds 
*** FLOP *** [2d Kh 9d]
Magnodive: bets $2.04
zzaimo: calls $2.04
*** TURN *** [2d Kh 9d] [5d]
Magnodive: bets $9.55
zzaimo: folds 
Uncalled bet ($9.55) returned to Magnodive
Magnodive collected $10.05 from pot
Magnodive: doesn't show hand 
*** SUMMARY ***
Total pot $10.58 | Rake $0.53 
Board [2d Kh 9d 5d]
Seat 1: zzaimo folded on the Turn
Seat 2: S0NeT (button) folded before Flop (didn't bet)
Seat 3: BGS013 (small blind) folded before Flop
Seat 4: m0nTTu (big blind) folded before Flop
Seat 5: shootingGRID folded before Flop (didn't bet)
Seat 6: Magnodive collected ($10.05)



PokerStars Hand #254680892282:  Hold'em No Limit ($0.50/$1.00 USD) - 2025/02/02 0:44:49 WET [2025/02/02 19:44:49 ET]
Table 'Fanatica' 6-max Seat #3 is the button
Seat 1: zzaimo ($67.38 in chips) 
Seat 2: S0NeT ($111.92 in chips) 
Seat 3: BGS013 ($147.63 in chips) 
Seat 4: m0nTTu ($10 in chips) 
Seat 5: shootingGRID ($186.04 in chips) 
Seat 6: Magnodive ($203.39 in chips) 
m0nTTu: posts small blind $0.50
shootingGRID: posts big blind $1
*** HOLE CARDS ***
Magnodive: folds 
zzaimo: calls $1
S0NeT: folds 
BGS013: folds 
m0nTTu: raises $9 to $10 and is all-in
shootingGRID: folds 
zzaimo: folds 
Uncalled bet ($9) returned to m0nTTu
m0nTTu collected $3 from pot
m0nTTu: doesn't show hand 
*** SUMMARY ***
Total pot $3 | Rake $0 
Seat 1: zzaimo folded before Flop
Seat 2: S0NeT folded before Flop (didn't bet)
Seat 3: BGS013 (button) folded before Flop (didn't bet)
Seat 4: m0nTTu (small blind) collected ($3)
Seat 5: shootingGRID (big blind) folded before Flop
Seat 6: Magnodive folded before Flop (didn't bet)



PokerStars Hand #254680898276:  Hold'em No Limit ($0.50/$1.00 USD) - 2025/02/02 0:45:20 WET [2025/02/02 19:45:20 ET]
Table 'Fanatica' 6-max Seat #4 is the button
Seat 1: zzaimo ($66.38 in chips) 
Seat 2: S0NeT ($111.92 in chips) 
Seat 3: BGS013 ($147.63 in chips) 
Seat 4: m0nTTu ($12 in chips) 
Seat 5: shootingGRID ($185.04 in chips) 
Seat 6: Magnodive ($203.39 in chips) 
shootingGRID: posts small blind $0.50
Magnodive: posts big blind $1
*** HOLE CARDS ***
zzaimo: calls $1
S0NeT: folds 
BGS013: folds 
m0nTTu: folds 
shootingGRID: folds 
Magnodive: checks 
*** FLOP *** [5h 5c 8s]
Magnodive: checks 
zzaimo: bets $2
Magnodive: folds 
Uncalled bet ($2) returned to zzaimo
zzaimo collected $2.35 from pot
*** SUMMARY ***
Total pot $2.50 | Rake $0.15 
Board [5h 5c 8s]
Seat 1: zzaimo collected ($2.35)
Seat 2: S0NeT folded before Flop (didn't bet)
Seat 3: BGS013 folded before Flop (didn't bet)
Seat 4: m0nTTu (button) folded before Flop (didn't bet)
Seat 5: shootingGRID (small blind) folded before Flop
Seat 6: Magnodive (big blind) folded on the Flop



PokerStars Hand #254680906825:  Hold'em No Limit ($0.50/$1.00 USD) - 2025/02/02 0:46:05 WET [2025/02/02 19:46:05 ET]
Table 'Fanatica' 6-max Seat #5 is the button
Seat 1: zzaimo ($67.73 in chips) 
Seat 2: S0NeT ($111.92 in chips) 
Seat 3: BGS013 ($147.63 in chips) 
Seat 4: m0nTTu ($12 in chips) 
Seat 5: shootingGRID ($184.54 in chips) 
Seat 6: Magnodive ($202.39 in chips) 
Magnodive: posts small blind $0.50
zzaimo: posts big blind $1
*** HOLE CARDS ***
S0NeT: folds 
BGS013: folds 
m0nTTu: folds 
shootingGRID: folds 
Magnodive: folds 
Uncalled bet ($0.50) returned to zzaimo
zzaimo collected $1 from pot
*** SUMMARY ***
Total pot $1 | Rake $0 
Seat 1: zzaimo (big blind) collected ($1)
Seat 2: S0NeT folded before Flop (didn't bet)
Seat 3: BGS013 folded before Flop (didn't bet)
Seat 4: m0nTTu folded before Flop (didn't bet)
Seat 5: shootingGRID (button) folded before Flop (didn't bet)
Seat 6: Magnodive (small blind) folded before Flop



PokerStars Hand #254680909874:  Hold'em No Limit ($0.50/$1.00 USD) - 2025/02/02 0:46:20 WET [2025/02/02 19:46:20 ET]
Table 'Fanatica' 6-max Seat #6 is the button
Seat 1: zzaimo ($68.23 in chips) 
Seat 2: S0NeT ($111.92 in chips) 
Seat 3: BGS013 ($147.63 in chips) 
Seat 4: m0nTTu ($12 in chips) 
Seat 5: shootingGRID ($184.54 in chips) 
Seat 6: Magnodive ($201.89 in chips) 
zzaimo: posts small blind $0.50
S0NeT: posts big blind $1
*** HOLE CARDS ***
BGS013: raises $1 to $2
m0nTTu: folds 
shootingGRID: folds 
Magnodive: folds 
zzaimo: calls $1.50
S0NeT: folds 
*** FLOP *** [7c 9c 5c]
zzaimo: checks 
BGS013: bets $1.24
zzaimo: calls $1.24
*** TURN *** [7c 9c 5c] [Ad]
zzaimo: checks 
BGS013: checks 
*** RIVER *** [7c 9c 5c Ad] [Jd]
zzaimo: checks 
BGS013: bets $1.85
zzaimo: folds 
Uncalled bet ($1.85) returned to BGS013
BGS013 collected $7.11 from pot
BGS013: doesn't show hand 
*** SUMMARY ***
Total pot $7.48 | Rake $0.37 
Board [7c 9c 5c Ad Jd]
Seat 1: zzaimo (small blind) folded on the River
Seat 2: S0NeT (big blind) folded before Flop
Seat 3: BGS013 collected ($7.11)
Seat 4: m0nTTu folded before Flop (didn't bet)
Seat 5: shootingGRID folded before Flop (didn't bet)
Seat 6: Magnodive (button) folded before Flop (didn't bet)



PokerStars Hand #254680918923:  Hold'em No Limit ($0.50/$1.00 USD) - 2025/02/02 0:47:07 WET [2025/02/02 19:47:07 ET]
Table 'Fanatica' 6-max Seat #1 is the button
Seat 1: zzaimo ($64.99 in chips) 
Seat 2: S0NeT ($110.92 in chips) 
Seat 3: BGS013 ($151.50 in chips) 
Seat 4: m0nTTu ($12 in chips) 
Seat 5: shootingGRID ($184.54 in chips) 
Seat 6: Magnodive ($201.89 in chips) 
S0NeT: posts small blind $0.50
BGS013: posts big blind $1
*** HOLE CARDS ***
m0nTTu: folds 
shootingGRID: raises $1.25 to $2.25
Magnodive: folds 
zzaimo: calls $2.25
S0NeT: raises $11.75 to $14
BGS013: folds 
shootingGRID: folds 
zzaimo: raises $50.99 to $64.99 and is all-in
S0NeT: calls $50.99
*** FLOP *** [Kh Jh 7h]
*** TURN *** [Kh Jh 7h] [As]
*** RIVER *** [Kh Jh 7h As] [Jc]
*** SHOW DOWN ***
S0NeT: shows [Ks Js] (a full house, Jacks full of Kings)
zzaimo: shows [Qd Qh] (two pair, Queens and Jacks)
S0NeT collected $130.73 from pot
*** SUMMARY ***
Total pot $133.23 | Rake $2.50 
Board [Kh Jh 7h As Jc]
Seat 1: zzaimo (button) showed [Qd Qh] and lost with two pair, Queens and Jacks
Seat 2: S0NeT (small blind) showed [Ks Js] and won ($130.73) with a full house, Jacks full of Kings
Seat 3: BGS013 (big blind) folded before Flop
Seat 4: m0nTTu folded before Flop (didn't bet)
Seat 5: shootingGRID folded before Flop
Seat 6: Magnodive folded before Flop (didn't bet)



PokerStars Hand #254680937462:  Hold'em No Limit ($0.50/$1.00 USD) - 2025/02/02 0:48:44 WET [2025/02/02 19:48:44 ET]
Table 'Fanatica' 6-max Seat #2 is the button
Seat 1: zzaimo ($0 in chips) is sitting out
Seat 2: S0NeT ($176.66 in chips) 
Seat 3: BGS013 ($150.50 in chips) 
Seat 4: m0nTTu ($12 in chips) 
Seat 5: shootingGRID ($182.29 in chips) 
Seat 6: Magnodive ($201.89 in chips) 
BGS013: posts small blind $0.50
m0nTTu: posts big blind $1
*** HOLE CARDS ***
shootingGRID: folds 
Magnodive: folds 
S0NeT: folds 
zzaimo leaves the table
BGS013: raises $2 to $3
m0nTTu: folds 
Uncalled bet ($2) returned to BGS013
BGS013 collected $2 from pot
BGS013: doesn't show hand 
*** SUMMARY ***
Total pot $2 | Rake $0 
Seat 1: zzaimo
Seat 2: S0NeT (button) folded before Flop (didn't bet)
Seat 3: BGS013 (small blind) collected ($2)
Seat 4: m0nTTu (big blind) folded before Flop
Seat 5: shootingGRID folded before Flop (didn't bet)
Seat 6: Magnodive folded before Flop (didn't bet)



PokerStars Hand #254680940623:  Hold'em No Limit ($0.50/$1.00 USD) - 2025/02/02 0:49:00 WET [2025/02/02 19:49:00 ET]
Table 'Fanatica' 6-max Seat #3 is the button
Seat 2: S0NeT ($176.66 in chips) 
Seat 3: BGS013 ($151.50 in chips) 
Seat 4: m0nTTu ($11 in chips) 
Seat 5: shootingGRID ($182.29 in chips) 
Seat 6: Magnodive ($201.89 in chips) 
m0nTTu: posts small blind $0.50
shootingGRID: posts big blind $1
*** HOLE CARDS ***
Magnodive: folds 
S0NeT: raises $1.50 to $2.50
BGS013: folds 
m0nTTu: folds 
shootingGRID: folds 
Uncalled bet ($1.50) returned to S0NeT
S0NeT collected $2.50 from pot
S0NeT: doesn't show hand 
*** SUMMARY ***
Total pot $2.50 | Rake $0 
Seat 2: S0NeT collected ($2.50)
Seat 3: BGS013 (button) folded before Flop (didn't bet)
Seat 4: m0nTTu (small blind) folded before Flop
Seat 5: shootingGRID (big blind) folded before Flop
Seat 6: Magnodive folded before Flop (didn't bet)



PokerStars Hand #254681051261:  Hold'em No Limit ($0.50/$1.00 USD) - 2025/02/02 0:59:49 WET [2025/02/02 19:59:49 ET]
Table 'Fanatica' 6-max Seat #5 is the button
Seat 2: m0nTTu ($10.50 in chips) 
Seat 5: shootingGRID ($181.29 in chips) 
Seat 6: vincentvvvega ($25.25 in chips) 
vincentvvvega: posts small blind $0.50
m0nTTu: posts big blind $1
*** HOLE CARDS ***
An1an1 joins the table at seat #1 
shootingGRID: folds 
vincentvvvega: calls $0.50
m0nTTu: raises $9.50 to $10.50 and is all-in
vincentvvvega: calls $9.50
*** FLOP *** [5c Qh Jd]
*** TURN *** [5c Qh Jd] [6s]
*** RIVER *** [5c Qh Jd 6s] [Th]
*** SHOW DOWN ***
vincentvvvega: shows [As Ts] (a pair of Tens)
m0nTTu: shows [Qd Kh] (a pair of Queens)
m0nTTu collected $20 from pot
*** SUMMARY ***
Total pot $21 | Rake $1 
Board [5c Qh Jd 6s Th]
Seat 2: m0nTTu (big blind) showed [Qd Kh] and won ($20) with a pair of Queens
Seat 5: shootingGRID (button) folded before Flop (didn't bet)
Seat 6: vincentvvvega (small blind) showed [As Ts] and lost with a pair of Tens



PokerStars Hand #254681055633:  Hold'em No Limit ($0.50/$1.00 USD) - 2025/02/02 1:00:19 WET [2025/02/02 20:00:19 ET]
Table 'Fanatica' 6-max Seat #6 is the button
Seat 1: An1an1 ($100 in chips) is sitting out
Seat 2: m0nTTu ($20 in chips) 
Seat 5: shootingGRID ($181.29 in chips) 
Seat 6: vincentvvvega ($14.75 in chips) 
m0nTTu: posts small blind $0.50
shootingGRID: posts big blind $1
*** HOLE CARDS ***
vincentvvvega: raises $13.75 to $14.75 and is all-in
m0nTTu: folds 
shootingGRID: folds 
Uncalled bet ($13.75) returned to vincentvvvega
vincentvvvega collected $2.50 from pot
*** SUMMARY ***
Total pot $2.50 | Rake $0 
Seat 1: An1an1
Seat 2: m0nTTu (small blind) folded before Flop
Seat 5: shootingGRID (big blind) folded before Flop
Seat 6: vincentvvvega (button) collected ($2.50)



PokerStars Hand #254681058350:  Hold'em No Limit ($0.50/$1.00 USD) - 2025/02/02 1:00:36 WET [2025/02/02 20:00:36 ET]
Table 'Fanatica' 6-max Seat #2 is the button
Seat 1: An1an1 ($100 in chips) is sitting out
Seat 2: m0nTTu ($19.50 in chips) 
Seat 5: shootingGRID ($180.29 in chips) 
Seat 6: vincentvvvega ($16.25 in chips) 
shootingGRID: posts small blind $0.50
vincentvvvega: posts big blind $1
An1an1: sits out 
*** HOLE CARDS ***
m0nTTu: raises $1 to $2
shootingGRID: folds 
vincentvvvega: folds 
Uncalled bet ($1) returned to m0nTTu
m0nTTu collected $2.50 from pot
m0nTTu: doesn't show hand 
*** SUMMARY ***
Total pot $2.50 | Rake $0 
Seat 1: An1an1
Seat 2: m0nTTu (button) collected ($2.50)
Seat 5: shootingGRID (small blind) folded before Flop
Seat 6: vincentvvvega (big blind) folded before Flop



PokerStars Hand #254681063390:  Hold'em No Limit ($0.50/$1.00 USD) - 2025/02/02 1:01:07 WET [2025/02/02 20:01:07 ET]
Table 'Fanatica' 6-max Seat #5 is the button
Seat 1: An1an1 ($100 in chips) 
Seat 2: m0nTTu ($21 in chips) 
Seat 5: shootingGRID ($179.79 in chips) 
Seat 6: vincentvvvega ($15.25 in chips) 
vincentvvvega: posts small blind $0.50
An1an1: posts big blind $1
*** HOLE CARDS ***
m0nTTu: folds 
shootingGRID: folds 
vincentvvvega: calls $0.50
An1an1: raises $8 to $9
vincentvvvega: folds 
Uncalled bet ($8) returned to An1an1
An1an1 collected $2 from pot
An1an1: doesn't show hand 
*** SUMMARY ***
Total pot $2 | Rake $0 
Seat 1: An1an1 (big blind) collected ($2)
Seat 2: m0nTTu folded before Flop (didn't bet)
Seat 5: shootingGRID (button) folded before Flop (didn't bet)
Seat 6: vincentvvvega (small blind) folded before Flop



PokerStars Hand #254681070258:  Hold'em No Limit ($0.50/$1.00 USD) - 2025/02/02 1:01:46 WET [2025/02/02 20:01:46 ET]
Table 'Fanatica' 6-max Seat #6 is the button
Seat 1: An1an1 ($101 in chips) 
Seat 2: m0nTTu ($21 in chips) 
Seat 5: shootingGRID ($179.79 in chips) 
Seat 6: vincentvvvega ($14.25 in chips) 
An1an1: posts small blind $0.50
m0nTTu: posts big blind $1
*** HOLE CARDS ***
shootingGRID: folds 
vincentvvvega: calls $1
An1an1: calls $0.50
m0nTTu: checks 
*** FLOP *** [Qs 6h Jd]
An1an1: checks 
m0nTTu: checks 
vincentvvvega: checks 
*** TURN *** [Qs 6h Jd] [Kd]
An1an1: checks 
m0nTTu: bets $1
vincentvvvega: calls $1
An1an1: folds 
*** RIVER *** [Qs 6h Jd Kd] [Qd]
m0nTTu: bets $1
vincentvvvega: calls $1
*** SHOW DOWN ***
m0nTTu: shows [7c Ts] (a pair of Queens)
vincentvvvega: shows [2c Ad] (a pair of Queens - Ace kicker)
vincentvvvega collected $6.65 from pot
*** SUMMARY ***
Total pot $7 | Rake $0.35 
Board [Qs 6h Jd Kd Qd]
Seat 1: An1an1 (small blind) folded on the Turn
Seat 2: m0nTTu (big blind) showed [7c Ts] and lost with a pair of Queens
Seat 5: shootingGRID folded before Flop (didn't bet)
Seat 6: vincentvvvega (button) showed [2c Ad] and won ($6.65) with a pair of Queens



PokerStars Hand #254681081714:  Hold'em No Limit ($0.50/$1.00 USD) - 2025/02/02 1:02:50 WET [2025/02/02 20:02:50 ET]
Table 'Fanatica' 6-max Seat #1 is the button
Seat 1: An1an1 ($100 in chips) 
Seat 2: m0nTTu ($18 in chips) 
Seat 5: shootingGRID ($179.79 in chips) 
Seat 6: vincentvvvega ($17.90 in chips) 
m0nTTu: posts small blind $0.50
shootingGRID: posts big blind $1
*** HOLE CARDS ***
vincentvvvega: calls $1
Nicedaymybro joins the table at seat #3 
An1an1: folds 
m0nTTu: raises $17 to $18 and is all-in
shootingGRID: folds 
vincentvvvega: folds 
Uncalled bet ($17) returned to m0nTTu
m0nTTu collected $3 from pot
m0nTTu: doesn't show hand 
*** SUMMARY ***
Total pot $3 | Rake $0 
Seat 1: An1an1 (button) folded before Flop (didn't bet)
Seat 2: m0nTTu (small blind) collected ($3)
Seat 5: shootingGRID (big blind) folded before Flop
Seat 6: vincentvvvega folded before Flop



PokerStars Hand #254681085990:  Hold'em No Limit ($0.50/$1.00 USD) - 2025/02/02 1:03:13 WET [2025/02/02 20:03:13 ET]
Table 'Fanatica' 6-max Seat #2 is the button
Seat 3: Nicedaymybro ($100 in chips) is sitting out
Seat 1: An1an1 ($100 in chips) 
Seat 2: m0nTTu ($20 in chips) 
Seat 5: shootingGRID ($178.79 in chips) 
Seat 6: vincentvvvega ($16.90 in chips) 
shootingGRID: posts small blind $0.50
vincentvvvega: posts big blind $1
*** HOLE CARDS ***
An1an1: folds 
m0nTTu: folds 
shootingGRID: folds 
Uncalled bet ($0.50) returned to vincentvvvega
vincentvvvega collected $1 from pot
Rysiff joins the table at seat #4 
*** SUMMARY ***
Total pot $1 | Rake $0 
Seat 3: Nicedaymybro
Seat 1: An1an1 folded before Flop (didn't bet)
Seat 2: m0nTTu (button) folded before Flop (didn't bet)
Seat 5: shootingGRID (small blind) folded before Flop
Seat 6: vincentvvvega (big blind) collected ($1)



PokerStars Hand #254681087707:  Hold'em No Limit ($0.50/$1.00 USD) - 2025/02/02 1:03:22 WET [2025/02/02 20:03:22 ET]
Table 'Fanatica' 6-max Seat #5 is the button
Seat 3: Nicedaymybro ($100 in chips) is sitting out
Seat 4: Rysiff ($100 in chips) is sitting out
Seat 1: An1an1 ($100 in chips) 
Seat 2: m0nTTu ($20 in chips) 
Seat 5: shootingGRID ($178.29 in chips) 
Seat 6: vincentvvvega ($17.40 in chips) 
vincentvvvega: posts small blind $0.50
An1an1: posts big blind $1
Nicedaymybro: sits out 
Rysiff: sits out 
*** HOLE CARDS ***
m0nTTu: folds 
shootingGRID: folds 
vincentvvvega: calls $0.50
An1an1: raises $99 to $100 and is all-in
vincentvvvega: calls $16.40 and is all-in
Uncalled bet ($82.60) returned to An1an1
*** FLOP *** [3d Qd 2s]
*** TURN *** [3d Qd 2s] [4d]
*** RIVER *** [3d Qd 2s 4d] [Jd]
*** SHOW DOWN ***
vincentvvvega: shows [Ad Ac] (a flush, Ace high)
An1an1: shows [8s Qs] (a pair of Queens)
vincentvvvega collected $33.80 from pot
An1an1 cashed out the hand for $6.08 | Cash Out Fee $0.12
*** SUMMARY ***
Total pot $34.80 | Rake $1 
Board [3d Qd 2s 4d Jd]
Seat 3: Nicedaymybro
Seat 4: Rysiff
Seat 1: An1an1 (big blind) showed [8s Qs] and lost with a pair of Queens (cashed out).
Seat 2: m0nTTu folded before Flop (didn't bet)
Seat 5: shootingGRID (button) folded before Flop (didn't bet)
Seat 6: vincentvvvega (small blind) showed [Ad Ac] and won ($33.80) with a flush, Ace high



PokerStars Hand #254681091614:  Hold'em No Limit ($0.50/$1.00 USD) - 2025/02/02 1:03:44 WET [2025/02/02 20:03:44 ET]
Table 'Fanatica' 6-max Seat #6 is the button
Seat 3: Nicedaymybro ($100 in chips) is sitting out
Seat 4: Rysiff ($100 in chips) is sitting out
Seat 1: An1an1 ($100 in chips) 
Seat 2: m0nTTu ($20 in chips) 
Seat 5: shootingGRID ($178.29 in chips) 
Seat 6: vincentvvvega ($33.80 in chips) 
An1an1: posts small blind $0.50
m0nTTu: posts big blind $1
Nicedaymybro: sits out 
Rysiff: sits out 
*** HOLE CARDS ***
shootingGRID: folds 
vincentvvvega: calls $1
An1an1: folds 
m0nTTu: raises $19 to $20 and is all-in
vincentvvvega: folds 
Uncalled bet ($19) returned to m0nTTu
m0nTTu collected $2.50 from pot
m0nTTu: doesn't show hand 
*** SUMMARY ***
Total pot $2.50 | Rake $0 
Seat 3: Nicedaymybro
Seat 4: Rysiff
Seat 1: An1an1 (small blind) folded before Flop
Seat 2: m0nTTu (big blind) collected ($2.50)
Seat 5: shootingGRID folded before Flop (didn't bet)
Seat 6: vincentvvvega (button) folded before Flop



PokerStars Hand #254681096221:  Hold'em No Limit ($0.50/$1.00 USD) - 2025/02/02 1:04:10 WET [2025/02/02 20:04:10 ET]
Table 'Fanatica' 6-max Seat #1 is the button
Seat 4: Rysiff ($100 in chips) is sitting out
Seat 1: An1an1 ($100 in chips) 
Seat 2: m0nTTu ($21.50 in chips) 
Seat 3: Nicedaymybro ($100 in chips) 
Seat 5: shootingGRID ($178.29 in chips) 
Seat 6: vincentvvvega ($32.80 in chips) 
m0nTTu: posts small blind $0.50
Nicedaymybro: posts big blind $1
Rysiff: sits out 
*** HOLE CARDS ***
shootingGRID: folds 
vincentvvvega: calls $1
An1an1: folds 
m0nTTu: folds 
Nicedaymybro: checks 
*** FLOP *** [8s 4c 3s]
Nicedaymybro: checks 
vincentvvvega: checks 
*** TURN *** [8s 4c 3s] [8d]
Nicedaymybro: checks 
vincentvvvega: checks 
*** RIVER *** [8s 4c 3s 8d] [2s]
Nicedaymybro: bets $1.79
vincentvvvega: folds 
Uncalled bet ($1.79) returned to Nicedaymybro
Nicedaymybro collected $2.38 from pot
Nicedaymybro: doesn't show hand 
*** SUMMARY ***
Total pot $2.50 | Rake $0.12 
Board [8s 4c 3s 8d 2s]
Seat 4: Rysiff
Seat 1: An1an1 (button) folded before Flop (didn't bet)
Seat 2: m0nTTu (small blind) folded before Flop
Seat 3: Nicedaymybro (big blind) collected ($2.38)
Seat 5: shootingGRID folded before Flop (didn't bet)
Seat 6: vincentvvvega folded on the River



PokerStars Hand #254681104766:  Hold'em No Limit ($0.50/$1.00 USD) - 2025/02/02 1:04:56 WET [2025/02/02 20:04:56 ET]
Table 'Fanatica' 6-max Seat #2 is the button
Seat 1: An1an1 ($100 in chips) 
Seat 2: m0nTTu ($21 in chips) 
Seat 3: Nicedaymybro ($101.38 in chips) 
Seat 4: Rysiff ($100 in chips) 
Seat 5: shootingGRID ($178.29 in chips) 
Seat 6: vincentvvvega ($31.80 in chips) 
Nicedaymybro: posts small blind $0.50
Rysiff: posts big blind $1
*** HOLE CARDS ***
shootingGRID: folds 
vincentvvvega: folds 
An1an1: folds 
m0nTTu: folds 
Nicedaymybro: folds 
Uncalled bet ($0.50) returned to Rysiff
Rysiff collected $1 from pot
Rysiff: doesn't show hand 
*** SUMMARY ***
Total pot $1 | Rake $0 
Seat 1: An1an1 folded before Flop (didn't bet)
Seat 2: m0nTTu (button) folded before Flop (didn't bet)
Seat 3: Nicedaymybro (small blind) folded before Flop
Seat 4: Rysiff (big blind) collected ($1)
Seat 5: shootingGRID folded before Flop (didn't bet)
Seat 6: vincentvvvega folded before Flop (didn't bet)



PokerStars Hand #254681108295:  Hold'em No Limit ($0.50/$1.00 USD) - 2025/02/02 1:05:16 WET [2025/02/02 20:05:16 ET]
Table 'Fanatica' 6-max Seat #3 is the button
Seat 1: An1an1 ($100 in chips) 
Seat 2: m0nTTu ($21 in chips) 
Seat 3: Nicedaymybro ($100.88 in chips) 
Seat 4: Rysiff ($100.50 in chips) 
Seat 5: shootingGRID ($178.29 in chips) 
Seat 6: vincentvvvega ($31.80 in chips) 
Rysiff: posts small blind $0.50
shootingGRID: posts big blind $1
*** HOLE CARDS ***
vincentvvvega: calls $1
An1an1: folds 
m0nTTu: folds 
Nicedaymybro: folds 
Rysiff: calls $0.50
shootingGRID: raises $4.50 to $5.50
vincentvvvega: folds 
Rysiff: folds 
Uncalled bet ($4.50) returned to shootingGRID
shootingGRID collected $3 from pot
*** SUMMARY ***
Total pot $3 | Rake $0 
Seat 1: An1an1 folded before Flop (didn't bet)
Seat 2: m0nTTu folded before Flop (didn't bet)
Seat 3: Nicedaymybro (button) folded before Flop (didn't bet)
Seat 4: Rysiff (small blind) folded before Flop
Seat 5: shootingGRID (big blind) collected ($3)
Seat 6: vincentvvvega folded before Flop



PokerStars Hand #254681114872:  Hold'em No Limit ($0.50/$1.00 USD) - 2025/02/02 1:05:52 WET [2025/02/02 20:05:52 ET]
Table 'Fanatica' 6-max Seat #4 is the button
Seat 1: An1an1 ($100 in chips) 
Seat 2: m0nTTu ($21 in chips) 
Seat 3: Nicedaymybro ($100.88 in chips) 
Seat 4: Rysiff ($100 in chips) 
Seat 5: shootingGRID ($180.29 in chips) 
Seat 6: vincentvvvega ($30.80 in chips) 
shootingGRID: posts small blind $0.50
vincentvvvega: posts big blind $1
*** HOLE CARDS ***
An1an1: raises $1 to $2
m0nTTu: folds 
Nicedaymybro: folds 
Rysiff: raises $5 to $7
shootingGRID: folds 
vincentvvvega: calls $6
An1an1: calls $5
*** FLOP *** [9h Ts 7s]
vincentvvvega: checks 
An1an1: checks 
Rysiff: bets $10.21
vincentvvvega: calls $10.21
An1an1: folds 
*** TURN *** [9h Ts 7s] [As]
vincentvvvega: bets $13.59 and is all-in
Rysiff: calls $13.59
*** RIVER *** [9h Ts 7s As] [5d]
*** SHOW DOWN ***
vincentvvvega: shows [Jc Jd] (a pair of Jacks)
Rysiff: shows [9d 9s] (three of a kind, Nines)
Rysiff collected $66.60 from pot
*** SUMMARY ***
Total pot $69.10 | Rake $2.50 
Board [9h Ts 7s As 5d]
Seat 1: An1an1 folded on the Flop
Seat 2: m0nTTu folded before Flop (didn't bet)
Seat 3: Nicedaymybro folded before Flop (didn't bet)
Seat 4: Rysiff (button) showed [9d 9s] and won ($66.60) with three of a kind, Nines
Seat 5: shootingGRID (small blind) folded before Flop
Seat 6: vincentvvvega (big blind) showed [Jc Jd] and lost with a pair of Jacks



PokerStars Hand #254681125874:  Hold'em No Limit ($0.50/$1.00 USD) - 2025/02/02 1:06:53 WET [2025/02/02 20:06:53 ET]
Table 'Fanatica' 6-max Seat #5 is the button
Seat 1: An1an1 ($100 in chips) is sitting out
Seat 6: vincentvvvega ($0 in chips) is sitting out
Seat 2: m0nTTu ($21 in chips) 
Seat 3: Nicedaymybro ($100.88 in chips) 
Seat 4: Rysiff ($135.80 in chips) 
Seat 5: shootingGRID ($179.79 in chips) 
m0nTTu: posts small blind $0.50
Nicedaymybro: posts big blind $1
*** HOLE CARDS ***
Rysiff: raises $1.50 to $2.50
vincentvvvega is disconnected 
shootingGRID: folds 
m0nTTu: folds 
Nicedaymybro: folds 
Uncalled bet ($1.50) returned to Rysiff
Rysiff collected $2.50 from pot
Rysiff: doesn't show hand 
An1an1 leaves the table
*** SUMMARY ***
Total pot $2.50 | Rake $0 
Seat 1: An1an1
Seat 6: vincentvvvega
Seat 2: m0nTTu (small blind) folded before Flop
Seat 3: Nicedaymybro (big blind) folded before Flop
Seat 4: Rysiff collected ($2.50)
Seat 5: shootingGRID (button) folded before Flop (didn't bet)



PokerStars Hand #254681130835:  Hold'em No Limit ($0.50/$1.00 USD) - 2025/02/02 1:07:20 WET [2025/02/02 20:07:20 ET]
Table 'Fanatica' 6-max Seat #2 is the button
Seat 6: vincentvvvega ($0 in chips) is sitting out
Seat 2: m0nTTu ($20.50 in chips) 
Seat 3: Nicedaymybro ($100 in chips) 
Seat 4: Rysiff ($137.30 in chips) 
Seat 5: shootingGRID ($179.79 in chips) 
Nicedaymybro: posts small blind $0.50
Rysiff: posts big blind $1
*** HOLE CARDS ***
shootingGRID: folds 
m0nTTu: folds 
Nicedaymybro: raises $2 to $3
Rysiff: raises $6 to $9
Nicedaymybro: folds 
Uncalled bet ($6) returned to Rysiff
Rysiff collected $6 from pot
Rysiff: doesn't show hand 
*** SUMMARY ***
Total pot $6 | Rake $0 
Seat 6: vincentvvvega
Seat 2: m0nTTu (button) folded before Flop (didn't bet)
Seat 3: Nicedaymybro (small blind) folded before Flop
Seat 4: Rysiff (big blind) collected ($6)
Seat 5: shootingGRID folded before Flop (didn't bet)



PokerStars Hand #254681135471:  Hold'em No Limit ($0.50/$1.00 USD) - 2025/02/02 1:07:46 WET [2025/02/02 20:07:46 ET]
Table 'Fanatica' 6-max Seat #3 is the button
Seat 6: vincentvvvega ($0 in chips) is sitting out
Seat 2: m0nTTu ($20.50 in chips) 
Seat 3: Nicedaymybro ($100 in chips) 
Seat 4: Rysiff ($140.30 in chips) 
Seat 5: shootingGRID ($179.79 in chips) 
Rysiff: posts small blind $0.50
shootingGRID: posts big blind $1
*** HOLE CARDS ***
m0nTTu: folds 
Nicedaymybro: folds 
Rysiff: raises $2 to $3
shootingGRID: folds 
Uncalled bet ($2) returned to Rysiff
Rysiff collected $2 from pot
Rysiff: doesn't show hand 
*** SUMMARY ***
Total pot $2 | Rake $0 
Seat 6: vincentvvvega
Seat 2: m0nTTu folded before Flop (didn't bet)
Seat 3: Nicedaymybro (button) folded before Flop (didn't bet)
Seat 4: Rysiff (small blind) collected ($2)
Seat 5: shootingGRID (big blind) folded before Flop



PokerStars Hand #254681139030:  Hold'em No Limit ($0.50/$1.00 USD) - 2025/02/02 1:08:06 WET [2025/02/02 20:08:06 ET]
Table 'Fanatica' 6-max Seat #4 is the button
Seat 2: m0nTTu ($20.50 in chips) is sitting out
Seat 6: vincentvvvega ($0 in chips) is sitting out
Seat 3: Nicedaymybro ($100 in chips) 
Seat 4: Rysiff ($141.30 in chips) 
Seat 5: shootingGRID ($178.79 in chips) 
shootingGRID: posts small blind $0.50
m0nTTu: is sitting out 
Nicedaymybro: posts big blind $1
*** HOLE CARDS ***
m0nTTu leaves the table
Rysiff: raises $1.50 to $2.50
shootingGRID: folds 
Nicedaymybro: folds 
Uncalled bet ($1.50) returned to Rysiff
m0nTTu joins the table at seat #1 
Rysiff collected $2.50 from pot
Rysiff: doesn't show hand 
*** SUMMARY ***
Total pot $2.50 | Rake $0 
Seat 2: m0nTTu
Seat 6: vincentvvvega
Seat 3: Nicedaymybro (big blind) folded before Flop
Seat 4: Rysiff (button) collected ($2.50)
Seat 5: shootingGRID (small blind) folded before Flop



PokerStars Hand #254681140571:  Hold'em No Limit ($0.50/$1.00 USD) - 2025/02/02 1:08:14 WET [2025/02/02 20:08:14 ET]
Table 'Fanatica' 6-max Seat #3 is the button
Seat 1: m0nTTu ($20.50 in chips) is sitting out
Seat 4: Rysiff ($142.80 in chips) is sitting out
Seat 6: vincentvvvega ($0 in chips) is sitting out
Seat 3: Nicedaymybro ($100 in chips) 
Seat 5: shootingGRID ($178.29 in chips) 
Nicedaymybro: posts small blind $0.50
Rysiff: is sitting out 
shootingGRID: posts big blind $1
*** HOLE CARDS ***
Rysiff leaves the table
Nicedaymybro: folds 
Uncalled bet ($0.50) returned to shootingGRID
shootingGRID collected $1 from pot
*** SUMMARY ***
Total pot $1 | Rake $0 
Seat 1: m0nTTu
Seat 4: Rysiff
Seat 6: vincentvvvega
Seat 3: Nicedaymybro (button) (small blind) folded before Flop
Seat 5: shootingGRID (big blind) collected ($1)



PokerStars Hand #254681142024:  Hold'em No Limit ($0.50/$1.00 USD) - 2025/02/02 1:08:22 WET [2025/02/02 20:08:22 ET]
Table 'Fanatica' 6-max Seat #3 is the button
Seat 6: vincentvvvega ($0 in chips) is sitting out
Seat 1: m0nTTu ($20.50 in chips) 
Seat 3: Nicedaymybro ($100 in chips) 
Seat 5: shootingGRID ($178.79 in chips) 
shootingGRID: posts small blind $0.50
m0nTTu: posts big blind $1
*** HOLE CARDS ***
Nicedaymybro: folds 
Nicedaymybro leaves the table
shootingGRID: folds 
Uncalled bet ($0.50) returned to m0nTTu
m0nTTu collected $1 from pot
m0nTTu: doesn't show hand 
*** SUMMARY ***
Total pot $1 | Rake $0 
Seat 6: vincentvvvega
Seat 1: m0nTTu (big blind) collected ($1)
Seat 3: Nicedaymybro (button) folded before Flop (didn't bet)
Seat 5: shootingGRID (small blind) folded before Flop



