PokerStars Hand #254668163725:  Hold'em No Limit ($0.50/$1.00 USD) - 2025/02/02 12:35:07 WET [2025/02/02 7:35:07 ET]
Table 'Scania' 6-max Seat #3 is the button
Seat 1: louismrty ($28.10 in chips) 
Seat 2: v.sting ($100 in chips) 
Seat 3: gudrozd ($103.10 in chips) 
Seat 4: Rysiff ($100 in chips) 
Seat 5: Burlica2013 ($100 in chips) 
Rysiff: posts small blind $0.50
Burlica2013: posts big blind $1
*** HOLE CARDS ***
louismrty: calls $1
v.sting: folds 
gudrozd: raises $4 to $5
Rysiff: folds 
Burlica2013: calls $4
louismrty: calls $4
*** FLOP *** [3d Kh Th]
Burlica2013: checks 
louismrty: bets $3
gudrozd: folds 
Burlica2013: calls $3
*** TURN *** [3d Kh Th] [As]
Burlica2013: checks 
louismrty: bets $10
Burlica2013: raises $82 to $92 and is all-in
louismrty: calls $10.10 and is all-in
Uncalled bet ($71.90) returned to Burlica2013
louismrty has timed out
*** RIVER *** [3d Kh Th As] [7c]
*** SHOW DOWN ***
Burlica2013: shows [Jd Td] (a pair of Tens)
louismrty: shows [Qd Jh] (a straight, Ten to Ace)
louismrty collected $59.20 from pot
*** SUMMARY ***
Total pot $61.70 | Rake $2.50 
Board [3d Kh Th As 7c]
Seat 1: louismrty showed [Qd Jh] and won ($59.20) with a straight, Ten to Ace
Seat 2: v.sting folded before Flop (didn't bet)
Seat 3: gudrozd (button) folded on the Flop
Seat 4: Rysiff (small blind) folded before Flop
Seat 5: Burlica2013 (big blind) showed [Jd Td] and lost with a pair of Tens



PokerStars Hand #254668172722:  Hold'em No Limit ($0.50/$1.00 USD) - 2025/02/02 12:36:06 WET [2025/02/02 7:36:06 ET]
Table 'Scania' 6-max Seat #4 is the button
Seat 1: louismrty ($59.20 in chips) 
Seat 2: v.sting ($100 in chips) 
Seat 3: gudrozd ($100 in chips) 
Seat 4: Rysiff ($100 in chips) 
Seat 5: Burlica2013 ($100 in chips) 
Burlica2013: posts small blind $0.50
louismrty: posts big blind $1
*** HOLE CARDS ***
v.sting: folds 
gudrozd: raises $1.50 to $2.50
raketkasix joins the table at seat #6 
Rysiff: raises $4.50 to $7
Burlica2013: raises $13 to $20
louismrty: folds 
gudrozd: folds 
Rysiff: folds 
Uncalled bet ($13) returned to Burlica2013
Burlica2013 collected $17.50 from pot
Burlica2013: doesn't show hand 
*** SUMMARY ***
Total pot $17.50 | Rake $0 
Seat 1: louismrty (big blind) folded before Flop
Seat 2: v.sting folded before Flop (didn't bet)
Seat 3: gudrozd folded before Flop
Seat 4: Rysiff (button) folded before Flop
Seat 5: Burlica2013 (small blind) collected ($17.50)



PokerStars Hand #254668176327:  Hold'em No Limit ($0.50/$1.00 USD) - 2025/02/02 12:36:29 WET [2025/02/02 7:36:29 ET]
Table 'Scania' 6-max Seat #5 is the button
Seat 6: raketkasix ($100 in chips) is sitting out
Seat 1: louismrty ($58.20 in chips) 
Seat 2: v.sting ($100 in chips) 
Seat 3: gudrozd ($100 in chips) 
Seat 4: Rysiff ($100 in chips) 
Seat 5: Burlica2013 ($110.50 in chips) 
louismrty: posts small blind $0.50
v.sting: posts big blind $1
*** HOLE CARDS ***
gudrozd: folds 
Rysiff: raises $1.50 to $2.50
Burlica2013: folds 
louismrty: folds 
v.sting: calls $1.50
*** FLOP *** [3d 2d Ts]
v.sting: checks 
Rysiff: bets $1.72
v.sting: raises $6.47 to $8.19
Rysiff: calls $6.47
*** TURN *** [3d 2d Ts] [5h]
v.sting: checks 
Rysiff: checks 
*** RIVER *** [3d 2d Ts 5h] [8c]
v.sting: checks 
Rysiff: checks 
*** SHOW DOWN ***
v.sting: shows [4h 4d] (a pair of Fours)
Rysiff: shows [Qd Td] (a pair of Tens)
Rysiff collected $20.79 from pot
*** SUMMARY ***
Total pot $21.88 | Rake $1.09 
Board [3d 2d Ts 5h 8c]
Seat 6: raketkasix
Seat 1: louismrty (small blind) folded before Flop
Seat 2: v.sting (big blind) showed [4h 4d] and lost with a pair of Fours
Seat 3: gudrozd folded before Flop (didn't bet)
Seat 4: Rysiff showed [Qd Td] and won ($20.79) with a pair of Tens
Seat 5: Burlica2013 (button) folded before Flop (didn't bet)



PokerStars Hand #254668185101:  Hold'em No Limit ($0.50/$1.00 USD) - 2025/02/02 12:37:25 WET [2025/02/02 7:37:25 ET]
Table 'Scania' 6-max Seat #1 is the button
Seat 6: raketkasix ($100 in chips) is sitting out
Seat 1: louismrty ($57.70 in chips) 
Seat 2: v.sting ($100 in chips) 
Seat 3: gudrozd ($100 in chips) 
Seat 4: Rysiff ($110.10 in chips) 
Seat 5: Burlica2013 ($110.50 in chips) 
v.sting: posts small blind $0.50
gudrozd: posts big blind $1
raketkasix: sits out 
*** HOLE CARDS ***
Rysiff: folds 
Burlica2013: folds 
louismrty: calls $1
v.sting: folds 
gudrozd: raises $4 to $5
louismrty: calls $4
*** FLOP *** [Td Th Js]
gudrozd: bets $3.29
louismrty: calls $3.29
*** TURN *** [Td Th Js] [Ks]
gudrozd: checks 
louismrty: checks 
*** RIVER *** [Td Th Js Ks] [6h]
gudrozd: bets $8.12
louismrty: folds 
Uncalled bet ($8.12) returned to gudrozd
gudrozd collected $16.23 from pot
gudrozd: doesn't show hand 
*** SUMMARY ***
Total pot $17.08 | Rake $0.85 
Board [Td Th Js Ks 6h]
Seat 6: raketkasix
Seat 1: louismrty (button) folded on the River
Seat 2: v.sting (small blind) folded before Flop
Seat 3: gudrozd (big blind) collected ($16.23)
Seat 4: Rysiff folded before Flop (didn't bet)
Seat 5: Burlica2013 folded before Flop (didn't bet)



PokerStars Hand #254668191783:  Hold'em No Limit ($0.50/$1.00 USD) - 2025/02/02 12:38:09 WET [2025/02/02 7:38:09 ET]
Table 'Scania' 6-max Seat #2 is the button
Seat 6: raketkasix ($100 in chips) is sitting out
Seat 1: louismrty ($49.41 in chips) 
Seat 2: v.sting ($100 in chips) 
Seat 3: gudrozd ($107.94 in chips) 
Seat 4: Rysiff ($110.10 in chips) 
Seat 5: Burlica2013 ($110.50 in chips) 
gudrozd: posts small blind $0.50
Rysiff: posts big blind $1
raketkasix: sits out 
*** HOLE CARDS ***
Burlica2013: folds 
louismrty: folds 
v.sting: folds 
gudrozd: raises $2 to $3
Rysiff: raises $6 to $9
gudrozd: folds 
Uncalled bet ($6) returned to Rysiff
Rysiff collected $6 from pot
Rysiff: doesn't show hand 
*** SUMMARY ***
Total pot $6 | Rake $0 
Seat 6: raketkasix
Seat 1: louismrty folded before Flop (didn't bet)
Seat 2: v.sting (button) folded before Flop (didn't bet)
Seat 3: gudrozd (small blind) folded before Flop
Seat 4: Rysiff (big blind) collected ($6)
Seat 5: Burlica2013 folded before Flop (didn't bet)



PokerStars Hand #254668197268:  Hold'em No Limit ($0.50/$1.00 USD) - 2025/02/02 12:38:44 WET [2025/02/02 7:38:44 ET]
Table 'Scania' 6-max Seat #3 is the button
Seat 6: raketkasix ($100 in chips) is sitting out
Seat 1: louismrty ($49.41 in chips) 
Seat 2: v.sting ($100 in chips) 
Seat 3: gudrozd ($104.94 in chips) 
Seat 4: Rysiff ($113.10 in chips) 
Seat 5: Burlica2013 ($110.50 in chips) 
Rysiff: posts small blind $0.50
Burlica2013: posts big blind $1
raketkasix: sits out 
*** HOLE CARDS ***
louismrty: folds 
v.sting: folds 
gudrozd: raises $1.50 to $2.50
Rysiff: folds 
Burlica2013: raises $9.50 to $12
gudrozd: calls $9.50
*** FLOP *** [2c 7d 5h]
Burlica2013: checks 
gudrozd: checks 
*** TURN *** [2c 7d 5h] [Qc]
Burlica2013: checks 
gudrozd: bets $23.28
Burlica2013: calls $23.28
*** RIVER *** [2c 7d 5h Qc] [Jc]
Burlica2013: bets $75.22 and is all-in
gudrozd: folds 
Uncalled bet ($75.22) returned to Burlica2013
Burlica2013 collected $68.56 from pot
Burlica2013: doesn't show hand 
*** SUMMARY ***
Total pot $71.06 | Rake $2.50 
Board [2c 7d 5h Qc Jc]
Seat 6: raketkasix
Seat 1: louismrty folded before Flop (didn't bet)
Seat 2: v.sting folded before Flop (didn't bet)
Seat 3: gudrozd (button) folded on the River
Seat 4: Rysiff (small blind) folded before Flop
Seat 5: Burlica2013 (big blind) collected ($68.56)



PokerStars Hand #254668207883:  Hold'em No Limit ($0.50/$1.00 USD) - 2025/02/02 12:39:54 WET [2025/02/02 7:39:54 ET]
Table 'Scania' 6-max Seat #4 is the button
Seat 1: louismrty ($49.41 in chips) 
Seat 2: v.sting ($100 in chips) 
Seat 3: gudrozd ($100 in chips) 
Seat 4: Rysiff ($112.60 in chips) 
Seat 5: Burlica2013 ($143.78 in chips) 
Seat 6: raketkasix ($100 in chips) 
Burlica2013: posts small blind $0.50
raketkasix: posts big blind $1
*** HOLE CARDS ***
louismrty: folds 
v.sting: folds 
gudrozd: raises $1.50 to $2.50
Rysiff: folds 
Burlica2013: folds 
raketkasix: folds 
Uncalled bet ($1.50) returned to gudrozd
gudrozd collected $2.50 from pot
gudrozd: doesn't show hand 
*** SUMMARY ***
Total pot $2.50 | Rake $0 
Seat 1: louismrty folded before Flop (didn't bet)
Seat 2: v.sting folded before Flop (didn't bet)
Seat 3: gudrozd collected ($2.50)
Seat 4: Rysiff (button) folded before Flop (didn't bet)
Seat 5: Burlica2013 (small blind) folded before Flop
Seat 6: raketkasix (big blind) folded before Flop



PokerStars Hand #254668209996:  Hold'em No Limit ($0.50/$1.00 USD) - 2025/02/02 12:40:07 WET [2025/02/02 7:40:07 ET]
Table 'Scania' 6-max Seat #5 is the button
Seat 1: louismrty ($49.41 in chips) 
Seat 2: v.sting ($100 in chips) 
Seat 3: gudrozd ($101.50 in chips) 
Seat 4: Rysiff ($112.60 in chips) 
Seat 5: Burlica2013 ($143.28 in chips) 
Seat 6: raketkasix ($100 in chips) 
raketkasix: posts small blind $0.50
louismrty: posts big blind $1
*** HOLE CARDS ***
v.sting: raises $1.50 to $2.50
gudrozd: folds 
Rysiff: raises $4.50 to $7
Burlica2013: folds 
raketkasix: folds 
louismrty: folds 
v.sting: calls $4.50
*** FLOP *** [Kc 8s As]
v.sting: checks 
Rysiff: bets $4.86
v.sting: folds 
Uncalled bet ($4.86) returned to Rysiff
Rysiff collected $14.72 from pot
Rysiff: doesn't show hand 
*** SUMMARY ***
Total pot $15.50 | Rake $0.78 
Board [Kc 8s As]
Seat 1: louismrty (big blind) folded before Flop
Seat 2: v.sting folded on the Flop
Seat 3: gudrozd folded before Flop (didn't bet)
Seat 4: Rysiff collected ($14.72)
Seat 5: Burlica2013 (button) folded before Flop (didn't bet)
Seat 6: raketkasix (small blind) folded before Flop



PokerStars Hand #254668217140:  Hold'em No Limit ($0.50/$1.00 USD) - 2025/02/02 12:40:52 WET [2025/02/02 7:40:52 ET]
Table 'Scania' 6-max Seat #6 is the button
Seat 1: louismrty ($48.41 in chips) 
Seat 2: v.sting ($100 in chips) 
Seat 3: gudrozd ($101.50 in chips) 
Seat 4: Rysiff ($120.32 in chips) 
Seat 5: Burlica2013 ($143.28 in chips) 
Seat 6: raketkasix ($100 in chips) 
louismrty: posts small blind $0.50
v.sting: posts big blind $1
*** HOLE CARDS ***
gudrozd: folds 
Rysiff: folds 
Burlica2013: folds 
raketkasix: folds 
louismrty: folds 
Uncalled bet ($0.50) returned to v.sting
v.sting collected $1 from pot
v.sting: doesn't show hand 
*** SUMMARY ***
Total pot $1 | Rake $0 
Seat 1: louismrty (small blind) folded before Flop
Seat 2: v.sting (big blind) collected ($1)
Seat 3: gudrozd folded before Flop (didn't bet)
Seat 4: Rysiff folded before Flop (didn't bet)
Seat 5: Burlica2013 folded before Flop (didn't bet)
Seat 6: raketkasix (button) folded before Flop (didn't bet)



PokerStars Hand #254668218982:  Hold'em No Limit ($0.50/$1.00 USD) - 2025/02/02 12:41:03 WET [2025/02/02 7:41:03 ET]
Table 'Scania' 6-max Seat #1 is the button
Seat 1: louismrty ($47.91 in chips) 
Seat 2: v.sting ($100.50 in chips) 
Seat 3: gudrozd ($101.50 in chips) 
Seat 4: Rysiff ($120.32 in chips) 
Seat 5: Burlica2013 ($143.28 in chips) 
Seat 6: raketkasix ($100 in chips) 
v.sting: posts small blind $0.50
gudrozd: posts big blind $1
*** HOLE CARDS ***
Rysiff: folds 
Burlica2013: folds 
raketkasix: folds 
louismrty: folds 
v.sting: raises $2 to $3
gudrozd: calls $2
*** FLOP *** [5d 2s Js]
v.sting: checks 
gudrozd: checks 
*** TURN *** [5d 2s Js] [Ah]
v.sting: checks 
gudrozd: bets $8.55
v.sting: folds 
Uncalled bet ($8.55) returned to gudrozd
gudrozd collected $5.70 from pot
gudrozd: doesn't show hand 
*** SUMMARY ***
Total pot $6 | Rake $0.30 
Board [5d 2s Js Ah]
Seat 1: louismrty (button) folded before Flop (didn't bet)
Seat 2: v.sting (small blind) folded on the Turn
Seat 3: gudrozd (big blind) collected ($5.70)
Seat 4: Rysiff folded before Flop (didn't bet)
Seat 5: Burlica2013 folded before Flop (didn't bet)
Seat 6: raketkasix folded before Flop (didn't bet)



PokerStars Hand #254668224885:  Hold'em No Limit ($0.50/$1.00 USD) - 2025/02/02 12:41:40 WET [2025/02/02 7:41:40 ET]
Table 'Scania' 6-max Seat #2 is the button
Seat 1: louismrty ($47.91 in chips) 
Seat 2: v.sting ($100 in chips) 
Seat 3: gudrozd ($104.20 in chips) 
Seat 4: Rysiff ($120.32 in chips) 
Seat 5: Burlica2013 ($143.28 in chips) 
Seat 6: raketkasix ($100 in chips) 
gudrozd: posts small blind $0.50
Rysiff: posts big blind $1
*** HOLE CARDS ***
Burlica2013: folds 
Burlica2013 leaves the table
raketkasix: raises $1.50 to $2.50
louismrty: raises $1.50 to $4
v.sting: folds 
gudrozd: folds 
Rysiff: folds 
raketkasix: calls $1.50
*** FLOP *** [5d Qh Th]
raketkasix: checks 
louismrty: bets $4
raketkasix: calls $4
*** TURN *** [5d Qh Th] [8h]
raketkasix: checks 
louismrty: bets $8.31
raketkasix: calls $8.31
*** RIVER *** [5d Qh Th 8h] [Ad]
raketkasix: bets $5
louismrty: raises $21.21 to $26.21
BallerXOne joins the table at seat #5 
raketkasix: folds 
Uncalled bet ($21.21) returned to louismrty
louismrty collected $41.91 from pot
*** SUMMARY ***
Total pot $44.12 | Rake $2.21 
Board [5d Qh Th 8h Ad]
Seat 1: louismrty collected ($41.91)
Seat 2: v.sting (button) folded before Flop (didn't bet)
Seat 3: gudrozd (small blind) folded before Flop
Seat 4: Rysiff (big blind) folded before Flop
Seat 5: Burlica2013 folded before Flop (didn't bet)
Seat 6: raketkasix folded on the River



PokerStars Hand #254668239283:  Hold'em No Limit ($0.50/$1.00 USD) - 2025/02/02 12:43:11 WET [2025/02/02 7:43:11 ET]
Table 'Scania' 6-max Seat #3 is the button
Seat 1: louismrty ($68.51 in chips) 
Seat 2: v.sting ($100 in chips) 
Seat 3: gudrozd ($103.70 in chips) 
Seat 4: Rysiff ($119.32 in chips) 
Seat 5: BallerXOne ($100 in chips) 
Seat 6: raketkasix ($100 in chips) 
Rysiff: posts small blind $0.50
BallerXOne: posts big blind $1
*** HOLE CARDS ***
raketkasix: raises $1.50 to $2.50
louismrty: calls $2.50
v.sting: folds 
gudrozd: folds 
Rysiff: folds 
BallerXOne: folds 
*** FLOP *** [9h 3c Jh]
raketkasix: checks 
louismrty: checks 
*** TURN *** [9h 3c Jh] [Tc]
raketkasix: checks 
louismrty: checks 
*** RIVER *** [9h 3c Jh Tc] [Ks]
raketkasix: bets $14
louismrty: folds 
Uncalled bet ($14) returned to raketkasix
raketkasix collected $6.18 from pot
raketkasix: doesn't show hand 
*** SUMMARY ***
Total pot $6.50 | Rake $0.32 
Board [9h 3c Jh Tc Ks]
Seat 1: louismrty folded on the River
Seat 2: v.sting folded before Flop (didn't bet)
Seat 3: gudrozd (button) folded before Flop (didn't bet)
Seat 4: Rysiff (small blind) folded before Flop
Seat 5: BallerXOne (big blind) folded before Flop
Seat 6: raketkasix collected ($6.18)



PokerStars Hand #254668250710:  Hold'em No Limit ($0.50/$1.00 USD) - 2025/02/02 12:44:23 WET [2025/02/02 7:44:23 ET]
Table 'Scania' 6-max Seat #4 is the button
Seat 1: louismrty ($66.01 in chips) 
Seat 2: v.sting ($100 in chips) 
Seat 3: gudrozd ($103.70 in chips) 
Seat 4: Rysiff ($118.82 in chips) 
Seat 5: BallerXOne ($100 in chips) 
Seat 6: raketkasix ($103.68 in chips) 
BallerXOne: posts small blind $0.50
raketkasix: posts big blind $1
*** HOLE CARDS ***
louismrty: calls $1
v.sting: folds 
gudrozd: folds 
Rysiff: folds 
BallerXOne: raises $4 to $5
raketkasix: folds 
louismrty: calls $4
*** FLOP *** [6d 6h Ad]
BallerXOne: checks 
louismrty: checks 
*** TURN *** [6d 6h Ad] [6c]
BallerXOne: bets $7.88
louismrty: folds 
Uncalled bet ($7.88) returned to BallerXOne
BallerXOne collected $10.45 from pot
BallerXOne: doesn't show hand 
*** SUMMARY ***
Total pot $11 | Rake $0.55 
Board [6d 6h Ad 6c]
Seat 1: louismrty folded on the Turn
Seat 2: v.sting folded before Flop (didn't bet)
Seat 3: gudrozd folded before Flop (didn't bet)
Seat 4: Rysiff (button) folded before Flop (didn't bet)
Seat 5: BallerXOne (small blind) collected ($10.45)
Seat 6: raketkasix (big blind) folded before Flop



PokerStars Hand #254668257013:  Hold'em No Limit ($0.50/$1.00 USD) - 2025/02/02 12:45:02 WET [2025/02/02 7:45:02 ET]
Table 'Scania' 6-max Seat #5 is the button
Seat 1: louismrty ($61.01 in chips) 
Seat 2: v.sting ($100 in chips) 
Seat 3: gudrozd ($103.70 in chips) 
Seat 4: Rysiff ($118.82 in chips) 
Seat 5: BallerXOne ($105.45 in chips) 
Seat 6: raketkasix ($102.68 in chips) 
raketkasix: posts small blind $0.50
louismrty: posts big blind $1
*** HOLE CARDS ***
v.sting: folds 
v.sting leaves the table
gudrozd: folds 
Rysiff: folds 
BallerXOne: raises $1.50 to $2.50
raketkasix: folds 
7bekon7 joins the table at seat #2 
louismrty: raises $1.50 to $4
BallerXOne: calls $1.50
*** FLOP *** [Kc 6d 9d]
louismrty: bets $5
BallerXOne: raises $14.50 to $19.50
louismrty: raises $14.50 to $34
BallerXOne: raises $40 to $74
louismrty: calls $23.01 and is all-in
Uncalled bet ($16.99) returned to BallerXOne
louismrty has timed out
*** TURN *** [Kc 6d 9d] [Tc]
*** RIVER *** [Kc 6d 9d Tc] [As]
*** SHOW DOWN ***
louismrty: shows [7d 2d] (high card Ace)
BallerXOne: shows [9h Kh] (two pair, Kings and Nines)
BallerXOne collected $120.02 from pot
*** SUMMARY ***
Total pot $122.52 | Rake $2.50 
Board [Kc 6d 9d Tc As]
Seat 1: louismrty (big blind) showed [7d 2d] and lost with high card Ace
Seat 2: v.sting folded before Flop (didn't bet)
Seat 3: gudrozd folded before Flop (didn't bet)
Seat 4: Rysiff folded before Flop (didn't bet)
Seat 5: BallerXOne (button) showed [9h Kh] and won ($120.02) with two pair, Kings and Nines
Seat 6: raketkasix (small blind) folded before Flop



PokerStars Hand #254668267420:  Hold'em No Limit ($0.50/$1.00 USD) - 2025/02/02 12:46:08 WET [2025/02/02 7:46:08 ET]
Table 'Scania' 6-max Seat #6 is the button
Seat 1: louismrty ($0 in chips) is sitting out
Seat 2: 7bekon7 ($100 in chips) is sitting out
Seat 3: gudrozd ($103.70 in chips) 
Seat 4: Rysiff ($118.82 in chips) 
Seat 5: BallerXOne ($164.46 in chips) 
Seat 6: raketkasix ($102.18 in chips) 
gudrozd: posts small blind $0.50
Rysiff: posts big blind $1
*** HOLE CARDS ***
BallerXOne: raises $1.50 to $2.50
louismrty leaves the table
raketkasix: folds 
gudrozd: folds 
Rysiff: folds 
Uncalled bet ($1.50) returned to BallerXOne
BallerXOne collected $2.50 from pot
BallerXOne: doesn't show hand 
gudrozd leaves the table
*** SUMMARY ***
Total pot $2.50 | Rake $0 
Seat 1: louismrty
Seat 2: 7bekon7
Seat 3: gudrozd (small blind) folded before Flop
Seat 4: Rysiff (big blind) folded before Flop
Seat 5: BallerXOne collected ($2.50)
Seat 6: raketkasix (button) folded before Flop (didn't bet)



PokerStars Hand #254668269607:  Hold'em No Limit ($0.50/$1.00 USD) - 2025/02/02 12:46:21 WET [2025/02/02 7:46:21 ET]
Table 'Scania' 6-max Seat #4 is the button
Seat 2: 7bekon7 ($100 in chips) is sitting out
Seat 4: Rysiff ($117.82 in chips) 
Seat 5: BallerXOne ($165.96 in chips) 
Seat 6: raketkasix ($102.18 in chips) 
BallerXOne: posts small blind $0.50
raketkasix: posts big blind $1
7bekon7: sits out 
*** HOLE CARDS ***
Rysiff: folds 
BallerXOne: folds 
Uncalled bet ($0.50) returned to raketkasix
Rysiff leaves the table
raketkasix collected $1 from pot
raketkasix: doesn't show hand 
*** SUMMARY ***
Total pot $1 | Rake $0 
Seat 2: 7bekon7
Seat 4: Rysiff (button) folded before Flop (didn't bet)
Seat 5: BallerXOne (small blind) folded before Flop
Seat 6: raketkasix (big blind) collected ($1)



PokerStars Hand #254668270674:  Hold'em No Limit ($0.50/$1.00 USD) - 2025/02/02 12:46:28 WET [2025/02/02 7:46:28 ET]
Table 'Scania' 6-max Seat #5 is the button
Seat 2: 7bekon7 ($100 in chips) 
Seat 5: BallerXOne ($165.46 in chips) 
Seat 6: raketkasix ($102.68 in chips) 
raketkasix: posts small blind $0.50
7bekon7: posts big blind $1
*** HOLE CARDS ***
BallerXOne: folds 
BallerXOne leaves the table
raketkasix: folds 
Uncalled bet ($0.50) returned to 7bekon7
7bekon7 collected $1 from pot
7bekon7: doesn't show hand 
*** SUMMARY ***
Total pot $1 | Rake $0 
Seat 2: 7bekon7 (big blind) collected ($1)
Seat 5: BallerXOne (button) folded before Flop (didn't bet)
Seat 6: raketkasix (small blind) folded before Flop



