PokerStars Hand #254674235380:  Hold'em No Limit ($0.50/$1.00 USD) - 2025/02/02 18:50:33 WET [2025/02/02 13:50:33 ET]
Table 'Mezzarco' 6-max Seat #2 is the button
Seat 2: bamboe-x ($52.50 in chips) 
Seat 3: Theseus664 ($59.17 in chips) 
bamboe-x: posts small blind $0.50
Theseus664: posts big blind $1
*** HOLE CARDS ***
bamboe-x: raises $1 to $2
Theseus664: raises $6 to $8
bamboe-x: raises $44.50 to $52.50 and is all-in
Theseus664: calls $44.50
bamboe-x has timed out
*** FLOP *** [8s 7d 2d]
*** TURN *** [8s 7d 2d] [Tc]
*** RIVER *** [8s 7d 2d Tc] [5c]
*** SHOW DOWN ***
Theseus664: shows [7h As] (a pair of Sevens)
bamboe-x: shows [Ad 9s] (high card Ace)
Theseus664 collected $104 from pot
*** SUMMARY ***
Total pot $105 | Rake $1 
Board [8s 7d 2d Tc 5c]
Seat 2: bamboe-x (button) (small blind) showed [Ad 9s] and lost with high card Ace
Seat 3: Theseus664 (big blind) showed [7h As] and won ($104) with a pair of Sevens



PokerStars Hand #254674140849:  Hold'em No Limit ($0.50/$1.00 USD) - 2025/02/02 18:46:01 WET [2025/02/02 13:46:01 ET]
Table 'Mezzarco' 6-max Seat #3 is the button
Seat 3: Theseus664 ($42.36 in chips) 
Seat 6: Manifestorr ($100 in chips) 
Theseus664: posts small blind $0.50
Manifestorr: posts big blind $1
*** HOLE CARDS ***
Theseus664: calls $0.50
Manifestorr: raises $4 to $5
Theseus664: raises $37.36 to $42.36 and is all-in
Manifestorr: folds 
Uncalled bet ($37.36) returned to Theseus664
Theseus664 collected $10 from pot
*** SUMMARY ***
Total pot $10 | Rake $0 
Seat 3: Theseus664 (button) (small blind) collected ($10)
Seat 6: Manifestorr (big blind) folded before Flop



PokerStars Hand #254674147428:  Hold'em No Limit ($0.50/$1.00 USD) - 2025/02/02 18:46:20 WET [2025/02/02 13:46:20 ET]
Table 'Mezzarco' 6-max Seat #6 is the button
Seat 3: Theseus664 ($47.36 in chips) 
Seat 6: Manifestorr ($100 in chips) 
Manifestorr: posts small blind $0.50
Theseus664: posts big blind $1
*** HOLE CARDS ***
Manifestorr: raises $1 to $2
Theseus664: folds 
Uncalled bet ($1) returned to Manifestorr
Manifestorr collected $2 from pot
*** SUMMARY ***
Total pot $2 | Rake $0 
Seat 3: Theseus664 (big blind) folded before Flop
Seat 6: Manifestorr (button) (small blind) collected ($2)



PokerStars Hand #254674151799:  Hold'em No Limit ($0.50/$1.00 USD) - 2025/02/02 18:46:33 WET [2025/02/02 13:46:33 ET]
Table 'Mezzarco' 6-max Seat #3 is the button
Seat 3: Theseus664 ($46.36 in chips) 
Seat 6: Manifestorr ($101 in chips) 
Theseus664: posts small blind $0.50
Manifestorr: posts big blind $1
*** HOLE CARDS ***
Theseus664: folds 
Uncalled bet ($0.50) returned to Manifestorr
Manifestorr collected $1 from pot
*** SUMMARY ***
Total pot $1 | Rake $0 
Seat 3: Theseus664 (button) (small blind) folded before Flop
Seat 6: Manifestorr (big blind) collected ($1)



PokerStars Hand #254674154172:  Hold'em No Limit ($0.50/$1.00 USD) - 2025/02/02 18:46:39 WET [2025/02/02 13:46:39 ET]
Table 'Mezzarco' 6-max Seat #6 is the button
Seat 3: Theseus664 ($45.86 in chips) 
Seat 6: Manifestorr ($101.50 in chips) 
Manifestorr: posts small blind $0.50
Theseus664: posts big blind $1
*** HOLE CARDS ***
bamboe-x joins the table at seat #2 
Manifestorr: folds 
Uncalled bet ($0.50) returned to Theseus664
Theseus664 collected $1 from pot
*** SUMMARY ***
Total pot $1 | Rake $0 
Seat 3: Theseus664 (big blind) collected ($1)
Seat 6: Manifestorr (button) (small blind) folded before Flop



PokerStars Hand #254674157194:  Hold'em No Limit ($0.50/$1.00 USD) - 2025/02/02 18:46:48 WET [2025/02/02 13:46:48 ET]
Table 'Mezzarco' 6-max Seat #3 is the button
Seat 2: bamboe-x ($100 in chips) 
Seat 3: Theseus664 ($46.36 in chips) 
Seat 6: Manifestorr ($101 in chips) 
Manifestorr: posts small blind $0.50
bamboe-x: posts big blind $1
*** HOLE CARDS ***
Theseus664: raises $1 to $2
Manifestorr: folds 
bamboe-x: calls $1
*** FLOP *** [2h 3d 3h]
bamboe-x: checks 
Theseus664: bets $2.14
bamboe-x: calls $2.14
*** TURN *** [2h 3d 3h] [4c]
bamboe-x: checks 
Theseus664: bets $8.34
bamboe-x: folds 
Uncalled bet ($8.34) returned to Theseus664
Theseus664 collected $8.34 from pot
*** SUMMARY ***
Total pot $8.78 | Rake $0.44 
Board [2h 3d 3h 4c]
Seat 2: bamboe-x (big blind) folded on the Turn
Seat 3: Theseus664 (button) collected ($8.34)
Seat 6: Manifestorr (small blind) folded before Flop



PokerStars Hand #254674166393:  Hold'em No Limit ($0.50/$1.00 USD) - 2025/02/02 18:47:14 WET [2025/02/02 13:47:14 ET]
Table 'Mezzarco' 6-max Seat #6 is the button
Seat 2: bamboe-x ($95.86 in chips) 
Seat 3: Theseus664 ($50.56 in chips) 
Seat 6: Manifestorr ($100.50 in chips) 
bamboe-x: posts small blind $0.50
Theseus664: posts big blind $1
*** HOLE CARDS ***
Manifestorr: folds 
bamboe-x: raises $1 to $2
Theseus664: folds 
Uncalled bet ($1) returned to bamboe-x
bamboe-x collected $2 from pot
bamboe-x: doesn't show hand 
*** SUMMARY ***
Total pot $2 | Rake $0 
Seat 2: bamboe-x (small blind) collected ($2)
Seat 3: Theseus664 (big blind) folded before Flop
Seat 6: Manifestorr (button) folded before Flop (didn't bet)



PokerStars Hand #254674169707:  Hold'em No Limit ($0.50/$1.00 USD) - 2025/02/02 18:47:24 WET [2025/02/02 13:47:24 ET]
Table 'Mezzarco' 6-max Seat #3 is the button
Seat 6: Manifestorr ($100.50 in chips) is sitting out
Seat 2: bamboe-x ($96.86 in chips) 
Seat 3: Theseus664 ($49.56 in chips) 
Theseus664: posts small blind $0.50
Manifestorr: is sitting out 
bamboe-x: posts big blind $1
*** HOLE CARDS ***
Manifestorr leaves the table
Theseus664: folds 
Uncalled bet ($0.50) returned to bamboe-x
bamboe-x collected $1 from pot
bamboe-x: doesn't show hand 
*** SUMMARY ***
Total pot $1 | Rake $0 
Seat 6: Manifestorr
Seat 2: bamboe-x (big blind) collected ($1)
Seat 3: Theseus664 (button) (small blind) folded before Flop



PokerStars Hand #254674173331:  Hold'em No Limit ($0.50/$1.00 USD) - 2025/02/02 18:47:34 WET [2025/02/02 13:47:34 ET]
Table 'Mezzarco' 6-max Seat #2 is the button
Seat 2: bamboe-x ($97.36 in chips) 
Seat 3: Theseus664 ($49.06 in chips) 
bamboe-x: posts small blind $0.50
Theseus664: posts big blind $1
*** HOLE CARDS ***
bamboe-x: raises $1 to $2
Theseus664: folds 
Uncalled bet ($1) returned to bamboe-x
bamboe-x collected $2 from pot
bamboe-x: doesn't show hand 
*** SUMMARY ***
Total pot $2 | Rake $0 
Seat 2: bamboe-x (button) (small blind) collected ($2)
Seat 3: Theseus664 (big blind) folded before Flop



PokerStars Hand #254674178346:  Hold'em No Limit ($0.50/$1.00 USD) - 2025/02/02 18:47:49 WET [2025/02/02 13:47:49 ET]
Table 'Mezzarco' 6-max Seat #3 is the button
Seat 2: bamboe-x ($98.36 in chips) 
Seat 3: Theseus664 ($48.06 in chips) 
Theseus664: posts small blind $0.50
bamboe-x: posts big blind $1
*** HOLE CARDS ***
Theseus664: raises $2 to $3
bamboe-x: folds 
Uncalled bet ($2) returned to Theseus664
Theseus664 collected $2 from pot
*** SUMMARY ***
Total pot $2 | Rake $0 
Seat 2: bamboe-x (big blind) folded before Flop
Seat 3: Theseus664 (button) (small blind) collected ($2)



PokerStars Hand #254674181501:  Hold'em No Limit ($0.50/$1.00 USD) - 2025/02/02 18:47:58 WET [2025/02/02 13:47:58 ET]
Table 'Mezzarco' 6-max Seat #2 is the button
Seat 2: bamboe-x ($97.36 in chips) 
Seat 3: Theseus664 ($49.06 in chips) 
bamboe-x: posts small blind $0.50
Theseus664: posts big blind $1
*** HOLE CARDS ***
bamboe-x: folds 
Uncalled bet ($0.50) returned to Theseus664
Theseus664 collected $1 from pot
*** SUMMARY ***
Total pot $1 | Rake $0 
Seat 2: bamboe-x (button) (small blind) folded before Flop
Seat 3: Theseus664 (big blind) collected ($1)



PokerStars Hand #254674183764:  Hold'em No Limit ($0.50/$1.00 USD) - 2025/02/02 18:48:04 WET [2025/02/02 13:48:04 ET]
Table 'Mezzarco' 6-max Seat #3 is the button
Seat 2: bamboe-x ($96.86 in chips) 
Seat 3: Theseus664 ($49.56 in chips) 
Theseus664: posts small blind $0.50
bamboe-x: posts big blind $1
*** HOLE CARDS ***
Theseus664: calls $0.50
bamboe-x: checks 
*** FLOP *** [Qs Ad Ah]
bamboe-x: checks 
Theseus664: checks 
*** TURN *** [Qs Ad Ah] [6d]
bamboe-x: checks 
Theseus664: checks 
*** RIVER *** [Qs Ad Ah 6d] [7c]
bamboe-x: checks 
Theseus664: checks 
*** SHOW DOWN ***
bamboe-x: shows [9h Jh] (a pair of Aces)
Theseus664: mucks hand 
bamboe-x collected $1.90 from pot
*** SUMMARY ***
Total pot $2 | Rake $0.10 
Board [Qs Ad Ah 6d 7c]
Seat 2: bamboe-x (big blind) showed [9h Jh] and won ($1.90) with a pair of Aces
Seat 3: Theseus664 (button) (small blind) mucked



PokerStars Hand #254674191803:  Hold'em No Limit ($0.50/$1.00 USD) - 2025/02/02 18:48:27 WET [2025/02/02 13:48:27 ET]
Table 'Mezzarco' 6-max Seat #2 is the button
Seat 2: bamboe-x ($97.76 in chips) 
Seat 3: Theseus664 ($48.56 in chips) 
bamboe-x: posts small blind $0.50
Theseus664: posts big blind $1
*** HOLE CARDS ***
bamboe-x: raises $2 to $3
Theseus664: folds 
Uncalled bet ($2) returned to bamboe-x
bamboe-x collected $2 from pot
bamboe-x: doesn't show hand 
*** SUMMARY ***
Total pot $2 | Rake $0 
Seat 2: bamboe-x (button) (small blind) collected ($2)
Seat 3: Theseus664 (big blind) folded before Flop



PokerStars Hand #254674195455:  Hold'em No Limit ($0.50/$1.00 USD) - 2025/02/02 18:48:38 WET [2025/02/02 13:48:38 ET]
Table 'Mezzarco' 6-max Seat #3 is the button
Seat 2: bamboe-x ($98.76 in chips) 
Seat 3: Theseus664 ($47.56 in chips) 
Theseus664: posts small blind $0.50
bamboe-x: posts big blind $1
*** HOLE CARDS ***
Theseus664: raises $1 to $2
bamboe-x: raises $8 to $10
Theseus664: raises $37.56 to $47.56 and is all-in
bamboe-x: calls $37.56
bamboe-x has timed out
*** FLOP *** [Js 4s 9d]
*** TURN *** [Js 4s 9d] [Kc]
*** RIVER *** [Js 4s 9d Kc] [Qs]
*** SHOW DOWN ***
bamboe-x: shows [Ad Kd] (a pair of Kings)
Theseus664: shows [Kh Ks] (three of a kind, Kings)
Theseus664 cashed out the hand for $60.77 | Cash Out Fee $1.24
*** SUMMARY ***
Total pot $95.12 | Rake $1 
Board [Js 4s 9d Kc Qs]
Seat 2: bamboe-x (big blind) showed [Ad Kd] and lost with a pair of Kings
Seat 3: Theseus664 (button) (small blind) showed [Kh Ks] and won ($94.12) with three of a kind, Kings (pot not awarded as player cashed out)



PokerStars Hand #254674209361:  Hold'em No Limit ($0.50/$1.00 USD) - 2025/02/02 18:49:18 WET [2025/02/02 13:49:18 ET]
Table 'Mezzarco' 6-max Seat #2 is the button
Seat 2: bamboe-x ($51.20 in chips) 
Seat 3: Theseus664 ($60.77 in chips) 
bamboe-x: posts small blind $0.50
Theseus664: posts big blind $1
*** HOLE CARDS ***
bamboe-x: folds 
Uncalled bet ($0.50) returned to Theseus664
Theseus664 collected $1 from pot
*** SUMMARY ***
Total pot $1 | Rake $0 
Seat 2: bamboe-x (button) (small blind) folded before Flop
Seat 3: Theseus664 (big blind) collected ($1)



PokerStars Hand #254674211754:  Hold'em No Limit ($0.50/$1.00 USD) - 2025/02/02 18:49:25 WET [2025/02/02 13:49:25 ET]
Table 'Mezzarco' 6-max Seat #3 is the button
Seat 2: bamboe-x ($50.70 in chips) 
Seat 3: Theseus664 ($61.27 in chips) 
Theseus664: posts small blind $0.50
bamboe-x: posts big blind $1
*** HOLE CARDS ***
Theseus664: calls $0.50
bamboe-x: checks 
*** FLOP *** [Tc 8s Jh]
bamboe-x: checks 
Theseus664: bets $3.90
bamboe-x: folds 
Uncalled bet ($3.90) returned to Theseus664
Theseus664 collected $1.90 from pot
*** SUMMARY ***
Total pot $2 | Rake $0.10 
Board [Tc 8s Jh]
Seat 2: bamboe-x (big blind) folded on the Flop
Seat 3: Theseus664 (button) (small blind) collected ($1.90)



PokerStars Hand #254674217724:  Hold'em No Limit ($0.50/$1.00 USD) - 2025/02/02 18:49:41 WET [2025/02/02 13:49:41 ET]
Table 'Mezzarco' 6-max Seat #2 is the button
Seat 2: bamboe-x ($49.70 in chips) 
Seat 3: Theseus664 ($62.17 in chips) 
bamboe-x: posts small blind $0.50
Theseus664: posts big blind $1
*** HOLE CARDS ***
bamboe-x: raises $1 to $2
Theseus664: calls $1
*** FLOP *** [8s 4s 8d]
Theseus664: checks 
bamboe-x: bets $3.80
Theseus664: folds 
Uncalled bet ($3.80) returned to bamboe-x
bamboe-x collected $3.80 from pot
bamboe-x: doesn't show hand 
*** SUMMARY ***
Total pot $4 | Rake $0.20 
Board [8s 4s 8d]
Seat 2: bamboe-x (button) (small blind) collected ($3.80)
Seat 3: Theseus664 (big blind) folded on the Flop



PokerStars Hand #254674225162:  Hold'em No Limit ($0.50/$1.00 USD) - 2025/02/02 18:50:03 WET [2025/02/02 13:50:03 ET]
Table 'Mezzarco' 6-max Seat #3 is the button
Seat 2: bamboe-x ($51.50 in chips) 
Seat 3: Theseus664 ($60.17 in chips) 
Theseus664: posts small blind $0.50
bamboe-x: posts big blind $1
*** HOLE CARDS ***
Theseus664: raises $1 to $2
bamboe-x: folds 
Uncalled bet ($1) returned to Theseus664
Theseus664 collected $2 from pot
*** SUMMARY ***
Total pot $2 | Rake $0 
Seat 2: bamboe-x (big blind) folded before Flop
Seat 3: Theseus664 (button) (small blind) collected ($2)



PokerStars Hand #254674228119:  Hold'em No Limit ($0.50/$1.00 USD) - 2025/02/02 18:50:12 WET [2025/02/02 13:50:12 ET]
Table 'Mezzarco' 6-max Seat #2 is the button
Seat 2: bamboe-x ($50.50 in chips) 
Seat 3: Theseus664 ($61.17 in chips) 
bamboe-x: posts small blind $0.50
Theseus664: posts big blind $1
*** HOLE CARDS ***
bamboe-x: raises $1 to $2
Theseus664: folds 
Uncalled bet ($1) returned to bamboe-x
bamboe-x collected $2 from pot
bamboe-x: doesn't show hand 
*** SUMMARY ***
Total pot $2 | Rake $0 
Seat 2: bamboe-x (button) (small blind) collected ($2)
Seat 3: Theseus664 (big blind) folded before Flop



PokerStars Hand #254674231057:  Hold'em No Limit ($0.50/$1.00 USD) - 2025/02/02 18:50:20 WET [2025/02/02 13:50:20 ET]
Table 'Mezzarco' 6-max Seat #3 is the button
Seat 2: bamboe-x ($51.50 in chips) 
Seat 3: Theseus664 ($60.17 in chips) 
Theseus664: posts small blind $0.50
bamboe-x: posts big blind $1
*** HOLE CARDS ***
Theseus664: calls $0.50
bamboe-x: raises $4 to $5
Theseus664: folds 
Uncalled bet ($4) returned to bamboe-x
bamboe-x collected $2 from pot
bamboe-x: doesn't show hand 
*** SUMMARY ***
Total pot $2 | Rake $0 
Seat 2: bamboe-x (big blind) collected ($2)
Seat 3: Theseus664 (button) (small blind) folded before Flop



