PokerStars Hand #254678264891:  Hold'em No Limit ($0.50/$1.00 USD) - 2025/02/02 21:59:15 WET [2025/02/02 16:59:15 ET]
Table 'Unitas II' 6-max Seat #2 is the button
Seat 1: nastja336 ($100 in chips) 
Seat 2: PhoenixAssassin ($103.50 in chips) 
Seat 3: IREQO ($58.80 in chips) 
Seat 6: jandalm777 ($10 in chips) 
IREQO: posts small blind $0.50
jandalm777: posts big blind $1
*** HOLE CARDS ***
nastja336: folds 
PhoenixAssassin: folds 
IREQO: raises $1.50 to $2.50
jandalm777: calls $1.50
*** FLOP *** [7d Jd Th]
IREQO: bets $8
jandalm777: calls $7.50 and is all-in
Uncalled bet ($0.50) returned to IREQO
IREQO has timed out
*** TURN *** [7d Jd Th] [4s]
*** RIVER *** [7d Jd Th 4s] [Qd]
Rajusko joins the table at seat #4 
Rajusko is disconnected 
*** SHOW DOWN ***
IREQO: shows [9h Kh] (a straight, Nine to King)
jandalm777: shows [4h Td] (two pair, Tens and Fours)
IREQO collected $19 from pot
*** SUMMARY ***
Total pot $20 | Rake $1 
Board [7d Jd Th 4s Qd]
Seat 1: nastja336 folded before Flop (didn't bet)
Seat 2: PhoenixAssassin (button) folded before Flop (didn't bet)
Seat 3: IREQO (small blind) showed [9h Kh] and won ($19) with a straight, Nine to King
Seat 6: jandalm777 (big blind) showed [4h Td] and lost with two pair, Tens and Fours



PokerStars Hand #254678275772:  Hold'em No Limit ($0.50/$1.00 USD) - 2025/02/02 22:00:06 WET [2025/02/02 17:00:06 ET]
Table 'Unitas II' 6-max Seat #3 is the button
Seat 4: Rajusko ($50.12 in chips) is sitting out
Seat 6: jandalm777 ($0 in chips) is sitting out
Seat 1: nastja336 ($100 in chips) 
Seat 2: PhoenixAssassin ($103.50 in chips) 
Seat 3: IREQO ($67.80 in chips) 
nastja336: posts small blind $0.50
PhoenixAssassin: posts big blind $1
*** HOLE CARDS ***
ReVeu710 joins the table at seat #5 
IREQO: folds 
nastja336: folds 
Uncalled bet ($0.50) returned to PhoenixAssassin
PhoenixAssassin collected $1 from pot
PhoenixAssassin: doesn't show hand 
*** SUMMARY ***
Total pot $1 | Rake $0 
Seat 4: Rajusko
Seat 6: jandalm777
Seat 1: nastja336 (small blind) folded before Flop
Seat 2: PhoenixAssassin (big blind) collected ($1)
Seat 3: IREQO (button) folded before Flop (didn't bet)



PokerStars Hand #254678277722:  Hold'em No Limit ($0.50/$1.00 USD) - 2025/02/02 22:00:15 WET [2025/02/02 17:00:15 ET]
Table 'Unitas II' 6-max Seat #1 is the button
Seat 3: IREQO ($67.80 in chips) is sitting out
Seat 5: ReVeu710 ($100 in chips) is sitting out
Seat 6: jandalm777 ($0 in chips) is sitting out
Seat 1: nastja336 ($100 in chips) 
Seat 2: PhoenixAssassin ($104 in chips) 
Seat 4: Rajusko ($50.12 in chips) 
PhoenixAssassin: posts small blind $0.50
IREQO: is sitting out 
Rajusko: posts big blind $1
ReVeu710: sits out 
*** HOLE CARDS ***
nastja336: folds 
PhoenixAssassin: raises $2 to $3
Rajusko: folds 
Uncalled bet ($2) returned to PhoenixAssassin
PhoenixAssassin collected $2 from pot
PhoenixAssassin: doesn't show hand 
IREQO leaves the table
*** SUMMARY ***
Total pot $2 | Rake $0 
Seat 3: IREQO
Seat 5: ReVeu710
Seat 6: jandalm777
Seat 1: nastja336 (button) folded before Flop (didn't bet)
Seat 2: PhoenixAssassin (small blind) collected ($2)
Seat 4: Rajusko (big blind) folded before Flop



PokerStars Hand #254678280864:  Hold'em No Limit ($0.50/$1.00 USD) - 2025/02/02 22:00:29 WET [2025/02/02 17:00:29 ET]
Table 'Unitas II' 6-max Seat #2 is the button
Seat 6: jandalm777 ($0 in chips) is sitting out
Seat 1: nastja336 ($100 in chips) 
Seat 2: PhoenixAssassin ($105 in chips) 
Seat 4: Rajusko ($49.12 in chips) 
Seat 5: ReVeu710 ($100 in chips) 
Rajusko: posts small blind $0.50
ReVeu710: posts big blind $1
*** HOLE CARDS ***
jandalm777 leaves the table
nastja336: folds 
PhoenixAssassin: folds 
nastja336 leaves the table
Rajusko: calls $0.50
ReVeu710: checks 
*** FLOP *** [Kh Js 8h]
Rajusko: checks 
kvcsszblcs joins the table at seat #1 
ReVeu710: bets $1.03
Rajusko: folds 
Uncalled bet ($1.03) returned to ReVeu710
ReVeu710 collected $1.90 from pot
ReVeu710: doesn't show hand 
*** SUMMARY ***
Total pot $2 | Rake $0.10 
Board [Kh Js 8h]
Seat 6: jandalm777
Seat 1: nastja336 folded before Flop (didn't bet)
Seat 2: PhoenixAssassin (button) folded before Flop (didn't bet)
Seat 4: Rajusko (small blind) folded on the Flop
Seat 5: ReVeu710 (big blind) collected ($1.90)



PokerStars Hand #254678288714:  Hold'em No Limit ($0.50/$1.00 USD) - 2025/02/02 22:01:02 WET [2025/02/02 17:01:02 ET]
Table 'Unitas II' 6-max Seat #4 is the button
Seat 1: kvcsszblcs ($100 in chips) 
Seat 2: PhoenixAssassin ($105 in chips) 
Seat 4: Rajusko ($48.12 in chips) 
Seat 5: ReVeu710 ($100.90 in chips) 
ReVeu710: posts small blind $0.50
kvcsszblcs: posts big blind $1
*** HOLE CARDS ***
PhoenixAssassin: raises $1.50 to $2.50
Rajusko: raises $3.50 to $6
ReVeu710: folds 
kvcsszblcs: folds 
PhoenixAssassin: folds 
Uncalled bet ($3.50) returned to Rajusko
Rajusko collected $6.50 from pot
*** SUMMARY ***
Total pot $6.50 | Rake $0 
Seat 1: kvcsszblcs (big blind) folded before Flop
Seat 2: PhoenixAssassin folded before Flop
Seat 4: Rajusko (button) collected ($6.50)
Seat 5: ReVeu710 (small blind) folded before Flop



PokerStars Hand #254678295111:  Hold'em No Limit ($0.50/$1.00 USD) - 2025/02/02 22:01:26 WET [2025/02/02 17:01:26 ET]
Table 'Unitas II' 6-max Seat #5 is the button
Seat 2: PhoenixAssassin ($102.50 in chips) is sitting out
Seat 1: kvcsszblcs ($100 in chips) 
Seat 4: Rajusko ($52.12 in chips) 
Seat 5: ReVeu710 ($100.40 in chips) 
kvcsszblcs: posts small blind $0.50
PhoenixAssassin: is sitting out 
Rajusko: posts big blind $1
*** HOLE CARDS ***
ReVeu710: folds 
kvcsszblcs: raises $1.25 to $2.25
ReVeu710 leaves the table
Rajusko: calls $1.25
*** FLOP *** [9c Ah 4d]
kvcsszblcs: bets $1.07
PhoenixAssassin leaves the table
PhoenixAssassin joins the table at seat #5 
Rajusko: raises $2.93 to $4
kvcsszblcs: folds 
Uncalled bet ($2.93) returned to Rajusko
Rajusko collected $6.31 from pot
*** SUMMARY ***
Total pot $6.64 | Rake $0.33 
Board [9c Ah 4d]
Seat 2: PhoenixAssassin
Seat 1: kvcsszblcs (small blind) folded on the Flop
Seat 4: Rajusko (big blind) collected ($6.31)
Seat 5: ReVeu710 (button) folded before Flop (didn't bet)



PokerStars Hand #254678307034:  Hold'em No Limit ($0.50/$1.00 USD) - 2025/02/02 22:02:05 WET [2025/02/02 17:02:05 ET]
Table 'Unitas II' 6-max Seat #1 is the button
Seat 1: kvcsszblcs ($100 in chips) 
Seat 4: Rajusko ($55.11 in chips) 
Seat 5: PhoenixAssassin ($102.50 in chips) 
Rajusko: posts small blind $0.50
PhoenixAssassin: posts big blind $1
*** HOLE CARDS ***
kvcsszblcs: raises $1.25 to $2.25
Rajusko: folds 
PhoenixAssassin: calls $1.25
*** FLOP *** [Kc 7s Jh]
Rajusko leaves the table
PhoenixAssassin: checks 
kvcsszblcs: bets $1.19
PhoenixAssassin: folds 
Uncalled bet ($1.19) returned to kvcsszblcs
kvcsszblcs collected $4.75 from pot
kvcsszblcs: doesn't show hand 
*** SUMMARY ***
Total pot $5 | Rake $0.25 
Board [Kc 7s Jh]
Seat 1: kvcsszblcs (button) collected ($4.75)
Seat 4: Rajusko (small blind) folded before Flop
Seat 5: PhoenixAssassin (big blind) folded on the Flop



