PokerStars Hand #254664821275:  Hold'em No Limit ($0.50/$1.00 USD) - 2025/02/02 3:49:40 WET [2025/02/01 22:49:40 ET]
Table 'Musca II' 6-max Seat #3 is the button
Seat 1: Ifold9999 ($160.57 in chips) 
Seat 2: BeauParleur ($109.44 in chips) 
Seat 3: shootingGRID ($139.99 in chips) 
Seat 4: Dofredyon ($48.47 in chips) 
Seat 5: mironchikvld ($98.23 in chips) 
Seat 6: 7bekon7 ($104.50 in chips) 
Dofredyon: posts small blind $0.50
mironchikvld: posts big blind $1
*** HOLE CARDS ***
7bekon7: folds 
Ifold9999: folds 
BeauParleur: raises $1.25 to $2.25
shootingGRID: folds 
Dofredyon: folds 
mironchikvld: calls $1.25
*** FLOP *** [4c Ah 6d]
mironchikvld: checks 
BeauParleur: bets $1.57
mironchikvld: calls $1.57
*** TURN *** [4c Ah 6d] [Kh]
mironchikvld: checks 
BeauParleur: checks 
*** RIVER *** [4c Ah 6d Kh] [Qd]
mironchikvld: bets $5.10
BeauParleur: raises $22.41 to $27.51
mironchikvld: folds 
Uncalled bet ($22.41) returned to BeauParleur
BeauParleur collected $17.42 from pot
BeauParleur: doesn't show hand 
*** SUMMARY ***
Total pot $18.34 | Rake $0.92 
Board [4c Ah 6d Kh Qd]
Seat 1: Ifold9999 folded before Flop (didn't bet)
Seat 2: BeauParleur collected ($17.42)
Seat 3: shootingGRID (button) folded before Flop (didn't bet)
Seat 4: Dofredyon (small blind) folded before Flop
Seat 5: mironchikvld (big blind) folded on the River
Seat 6: 7bekon7 folded before Flop (didn't bet)



PokerStars Hand #254664831928:  Hold'em No Limit ($0.50/$1.00 USD) - 2025/02/02 3:51:05 WET [2025/02/01 22:51:05 ET]
Table 'Musca II' 6-max Seat #4 is the button
Seat 1: Ifold9999 ($160.57 in chips) 
Seat 2: BeauParleur ($117.94 in chips) 
Seat 3: shootingGRID ($139.99 in chips) 
Seat 4: Dofredyon ($47.97 in chips) 
Seat 5: mironchikvld ($89.31 in chips) 
Seat 6: 7bekon7 ($104.50 in chips) 
mironchikvld: posts small blind $0.50
7bekon7: posts big blind $1
*** HOLE CARDS ***
Ifold9999: folds 
BeauParleur: folds 
shootingGRID: folds 
Dofredyon: folds 
mironchikvld: raises $2 to $3
7bekon7: folds 
Uncalled bet ($2) returned to mironchikvld
mironchikvld collected $2 from pot
mironchikvld: doesn't show hand 
*** SUMMARY ***
Total pot $2 | Rake $0 
Seat 1: Ifold9999 folded before Flop (didn't bet)
Seat 2: BeauParleur folded before Flop (didn't bet)
Seat 3: shootingGRID folded before Flop (didn't bet)
Seat 4: Dofredyon (button) folded before Flop (didn't bet)
Seat 5: mironchikvld (small blind) collected ($2)
Seat 6: 7bekon7 (big blind) folded before Flop



PokerStars Hand #254664834352:  Hold'em No Limit ($0.50/$1.00 USD) - 2025/02/02 3:51:24 WET [2025/02/01 22:51:24 ET]
Table 'Musca II' 6-max Seat #5 is the button
Seat 1: Ifold9999 ($160.57 in chips) 
Seat 2: BeauParleur ($117.94 in chips) 
Seat 3: shootingGRID ($139.99 in chips) 
Seat 4: Dofredyon ($47.97 in chips) 
Seat 5: mironchikvld ($90.31 in chips) 
Seat 6: 7bekon7 ($103.50 in chips) 
7bekon7: posts small blind $0.50
Ifold9999: posts big blind $1
*** HOLE CARDS ***
BeauParleur: folds 
shootingGRID: folds 
Dofredyon: folds 
mironchikvld: folds 
7bekon7: raises $2 to $3
Ifold9999: folds 
Uncalled bet ($2) returned to 7bekon7
7bekon7 collected $2 from pot
7bekon7: doesn't show hand 
*** SUMMARY ***
Total pot $2 | Rake $0 
Seat 1: Ifold9999 (big blind) folded before Flop
Seat 2: BeauParleur folded before Flop (didn't bet)
Seat 3: shootingGRID folded before Flop (didn't bet)
Seat 4: Dofredyon folded before Flop (didn't bet)
Seat 5: mironchikvld (button) folded before Flop (didn't bet)
Seat 6: 7bekon7 (small blind) collected ($2)



PokerStars Hand #254664838623:  Hold'em No Limit ($0.50/$1.00 USD) - 2025/02/02 3:51:59 WET [2025/02/01 22:51:59 ET]
Table 'Musca II' 6-max Seat #6 is the button
Seat 1: Ifold9999 ($159.57 in chips) 
Seat 2: BeauParleur ($117.94 in chips) 
Seat 3: shootingGRID ($139.99 in chips) 
Seat 4: Dofredyon ($47.97 in chips) 
Seat 5: mironchikvld ($90.31 in chips) 
Seat 6: 7bekon7 ($104.50 in chips) 
Ifold9999: posts small blind $0.50
BeauParleur: posts big blind $1
*** HOLE CARDS ***
shootingGRID: raises $1.25 to $2.25
Dofredyon: calls $2.25
mironchikvld: raises $6.75 to $9
7bekon7: raises $12 to $21
Ifold9999: folds 
BeauParleur: folds 
shootingGRID: folds 
Dofredyon: folds 
mironchikvld: folds 
Uncalled bet ($12) returned to 7bekon7
7bekon7 collected $24 from pot
7bekon7: doesn't show hand 
*** SUMMARY ***
Total pot $24 | Rake $0 
Seat 1: Ifold9999 (small blind) folded before Flop
Seat 2: BeauParleur (big blind) folded before Flop
Seat 3: shootingGRID folded before Flop
Seat 4: Dofredyon folded before Flop
Seat 5: mironchikvld folded before Flop
Seat 6: 7bekon7 (button) collected ($24)



PokerStars Hand #254664845449:  Hold'em No Limit ($0.50/$1.00 USD) - 2025/02/02 3:52:53 WET [2025/02/01 22:52:53 ET]
Table 'Musca II' 6-max Seat #1 is the button
Seat 1: Ifold9999 ($159.07 in chips) 
Seat 2: BeauParleur ($116.94 in chips) 
Seat 3: shootingGRID ($137.74 in chips) 
Seat 4: Dofredyon ($45.72 in chips) 
Seat 5: mironchikvld ($81.31 in chips) 
Seat 6: 7bekon7 ($119.50 in chips) 
BeauParleur: posts small blind $0.50
shootingGRID: posts big blind $1
*** HOLE CARDS ***
Dofredyon: folds 
mironchikvld: folds 
7bekon7: folds 
Ifold9999: raises $2 to $3
BeauParleur: folds 
shootingGRID: folds 
Uncalled bet ($2) returned to Ifold9999
Ifold9999 collected $2.50 from pot
*** SUMMARY ***
Total pot $2.50 | Rake $0 
Seat 1: Ifold9999 (button) collected ($2.50)
Seat 2: BeauParleur (small blind) folded before Flop
Seat 3: shootingGRID (big blind) folded before Flop
Seat 4: Dofredyon folded before Flop (didn't bet)
Seat 5: mironchikvld folded before Flop (didn't bet)
Seat 6: 7bekon7 folded before Flop (didn't bet)



PokerStars Hand #254664848028:  Hold'em No Limit ($0.50/$1.00 USD) - 2025/02/02 3:53:14 WET [2025/02/01 22:53:14 ET]
Table 'Musca II' 6-max Seat #2 is the button
Seat 1: Ifold9999 ($160.57 in chips) 
Seat 2: BeauParleur ($116.44 in chips) 
Seat 3: shootingGRID ($136.74 in chips) 
Seat 4: Dofredyon ($45.72 in chips) 
Seat 5: mironchikvld ($81.31 in chips) 
Seat 6: 7bekon7 ($119.50 in chips) 
shootingGRID: posts small blind $0.50
Dofredyon: posts big blind $1
*** HOLE CARDS ***
mironchikvld: folds 
7bekon7: folds 
Ifold9999: folds 
BeauParleur: folds 
shootingGRID: raises $2 to $3
Dofredyon: folds 
Uncalled bet ($2) returned to shootingGRID
shootingGRID collected $2 from pot
*** SUMMARY ***
Total pot $2 | Rake $0 
Seat 1: Ifold9999 folded before Flop (didn't bet)
Seat 2: BeauParleur (button) folded before Flop (didn't bet)
Seat 3: shootingGRID (small blind) collected ($2)
Seat 4: Dofredyon (big blind) folded before Flop
Seat 5: mironchikvld folded before Flop (didn't bet)
Seat 6: 7bekon7 folded before Flop (didn't bet)



PokerStars Hand #254664850831:  Hold'em No Limit ($0.50/$1.00 USD) - 2025/02/02 3:53:37 WET [2025/02/01 22:53:37 ET]
Table 'Musca II' 6-max Seat #3 is the button
Seat 1: Ifold9999 ($160.57 in chips) 
Seat 2: BeauParleur ($116.44 in chips) 
Seat 3: shootingGRID ($137.74 in chips) 
Seat 4: Dofredyon ($44.72 in chips) 
Seat 5: mironchikvld ($81.31 in chips) 
Seat 6: 7bekon7 ($119.50 in chips) 
Dofredyon: posts small blind $0.50
mironchikvld: posts big blind $1
*** HOLE CARDS ***
7bekon7: folds 
Ifold9999: raises $1 to $2
BeauParleur: folds 
shootingGRID: folds 
Dofredyon: calls $1.50
mironchikvld: folds 
*** FLOP *** [4d 5h Kc]
Dofredyon: checks 
Ifold9999: bets $3
Dofredyon: folds 
Uncalled bet ($3) returned to Ifold9999
Ifold9999 collected $4.69 from pot
*** SUMMARY ***
Total pot $5 | Rake $0.31 
Board [4d 5h Kc]
Seat 1: Ifold9999 collected ($4.69)
Seat 2: BeauParleur folded before Flop (didn't bet)
Seat 3: shootingGRID (button) folded before Flop (didn't bet)
Seat 4: Dofredyon (small blind) folded on the Flop
Seat 5: mironchikvld (big blind) folded before Flop
Seat 6: 7bekon7 folded before Flop (didn't bet)



PokerStars Hand #254664855198:  Hold'em No Limit ($0.50/$1.00 USD) - 2025/02/02 3:54:12 WET [2025/02/01 22:54:12 ET]
Table 'Musca II' 6-max Seat #4 is the button
Seat 1: Ifold9999 ($163.26 in chips) 
Seat 2: BeauParleur ($116.44 in chips) 
Seat 3: shootingGRID ($137.74 in chips) 
Seat 4: Dofredyon ($42.72 in chips) 
Seat 5: mironchikvld ($80.31 in chips) 
Seat 6: 7bekon7 ($119.50 in chips) 
mironchikvld: posts small blind $0.50
7bekon7: posts big blind $1
*** HOLE CARDS ***
Ifold9999: folds 
BeauParleur: folds 
shootingGRID: folds 
Dofredyon: folds 
mironchikvld: raises $2 to $3
7bekon7: raises $6 to $9
mironchikvld: raises $13 to $22
7bekon7: calls $13
*** FLOP *** [2h 2c 7d]
mironchikvld: bets $13.79
7bekon7: calls $13.79
*** TURN *** [2h 2c 7d] [4h]
mironchikvld: checks 
7bekon7: checks 
*** RIVER *** [2h 2c 7d 4h] [As]
mironchikvld: bets $44.52 and is all-in
7bekon7: calls $44.52
*** SHOW DOWN ***
mironchikvld: shows [Kd Js] (a pair of Deuces)
7bekon7: shows [Ac Qc] (two pair, Aces and Deuces)
7bekon7 collected $158.12 from pot
*** SUMMARY ***
Total pot $160.62 | Rake $2.50 
Board [2h 2c 7d 4h As]
Seat 1: Ifold9999 folded before Flop (didn't bet)
Seat 2: BeauParleur folded before Flop (didn't bet)
Seat 3: shootingGRID folded before Flop (didn't bet)
Seat 4: Dofredyon (button) folded before Flop (didn't bet)
Seat 5: mironchikvld (small blind) showed [Kd Js] and lost with a pair of Deuces
Seat 6: 7bekon7 (big blind) showed [Ac Qc] and won ($158.12) with two pair, Aces and Deuces



PokerStars Hand #254664866491:  Hold'em No Limit ($0.50/$1.00 USD) - 2025/02/02 3:55:50 WET [2025/02/01 22:55:50 ET]
Table 'Musca II' 6-max Seat #6 is the button
Seat 5: mironchikvld ($0 in chips) is sitting out
Seat 1: Ifold9999 ($163.26 in chips) 
Seat 2: BeauParleur ($116.44 in chips) 
Seat 3: shootingGRID ($137.74 in chips) 
Seat 4: Dofredyon ($42.72 in chips) 
Seat 6: 7bekon7 ($197.31 in chips) 
Ifold9999: posts small blind $0.50
BeauParleur: posts big blind $1
*** HOLE CARDS ***
mironchikvld leaves the table
shootingGRID: folds 
Dofredyon: folds 
7bekon7: raises $1.25 to $2.25
Ifold9999: folds 
BeauParleur: folds 
Uncalled bet ($1.25) returned to 7bekon7
7bekon7 collected $2.50 from pot
7bekon7: doesn't show hand 
*** SUMMARY ***
Total pot $2.50 | Rake $0 
Seat 5: mironchikvld
Seat 1: Ifold9999 (small blind) folded before Flop
Seat 2: BeauParleur (big blind) folded before Flop
Seat 3: shootingGRID folded before Flop (didn't bet)
Seat 4: Dofredyon folded before Flop (didn't bet)
Seat 6: 7bekon7 (button) collected ($2.50)



PokerStars Hand #254664871303:  Hold'em No Limit ($0.50/$1.00 USD) - 2025/02/02 3:56:38 WET [2025/02/01 22:56:38 ET]
Table 'Musca II' 6-max Seat #1 is the button
Seat 1: Ifold9999 ($162.76 in chips) 
Seat 2: BeauParleur ($115.44 in chips) 
Seat 3: shootingGRID ($137.74 in chips) 
Seat 4: Dofredyon ($42.72 in chips) 
Seat 6: 7bekon7 ($198.81 in chips) 
BeauParleur: posts small blind $0.50
shootingGRID: posts big blind $1
*** HOLE CARDS ***
Dofredyon: folds 
7bekon7: raises $1.25 to $2.25
Ifold9999: folds 
BeauParleur: folds 
shootingGRID: folds 
Uncalled bet ($1.25) returned to 7bekon7
7bekon7 collected $2.50 from pot
7bekon7: doesn't show hand 
*** SUMMARY ***
Total pot $2.50 | Rake $0 
Seat 1: Ifold9999 (button) folded before Flop (didn't bet)
Seat 2: BeauParleur (small blind) folded before Flop
Seat 3: shootingGRID (big blind) folded before Flop
Seat 4: Dofredyon folded before Flop (didn't bet)
Seat 6: 7bekon7 collected ($2.50)



PokerStars Hand #254664872765:  Hold'em No Limit ($0.50/$1.00 USD) - 2025/02/02 3:56:52 WET [2025/02/01 22:56:52 ET]
Table 'Musca II' 6-max Seat #2 is the button
Seat 1: Ifold9999 ($162.76 in chips) 
Seat 2: BeauParleur ($114.94 in chips) 
Seat 3: shootingGRID ($136.74 in chips) 
Seat 4: Dofredyon ($42.72 in chips) 
Seat 6: 7bekon7 ($200.31 in chips) 
shootingGRID: posts small blind $0.50
Dofredyon: posts big blind $1
*** HOLE CARDS ***
7bekon7: folds 
Ifold9999: folds 
BeauParleur: folds 
shootingGRID: folds 
Uncalled bet ($0.50) returned to Dofredyon
Dofredyon collected $1 from pot
*** SUMMARY ***
Total pot $1 | Rake $0 
Seat 1: Ifold9999 folded before Flop (didn't bet)
Seat 2: BeauParleur (button) folded before Flop (didn't bet)
Seat 3: shootingGRID (small blind) folded before Flop
Seat 4: Dofredyon (big blind) collected ($1)
Seat 6: 7bekon7 folded before Flop (didn't bet)



PokerStars Hand #254664873998:  Hold'em No Limit ($0.50/$1.00 USD) - 2025/02/02 3:57:04 WET [2025/02/01 22:57:04 ET]
Table 'Musca II' 6-max Seat #3 is the button
Seat 1: Ifold9999 ($162.76 in chips) 
Seat 2: BeauParleur ($114.94 in chips) 
Seat 3: shootingGRID ($136.24 in chips) 
Seat 4: Dofredyon ($43.22 in chips) 
Seat 6: 7bekon7 ($200.31 in chips) 
Dofredyon: posts small blind $0.50
7bekon7: posts big blind $1
*** HOLE CARDS ***
zizizib joins the table at seat #5 
Ifold9999: folds 
BeauParleur: raises $1.25 to $2.25
shootingGRID: folds 
Dofredyon: folds 
7bekon7: folds 
Uncalled bet ($1.25) returned to BeauParleur
BeauParleur collected $2.50 from pot
BeauParleur: doesn't show hand 
*** SUMMARY ***
Total pot $2.50 | Rake $0 
Seat 1: Ifold9999 folded before Flop (didn't bet)
Seat 2: BeauParleur collected ($2.50)
Seat 3: shootingGRID (button) folded before Flop (didn't bet)
Seat 4: Dofredyon (small blind) folded before Flop
Seat 6: 7bekon7 (big blind) folded before Flop



PokerStars Hand #254664876140:  Hold'em No Limit ($0.50/$1.00 USD) - 2025/02/02 3:57:26 WET [2025/02/01 22:57:26 ET]
Table 'Musca II' 6-max Seat #4 is the button
Seat 5: zizizib ($100 in chips) is sitting out
Seat 1: Ifold9999 ($162.76 in chips) 
Seat 2: BeauParleur ($116.44 in chips) 
Seat 3: shootingGRID ($136.24 in chips) 
Seat 4: Dofredyon ($42.72 in chips) 
Seat 6: 7bekon7 ($199.31 in chips) 
7bekon7: posts small blind $0.50
Ifold9999: posts big blind $1
*** HOLE CARDS ***
BeauParleur: folds 
shootingGRID: folds 
Dofredyon: folds 
7bekon7: raises $2 to $3
Ifold9999: folds 
Uncalled bet ($2) returned to 7bekon7
7bekon7 collected $2 from pot
7bekon7: doesn't show hand 
*** SUMMARY ***
Total pot $2 | Rake $0 
Seat 5: zizizib
Seat 1: Ifold9999 (big blind) folded before Flop
Seat 2: BeauParleur folded before Flop (didn't bet)
Seat 3: shootingGRID folded before Flop (didn't bet)
Seat 4: Dofredyon (button) folded before Flop (didn't bet)
Seat 6: 7bekon7 (small blind) collected ($2)



PokerStars Hand #254664878490:  Hold'em No Limit ($0.50/$1.00 USD) - 2025/02/02 3:57:48 WET [2025/02/01 22:57:48 ET]
Table 'Musca II' 6-max Seat #6 is the button
Seat 2: BeauParleur ($116.44 in chips) is sitting out
Seat 5: zizizib ($100 in chips) is sitting out
Seat 1: Ifold9999 ($161.76 in chips) 
Seat 3: shootingGRID ($136.24 in chips) 
Seat 4: Dofredyon ($42.72 in chips) 
Seat 6: 7bekon7 ($200.31 in chips) 
Ifold9999: posts small blind $0.50
BeauParleur: is sitting out 
shootingGRID: posts big blind $1
zizizib: sits out 
*** HOLE CARDS ***
Dofredyon: folds 
7bekon7: raises $1.50 to $2.50
Ifold9999: raises $6 to $8.50
shootingGRID: folds 
7bekon7: calls $6
*** FLOP *** [Ts 5c Td]
Ifold9999: bets $8.55
7bekon7: folds 
Uncalled bet ($8.55) returned to Ifold9999
Ifold9999 collected $16.88 from pot
*** SUMMARY ***
Total pot $18 | Rake $1.12 
Board [Ts 5c Td]
Seat 2: BeauParleur
Seat 5: zizizib
Seat 1: Ifold9999 (small blind) collected ($16.88)
Seat 3: shootingGRID (big blind) folded before Flop
Seat 4: Dofredyon folded before Flop (didn't bet)
Seat 6: 7bekon7 (button) folded on the Flop



PokerStars Hand #254664885115:  Hold'em No Limit ($0.50/$1.00 USD) - 2025/02/02 3:58:53 WET [2025/02/01 22:58:53 ET]
Table 'Musca II' 6-max Seat #1 is the button
Seat 2: BeauParleur ($116.44 in chips) is sitting out
Seat 5: zizizib ($100 in chips) is sitting out
Seat 1: Ifold9999 ($170.14 in chips) 
Seat 3: shootingGRID ($135.24 in chips) 
Seat 4: Dofredyon ($42.72 in chips) 
Seat 6: 7bekon7 ($191.81 in chips) 
shootingGRID: posts small blind $0.50
Dofredyon: posts big blind $1
zizizib: sits out 
*** HOLE CARDS ***
7bekon7: folds 
Ifold9999: folds 
shootingGRID: raises $2 to $3
Dofredyon: calls $2
*** FLOP *** [5h Kd Jc]
shootingGRID: checks 
Dofredyon: checks 
*** TURN *** [5h Kd Jc] [Ks]
shootingGRID: checks 
Dofredyon: checks 
*** RIVER *** [5h Kd Jc Ks] [3c]
shootingGRID: checks 
Dofredyon: bets $5.70
shootingGRID: folds 
Uncalled bet ($5.70) returned to Dofredyon
Dofredyon collected $5.70 from pot
*** SUMMARY ***
Total pot $6 | Rake $0.30 
Board [5h Kd Jc Ks 3c]
Seat 2: BeauParleur
Seat 5: zizizib
Seat 1: Ifold9999 (button) folded before Flop (didn't bet)
Seat 3: shootingGRID (small blind) folded on the River
Seat 4: Dofredyon (big blind) collected ($5.70)
Seat 6: 7bekon7 folded before Flop (didn't bet)



PokerStars Hand #254664891377:  Hold'em No Limit ($0.50/$1.00 USD) - 2025/02/02 3:59:54 WET [2025/02/01 22:59:54 ET]
Table 'Musca II' 6-max Seat #3 is the button
Seat 2: BeauParleur ($116.44 in chips) is sitting out
Seat 1: Ifold9999 ($170.14 in chips) 
Seat 3: shootingGRID ($132.24 in chips) 
Seat 4: Dofredyon ($45.42 in chips) 
Seat 5: zizizib ($100 in chips) 
Seat 6: 7bekon7 ($191.81 in chips) 
Dofredyon: posts small blind $0.50
zizizib: posts big blind $1
*** HOLE CARDS ***
7bekon7: raises $1.25 to $2.25
Ifold9999: calls $2.25
shootingGRID: folds 
Dofredyon: folds 
zizizib: folds 
*** FLOP *** [5c 6s Ks]
7bekon7: checks 
Ifold9999: bets $3.85
7bekon7: folds 
Uncalled bet ($3.85) returned to Ifold9999
Ifold9999 collected $5.62 from pot
*** SUMMARY ***
Total pot $6 | Rake $0.38 
Board [5c 6s Ks]
Seat 2: BeauParleur
Seat 1: Ifold9999 collected ($5.62)
Seat 3: shootingGRID (button) folded before Flop (didn't bet)
Seat 4: Dofredyon (small blind) folded before Flop
Seat 5: zizizib (big blind) folded before Flop
Seat 6: 7bekon7 folded on the Flop



PokerStars Hand #254664896894:  Hold'em No Limit ($0.50/$1.00 USD) - 2025/02/02 4:00:46 WET [2025/02/01 23:00:46 ET]
Table 'Musca II' 6-max Seat #4 is the button
Seat 2: BeauParleur ($116.44 in chips) is sitting out
Seat 1: Ifold9999 ($173.51 in chips) 
Seat 3: shootingGRID ($132.24 in chips) 
Seat 4: Dofredyon ($44.92 in chips) 
Seat 5: zizizib ($100 in chips) 
Seat 6: 7bekon7 ($189.56 in chips) 
zizizib: posts small blind $0.50
7bekon7: posts big blind $1
*** HOLE CARDS ***
Ifold9999: folds 
shootingGRID: folds 
Dofredyon: folds 
zizizib: raises $2 to $3
7bekon7: folds 
Uncalled bet ($2) returned to zizizib
zizizib collected $2 from pot
zizizib: doesn't show hand 
*** SUMMARY ***
Total pot $2 | Rake $0 
Seat 2: BeauParleur
Seat 1: Ifold9999 folded before Flop (didn't bet)
Seat 3: shootingGRID folded before Flop (didn't bet)
Seat 4: Dofredyon (button) folded before Flop (didn't bet)
Seat 5: zizizib (small blind) collected ($2)
Seat 6: 7bekon7 (big blind) folded before Flop



PokerStars Hand #254664899397:  Hold'em No Limit ($0.50/$1.00 USD) - 2025/02/02 4:01:07 WET [2025/02/01 23:01:07 ET]
Table 'Musca II' 6-max Seat #5 is the button
Seat 2: BeauParleur ($116.44 in chips) is sitting out
Seat 1: Ifold9999 ($173.51 in chips) 
Seat 3: shootingGRID ($132.24 in chips) 
Seat 4: Dofredyon ($44.92 in chips) 
Seat 5: zizizib ($101 in chips) 
Seat 6: 7bekon7 ($188.56 in chips) 
7bekon7: posts small blind $0.50
Ifold9999: posts big blind $1
*** HOLE CARDS ***
shootingGRID: folds 
Dofredyon: calls $1
zizizib: folds 
7bekon7: folds 
Ifold9999: checks 
*** FLOP *** [6s Qc 5d]
Ifold9999: checks 
Dofredyon: checks 
*** TURN *** [6s Qc 5d] [Ah]
Ifold9999: checks 
Dofredyon: checks 
*** RIVER *** [6s Qc 5d Ah] [Qh]
Ifold9999: checks 
Dofredyon: checks 
*** SHOW DOWN ***
Ifold9999: shows [Js 6h] (two pair, Queens and Sixes)
Dofredyon: mucks hand 
Ifold9999 collected $2.35 from pot
*** SUMMARY ***
Total pot $2.50 | Rake $0.15 
Board [6s Qc 5d Ah Qh]
Seat 2: BeauParleur
Seat 1: Ifold9999 (big blind) showed [Js 6h] and won ($2.35) with two pair, Queens and Sixes
Seat 3: shootingGRID folded before Flop (didn't bet)
Seat 4: Dofredyon mucked
Seat 5: zizizib (button) folded before Flop (didn't bet)
Seat 6: 7bekon7 (small blind) folded before Flop



PokerStars Hand #254664905630:  Hold'em No Limit ($0.50/$1.00 USD) - 2025/02/02 4:01:59 WET [2025/02/01 23:01:59 ET]
Table 'Musca II' 6-max Seat #6 is the button
Seat 1: Ifold9999 ($174.86 in chips) 
Seat 2: BeauParleur ($116.44 in chips) 
Seat 3: shootingGRID ($132.24 in chips) 
Seat 4: Dofredyon ($43.92 in chips) 
Seat 5: zizizib ($101 in chips) 
Seat 6: 7bekon7 ($188.06 in chips) 
Ifold9999: posts small blind $0.50
BeauParleur: posts big blind $1
*** HOLE CARDS ***
shootingGRID: folds 
Dofredyon: folds 
zizizib: raises $1.30 to $2.30
7bekon7: calls $2.30
Ifold9999: folds 
BeauParleur: calls $1.30
*** FLOP *** [7h 4h 6s]
BeauParleur: checks 
zizizib: checks 
7bekon7: bets $3.52
BeauParleur: raises $4.64 to $8.16
zizizib: folds 
7bekon7: calls $4.64
*** TURN *** [7h 4h 6s] [Jd]
BeauParleur: bets $28.16
7bekon7: calls $28.16
*** RIVER *** [7h 4h 6s Jd] [5h]
BeauParleur: bets $7.80
7bekon7: raises $141.64 to $149.44 and is all-in
BeauParleur: folds 
Uncalled bet ($141.64) returned to 7bekon7
7bekon7 collected $93.14 from pot
7bekon7: doesn't show hand 
*** SUMMARY ***
Total pot $95.64 | Rake $2.50 
Board [7h 4h 6s Jd 5h]
Seat 1: Ifold9999 (small blind) folded before Flop
Seat 2: BeauParleur (big blind) folded on the River
Seat 3: shootingGRID folded before Flop (didn't bet)
Seat 4: Dofredyon folded before Flop (didn't bet)
Seat 5: zizizib folded on the Flop
Seat 6: 7bekon7 (button) collected ($93.14)



PokerStars Hand #254664921751:  Hold'em No Limit ($0.50/$1.00 USD) - 2025/02/02 4:04:15 WET [2025/02/01 23:04:15 ET]
Table 'Musca II' 6-max Seat #1 is the button
Seat 1: Ifold9999 ($174.36 in chips) 
Seat 2: BeauParleur ($100 in chips) 
Seat 3: shootingGRID ($132.24 in chips) 
Seat 4: Dofredyon ($43.92 in chips) 
Seat 5: zizizib ($100 in chips) 
Seat 6: 7bekon7 ($234.78 in chips) 
BeauParleur: posts small blind $0.50
shootingGRID: posts big blind $1
*** HOLE CARDS ***
Dofredyon: folds 
zizizib: folds 
7bekon7: folds 
Ifold9999: folds 
BeauParleur: folds 
Uncalled bet ($0.50) returned to shootingGRID
shootingGRID collected $1 from pot
*** SUMMARY ***
Total pot $1 | Rake $0 
Seat 1: Ifold9999 (button) folded before Flop (didn't bet)
Seat 2: BeauParleur (small blind) folded before Flop
Seat 3: shootingGRID (big blind) collected ($1)
Seat 4: Dofredyon folded before Flop (didn't bet)
Seat 5: zizizib folded before Flop (didn't bet)
Seat 6: 7bekon7 folded before Flop (didn't bet)



PokerStars Hand #254664923601:  Hold'em No Limit ($0.50/$1.00 USD) - 2025/02/02 4:04:31 WET [2025/02/01 23:04:31 ET]
Table 'Musca II' 6-max Seat #2 is the button
Seat 1: Ifold9999 ($174.36 in chips) is sitting out
Seat 2: BeauParleur ($100 in chips) 
Seat 3: shootingGRID ($132.74 in chips) 
Seat 4: Dofredyon ($43.92 in chips) 
Seat 5: zizizib ($100 in chips) 
Seat 6: 7bekon7 ($234.78 in chips) 
shootingGRID: posts small blind $0.50
Dofredyon: posts big blind $1
*** HOLE CARDS ***
zizizib: folds 
7bekon7: folds 
BeauParleur: folds 
Ifold9999 leaves the table
shootingGRID: folds 
Uncalled bet ($0.50) returned to Dofredyon
Dofredyon collected $1 from pot
*** SUMMARY ***
Total pot $1 | Rake $0 
Seat 1: Ifold9999
Seat 2: BeauParleur (button) folded before Flop (didn't bet)
Seat 3: shootingGRID (small blind) folded before Flop
Seat 4: Dofredyon (big blind) collected ($1)
Seat 5: zizizib folded before Flop (didn't bet)
Seat 6: 7bekon7 folded before Flop (didn't bet)



PokerStars Hand #254664924970:  Hold'em No Limit ($0.50/$1.00 USD) - 2025/02/02 4:04:42 WET [2025/02/01 23:04:42 ET]
Table 'Musca II' 6-max Seat #3 is the button
Seat 2: BeauParleur ($100 in chips) 
Seat 3: shootingGRID ($132.24 in chips) 
Seat 4: Dofredyon ($44.42 in chips) 
Seat 5: zizizib ($100 in chips) 
Seat 6: 7bekon7 ($234.78 in chips) 
Dofredyon: posts small blind $0.50
zizizib: posts big blind $1
*** HOLE CARDS ***
7bekon7: folds 
BeauParleur: raises $1.25 to $2.25
shootingGRID: raises $5.25 to $7.50
Dofredyon: folds 
zizizib: folds 
BeauParleur: folds 
Uncalled bet ($5.25) returned to shootingGRID
shootingGRID collected $6 from pot
*** SUMMARY ***
Total pot $6 | Rake $0 
Seat 2: BeauParleur folded before Flop
Seat 3: shootingGRID (button) collected ($6)
Seat 4: Dofredyon (small blind) folded before Flop
Seat 5: zizizib (big blind) folded before Flop
Seat 6: 7bekon7 folded before Flop (didn't bet)



PokerStars Hand #254664929010:  Hold'em No Limit ($0.50/$1.00 USD) - 2025/02/02 4:05:16 WET [2025/02/01 23:05:16 ET]
Table 'Musca II' 6-max Seat #4 is the button
Seat 2: BeauParleur ($100 in chips) 
Seat 3: shootingGRID ($135.99 in chips) 
Seat 4: Dofredyon ($43.92 in chips) 
Seat 5: zizizib ($100 in chips) 
Seat 6: 7bekon7 ($234.78 in chips) 
zizizib: posts small blind $0.50
7bekon7: posts big blind $1
*** HOLE CARDS ***
BeauParleur: raises $1 to $2
shootingGRID: folds 
Dofredyon: folds 
zizizib: folds 
7bekon7: folds 
Uncalled bet ($1) returned to BeauParleur
BeauParleur collected $2.50 from pot
BeauParleur: doesn't show hand 
*** SUMMARY ***
Total pot $2.50 | Rake $0 
Seat 2: BeauParleur collected ($2.50)
Seat 3: shootingGRID folded before Flop (didn't bet)
Seat 4: Dofredyon (button) folded before Flop (didn't bet)
Seat 5: zizizib (small blind) folded before Flop
Seat 6: 7bekon7 (big blind) folded before Flop



PokerStars Hand #254664931466:  Hold'em No Limit ($0.50/$1.00 USD) - 2025/02/02 4:05:36 WET [2025/02/01 23:05:36 ET]
Table 'Musca II' 6-max Seat #5 is the button
Seat 2: BeauParleur ($101.50 in chips) 
Seat 3: shootingGRID ($135.99 in chips) 
Seat 4: Dofredyon ($43.92 in chips) 
Seat 5: zizizib ($100 in chips) 
Seat 6: 7bekon7 ($233.78 in chips) 
7bekon7: posts small blind $0.50
BeauParleur: posts big blind $1
*** HOLE CARDS ***
shootingGRID: raises $1.25 to $2.25
Dofredyon: folds 
zizizib: folds 
7bekon7: folds 
BeauParleur: folds 
Uncalled bet ($1.25) returned to shootingGRID
shootingGRID collected $2.50 from pot
*** SUMMARY ***
Total pot $2.50 | Rake $0 
Seat 2: BeauParleur (big blind) folded before Flop
Seat 3: shootingGRID collected ($2.50)
Seat 4: Dofredyon folded before Flop (didn't bet)
Seat 5: zizizib (button) folded before Flop (didn't bet)
Seat 6: 7bekon7 (small blind) folded before Flop



PokerStars Hand #254664934391:  Hold'em No Limit ($0.50/$1.00 USD) - 2025/02/02 4:06:00 WET [2025/02/01 23:06:00 ET]
Table 'Musca II' 6-max Seat #6 is the button
Seat 2: BeauParleur ($100.50 in chips) 
Seat 3: shootingGRID ($137.49 in chips) 
Seat 4: Dofredyon ($43.92 in chips) 
Seat 5: zizizib ($100 in chips) 
Seat 6: 7bekon7 ($233.28 in chips) 
BeauParleur: posts small blind $0.50
shootingGRID: posts big blind $1
*** HOLE CARDS ***
Dofredyon: calls $1
zizizib: folds 
7bekon7: folds 
BeauParleur: folds 
shootingGRID: checks 
*** FLOP *** [3d Qh Kh]
shootingGRID: checks 
Dofredyon: checks 
*** TURN *** [3d Qh Kh] [2s]
shootingGRID: checks 
Dofredyon: checks 
*** RIVER *** [3d Qh Kh 2s] [7d]
shootingGRID: checks 
Dofredyon: bets $2.38
shootingGRID: folds 
Uncalled bet ($2.38) returned to Dofredyon
Dofredyon collected $2.38 from pot
*** SUMMARY ***
Total pot $2.50 | Rake $0.12 
Board [3d Qh Kh 2s 7d]
Seat 2: BeauParleur (small blind) folded before Flop
Seat 3: shootingGRID (big blind) folded on the River
Seat 4: Dofredyon collected ($2.38)
Seat 5: zizizib folded before Flop (didn't bet)
Seat 6: 7bekon7 (button) folded before Flop (didn't bet)



PokerStars Hand #254664941776:  Hold'em No Limit ($0.50/$1.00 USD) - 2025/02/02 4:07:01 WET [2025/02/01 23:07:01 ET]
Table 'Musca II' 6-max Seat #2 is the button
Seat 2: BeauParleur ($100 in chips) 
Seat 3: shootingGRID ($136.49 in chips) 
Seat 4: Dofredyon ($45.30 in chips) 
Seat 5: zizizib ($100 in chips) 
Seat 6: 7bekon7 ($233.28 in chips) 
shootingGRID: posts small blind $0.50
Dofredyon: posts big blind $1
*** HOLE CARDS ***
zizizib: folds 
7bekon7: folds 
BeauParleur: folds 
shootingGRID: raises $2 to $3
Dofredyon: calls $2
*** FLOP *** [6s 2s Td]
shootingGRID: bets $2.85
Dofredyon: calls $2.85
*** TURN *** [6s 2s Td] [9d]
shootingGRID: bets $6
Dofredyon: raises $6 to $12
lukeaaaa101 joins the table at seat #1 
shootingGRID: folds 
Uncalled bet ($6) returned to Dofredyon
Dofredyon collected $22.52 from pot
*** SUMMARY ***
Total pot $23.70 | Rake $1.18 
Board [6s 2s Td 9d]
Seat 2: BeauParleur (button) folded before Flop (didn't bet)
Seat 3: shootingGRID (small blind) folded on the Turn
Seat 4: Dofredyon (big blind) collected ($22.52)
Seat 5: zizizib folded before Flop (didn't bet)
Seat 6: 7bekon7 folded before Flop (didn't bet)



PokerStars Hand #254664949970:  Hold'em No Limit ($0.50/$1.00 USD) - 2025/02/02 4:08:10 WET [2025/02/01 23:08:10 ET]
Table 'Musca II' 6-max Seat #3 is the button
Seat 1: lukeaaaa101 ($100 in chips) is sitting out
Seat 2: BeauParleur ($100 in chips) 
Seat 3: shootingGRID ($124.64 in chips) 
Seat 4: Dofredyon ($55.97 in chips) 
Seat 5: zizizib ($100 in chips) 
Seat 6: 7bekon7 ($233.28 in chips) 
Dofredyon: posts small blind $0.50
zizizib: posts big blind $1
lukeaaaa101: sits out 
*** HOLE CARDS ***
7bekon7: folds 
BeauParleur: raises $1.25 to $2.25
shootingGRID: folds 
Dofredyon: folds 
zizizib: folds 
Uncalled bet ($1.25) returned to BeauParleur
BeauParleur collected $2.50 from pot
BeauParleur: doesn't show hand 
*** SUMMARY ***
Total pot $2.50 | Rake $0 
Seat 1: lukeaaaa101
Seat 2: BeauParleur collected ($2.50)
Seat 3: shootingGRID (button) folded before Flop (didn't bet)
Seat 4: Dofredyon (small blind) folded before Flop
Seat 5: zizizib (big blind) folded before Flop
Seat 6: 7bekon7 folded before Flop (didn't bet)



PokerStars Hand #254664962276:  Hold'em No Limit ($0.50/$1.00 USD) - 2025/02/02 4:09:54 WET [2025/02/01 23:09:54 ET]
Table 'Musca II' 6-max Seat #6 is the button
Seat 1: lukeaaaa101 ($100 in chips) 
Seat 2: BeauParleur ($101.50 in chips) 
Seat 3: shootingGRID ($124.64 in chips) 
Seat 4: Dofredyon ($56.85 in chips) 
Seat 5: zizizib ($100 in chips) 
Seat 6: 7bekon7 ($233.28 in chips) 
lukeaaaa101: posts small blind $0.50
BeauParleur: posts big blind $1
*** HOLE CARDS ***
shootingGRID: raises $1.25 to $2.25
Dofredyon: folds 
zizizib: folds 
7bekon7: folds 
lukeaaaa101: raises $7.25 to $9.50
BeauParleur: folds 
shootingGRID: folds 
Uncalled bet ($7.25) returned to lukeaaaa101
lukeaaaa101 collected $5.50 from pot
lukeaaaa101: doesn't show hand 
*** SUMMARY ***
Total pot $5.50 | Rake $0 
Seat 1: lukeaaaa101 (small blind) collected ($5.50)
Seat 2: BeauParleur (big blind) folded before Flop
Seat 3: shootingGRID folded before Flop
Seat 4: Dofredyon folded before Flop (didn't bet)
Seat 5: zizizib folded before Flop (didn't bet)
Seat 6: 7bekon7 (button) folded before Flop (didn't bet)



PokerStars Hand #254664967001:  Hold'em No Limit ($0.50/$1.00 USD) - 2025/02/02 4:10:33 WET [2025/02/01 23:10:33 ET]
Table 'Musca II' 6-max Seat #1 is the button
Seat 1: lukeaaaa101 ($103.25 in chips) 
Seat 2: BeauParleur ($100.50 in chips) 
Seat 3: shootingGRID ($122.39 in chips) 
Seat 4: Dofredyon ($56.85 in chips) 
Seat 5: zizizib ($100 in chips) 
Seat 6: 7bekon7 ($233.28 in chips) 
BeauParleur: posts small blind $0.50
shootingGRID: posts big blind $1
*** HOLE CARDS ***
Dofredyon: calls $1
zizizib: folds 
7bekon7: raises $3 to $4
lukeaaaa101: folds 
BeauParleur: folds 
shootingGRID: folds 
Dofredyon: calls $3
*** FLOP *** [9d 8s Tc]
Dofredyon: checks 
7bekon7: checks 
*** TURN *** [9d 8s Tc] [6h]
Dofredyon: bets $4.51
7bekon7: folds 
Uncalled bet ($4.51) returned to Dofredyon
Dofredyon collected $9.02 from pot
*** SUMMARY ***
Total pot $9.50 | Rake $0.48 
Board [9d 8s Tc 6h]
Seat 1: lukeaaaa101 (button) folded before Flop (didn't bet)
Seat 2: BeauParleur (small blind) folded before Flop
Seat 3: shootingGRID (big blind) folded before Flop
Seat 4: Dofredyon collected ($9.02)
Seat 5: zizizib folded before Flop (didn't bet)
Seat 6: 7bekon7 folded on the Turn



PokerStars Hand #254664971778:  Hold'em No Limit ($0.50/$1.00 USD) - 2025/02/02 4:11:13 WET [2025/02/01 23:11:13 ET]
Table 'Musca II' 6-max Seat #2 is the button
Seat 1: lukeaaaa101 ($103.25 in chips) 
Seat 2: BeauParleur ($100 in chips) 
Seat 3: shootingGRID ($121.39 in chips) 
Seat 4: Dofredyon ($61.87 in chips) 
Seat 5: zizizib ($100 in chips) 
Seat 6: 7bekon7 ($229.28 in chips) 
shootingGRID: posts small blind $0.50
Dofredyon: posts big blind $1
*** HOLE CARDS ***
zizizib: folds 
7bekon7: folds 
lukeaaaa101: raises $1.50 to $2.50
BeauParleur: folds 
shootingGRID: folds 
Dofredyon: folds 
Uncalled bet ($1.50) returned to lukeaaaa101
lukeaaaa101 collected $2.50 from pot
lukeaaaa101: doesn't show hand 
*** SUMMARY ***
Total pot $2.50 | Rake $0 
Seat 1: lukeaaaa101 collected ($2.50)
Seat 2: BeauParleur (button) folded before Flop (didn't bet)
Seat 3: shootingGRID (small blind) folded before Flop
Seat 4: Dofredyon (big blind) folded before Flop
Seat 5: zizizib folded before Flop (didn't bet)
Seat 6: 7bekon7 folded before Flop (didn't bet)



PokerStars Hand #254664974459:  Hold'em No Limit ($0.50/$1.00 USD) - 2025/02/02 4:11:35 WET [2025/02/01 23:11:35 ET]
Table 'Musca II' 6-max Seat #3 is the button
Seat 1: lukeaaaa101 ($104.75 in chips) 
Seat 2: BeauParleur ($100 in chips) 
Seat 3: shootingGRID ($120.89 in chips) 
Seat 4: Dofredyon ($60.87 in chips) 
Seat 5: zizizib ($100 in chips) 
Seat 6: 7bekon7 ($229.28 in chips) 
Dofredyon: posts small blind $0.50
zizizib: posts big blind $1
*** HOLE CARDS ***
7bekon7: folds 
lukeaaaa101: folds 
BeauParleur: folds 
shootingGRID: raises $1.50 to $2.50
Dofredyon: calls $2
zizizib: calls $1.50
*** FLOP *** [Qh 4s Qc]
Dofredyon: checks 
zizizib: checks 
shootingGRID: bets $2.35
Dofredyon: folds 
zizizib: folds 
Uncalled bet ($2.35) returned to shootingGRID
shootingGRID collected $7.12 from pot
*** SUMMARY ***
Total pot $7.50 | Rake $0.38 
Board [Qh 4s Qc]
Seat 1: lukeaaaa101 folded before Flop (didn't bet)
Seat 2: BeauParleur folded before Flop (didn't bet)
Seat 3: shootingGRID (button) collected ($7.12)
Seat 4: Dofredyon (small blind) folded on the Flop
Seat 5: zizizib (big blind) folded on the Flop
Seat 6: 7bekon7 folded before Flop (didn't bet)



PokerStars Hand #254664980696:  Hold'em No Limit ($0.50/$1.00 USD) - 2025/02/02 4:12:28 WET [2025/02/01 23:12:28 ET]
Table 'Musca II' 6-max Seat #4 is the button
Seat 1: lukeaaaa101 ($104.75 in chips) 
Seat 2: BeauParleur ($100 in chips) 
Seat 3: shootingGRID ($125.51 in chips) 
Seat 4: Dofredyon ($58.37 in chips) 
Seat 5: zizizib ($100 in chips) 
Seat 6: 7bekon7 ($229.28 in chips) 
zizizib: posts small blind $0.50
7bekon7: posts big blind $1
*** HOLE CARDS ***
lukeaaaa101: folds 
BeauParleur: folds 
shootingGRID: raises $1.25 to $2.25
Dofredyon: folds 
zizizib: folds 
7bekon7: folds 
Uncalled bet ($1.25) returned to shootingGRID
shootingGRID collected $2.50 from pot
*** SUMMARY ***
Total pot $2.50 | Rake $0 
Seat 1: lukeaaaa101 folded before Flop (didn't bet)
Seat 2: BeauParleur folded before Flop (didn't bet)
Seat 3: shootingGRID collected ($2.50)
Seat 4: Dofredyon (button) folded before Flop (didn't bet)
Seat 5: zizizib (small blind) folded before Flop
Seat 6: 7bekon7 (big blind) folded before Flop



PokerStars Hand #254664982862:  Hold'em No Limit ($0.50/$1.00 USD) - 2025/02/02 4:12:46 WET [2025/02/01 23:12:46 ET]
Table 'Musca II' 6-max Seat #5 is the button
Seat 1: lukeaaaa101 ($104.75 in chips) 
Seat 2: BeauParleur ($100 in chips) 
Seat 3: shootingGRID ($127.01 in chips) 
Seat 4: Dofredyon ($58.37 in chips) 
Seat 5: zizizib ($100 in chips) 
Seat 6: 7bekon7 ($228.28 in chips) 
7bekon7: posts small blind $0.50
lukeaaaa101: posts big blind $1
*** HOLE CARDS ***
BeauParleur: raises $1 to $2
shootingGRID: folds 
Dofredyon: folds 
zizizib: folds 
7bekon7: folds 
lukeaaaa101: folds 
Uncalled bet ($1) returned to BeauParleur
BeauParleur collected $2.50 from pot
BeauParleur: doesn't show hand 
*** SUMMARY ***
Total pot $2.50 | Rake $0 
Seat 1: lukeaaaa101 (big blind) folded before Flop
Seat 2: BeauParleur collected ($2.50)
Seat 3: shootingGRID folded before Flop (didn't bet)
Seat 4: Dofredyon folded before Flop (didn't bet)
Seat 5: zizizib (button) folded before Flop (didn't bet)
Seat 6: 7bekon7 (small blind) folded before Flop



PokerStars Hand #254664984660:  Hold'em No Limit ($0.50/$1.00 USD) - 2025/02/02 4:13:01 WET [2025/02/01 23:13:01 ET]
Table 'Musca II' 6-max Seat #6 is the button
Seat 1: lukeaaaa101 ($103.75 in chips) 
Seat 2: BeauParleur ($101.50 in chips) 
Seat 3: shootingGRID ($127.01 in chips) 
Seat 4: Dofredyon ($58.37 in chips) 
Seat 5: zizizib ($100 in chips) 
Seat 6: 7bekon7 ($227.78 in chips) 
lukeaaaa101: posts small blind $0.50
BeauParleur: posts big blind $1
*** HOLE CARDS ***
shootingGRID: raises $1.25 to $2.25
Dofredyon: folds 
zizizib: folds 
7bekon7: folds 
lukeaaaa101: folds 
BeauParleur: calls $1.25
*** FLOP *** [Th 9c Qs]
BeauParleur: checks 
shootingGRID: checks 
*** TURN *** [Th 9c Qs] [4d]
BeauParleur: checks 
shootingGRID: checks 
*** RIVER *** [Th 9c Qs 4d] [2s]
BeauParleur: checks 
shootingGRID: checks 
*** SHOW DOWN ***
BeauParleur: shows [4c 6c] (a pair of Fours)
shootingGRID: mucks hand 
BeauParleur collected $4.75 from pot
*** SUMMARY ***
Total pot $5 | Rake $0.25 
Board [Th 9c Qs 4d 2s]
Seat 1: lukeaaaa101 (small blind) folded before Flop
Seat 2: BeauParleur (big blind) showed [4c 6c] and won ($4.75) with a pair of Fours
Seat 3: shootingGRID mucked
Seat 4: Dofredyon folded before Flop (didn't bet)
Seat 5: zizizib folded before Flop (didn't bet)
Seat 6: 7bekon7 (button) folded before Flop (didn't bet)



PokerStars Hand #254664993946:  Hold'em No Limit ($0.50/$1.00 USD) - 2025/02/02 4:14:20 WET [2025/02/01 23:14:20 ET]
Table 'Musca II' 6-max Seat #1 is the button
Seat 1: lukeaaaa101 ($103.25 in chips) 
Seat 2: BeauParleur ($104 in chips) 
Seat 3: shootingGRID ($124.76 in chips) 
Seat 4: Dofredyon ($58.37 in chips) 
Seat 5: zizizib ($100 in chips) 
Seat 6: 7bekon7 ($227.78 in chips) 
BeauParleur: posts small blind $0.50
shootingGRID: posts big blind $1
*** HOLE CARDS ***
Dofredyon: calls $1
zizizib: folds 
7bekon7: folds 
lukeaaaa101: folds 
BeauParleur: folds 
shootingGRID: checks 
*** FLOP *** [5s 4c 8d]
shootingGRID: checks 
Dofredyon: checks 
*** TURN *** [5s 4c 8d] [Ac]
shootingGRID: checks 
Dofredyon: bets $1
shootingGRID: folds 
Uncalled bet ($1) returned to Dofredyon
Dofredyon collected $2.38 from pot
*** SUMMARY ***
Total pot $2.50 | Rake $0.12 
Board [5s 4c 8d Ac]
Seat 1: lukeaaaa101 (button) folded before Flop (didn't bet)
Seat 2: BeauParleur (small blind) folded before Flop
Seat 3: shootingGRID (big blind) folded on the Turn
Seat 4: Dofredyon collected ($2.38)
Seat 5: zizizib folded before Flop (didn't bet)
Seat 6: 7bekon7 folded before Flop (didn't bet)



PokerStars Hand #254664998057:  Hold'em No Limit ($0.50/$1.00 USD) - 2025/02/02 4:14:55 WET [2025/02/01 23:14:55 ET]
Table 'Musca II' 6-max Seat #2 is the button
Seat 1: lukeaaaa101 ($103.25 in chips) 
Seat 2: BeauParleur ($103.50 in chips) 
Seat 3: shootingGRID ($123.76 in chips) 
Seat 4: Dofredyon ($59.75 in chips) 
Seat 5: zizizib ($100 in chips) 
Seat 6: 7bekon7 ($227.78 in chips) 
shootingGRID: posts small blind $0.50
Dofredyon: posts big blind $1
*** HOLE CARDS ***
zizizib: folds 
7bekon7: raises $1.50 to $2.50
lukeaaaa101: folds 
BeauParleur: folds 
shootingGRID: folds 
Dofredyon: calls $1.50
*** FLOP *** [2c Jd 6h]
Dofredyon: checks 
7bekon7: bets $1.31
Dofredyon: calls $1.31
*** TURN *** [2c Jd 6h] [5c]
Dofredyon: checks 
7bekon7: checks 
*** RIVER *** [2c Jd 6h 5c] [8d]
Dofredyon: bets $7.71
7bekon7: folds 
Uncalled bet ($7.71) returned to Dofredyon
Dofredyon collected $7.71 from pot
*** SUMMARY ***
Total pot $8.12 | Rake $0.41 
Board [2c Jd 6h 5c 8d]
Seat 1: lukeaaaa101 folded before Flop (didn't bet)
Seat 2: BeauParleur (button) folded before Flop (didn't bet)
Seat 3: shootingGRID (small blind) folded before Flop
Seat 4: Dofredyon (big blind) collected ($7.71)
Seat 5: zizizib folded before Flop (didn't bet)
Seat 6: 7bekon7 folded on the River



PokerStars Hand #254665004106:  Hold'em No Limit ($0.50/$1.00 USD) - 2025/02/02 4:15:46 WET [2025/02/01 23:15:46 ET]
Table 'Musca II' 6-max Seat #3 is the button
Seat 1: lukeaaaa101 ($103.25 in chips) 
Seat 2: BeauParleur ($103.50 in chips) 
Seat 3: shootingGRID ($123.26 in chips) 
Seat 4: Dofredyon ($63.65 in chips) 
Seat 5: zizizib ($100 in chips) 
Seat 6: 7bekon7 ($223.97 in chips) 
Dofredyon: posts small blind $0.50
zizizib: posts big blind $1
*** HOLE CARDS ***
7bekon7: raises $1.50 to $2.50
lukeaaaa101: folds 
BeauParleur: folds 
shootingGRID: folds 
Dofredyon: folds 
zizizib: folds 
Uncalled bet ($1.50) returned to 7bekon7
7bekon7 collected $2.50 from pot
7bekon7: doesn't show hand 
*** SUMMARY ***
Total pot $2.50 | Rake $0 
Seat 1: lukeaaaa101 folded before Flop (didn't bet)
Seat 2: BeauParleur folded before Flop (didn't bet)
Seat 3: shootingGRID (button) folded before Flop (didn't bet)
Seat 4: Dofredyon (small blind) folded before Flop
Seat 5: zizizib (big blind) folded before Flop
Seat 6: 7bekon7 collected ($2.50)



PokerStars Hand #254665005651:  Hold'em No Limit ($0.50/$1.00 USD) - 2025/02/02 4:16:00 WET [2025/02/01 23:16:00 ET]
Table 'Musca II' 6-max Seat #4 is the button
Seat 1: lukeaaaa101 ($103.25 in chips) 
Seat 2: BeauParleur ($103.50 in chips) 
Seat 3: shootingGRID ($123.26 in chips) 
Seat 4: Dofredyon ($63.15 in chips) 
Seat 5: zizizib ($100 in chips) 
Seat 6: 7bekon7 ($225.47 in chips) 
zizizib: posts small blind $0.50
7bekon7: posts big blind $1
*** HOLE CARDS ***
lukeaaaa101: folds 
BeauParleur: folds 
shootingGRID: folds 
Dofredyon: folds 
zizizib: folds 
Uncalled bet ($0.50) returned to 7bekon7
7bekon7 collected $1 from pot
7bekon7: doesn't show hand 
*** SUMMARY ***
Total pot $1 | Rake $0 
Seat 1: lukeaaaa101 folded before Flop (didn't bet)
Seat 2: BeauParleur folded before Flop (didn't bet)
Seat 3: shootingGRID folded before Flop (didn't bet)
Seat 4: Dofredyon (button) folded before Flop (didn't bet)
Seat 5: zizizib (small blind) folded before Flop
Seat 6: 7bekon7 (big blind) collected ($1)



PokerStars Hand #254665008282:  Hold'em No Limit ($0.50/$1.00 USD) - 2025/02/02 4:16:22 WET [2025/02/01 23:16:22 ET]
Table 'Musca II' 6-max Seat #5 is the button
Seat 1: lukeaaaa101 ($103.25 in chips) 
Seat 2: BeauParleur ($103.50 in chips) 
Seat 3: shootingGRID ($123.26 in chips) 
Seat 4: Dofredyon ($63.15 in chips) 
Seat 5: zizizib ($100 in chips) 
Seat 6: 7bekon7 ($225.97 in chips) 
7bekon7: posts small blind $0.50
lukeaaaa101: posts big blind $1
*** HOLE CARDS ***
BeauParleur: folds 
shootingGRID: folds 
Dofredyon: folds 
zizizib: raises $1.50 to $2.50
7bekon7: folds 
lukeaaaa101: calls $1.50
*** FLOP *** [4s 8s Jd]
lukeaaaa101: checks 
zizizib: bets $3.92
lukeaaaa101: raises $9.80 to $13.72
zizizib: folds 
Uncalled bet ($9.80) returned to lukeaaaa101
lukeaaaa101 collected $12.67 from pot
lukeaaaa101: doesn't show hand 
*** SUMMARY ***
Total pot $13.34 | Rake $0.67 
Board [4s 8s Jd]
Seat 1: lukeaaaa101 (big blind) collected ($12.67)
Seat 2: BeauParleur folded before Flop (didn't bet)
Seat 3: shootingGRID folded before Flop (didn't bet)
Seat 4: Dofredyon folded before Flop (didn't bet)
Seat 5: zizizib (button) folded on the Flop
Seat 6: 7bekon7 (small blind) folded before Flop



PokerStars Hand #254665015942:  Hold'em No Limit ($0.50/$1.00 USD) - 2025/02/02 4:17:29 WET [2025/02/01 23:17:29 ET]
Table 'Musca II' 6-max Seat #6 is the button
Seat 1: lukeaaaa101 ($109.50 in chips) 
Seat 2: BeauParleur ($103.50 in chips) 
Seat 3: shootingGRID ($123.26 in chips) 
Seat 4: Dofredyon ($63.15 in chips) 
Seat 5: zizizib ($100 in chips) 
Seat 6: 7bekon7 ($225.47 in chips) 
lukeaaaa101: posts small blind $0.50
BeauParleur: posts big blind $1
*** HOLE CARDS ***
shootingGRID: folds 
Dofredyon: calls $1
zizizib: folds 
7bekon7: folds 
lukeaaaa101: folds 
BeauParleur: checks 
*** FLOP *** [Ad 3d Qd]
BeauParleur: checks 
Dofredyon: checks 
*** TURN *** [Ad 3d Qd] [Td]
BeauParleur: checks 
Dofredyon: checks 
*** RIVER *** [Ad 3d Qd Td] [6s]
BeauParleur: bets $1
Dofredyon: calls $1
*** SHOW DOWN ***
BeauParleur: shows [7d 2h] (a flush, Ace high)
Dofredyon: mucks hand 
BeauParleur collected $4.28 from pot
*** SUMMARY ***
Total pot $4.50 | Rake $0.22 
Board [Ad 3d Qd Td 6s]
Seat 1: lukeaaaa101 (small blind) folded before Flop
Seat 2: BeauParleur (big blind) showed [7d 2h] and won ($4.28) with a flush, Ace high
Seat 3: shootingGRID folded before Flop (didn't bet)
Seat 4: Dofredyon mucked
Seat 5: zizizib folded before Flop (didn't bet)
Seat 6: 7bekon7 (button) folded before Flop (didn't bet)



PokerStars Hand #254665022626:  Hold'em No Limit ($0.50/$1.00 USD) - 2025/02/02 4:18:28 WET [2025/02/01 23:18:28 ET]
Table 'Musca II' 6-max Seat #1 is the button
Seat 1: lukeaaaa101 ($109 in chips) 
Seat 2: BeauParleur ($105.78 in chips) 
Seat 3: shootingGRID ($123.26 in chips) 
Seat 4: Dofredyon ($61.15 in chips) 
Seat 5: zizizib ($100 in chips) 
Seat 6: 7bekon7 ($225.47 in chips) 
BeauParleur: posts small blind $0.50
shootingGRID: posts big blind $1
*** HOLE CARDS ***
Dofredyon: folds 
zizizib: raises $1.10 to $2.10
7bekon7: folds 
lukeaaaa101: raises $4.90 to $7
BeauParleur: folds 
shootingGRID: folds 
zizizib: folds 
Uncalled bet ($4.90) returned to lukeaaaa101
lukeaaaa101 collected $5.70 from pot
lukeaaaa101: doesn't show hand 
*** SUMMARY ***
Total pot $5.70 | Rake $0 
Seat 1: lukeaaaa101 (button) collected ($5.70)
Seat 2: BeauParleur (small blind) folded before Flop
Seat 3: shootingGRID (big blind) folded before Flop
Seat 4: Dofredyon folded before Flop (didn't bet)
Seat 5: zizizib folded before Flop
Seat 6: 7bekon7 folded before Flop (didn't bet)



PokerStars Hand #254665026691:  Hold'em No Limit ($0.50/$1.00 USD) - 2025/02/02 4:19:04 WET [2025/02/01 23:19:04 ET]
Table 'Musca II' 6-max Seat #2 is the button
Seat 1: lukeaaaa101 ($112.60 in chips) 
Seat 2: BeauParleur ($105.28 in chips) 
Seat 3: shootingGRID ($122.26 in chips) 
Seat 4: Dofredyon ($61.15 in chips) 
Seat 5: zizizib ($100 in chips) 
Seat 6: 7bekon7 ($225.47 in chips) 
shootingGRID: posts small blind $0.50
Dofredyon: posts big blind $1
*** HOLE CARDS ***
zizizib: folds 
7bekon7: folds 
lukeaaaa101: folds 
BeauParleur: raises $1 to $2
shootingGRID: folds 
Dofredyon: folds 
Uncalled bet ($1) returned to BeauParleur
BeauParleur collected $2.50 from pot
BeauParleur: doesn't show hand 
*** SUMMARY ***
Total pot $2.50 | Rake $0 
Seat 1: lukeaaaa101 folded before Flop (didn't bet)
Seat 2: BeauParleur (button) collected ($2.50)
Seat 3: shootingGRID (small blind) folded before Flop
Seat 4: Dofredyon (big blind) folded before Flop
Seat 5: zizizib folded before Flop (didn't bet)
Seat 6: 7bekon7 folded before Flop (didn't bet)



PokerStars Hand #254665029353:  Hold'em No Limit ($0.50/$1.00 USD) - 2025/02/02 4:19:27 WET [2025/02/01 23:19:27 ET]
Table 'Musca II' 6-max Seat #3 is the button
Seat 1: lukeaaaa101 ($112.60 in chips) 
Seat 2: BeauParleur ($106.78 in chips) 
Seat 3: shootingGRID ($121.76 in chips) 
Seat 4: Dofredyon ($60.15 in chips) 
Seat 5: zizizib ($100 in chips) 
Seat 6: 7bekon7 ($225.47 in chips) 
Dofredyon: posts small blind $0.50
zizizib: posts big blind $1
*** HOLE CARDS ***
7bekon7: folds 
lukeaaaa101: folds 
BeauParleur: raises $1.25 to $2.25
shootingGRID: folds 
Dofredyon: calls $1.75
zizizib: folds 
*** FLOP *** [2c Jh 3c]
Dofredyon: checks 
BeauParleur: bets $2.61
Dofredyon: folds 
Uncalled bet ($2.61) returned to BeauParleur
BeauParleur collected $5.22 from pot
BeauParleur: doesn't show hand 
*** SUMMARY ***
Total pot $5.50 | Rake $0.28 
Board [2c Jh 3c]
Seat 1: lukeaaaa101 folded before Flop (didn't bet)
Seat 2: BeauParleur collected ($5.22)
Seat 3: shootingGRID (button) folded before Flop (didn't bet)
Seat 4: Dofredyon (small blind) folded on the Flop
Seat 5: zizizib (big blind) folded before Flop
Seat 6: 7bekon7 folded before Flop (didn't bet)



PokerStars Hand #254665033649:  Hold'em No Limit ($0.50/$1.00 USD) - 2025/02/02 4:20:05 WET [2025/02/01 23:20:05 ET]
Table 'Musca II' 6-max Seat #4 is the button
Seat 1: lukeaaaa101 ($112.60 in chips) 
Seat 2: BeauParleur ($109.75 in chips) 
Seat 3: shootingGRID ($121.76 in chips) 
Seat 4: Dofredyon ($57.90 in chips) 
Seat 5: zizizib ($100 in chips) 
Seat 6: 7bekon7 ($225.47 in chips) 
zizizib: posts small blind $0.50
7bekon7: posts big blind $1
*** HOLE CARDS ***
lukeaaaa101: folds 
BeauParleur: folds 
shootingGRID: folds 
Dofredyon: folds 
zizizib: folds 
Uncalled bet ($0.50) returned to 7bekon7
7bekon7 collected $1 from pot
7bekon7: doesn't show hand 
*** SUMMARY ***
Total pot $1 | Rake $0 
Seat 1: lukeaaaa101 folded before Flop (didn't bet)
Seat 2: BeauParleur folded before Flop (didn't bet)
Seat 3: shootingGRID folded before Flop (didn't bet)
Seat 4: Dofredyon (button) folded before Flop (didn't bet)
Seat 5: zizizib (small blind) folded before Flop
Seat 6: 7bekon7 (big blind) collected ($1)



PokerStars Hand #254665035366:  Hold'em No Limit ($0.50/$1.00 USD) - 2025/02/02 4:20:20 WET [2025/02/01 23:20:20 ET]
Table 'Musca II' 6-max Seat #5 is the button
Seat 1: lukeaaaa101 ($112.60 in chips) 
Seat 2: BeauParleur ($109.75 in chips) 
Seat 3: shootingGRID ($121.76 in chips) 
Seat 4: Dofredyon ($57.90 in chips) 
Seat 5: zizizib ($100 in chips) 
Seat 6: 7bekon7 ($225.97 in chips) 
7bekon7: posts small blind $0.50
lukeaaaa101: posts big blind $1
*** HOLE CARDS ***
BeauParleur: folds 
shootingGRID: folds 
Dofredyon: folds 
zizizib: folds 
7bekon7: folds 
Uncalled bet ($0.50) returned to lukeaaaa101
lukeaaaa101 collected $1 from pot
lukeaaaa101: doesn't show hand 
*** SUMMARY ***
Total pot $1 | Rake $0 
Seat 1: lukeaaaa101 (big blind) collected ($1)
Seat 2: BeauParleur folded before Flop (didn't bet)
Seat 3: shootingGRID folded before Flop (didn't bet)
Seat 4: Dofredyon folded before Flop (didn't bet)
Seat 5: zizizib (button) folded before Flop (didn't bet)
Seat 6: 7bekon7 (small blind) folded before Flop



PokerStars Hand #254665038236:  Hold'em No Limit ($0.50/$1.00 USD) - 2025/02/02 4:20:46 WET [2025/02/01 23:20:46 ET]
Table 'Musca II' 6-max Seat #6 is the button
Seat 1: lukeaaaa101 ($113.10 in chips) 
Seat 2: BeauParleur ($109.75 in chips) 
Seat 3: shootingGRID ($121.76 in chips) 
Seat 4: Dofredyon ($57.90 in chips) 
Seat 5: zizizib ($100 in chips) 
Seat 6: 7bekon7 ($225.47 in chips) 
lukeaaaa101: posts small blind $0.50
BeauParleur: posts big blind $1
*** HOLE CARDS ***
shootingGRID: folds 
Dofredyon: folds 
zizizib: folds 
7bekon7: raises $1.25 to $2.25
lukeaaaa101: folds 
BeauParleur: folds 
Uncalled bet ($1.25) returned to 7bekon7
7bekon7 collected $2.50 from pot
7bekon7: doesn't show hand 
*** SUMMARY ***
Total pot $2.50 | Rake $0 
Seat 1: lukeaaaa101 (small blind) folded before Flop
Seat 2: BeauParleur (big blind) folded before Flop
Seat 3: shootingGRID folded before Flop (didn't bet)
Seat 4: Dofredyon folded before Flop (didn't bet)
Seat 5: zizizib folded before Flop (didn't bet)
Seat 6: 7bekon7 (button) collected ($2.50)



PokerStars Hand #254665040811:  Hold'em No Limit ($0.50/$1.00 USD) - 2025/02/02 4:21:08 WET [2025/02/01 23:21:08 ET]
Table 'Musca II' 6-max Seat #1 is the button
Seat 1: lukeaaaa101 ($112.60 in chips) 
Seat 2: BeauParleur ($108.75 in chips) 
Seat 3: shootingGRID ($121.76 in chips) 
Seat 4: Dofredyon ($57.90 in chips) 
Seat 5: zizizib ($100 in chips) 
Seat 6: 7bekon7 ($226.97 in chips) 
BeauParleur: posts small blind $0.50
shootingGRID: posts big blind $1
*** HOLE CARDS ***
Dofredyon: calls $1
zizizib: folds 
7bekon7: folds 
lukeaaaa101: raises $2.50 to $3.50
BeauParleur: folds 
shootingGRID: folds 
Dofredyon: calls $2.50
*** FLOP *** [Qd 9h Jc]
Dofredyon: checks 
lukeaaaa101: bets $2.02
Dofredyon: calls $2.02
*** TURN *** [Qd 9h Jc] [4s]
Dofredyon: checks 
lukeaaaa101: checks 
*** RIVER *** [Qd 9h Jc 4s] [Kc]
Dofredyon: bets $5.96
lukeaaaa101: raises $101.12 to $107.08 and is all-in
Dofredyon: folds 
Uncalled bet ($101.12) returned to lukeaaaa101
lukeaaaa101 collected $23.24 from pot
lukeaaaa101: doesn't show hand 
*** SUMMARY ***
Total pot $24.46 | Rake $1.22 
Board [Qd 9h Jc 4s Kc]
Seat 1: lukeaaaa101 (button) collected ($23.24)
Seat 2: BeauParleur (small blind) folded before Flop
Seat 3: shootingGRID (big blind) folded before Flop
Seat 4: Dofredyon folded on the River
Seat 5: zizizib folded before Flop (didn't bet)
Seat 6: 7bekon7 folded before Flop (didn't bet)



PokerStars Hand #254665049227:  Hold'em No Limit ($0.50/$1.00 USD) - 2025/02/02 4:22:21 WET [2025/02/01 23:22:21 ET]
Table 'Musca II' 6-max Seat #2 is the button
Seat 1: lukeaaaa101 ($124.36 in chips) 
Seat 2: BeauParleur ($108.25 in chips) 
Seat 3: shootingGRID ($120.76 in chips) 
Seat 4: Dofredyon ($46.42 in chips) 
Seat 5: zizizib ($100 in chips) 
Seat 6: 7bekon7 ($226.97 in chips) 
shootingGRID: posts small blind $0.50
Dofredyon: posts big blind $1
*** HOLE CARDS ***
zizizib: folds 
7bekon7: raises $2 to $3
lukeaaaa101: folds 
BeauParleur: folds 
shootingGRID: folds 
Dofredyon: raises $43.42 to $46.42 and is all-in
7bekon7: folds 
Uncalled bet ($43.42) returned to Dofredyon
Dofredyon collected $6.50 from pot
*** SUMMARY ***
Total pot $6.50 | Rake $0 
Seat 1: lukeaaaa101 folded before Flop (didn't bet)
Seat 2: BeauParleur (button) folded before Flop (didn't bet)
Seat 3: shootingGRID (small blind) folded before Flop
Seat 4: Dofredyon (big blind) collected ($6.50)
Seat 5: zizizib folded before Flop (didn't bet)
Seat 6: 7bekon7 folded before Flop



PokerStars Hand #254665051531:  Hold'em No Limit ($0.50/$1.00 USD) - 2025/02/02 4:22:41 WET [2025/02/01 23:22:41 ET]
Table 'Musca II' 6-max Seat #3 is the button
Seat 1: lukeaaaa101 ($124.36 in chips) 
Seat 2: BeauParleur ($108.25 in chips) 
Seat 3: shootingGRID ($120.26 in chips) 
Seat 4: Dofredyon ($49.92 in chips) 
Seat 5: zizizib ($100 in chips) 
Seat 6: 7bekon7 ($223.97 in chips) 
Dofredyon: posts small blind $0.50
zizizib: posts big blind $1
*** HOLE CARDS ***
7bekon7: folds 
lukeaaaa101: folds 
BeauParleur: folds 
shootingGRID: raises $1.50 to $2.50
Dofredyon: raises $47.42 to $49.92 and is all-in
zizizib: folds 
shootingGRID: folds 
Uncalled bet ($47.42) returned to Dofredyon
Dofredyon collected $6 from pot
*** SUMMARY ***
Total pot $6 | Rake $0 
Seat 1: lukeaaaa101 folded before Flop (didn't bet)
Seat 2: BeauParleur folded before Flop (didn't bet)
Seat 3: shootingGRID (button) folded before Flop
Seat 4: Dofredyon (small blind) collected ($6)
Seat 5: zizizib (big blind) folded before Flop
Seat 6: 7bekon7 folded before Flop (didn't bet)



PokerStars Hand #254665054753:  Hold'em No Limit ($0.50/$1.00 USD) - 2025/02/02 4:23:10 WET [2025/02/01 23:23:10 ET]
Table 'Musca II' 6-max Seat #4 is the button
Seat 1: lukeaaaa101 ($124.36 in chips) 
Seat 2: BeauParleur ($108.25 in chips) 
Seat 3: shootingGRID ($117.76 in chips) 
Seat 4: Dofredyon ($53.42 in chips) 
Seat 5: zizizib ($100 in chips) 
Seat 6: 7bekon7 ($223.97 in chips) 
zizizib: posts small blind $0.50
7bekon7: posts big blind $1
*** HOLE CARDS ***
lukeaaaa101: raises $1.50 to $2.50
BeauParleur: folds 
shootingGRID: folds 
Dofredyon: folds 
zizizib: folds 
7bekon7: calls $1.50
*** FLOP *** [2h 5h 3c]
7bekon7: checks 
lukeaaaa101: checks 
*** TURN *** [2h 5h 3c] [3s]
7bekon7: bets $2.61
lukeaaaa101: folds 
Uncalled bet ($2.61) returned to 7bekon7
7bekon7 collected $5.22 from pot
7bekon7: doesn't show hand 
*** SUMMARY ***
Total pot $5.50 | Rake $0.28 
Board [2h 5h 3c 3s]
Seat 1: lukeaaaa101 folded on the Turn
Seat 2: BeauParleur folded before Flop (didn't bet)
Seat 3: shootingGRID folded before Flop (didn't bet)
Seat 4: Dofredyon (button) folded before Flop (didn't bet)
Seat 5: zizizib (small blind) folded before Flop
Seat 6: 7bekon7 (big blind) collected ($5.22)



PokerStars Hand #254665061255:  Hold'em No Limit ($0.50/$1.00 USD) - 2025/02/02 4:24:07 WET [2025/02/01 23:24:07 ET]
Table 'Musca II' 6-max Seat #5 is the button
Seat 1: lukeaaaa101 ($121.86 in chips) 
Seat 2: BeauParleur ($108.25 in chips) 
Seat 3: shootingGRID ($117.76 in chips) 
Seat 4: Dofredyon ($53.42 in chips) 
Seat 5: zizizib ($100 in chips) 
Seat 6: 7bekon7 ($226.69 in chips) 
7bekon7: posts small blind $0.50
lukeaaaa101: posts big blind $1
*** HOLE CARDS ***
BeauParleur: folds 
shootingGRID: folds 
Dofredyon: calls $1
zizizib: raises $3 to $4
7bekon7: raises $10 to $14
lukeaaaa101: folds 
Dofredyon: folds 
zizizib: raises $86 to $100 and is all-in
7bekon7: folds 
Uncalled bet ($86) returned to zizizib
zizizib collected $30 from pot
zizizib: doesn't show hand 
*** SUMMARY ***
Total pot $30 | Rake $0 
Seat 1: lukeaaaa101 (big blind) folded before Flop
Seat 2: BeauParleur folded before Flop (didn't bet)
Seat 3: shootingGRID folded before Flop (didn't bet)
Seat 4: Dofredyon folded before Flop
Seat 5: zizizib (button) collected ($30)
Seat 6: 7bekon7 (small blind) folded before Flop



PokerStars Hand #254665065151:  Hold'em No Limit ($0.50/$1.00 USD) - 2025/02/02 4:24:41 WET [2025/02/01 23:24:41 ET]
Table 'Musca II' 6-max Seat #6 is the button
Seat 1: lukeaaaa101 ($120.86 in chips) 
Seat 2: BeauParleur ($108.25 in chips) 
Seat 3: shootingGRID ($117.76 in chips) 
Seat 4: Dofredyon ($52.42 in chips) 
Seat 5: zizizib ($116 in chips) 
Seat 6: 7bekon7 ($212.69 in chips) 
lukeaaaa101: posts small blind $0.50
BeauParleur: posts big blind $1
*** HOLE CARDS ***
shootingGRID: folds 
Dofredyon: folds 
zizizib: raises $1.30 to $2.30
7bekon7: folds 
lukeaaaa101: folds 
BeauParleur: calls $1.30
*** FLOP *** [6c Qs 7s]
BeauParleur: checks 
zizizib: bets $2.42
BeauParleur: calls $2.42
*** TURN *** [6c Qs 7s] [8d]
BeauParleur: checks 
zizizib: bets $7.08
BeauParleur: folds 
Uncalled bet ($7.08) returned to zizizib
zizizib collected $9.44 from pot
zizizib: doesn't show hand 
*** SUMMARY ***
Total pot $9.94 | Rake $0.50 
Board [6c Qs 7s 8d]
Seat 1: lukeaaaa101 (small blind) folded before Flop
Seat 2: BeauParleur (big blind) folded on the Turn
Seat 3: shootingGRID folded before Flop (didn't bet)
Seat 4: Dofredyon folded before Flop (didn't bet)
Seat 5: zizizib collected ($9.44)
Seat 6: 7bekon7 (button) folded before Flop (didn't bet)



PokerStars Hand #254665073083:  Hold'em No Limit ($0.50/$1.00 USD) - 2025/02/02 4:25:50 WET [2025/02/01 23:25:50 ET]
Table 'Musca II' 6-max Seat #1 is the button
Seat 1: lukeaaaa101 ($120.36 in chips) 
Seat 2: BeauParleur ($103.53 in chips) 
Seat 3: shootingGRID ($117.76 in chips) 
Seat 4: Dofredyon ($52.42 in chips) 
Seat 5: zizizib ($120.72 in chips) 
Seat 6: 7bekon7 ($212.69 in chips) 
BeauParleur: posts small blind $0.50
shootingGRID: posts big blind $1
*** HOLE CARDS ***
Dofredyon: calls $1
zizizib: folds 
7bekon7: folds 
lukeaaaa101: raises $2.50 to $3.50
BeauParleur: folds 
shootingGRID: calls $2.50
Dofredyon: calls $2.50
*** FLOP *** [7d Jd 4d]
shootingGRID: checks 
Dofredyon: checks 
lukeaaaa101: checks 
*** TURN *** [7d Jd 4d] [Th]
shootingGRID: bets $7.84
Dofredyon: raises $41.08 to $48.92 and is all-in
lukeaaaa101: folds 
shootingGRID: calls $41.08
*** RIVER *** [7d Jd 4d Th] [Js]
*** SHOW DOWN ***
shootingGRID: shows [Qd 9d] (a flush, Queen high)
Dofredyon: shows [Jh Kc] (three of a kind, Jacks)
shootingGRID collected $106.34 from pot
*** SUMMARY ***
Total pot $108.84 | Rake $2.50 
Board [7d Jd 4d Th Js]
Seat 1: lukeaaaa101 (button) folded on the Turn
Seat 2: BeauParleur (small blind) folded before Flop
Seat 3: shootingGRID (big blind) showed [Qd 9d] and won ($106.34) with a flush, Queen high
Seat 4: Dofredyon showed [Jh Kc] and lost with three of a kind, Jacks
Seat 5: zizizib folded before Flop (didn't bet)
Seat 6: 7bekon7 folded before Flop (didn't bet)



PokerStars Hand #254665082095:  Hold'em No Limit ($0.50/$1.00 USD) - 2025/02/02 4:27:10 WET [2025/02/01 23:27:10 ET]
Table 'Musca II' 6-max Seat #2 is the button
Seat 4: Dofredyon ($0 in chips) is sitting out
Seat 1: lukeaaaa101 ($116.86 in chips) 
Seat 2: BeauParleur ($103.03 in chips) 
Seat 3: shootingGRID ($171.68 in chips) 
Seat 5: zizizib ($120.72 in chips) 
Seat 6: 7bekon7 ($212.69 in chips) 
shootingGRID: posts small blind $0.50
zizizib: posts big blind $1
*** HOLE CARDS ***
7bekon7: folds 
Dofredyon leaves the table
lukeaaaa101: folds 
BeauParleur: raises $1.50 to $2.50
shootingGRID: folds 
zizizib: folds 
Uncalled bet ($1.50) returned to BeauParleur
BeauParleur collected $2.50 from pot
BeauParleur: doesn't show hand 
*** SUMMARY ***
Total pot $2.50 | Rake $0 
Seat 4: Dofredyon
Seat 1: lukeaaaa101 folded before Flop (didn't bet)
Seat 2: BeauParleur (button) collected ($2.50)
Seat 3: shootingGRID (small blind) folded before Flop
Seat 5: zizizib (big blind) folded before Flop
Seat 6: 7bekon7 folded before Flop (didn't bet)



PokerStars Hand #254665085204:  Hold'em No Limit ($0.50/$1.00 USD) - 2025/02/02 4:27:37 WET [2025/02/01 23:27:37 ET]
Table 'Musca II' 6-max Seat #3 is the button
Seat 6: 7bekon7 ($212.69 in chips) is sitting out
Seat 1: lukeaaaa101 ($116.86 in chips) 
Seat 2: BeauParleur ($104.53 in chips) 
Seat 3: shootingGRID ($171.18 in chips) 
Seat 5: zizizib ($119.72 in chips) 
zizizib: posts small blind $0.50
7bekon7: is sitting out 
lukeaaaa101: posts big blind $1
*** HOLE CARDS ***
7bekon7 leaves the table
BeauParleur: raises $1.25 to $2.25
shootingGRID: folds 
zizizib: raises $8.75 to $11
lukeaaaa101: folds 
BeauParleur: folds 
Uncalled bet ($8.75) returned to zizizib
zizizib collected $5.50 from pot
zizizib: doesn't show hand 
*** SUMMARY ***
Total pot $5.50 | Rake $0 
Seat 6: 7bekon7
Seat 1: lukeaaaa101 (big blind) folded before Flop
Seat 2: BeauParleur folded before Flop
Seat 3: shootingGRID (button) folded before Flop (didn't bet)
Seat 5: zizizib (small blind) collected ($5.50)



PokerStars Hand #254665088906:  Hold'em No Limit ($0.50/$1.00 USD) - 2025/02/02 4:28:10 WET [2025/02/01 23:28:10 ET]
Table 'Musca II' 6-max Seat #5 is the button
Seat 1: lukeaaaa101 ($115.86 in chips) 
Seat 2: BeauParleur ($102.28 in chips) 
Seat 3: shootingGRID ($171.18 in chips) 
Seat 5: zizizib ($122.97 in chips) 
lukeaaaa101: posts small blind $0.50
BeauParleur: posts big blind $1
*** HOLE CARDS ***
shootingGRID: folds 
zizizib: raises $1.50 to $2.50
lukeaaaa101: folds 
BeauParleur: folds 
Uncalled bet ($1.50) returned to zizizib
zizizib collected $2.50 from pot
zizizib: doesn't show hand 
*** SUMMARY ***
Total pot $2.50 | Rake $0 
Seat 1: lukeaaaa101 (small blind) folded before Flop
Seat 2: BeauParleur (big blind) folded before Flop
Seat 3: shootingGRID folded before Flop (didn't bet)
Seat 5: zizizib (button) collected ($2.50)



PokerStars Hand #254665090165:  Hold'em No Limit ($0.50/$1.00 USD) - 2025/02/02 4:28:21 WET [2025/02/01 23:28:21 ET]
Table 'Musca II' 6-max Seat #1 is the button
Seat 1: lukeaaaa101 ($115.36 in chips) 
Seat 2: BeauParleur ($101.28 in chips) 
Seat 3: shootingGRID ($171.18 in chips) 
Seat 5: zizizib ($124.47 in chips) 
BeauParleur: posts small blind $0.50
shootingGRID: posts big blind $1
*** HOLE CARDS ***
zizizib: raises $1.30 to $2.30
lukeaaaa101: folds 
BeauParleur: folds 
shootingGRID: folds 
Uncalled bet ($1.30) returned to zizizib
zizizib collected $2.50 from pot
zizizib: doesn't show hand 
*** SUMMARY ***
Total pot $2.50 | Rake $0 
Seat 1: lukeaaaa101 (button) folded before Flop (didn't bet)
Seat 2: BeauParleur (small blind) folded before Flop
Seat 3: shootingGRID (big blind) folded before Flop
Seat 5: zizizib collected ($2.50)



PokerStars Hand #254665092229:  Hold'em No Limit ($0.50/$1.00 USD) - 2025/02/02 4:28:39 WET [2025/02/01 23:28:39 ET]
Table 'Musca II' 6-max Seat #2 is the button
Seat 3: shootingGRID ($170.18 in chips) is sitting out
Seat 1: lukeaaaa101 ($115.36 in chips) 
Seat 2: BeauParleur ($100.78 in chips) 
Seat 5: zizizib ($125.97 in chips) 
zizizib: posts small blind $0.50
lukeaaaa101: posts big blind $1
*** HOLE CARDS ***
shootingGRID leaves the table
BeauParleur: folds 
zizizib: folds 
Uncalled bet ($0.50) returned to lukeaaaa101
lukeaaaa101 collected $1 from pot
lukeaaaa101: doesn't show hand 
*** SUMMARY ***
Total pot $1 | Rake $0 
Seat 3: shootingGRID
Seat 1: lukeaaaa101 (big blind) collected ($1)
Seat 2: BeauParleur (button) folded before Flop (didn't bet)
Seat 5: zizizib (small blind) folded before Flop



PokerStars Hand #254665093429:  Hold'em No Limit ($0.50/$1.00 USD) - 2025/02/02 4:28:49 WET [2025/02/01 23:28:49 ET]
Table 'Musca II' 6-max Seat #5 is the button
Seat 1: lukeaaaa101 ($115.86 in chips) 
Seat 2: BeauParleur ($100.78 in chips) 
Seat 5: zizizib ($125.47 in chips) 
lukeaaaa101: posts small blind $0.50
BeauParleur: posts big blind $1
*** HOLE CARDS ***
zizizib: folds 
lukeaaaa101: raises $2 to $3
BeauParleur: raises $7 to $10
lukeaaaa101: raises $13.50 to $23.50
BeauParleur: calls $13.50
*** FLOP *** [6c 7s 3s]
lukeaaaa101: checks 
BeauParleur: checks 
*** TURN *** [6c 7s 3s] [Ah]
lukeaaaa101: checks 
BeauParleur: checks 
*** RIVER *** [6c 7s 3s Ah] [9h]
lukeaaaa101: bets $15.18
BeauParleur: raises $62.10 to $77.28 and is all-in
lukeaaaa101: folds 
Uncalled bet ($62.10) returned to BeauParleur
BeauParleur collected $76.36 from pot
BeauParleur: doesn't show hand 
*** SUMMARY ***
Total pot $77.36 | Rake $1 
Board [6c 7s 3s Ah 9h]
Seat 1: lukeaaaa101 (small blind) folded on the River
Seat 2: BeauParleur (big blind) collected ($76.36)
Seat 5: zizizib (button) folded before Flop (didn't bet)



PokerStars Hand #254665107182:  Hold'em No Limit ($0.50/$1.00 USD) - 2025/02/02 4:30:52 WET [2025/02/01 23:30:52 ET]
Table 'Musca II' 6-max Seat #2 is the button
Seat 5: zizizib ($125.47 in chips) is sitting out
Seat 1: lukeaaaa101 ($100 in chips) 
Seat 2: BeauParleur ($138.46 in chips) 
BeauParleur: posts small blind $0.50
zizizib: is sitting out 
lukeaaaa101: posts big blind $1
*** HOLE CARDS ***
BeauParleur: raises $1 to $2
zizizib leaves the table
lukeaaaa101: calls $1
*** FLOP *** [Td 3s 5h]
lukeaaaa101: checks 
BeauParleur: checks 
*** TURN *** [Td 3s 5h] [Qc]
lukeaaaa101: checks 
BeauParleur: checks 
*** RIVER *** [Td 3s 5h Qc] [Jc]
lukeaaaa101: checks 
BeauParleur: bets $2.85
lukeaaaa101: folds 
Uncalled bet ($2.85) returned to BeauParleur
BeauParleur collected $3.80 from pot
BeauParleur: doesn't show hand 
*** SUMMARY ***
Total pot $4 | Rake $0.20 
Board [Td 3s 5h Qc Jc]
Seat 5: zizizib
Seat 1: lukeaaaa101 (big blind) folded on the River
Seat 2: BeauParleur (button) (small blind) collected ($3.80)



PokerStars Hand #254665115406:  Hold'em No Limit ($0.50/$1.00 USD) - 2025/02/02 4:32:05 WET [2025/02/01 23:32:05 ET]
Table 'Musca II' 6-max Seat #1 is the button
Seat 1: lukeaaaa101 ($100 in chips) 
Seat 2: BeauParleur ($140.26 in chips) 
lukeaaaa101: posts small blind $0.50
BeauParleur: posts big blind $1
*** HOLE CARDS ***
lukeaaaa101: raises $1.50 to $2.50
BeauParleur: calls $1.50
*** FLOP *** [4s Ah Jd]
BeauParleur: checks 
lukeaaaa101: bets $1.19
BeauParleur: folds 
Uncalled bet ($1.19) returned to lukeaaaa101
lukeaaaa101 collected $4.75 from pot
lukeaaaa101: doesn't show hand 
*** SUMMARY ***
Total pot $5 | Rake $0.25 
Board [4s Ah Jd]
Seat 1: lukeaaaa101 (button) (small blind) collected ($4.75)
Seat 2: BeauParleur (big blind) folded on the Flop



