PokerStars Hand #254669967337:  Hold'em No Limit ($0.50/$1.00 USD) - 2025/02/02 15:15:08 WET [2025/02/02 10:15:08 ET]
Table 'Byblis II' 6-max Seat #2 is the button
Seat 3: PoKeRaRcSuNY ($100 in chips) is sitting out
Seat 1: IREQO ($101 in chips) 
Seat 2: BGS013 ($104.50 in chips) 
Seat 4: radu10101 ($80.15 in chips) 
Seat 5: sta$igk ($117.62 in chips) 
Seat 6: mr.Jckpot ($100 in chips) 
radu10101: posts small blind $0.50
sta$igk: posts big blind $1
*** HOLE CARDS ***
mr.Jckpot: raises $1.50 to $2.50
IREQO: folds 
BGS013: folds 
radu10101: folds 
sta$igk: folds 
Uncalled bet ($1.50) returned to mr.Jckpot
mr.Jckpot collected $2.50 from pot
mr.Jckpot: doesn't show hand 
*** SUMMARY ***
Total pot $2.50 | Rake $0 
Seat 3: PoKeRaRcSuNY
Seat 1: IREQO folded before Flop (didn't bet)
Seat 2: BGS013 (button) folded before Flop (didn't bet)
Seat 4: radu10101 (small blind) folded before Flop
Seat 5: sta$igk (big blind) folded before Flop
Seat 6: mr.Jckpot collected ($2.50)



PokerStars Hand #254669970600:  Hold'em No Limit ($0.50/$1.00 USD) - 2025/02/02 15:15:22 WET [2025/02/02 10:15:22 ET]
Table 'Byblis II' 6-max Seat #4 is the button
Seat 3: PoKeRaRcSuNY ($100 in chips) is sitting out
Seat 1: IREQO ($101 in chips) 
Seat 2: BGS013 ($104.50 in chips) 
Seat 4: radu10101 ($79.65 in chips) 
Seat 5: sta$igk ($116.62 in chips) 
Seat 6: mr.Jckpot ($101.50 in chips) 
sta$igk: posts small blind $0.50
mr.Jckpot: posts big blind $1
*** HOLE CARDS ***
IREQO: folds 
BGS013: folds 
radu10101: calls $1
sta$igk: folds 
mr.Jckpot: checks 
*** FLOP *** [5s 5d Jd]
mr.Jckpot: checks 
radu10101: bets $1
mr.Jckpot: folds 
Uncalled bet ($1) returned to radu10101
radu10101 collected $2.38 from pot
*** SUMMARY ***
Total pot $2.50 | Rake $0.12 
Board [5s 5d Jd]
Seat 3: PoKeRaRcSuNY
Seat 1: IREQO folded before Flop (didn't bet)
Seat 2: BGS013 folded before Flop (didn't bet)
Seat 4: radu10101 (button) collected ($2.38)
Seat 5: sta$igk (small blind) folded before Flop
Seat 6: mr.Jckpot (big blind) folded on the Flop



PokerStars Hand #254669979170:  Hold'em No Limit ($0.50/$1.00 USD) - 2025/02/02 15:15:57 WET [2025/02/02 10:15:57 ET]
Table 'Byblis II' 6-max Seat #5 is the button
Seat 3: PoKeRaRcSuNY ($100 in chips) is sitting out
Seat 1: IREQO ($101 in chips) 
Seat 2: BGS013 ($104.50 in chips) 
Seat 4: radu10101 ($81.03 in chips) 
Seat 5: sta$igk ($116.12 in chips) 
Seat 6: mr.Jckpot ($100.50 in chips) 
mr.Jckpot: posts small blind $0.50
IREQO: posts big blind $1
PoKeRaRcSuNY: sits out 
*** HOLE CARDS ***
BGS013: folds 
radu10101: calls $1
sta$igk: raises $3 to $4
mr.Jckpot: folds 
IREQO: folds 
radu10101: calls $3
*** FLOP *** [7d 3s 3c]
radu10101: bets $3
sta$igk: calls $3
*** TURN *** [7d 3s 3c] [8c]
radu10101: bets $5
sta$igk: calls $5
*** RIVER *** [7d 3s 3c 8c] [Qc]
radu10101: bets $9
sta$igk: raises $24 to $33
radu10101: calls $24
*** SHOW DOWN ***
sta$igk: shows [As Kd] (a pair of Threes)
radu10101: shows [Ac 9c] (a flush, Ace high)
radu10101 collected $89 from pot
*** SUMMARY ***
Total pot $91.50 | Rake $2.50 
Board [7d 3s 3c 8c Qc]
Seat 3: PoKeRaRcSuNY
Seat 1: IREQO (big blind) folded before Flop
Seat 2: BGS013 folded before Flop (didn't bet)
Seat 4: radu10101 showed [Ac 9c] and won ($89) with a flush, Ace high
Seat 5: sta$igk (button) showed [As Kd] and lost with a pair of Threes
Seat 6: mr.Jckpot (small blind) folded before Flop



PokerStars Hand #254669993100:  Hold'em No Limit ($0.50/$1.00 USD) - 2025/02/02 15:16:53 WET [2025/02/02 10:16:53 ET]
Table 'Byblis II' 6-max Seat #6 is the button
Seat 3: PoKeRaRcSuNY ($100 in chips) is sitting out
Seat 1: IREQO ($100 in chips) 
Seat 2: BGS013 ($104.50 in chips) 
Seat 4: radu10101 ($125.03 in chips) 
Seat 5: sta$igk ($100 in chips) 
Seat 6: mr.Jckpot ($100 in chips) 
IREQO: posts small blind $0.50
BGS013: posts big blind $1
PoKeRaRcSuNY: sits out 
*** HOLE CARDS ***
radu10101: folds 
sta$igk: folds 
mr.Jckpot: folds 
IREQO: folds 
Uncalled bet ($0.50) returned to BGS013
BGS013 collected $1 from pot
*** SUMMARY ***
Total pot $1 | Rake $0 
Seat 3: PoKeRaRcSuNY
Seat 1: IREQO (small blind) folded before Flop
Seat 2: BGS013 (big blind) collected ($1)
Seat 4: radu10101 folded before Flop (didn't bet)
Seat 5: sta$igk folded before Flop (didn't bet)
Seat 6: mr.Jckpot (button) folded before Flop (didn't bet)



PokerStars Hand #254669997414:  Hold'em No Limit ($0.50/$1.00 USD) - 2025/02/02 15:17:10 WET [2025/02/02 10:17:10 ET]
Table 'Byblis II' 6-max Seat #1 is the button
Seat 1: IREQO ($100 in chips) 
Seat 2: BGS013 ($105 in chips) 
Seat 3: PoKeRaRcSuNY ($100 in chips) 
Seat 4: radu10101 ($125.03 in chips) 
Seat 5: sta$igk ($100 in chips) 
Seat 6: mr.Jckpot ($100 in chips) 
BGS013: posts small blind $0.50
PoKeRaRcSuNY: posts big blind $1
*** HOLE CARDS ***
radu10101: folds 
sta$igk: folds 
mr.Jckpot: raises $1.50 to $2.50
IREQO: folds 
BGS013: folds 
PoKeRaRcSuNY: folds 
Uncalled bet ($1.50) returned to mr.Jckpot
mr.Jckpot collected $2.50 from pot
mr.Jckpot: doesn't show hand 
*** SUMMARY ***
Total pot $2.50 | Rake $0 
Seat 1: IREQO (button) folded before Flop (didn't bet)
Seat 2: BGS013 (small blind) folded before Flop
Seat 3: PoKeRaRcSuNY (big blind) folded before Flop
Seat 4: radu10101 folded before Flop (didn't bet)
Seat 5: sta$igk folded before Flop (didn't bet)
Seat 6: mr.Jckpot collected ($2.50)



PokerStars Hand #254670002560:  Hold'em No Limit ($0.50/$1.00 USD) - 2025/02/02 15:17:31 WET [2025/02/02 10:17:31 ET]
Table 'Byblis II' 6-max Seat #2 is the button
Seat 1: IREQO ($100 in chips) 
Seat 2: BGS013 ($104.50 in chips) 
Seat 3: PoKeRaRcSuNY ($100 in chips) 
Seat 4: radu10101 ($125.03 in chips) 
Seat 5: sta$igk ($100 in chips) 
Seat 6: mr.Jckpot ($101.50 in chips) 
PoKeRaRcSuNY: posts small blind $0.50
radu10101: posts big blind $1
*** HOLE CARDS ***
sta$igk: raises $1.50 to $2.50
mr.Jckpot: folds 
IREQO: folds 
BGS013: raises $5.50 to $8
PoKeRaRcSuNY: folds 
radu10101: folds 
sta$igk: calls $5.50
*** FLOP *** [8s Jh Ts]
sta$igk: checks 
BGS013: bets $4.50
sta$igk: folds 
Uncalled bet ($4.50) returned to BGS013
BGS013 collected $16.62 from pot
BGS013: doesn't show hand 
*** SUMMARY ***
Total pot $17.50 | Rake $0.88 
Board [8s Jh Ts]
Seat 1: IREQO folded before Flop (didn't bet)
Seat 2: BGS013 (button) collected ($16.62)
Seat 3: PoKeRaRcSuNY (small blind) folded before Flop
Seat 4: radu10101 (big blind) folded before Flop
Seat 5: sta$igk folded on the Flop
Seat 6: mr.Jckpot folded before Flop (didn't bet)



PokerStars Hand #254670012775:  Hold'em No Limit ($0.50/$1.00 USD) - 2025/02/02 15:18:13 WET [2025/02/02 10:18:13 ET]
Table 'Byblis II' 6-max Seat #3 is the button
Seat 1: IREQO ($100 in chips) 
Seat 2: BGS013 ($113.12 in chips) 
Seat 3: PoKeRaRcSuNY ($100 in chips) 
Seat 4: radu10101 ($124.03 in chips) 
Seat 5: sta$igk ($100 in chips) 
Seat 6: mr.Jckpot ($101.50 in chips) 
radu10101: posts small blind $0.50
sta$igk: posts big blind $1
*** HOLE CARDS ***
mr.Jckpot: folds 
IREQO: folds 
BGS013: raises $1.50 to $2.50
PoKeRaRcSuNY: folds 
radu10101: folds 
sta$igk: folds 
Uncalled bet ($1.50) returned to BGS013
BGS013 collected $2.50 from pot
BGS013: doesn't show hand 
*** SUMMARY ***
Total pot $2.50 | Rake $0 
Seat 1: IREQO folded before Flop (didn't bet)
Seat 2: BGS013 collected ($2.50)
Seat 3: PoKeRaRcSuNY (button) folded before Flop (didn't bet)
Seat 4: radu10101 (small blind) folded before Flop
Seat 5: sta$igk (big blind) folded before Flop
Seat 6: mr.Jckpot folded before Flop (didn't bet)



PokerStars Hand #254670016435:  Hold'em No Limit ($0.50/$1.00 USD) - 2025/02/02 15:18:28 WET [2025/02/02 10:18:28 ET]
Table 'Byblis II' 6-max Seat #4 is the button
Seat 1: IREQO ($100 in chips) 
Seat 2: BGS013 ($114.62 in chips) 
Seat 3: PoKeRaRcSuNY ($100 in chips) 
Seat 4: radu10101 ($123.53 in chips) 
Seat 5: sta$igk ($100 in chips) 
Seat 6: mr.Jckpot ($101.50 in chips) 
sta$igk: posts small blind $0.50
mr.Jckpot: posts big blind $1
*** HOLE CARDS ***
IREQO: folds 
BGS013: folds 
PoKeRaRcSuNY: raises $1.50 to $2.50
radu10101: raises $1.50 to $4
sta$igk: folds 
mr.Jckpot: folds 
PoKeRaRcSuNY: calls $1.50
*** FLOP *** [Td 2d 2h]
PoKeRaRcSuNY: checks 
radu10101: bets $5
PoKeRaRcSuNY: calls $5
*** TURN *** [Td 2d 2h] [4c]
PoKeRaRcSuNY: checks 
radu10101: bets $6
PoKeRaRcSuNY: folds 
Uncalled bet ($6) returned to radu10101
radu10101 collected $18.52 from pot
*** SUMMARY ***
Total pot $19.50 | Rake $0.98 
Board [Td 2d 2h 4c]
Seat 1: IREQO folded before Flop (didn't bet)
Seat 2: BGS013 folded before Flop (didn't bet)
Seat 3: PoKeRaRcSuNY folded on the Turn
Seat 4: radu10101 (button) collected ($18.52)
Seat 5: sta$igk (small blind) folded before Flop
Seat 6: mr.Jckpot (big blind) folded before Flop



PokerStars Hand #254670026827:  Hold'em No Limit ($0.50/$1.00 USD) - 2025/02/02 15:19:10 WET [2025/02/02 10:19:10 ET]
Table 'Byblis II' 6-max Seat #5 is the button
Seat 1: IREQO ($100 in chips) 
Seat 2: BGS013 ($114.62 in chips) 
Seat 3: PoKeRaRcSuNY ($100 in chips) 
Seat 4: radu10101 ($133.05 in chips) 
Seat 5: sta$igk ($100 in chips) 
Seat 6: mr.Jckpot ($100.50 in chips) 
mr.Jckpot: posts small blind $0.50
IREQO: posts big blind $1
*** HOLE CARDS ***
BGS013: folds 
PoKeRaRcSuNY: folds 
radu10101: raises $2 to $3
sta$igk: folds 
mr.Jckpot: folds 
IREQO: folds 
Uncalled bet ($2) returned to radu10101
radu10101 collected $2.50 from pot
*** SUMMARY ***
Total pot $2.50 | Rake $0 
Seat 1: IREQO (big blind) folded before Flop
Seat 2: BGS013 folded before Flop (didn't bet)
Seat 3: PoKeRaRcSuNY folded before Flop (didn't bet)
Seat 4: radu10101 collected ($2.50)
Seat 5: sta$igk (button) folded before Flop (didn't bet)
Seat 6: mr.Jckpot (small blind) folded before Flop



PokerStars Hand #254670030392:  Hold'em No Limit ($0.50/$1.00 USD) - 2025/02/02 15:19:25 WET [2025/02/02 10:19:25 ET]
Table 'Byblis II' 6-max Seat #6 is the button
Seat 1: IREQO ($100 in chips) 
Seat 2: BGS013 ($114.62 in chips) 
Seat 3: PoKeRaRcSuNY ($100 in chips) 
Seat 4: radu10101 ($134.55 in chips) 
Seat 5: sta$igk ($100 in chips) 
Seat 6: mr.Jckpot ($100 in chips) 
IREQO: posts small blind $0.50
BGS013: posts big blind $1
*** HOLE CARDS ***
PoKeRaRcSuNY: folds 
radu10101: calls $1
sta$igk: folds 
mr.Jckpot: folds 
IREQO: folds 
BGS013: checks 
*** FLOP *** [Js As 5s]
BGS013: bets $1.31
radu10101: folds 
Uncalled bet ($1.31) returned to BGS013
BGS013 collected $2.38 from pot
BGS013: doesn't show hand 
*** SUMMARY ***
Total pot $2.50 | Rake $0.12 
Board [Js As 5s]
Seat 1: IREQO (small blind) folded before Flop
Seat 2: BGS013 (big blind) collected ($2.38)
Seat 3: PoKeRaRcSuNY folded before Flop (didn't bet)
Seat 4: radu10101 folded on the Flop
Seat 5: sta$igk folded before Flop (didn't bet)
Seat 6: mr.Jckpot (button) folded before Flop (didn't bet)



PokerStars Hand #254670035354:  Hold'em No Limit ($0.50/$1.00 USD) - 2025/02/02 15:19:45 WET [2025/02/02 10:19:45 ET]
Table 'Byblis II' 6-max Seat #1 is the button
Seat 1: IREQO ($100 in chips) 
Seat 2: BGS013 ($116 in chips) 
Seat 3: PoKeRaRcSuNY ($100 in chips) 
Seat 4: radu10101 ($133.55 in chips) 
Seat 5: sta$igk ($100 in chips) 
Seat 6: mr.Jckpot ($100 in chips) 
BGS013: posts small blind $0.50
PoKeRaRcSuNY: posts big blind $1
*** HOLE CARDS ***
radu10101: calls $1
sta$igk: folds 
mr.Jckpot: folds 
IREQO: folds 
BGS013: folds 
PoKeRaRcSuNY: checks 
*** FLOP *** [8d 6h Kc]
PoKeRaRcSuNY: checks 
radu10101: checks 
*** TURN *** [8d 6h Kc] [Td]
PoKeRaRcSuNY: checks 
radu10101: checks 
*** RIVER *** [8d 6h Kc Td] [4c]
PoKeRaRcSuNY: checks 
radu10101: checks 
*** SHOW DOWN ***
PoKeRaRcSuNY: shows [Ac 3d] (high card Ace)
radu10101: shows [Ad 5s] (high card Ace)
PoKeRaRcSuNY collected $1.19 from pot
radu10101 collected $1.19 from pot
*** SUMMARY ***
Total pot $2.50 | Rake $0.12 
Board [8d 6h Kc Td 4c]
Seat 1: IREQO (button) folded before Flop (didn't bet)
Seat 2: BGS013 (small blind) folded before Flop
Seat 3: PoKeRaRcSuNY (big blind) showed [Ac 3d] and won ($1.19) with high card Ace
Seat 4: radu10101 showed [Ad 5s] and won ($1.19) with high card Ace
Seat 5: sta$igk folded before Flop (didn't bet)
Seat 6: mr.Jckpot folded before Flop (didn't bet)



PokerStars Hand #254669914511:  Hold'em No Limit ($0.50/$1.00 USD) - 2025/02/02 15:11:25 WET [2025/02/02 10:11:25 ET]
Table 'Byblis II' 6-max Seat #2 is the button
Seat 3: PoKeRaRcSuNY ($100 in chips) is sitting out
Seat 1: IREQO ($100 in chips) 
Seat 2: Burlica2013 ($100 in chips) 
Seat 4: radu10101 ($100 in chips) 
Seat 5: sta$igk ($100 in chips) 
Seat 6: mr.Jckpot ($100 in chips) 
radu10101: posts small blind $0.50
sta$igk: posts big blind $1
*** HOLE CARDS ***
mr.Jckpot: raises $1.50 to $2.50
IREQO: folds 
Burlica2013: folds 
radu10101: folds 
sta$igk: folds 
Uncalled bet ($1.50) returned to mr.Jckpot
mr.Jckpot collected $2.50 from pot
mr.Jckpot: doesn't show hand 
*** SUMMARY ***
Total pot $2.50 | Rake $0 
Seat 3: PoKeRaRcSuNY
Seat 1: IREQO folded before Flop (didn't bet)
Seat 2: Burlica2013 (button) folded before Flop (didn't bet)
Seat 4: radu10101 (small blind) folded before Flop
Seat 5: sta$igk (big blind) folded before Flop
Seat 6: mr.Jckpot collected ($2.50)



PokerStars Hand #254669919655:  Hold'em No Limit ($0.50/$1.00 USD) - 2025/02/02 15:11:47 WET [2025/02/02 10:11:47 ET]
Table 'Byblis II' 6-max Seat #4 is the button
Seat 3: PoKeRaRcSuNY ($100 in chips) is sitting out
Seat 1: IREQO ($100 in chips) 
Seat 2: Burlica2013 ($100 in chips) 
Seat 4: radu10101 ($99.50 in chips) 
Seat 5: sta$igk ($100 in chips) 
Seat 6: mr.Jckpot ($101.50 in chips) 
sta$igk: posts small blind $0.50
mr.Jckpot: posts big blind $1
*** HOLE CARDS ***
IREQO: folds 
Burlica2013: folds 
radu10101: calls $1
sta$igk: calls $0.50
mr.Jckpot: checks 
*** FLOP *** [Td 5h Qh]
sta$igk: checks 
mr.Jckpot: checks 
radu10101: bets $2
sta$igk: folds 
mr.Jckpot: calls $2
*** TURN *** [Td 5h Qh] [4h]
mr.Jckpot: checks 
radu10101: checks 
*** RIVER *** [Td 5h Qh 4h] [5s]
mr.Jckpot: checks 
radu10101: checks 
*** SHOW DOWN ***
mr.Jckpot: shows [9c Kh] (a pair of Fives)
radu10101: shows [Ac Th] (two pair, Tens and Fives)
radu10101 collected $6.65 from pot
*** SUMMARY ***
Total pot $7 | Rake $0.35 
Board [Td 5h Qh 4h 5s]
Seat 3: PoKeRaRcSuNY
Seat 1: IREQO folded before Flop (didn't bet)
Seat 2: Burlica2013 folded before Flop (didn't bet)
Seat 4: radu10101 (button) showed [Ac Th] and won ($6.65) with two pair, Tens and Fives
Seat 5: sta$igk (small blind) folded on the Flop
Seat 6: mr.Jckpot (big blind) showed [9c Kh] and lost with a pair of Fives



PokerStars Hand #254669931020:  Hold'em No Limit ($0.50/$1.00 USD) - 2025/02/02 15:12:35 WET [2025/02/02 10:12:35 ET]
Table 'Byblis II' 6-max Seat #5 is the button
Seat 3: PoKeRaRcSuNY ($100 in chips) is sitting out
Seat 1: IREQO ($100 in chips) 
Seat 2: Burlica2013 ($100 in chips) 
Seat 4: radu10101 ($103.15 in chips) 
Seat 5: sta$igk ($100 in chips) 
Seat 6: mr.Jckpot ($100 in chips) 
mr.Jckpot: posts small blind $0.50
IREQO: posts big blind $1
*** HOLE CARDS ***
Burlica2013: folds 
Burlica2013 leaves the table
radu10101: calls $1
sta$igk: raises $3 to $4
mr.Jckpot: folds 
BGS013 joins the table at seat #2 
IREQO: folds 
radu10101: calls $3
*** FLOP *** [7d Th 2d]
radu10101: bets $2
sta$igk: raises $6 to $8
radu10101: calls $6
*** TURN *** [7d Th 2d] [5c]
radu10101: checks 
sta$igk: checks 
*** RIVER *** [7d Th 2d 5c] [7c]
radu10101: bets $6
sta$igk: raises $21 to $27
radu10101: folds 
Uncalled bet ($21) returned to sta$igk
sta$igk collected $35.62 from pot
sta$igk: doesn't show hand 
*** SUMMARY ***
Total pot $37.50 | Rake $1.88 
Board [7d Th 2d 5c 7c]
Seat 3: PoKeRaRcSuNY
Seat 1: IREQO (big blind) folded before Flop
Seat 2: Burlica2013 folded before Flop (didn't bet)
Seat 4: radu10101 folded on the River
Seat 5: sta$igk (button) collected ($35.62)
Seat 6: mr.Jckpot (small blind) folded before Flop



PokerStars Hand #254669948069:  Hold'em No Limit ($0.50/$1.00 USD) - 2025/02/02 15:13:48 WET [2025/02/02 10:13:48 ET]
Table 'Byblis II' 6-max Seat #6 is the button
Seat 3: PoKeRaRcSuNY ($100 in chips) is sitting out
Seat 1: IREQO ($100 in chips) 
Seat 2: BGS013 ($100 in chips) 
Seat 4: radu10101 ($85.15 in chips) 
Seat 5: sta$igk ($117.62 in chips) 
Seat 6: mr.Jckpot ($100 in chips) 
IREQO: posts small blind $0.50
BGS013: posts big blind $1
*** HOLE CARDS ***
radu10101: folds 
sta$igk: folds 
mr.Jckpot: folds 
IREQO: raises $1.50 to $2.50
BGS013: folds 
Uncalled bet ($1.50) returned to IREQO
IREQO collected $2 from pot
IREQO: doesn't show hand 
*** SUMMARY ***
Total pot $2 | Rake $0 
Seat 3: PoKeRaRcSuNY
Seat 1: IREQO (small blind) collected ($2)
Seat 2: BGS013 (big blind) folded before Flop
Seat 4: radu10101 folded before Flop (didn't bet)
Seat 5: sta$igk folded before Flop (didn't bet)
Seat 6: mr.Jckpot (button) folded before Flop (didn't bet)



PokerStars Hand #254669952701:  Hold'em No Limit ($0.50/$1.00 USD) - 2025/02/02 15:14:07 WET [2025/02/02 10:14:07 ET]
Table 'Byblis II' 6-max Seat #1 is the button
Seat 3: PoKeRaRcSuNY ($100 in chips) is sitting out
Seat 1: IREQO ($101 in chips) 
Seat 2: BGS013 ($100 in chips) 
Seat 4: radu10101 ($85.15 in chips) 
Seat 5: sta$igk ($117.62 in chips) 
Seat 6: mr.Jckpot ($100 in chips) 
BGS013: posts small blind $0.50
radu10101: posts big blind $1
*** HOLE CARDS ***
sta$igk: folds 
mr.Jckpot: folds 
IREQO: folds 
BGS013: raises $2 to $3
radu10101: calls $2
*** FLOP *** [Jc Ks 5c]
BGS013: checks 
radu10101: bets $2
BGS013: calls $2
*** TURN *** [Jc Ks 5c] [3d]
BGS013: checks 
radu10101: checks 
*** RIVER *** [Jc Ks 5c 3d] [7d]
BGS013: bets $15
radu10101: folds 
Uncalled bet ($15) returned to BGS013
BGS013 collected $9.50 from pot
BGS013: doesn't show hand 
*** SUMMARY ***
Total pot $10 | Rake $0.50 
Board [Jc Ks 5c 3d 7d]
Seat 3: PoKeRaRcSuNY
Seat 1: IREQO (button) folded before Flop (didn't bet)
Seat 2: BGS013 (small blind) collected ($9.50)
Seat 4: radu10101 (big blind) folded on the River
Seat 5: sta$igk folded before Flop (didn't bet)
Seat 6: mr.Jckpot folded before Flop (didn't bet)



PokerStars Hand #254670044049:  Hold'em No Limit ($0.50/$1.00 USD) - 2025/02/02 15:20:20 WET [2025/02/02 10:20:20 ET]
Table 'Byblis II' 6-max Seat #2 is the button
Seat 1: IREQO ($100 in chips) 
Seat 2: BGS013 ($115.50 in chips) 
Seat 3: PoKeRaRcSuNY ($100.19 in chips) 
Seat 4: radu10101 ($133.74 in chips) 
Seat 5: sta$igk ($100 in chips) 
Seat 6: mr.Jckpot ($100 in chips) 
PoKeRaRcSuNY: posts small blind $0.50
radu10101: posts big blind $1
*** HOLE CARDS ***
sta$igk: folds 
mr.Jckpot: folds 
IREQO: raises $1.50 to $2.50
BGS013: folds 
PoKeRaRcSuNY: raises $8.50 to $11
radu10101: folds 
IREQO: folds 
Uncalled bet ($8.50) returned to PoKeRaRcSuNY
PoKeRaRcSuNY collected $6 from pot
PoKeRaRcSuNY: doesn't show hand 
*** SUMMARY ***
Total pot $6 | Rake $0 
Seat 1: IREQO folded before Flop
Seat 2: BGS013 (button) folded before Flop (didn't bet)
Seat 3: PoKeRaRcSuNY (small blind) collected ($6)
Seat 4: radu10101 (big blind) folded before Flop
Seat 5: sta$igk folded before Flop (didn't bet)
Seat 6: mr.Jckpot folded before Flop (didn't bet)



PokerStars Hand #254670051145:  Hold'em No Limit ($0.50/$1.00 USD) - 2025/02/02 15:20:48 WET [2025/02/02 10:20:48 ET]
Table 'Byblis II' 6-max Seat #3 is the button
Seat 1: IREQO ($100 in chips) 
Seat 2: BGS013 ($115.50 in chips) 
Seat 3: PoKeRaRcSuNY ($103.69 in chips) 
Seat 4: radu10101 ($132.74 in chips) 
Seat 5: sta$igk ($100 in chips) 
Seat 6: mr.Jckpot ($100 in chips) 
radu10101: posts small blind $0.50
sta$igk: posts big blind $1
*** HOLE CARDS ***
mr.Jckpot: folds 
IREQO: folds 
BGS013: raises $1.50 to $2.50
PoKeRaRcSuNY: folds 
radu10101: calls $2
sta$igk: calls $1.50
*** FLOP *** [Ts 6h 6s]
radu10101: checks 
sta$igk: checks 
BGS013: bets $1.85
radu10101: calls $1.85
sta$igk: folds 
*** TURN *** [Ts 6h 6s] [Kd]
radu10101: checks 
BGS013: bets $8.30
radu10101: folds 
Uncalled bet ($8.30) returned to BGS013
BGS013 collected $10.64 from pot
BGS013: doesn't show hand 
*** SUMMARY ***
Total pot $11.20 | Rake $0.56 
Board [Ts 6h 6s Kd]
Seat 1: IREQO folded before Flop (didn't bet)
Seat 2: BGS013 collected ($10.64)
Seat 3: PoKeRaRcSuNY (button) folded before Flop (didn't bet)
Seat 4: radu10101 (small blind) folded on the Turn
Seat 5: sta$igk (big blind) folded on the Flop
Seat 6: mr.Jckpot folded before Flop (didn't bet)



PokerStars Hand #254670063384:  Hold'em No Limit ($0.50/$1.00 USD) - 2025/02/02 15:21:39 WET [2025/02/02 10:21:39 ET]
Table 'Byblis II' 6-max Seat #4 is the button
Seat 1: IREQO ($100 in chips) 
Seat 2: BGS013 ($121.79 in chips) 
Seat 3: PoKeRaRcSuNY ($103.69 in chips) 
Seat 4: radu10101 ($128.39 in chips) 
Seat 5: sta$igk ($100 in chips) 
Seat 6: mr.Jckpot ($100 in chips) 
sta$igk: posts small blind $0.50
mr.Jckpot: posts big blind $1
*** HOLE CARDS ***
IREQO: folds 
BGS013: raises $1 to $2
PoKeRaRcSuNY: folds 
radu10101: calls $2
sta$igk: folds 
mr.Jckpot: folds 
*** FLOP *** [Kh 6d Kd]
BGS013: bets $4.07
radu10101: folds 
Uncalled bet ($4.07) returned to BGS013
BGS013 collected $5.22 from pot
*** SUMMARY ***
Total pot $5.50 | Rake $0.28 
Board [Kh 6d Kd]
Seat 1: IREQO folded before Flop (didn't bet)
Seat 2: BGS013 collected ($5.22)
Seat 3: PoKeRaRcSuNY folded before Flop (didn't bet)
Seat 4: radu10101 (button) folded on the Flop
Seat 5: sta$igk (small blind) folded before Flop
Seat 6: mr.Jckpot (big blind) folded before Flop



PokerStars Hand #254670071090:  Hold'em No Limit ($0.50/$1.00 USD) - 2025/02/02 15:22:09 WET [2025/02/02 10:22:09 ET]
Table 'Byblis II' 6-max Seat #5 is the button
Seat 1: IREQO ($100 in chips) 
Seat 2: BGS013 ($125.01 in chips) 
Seat 3: PoKeRaRcSuNY ($103.69 in chips) 
Seat 4: radu10101 ($126.39 in chips) 
Seat 5: sta$igk ($100 in chips) 
Seat 6: mr.Jckpot ($100 in chips) 
mr.Jckpot: posts small blind $0.50
IREQO: posts big blind $1
*** HOLE CARDS ***
BGS013: folds 
PoKeRaRcSuNY: folds 
radu10101: calls $1
sta$igk: raises $3 to $4
mr.Jckpot: folds 
IREQO: folds 
radu10101: folds 
Uncalled bet ($3) returned to sta$igk
sta$igk collected $3.50 from pot
sta$igk: doesn't show hand 
*** SUMMARY ***
Total pot $3.50 | Rake $0 
Seat 1: IREQO (big blind) folded before Flop
Seat 2: BGS013 folded before Flop (didn't bet)
Seat 3: PoKeRaRcSuNY folded before Flop (didn't bet)
Seat 4: radu10101 folded before Flop
Seat 5: sta$igk (button) collected ($3.50)
Seat 6: mr.Jckpot (small blind) folded before Flop



PokerStars Hand #254670078028:  Hold'em No Limit ($0.50/$1.00 USD) - 2025/02/02 15:22:38 WET [2025/02/02 10:22:38 ET]
Table 'Byblis II' 6-max Seat #6 is the button
Seat 1: IREQO ($100 in chips) 
Seat 2: BGS013 ($125.01 in chips) 
Seat 3: PoKeRaRcSuNY ($103.69 in chips) 
Seat 4: radu10101 ($125.39 in chips) 
Seat 5: sta$igk ($102.50 in chips) 
Seat 6: mr.Jckpot ($100 in chips) 
IREQO: posts small blind $0.50
BGS013: posts big blind $1
*** HOLE CARDS ***
PoKeRaRcSuNY: raises $1.50 to $2.50
radu10101: calls $2.50
sta$igk: folds 
mr.Jckpot: folds 
IREQO: folds 
BGS013: calls $1.50
*** FLOP *** [Qs 9d 9s]
BGS013: checks 
PoKeRaRcSuNY: checks 
radu10101: bets $2
BGS013: calls $2
PoKeRaRcSuNY: calls $2
*** TURN *** [Qs 9d 9s] [3c]
BGS013: checks 
PoKeRaRcSuNY: checks 
radu10101: checks 
*** RIVER *** [Qs 9d 9s 3c] [5c]
BGS013: checks 
PoKeRaRcSuNY: bets $5.59
radu10101: folds 
BGS013: folds 
Uncalled bet ($5.59) returned to PoKeRaRcSuNY
PoKeRaRcSuNY collected $13.30 from pot
PoKeRaRcSuNY: doesn't show hand 
*** SUMMARY ***
Total pot $14 | Rake $0.70 
Board [Qs 9d 9s 3c 5c]
Seat 1: IREQO (small blind) folded before Flop
Seat 2: BGS013 (big blind) folded on the River
Seat 3: PoKeRaRcSuNY collected ($13.30)
Seat 4: radu10101 folded on the River
Seat 5: sta$igk folded before Flop (didn't bet)
Seat 6: mr.Jckpot (button) folded before Flop (didn't bet)



PokerStars Hand #254670096299:  Hold'em No Limit ($0.50/$1.00 USD) - 2025/02/02 15:23:51 WET [2025/02/02 10:23:51 ET]
Table 'Byblis II' 6-max Seat #1 is the button
Seat 1: IREQO ($100 in chips) 
Seat 2: BGS013 ($120.51 in chips) 
Seat 3: PoKeRaRcSuNY ($112.49 in chips) 
Seat 4: radu10101 ($120.89 in chips) 
Seat 5: sta$igk ($102.50 in chips) 
Seat 6: mr.Jckpot ($100 in chips) 
BGS013: posts small blind $0.50
PoKeRaRcSuNY: posts big blind $1
*** HOLE CARDS ***
radu10101: folds 
sta$igk: folds 
mr.Jckpot: folds 
IREQO: raises $1.50 to $2.50
BGS013: folds 
PoKeRaRcSuNY: folds 
Uncalled bet ($1.50) returned to IREQO
IREQO collected $2.50 from pot
IREQO: doesn't show hand 
*** SUMMARY ***
Total pot $2.50 | Rake $0 
Seat 1: IREQO (button) collected ($2.50)
Seat 2: BGS013 (small blind) folded before Flop
Seat 3: PoKeRaRcSuNY (big blind) folded before Flop
Seat 4: radu10101 folded before Flop (didn't bet)
Seat 5: sta$igk folded before Flop (didn't bet)
Seat 6: mr.Jckpot folded before Flop (didn't bet)



PokerStars Hand #254670102751:  Hold'em No Limit ($0.50/$1.00 USD) - 2025/02/02 15:24:17 WET [2025/02/02 10:24:17 ET]
Table 'Byblis II' 6-max Seat #2 is the button
Seat 1: IREQO ($101.50 in chips) 
Seat 2: BGS013 ($120.01 in chips) 
Seat 3: PoKeRaRcSuNY ($111.49 in chips) 
Seat 4: radu10101 ($120.89 in chips) 
Seat 5: sta$igk ($102.50 in chips) 
Seat 6: mr.Jckpot ($100 in chips) 
PoKeRaRcSuNY: posts small blind $0.50
radu10101: posts big blind $1
*** HOLE CARDS ***
sta$igk: folds 
mr.Jckpot: folds 
IREQO: folds 
BGS013: raises $1.50 to $2.50
PoKeRaRcSuNY: folds 
radu10101: folds 
Uncalled bet ($1.50) returned to BGS013
BGS013 collected $2.50 from pot
BGS013: doesn't show hand 
*** SUMMARY ***
Total pot $2.50 | Rake $0 
Seat 1: IREQO folded before Flop (didn't bet)
Seat 2: BGS013 (button) collected ($2.50)
Seat 3: PoKeRaRcSuNY (small blind) folded before Flop
Seat 4: radu10101 (big blind) folded before Flop
Seat 5: sta$igk folded before Flop (didn't bet)
Seat 6: mr.Jckpot folded before Flop (didn't bet)



PokerStars Hand #254670107349:  Hold'em No Limit ($0.50/$1.00 USD) - 2025/02/02 15:24:36 WET [2025/02/02 10:24:36 ET]
Table 'Byblis II' 6-max Seat #3 is the button
Seat 1: IREQO ($101.50 in chips) 
Seat 2: BGS013 ($121.51 in chips) 
Seat 3: PoKeRaRcSuNY ($110.99 in chips) 
Seat 4: radu10101 ($119.89 in chips) 
Seat 5: sta$igk ($102.50 in chips) 
Seat 6: mr.Jckpot ($100 in chips) 
radu10101: posts small blind $0.50
sta$igk: posts big blind $1
*** HOLE CARDS ***
mr.Jckpot: folds 
IREQO: folds 
BGS013: folds 
PoKeRaRcSuNY: raises $1.50 to $2.50
radu10101: folds 
sta$igk: folds 
Uncalled bet ($1.50) returned to PoKeRaRcSuNY
PoKeRaRcSuNY collected $2.50 from pot
PoKeRaRcSuNY: doesn't show hand 
*** SUMMARY ***
Total pot $2.50 | Rake $0 
Seat 1: IREQO folded before Flop (didn't bet)
Seat 2: BGS013 folded before Flop (didn't bet)
Seat 3: PoKeRaRcSuNY (button) collected ($2.50)
Seat 4: radu10101 (small blind) folded before Flop
Seat 5: sta$igk (big blind) folded before Flop
Seat 6: mr.Jckpot folded before Flop (didn't bet)



PokerStars Hand #254670111901:  Hold'em No Limit ($0.50/$1.00 USD) - 2025/02/02 15:24:54 WET [2025/02/02 10:24:54 ET]
Table 'Byblis II' 6-max Seat #4 is the button
Seat 1: IREQO ($101.50 in chips) 
Seat 2: BGS013 ($121.51 in chips) 
Seat 3: PoKeRaRcSuNY ($112.49 in chips) 
Seat 4: radu10101 ($119.39 in chips) 
Seat 5: sta$igk ($101.50 in chips) 
Seat 6: mr.Jckpot ($100 in chips) 
sta$igk: posts small blind $0.50
mr.Jckpot: posts big blind $1
*** HOLE CARDS ***
IREQO: folds 
BGS013: raises $1 to $2
PoKeRaRcSuNY: folds 
radu10101: folds 
radu10101 leaves the table
wojts joins the table at seat #4 
sta$igk: folds 
mr.Jckpot: folds 
Uncalled bet ($1) returned to BGS013
BGS013 collected $2.50 from pot
BGS013: doesn't show hand 
*** SUMMARY ***
Total pot $2.50 | Rake $0 
Seat 1: IREQO folded before Flop (didn't bet)
Seat 2: BGS013 collected ($2.50)
Seat 3: PoKeRaRcSuNY folded before Flop (didn't bet)
Seat 4: radu10101 (button) folded before Flop (didn't bet)
Seat 5: sta$igk (small blind) folded before Flop
Seat 6: mr.Jckpot (big blind) folded before Flop



PokerStars Hand #254670118093:  Hold'em No Limit ($0.50/$1.00 USD) - 2025/02/02 15:25:19 WET [2025/02/02 10:25:19 ET]
Table 'Byblis II' 6-max Seat #5 is the button
Seat 4: wojts ($100 in chips) is sitting out
Seat 1: IREQO ($101.50 in chips) 
Seat 2: BGS013 ($123.01 in chips) 
Seat 3: PoKeRaRcSuNY ($112.49 in chips) 
Seat 5: sta$igk ($101 in chips) 
Seat 6: mr.Jckpot ($100 in chips) 
mr.Jckpot: posts small blind $0.50
IREQO: posts big blind $1
wojts: sits out 
*** HOLE CARDS ***
BGS013: folds 
PoKeRaRcSuNY: folds 
sta$igk: folds 
BGS013 leaves the table
mr.Jckpot: folds 
Uncalled bet ($0.50) returned to IREQO
IREQO collected $1 from pot
IREQO: doesn't show hand 
*** SUMMARY ***
Total pot $1 | Rake $0 
Seat 4: wojts
Seat 1: IREQO (big blind) collected ($1)
Seat 2: BGS013 folded before Flop (didn't bet)
Seat 3: PoKeRaRcSuNY folded before Flop (didn't bet)
Seat 5: sta$igk (button) folded before Flop (didn't bet)
Seat 6: mr.Jckpot (small blind) folded before Flop



PokerStars Hand #254670121283:  Hold'em No Limit ($0.50/$1.00 USD) - 2025/02/02 15:25:31 WET [2025/02/02 10:25:31 ET]
Table 'Byblis II' 6-max Seat #6 is the button
Seat 4: wojts ($100 in chips) is sitting out
Seat 1: IREQO ($102 in chips) 
Seat 3: PoKeRaRcSuNY ($112.49 in chips) 
Seat 5: sta$igk ($101 in chips) 
Seat 6: mr.Jckpot ($100 in chips) 
IREQO: posts small blind $0.50
PoKeRaRcSuNY: posts big blind $1
wojts: sits out 
*** HOLE CARDS ***
sta$igk: raises $1.50 to $2.50
mr.Jckpot: folds 
IREQO: folds 
PoKeRaRcSuNY: folds 
Uncalled bet ($1.50) returned to sta$igk
sta$igk collected $2.50 from pot
sta$igk: doesn't show hand 
*** SUMMARY ***
Total pot $2.50 | Rake $0 
Seat 4: wojts
Seat 1: IREQO (small blind) folded before Flop
Seat 3: PoKeRaRcSuNY (big blind) folded before Flop
Seat 5: sta$igk collected ($2.50)
Seat 6: mr.Jckpot (button) folded before Flop (didn't bet)



PokerStars Hand #254670125963:  Hold'em No Limit ($0.50/$1.00 USD) - 2025/02/02 15:25:50 WET [2025/02/02 10:25:50 ET]
Table 'Byblis II' 6-max Seat #1 is the button
Seat 1: IREQO ($101.50 in chips) 
Seat 3: PoKeRaRcSuNY ($111.49 in chips) 
Seat 4: wojts ($100 in chips) 
Seat 6: mr.Jckpot ($100 in chips) 
PoKeRaRcSuNY: posts small blind $0.50
wojts: posts big blind $1
*** HOLE CARDS ***
mr.Jckpot: folds 
IREQO: raises $1.50 to $2.50
PoKeRaRcSuNY: folds 
wojts: calls $1.50
*** FLOP *** [Qc 6h 4h]
wojts: checks 
IREQO: checks 
*** TURN *** [Qc 6h 4h] [6d]
wojts: checks 
IREQO: checks 
*** RIVER *** [Qc 6h 4h 6d] [5s]
wojts: bets $2.61
IREQO: folds 
Uncalled bet ($2.61) returned to wojts
wojts collected $5.22 from pot
wojts: doesn't show hand 
*** SUMMARY ***
Total pot $5.50 | Rake $0.28 
Board [Qc 6h 4h 6d 5s]
Seat 1: IREQO (button) folded on the River
Seat 3: PoKeRaRcSuNY (small blind) folded before Flop
Seat 4: wojts (big blind) collected ($5.22)
Seat 6: mr.Jckpot folded before Flop (didn't bet)



PokerStars Hand #254670142950:  Hold'em No Limit ($0.50/$1.00 USD) - 2025/02/02 15:26:57 WET [2025/02/02 10:26:57 ET]
Table 'Byblis II' 6-max Seat #4 is the button
Seat 1: IREQO ($100 in chips) is sitting out
Seat 6: mr.Jckpot ($100 in chips) is sitting out
Seat 3: PoKeRaRcSuNY ($110.99 in chips) 
Seat 4: wojts ($102.72 in chips) 
wojts: posts small blind $0.50
mr.Jckpot: is sitting out 
IREQO: is sitting out 
PoKeRaRcSuNY: posts big blind $1
*** HOLE CARDS ***
mr.Jckpot leaves the table
wojts: raises $2 to $3
PoKeRaRcSuNY: calls $2
*** FLOP *** [5h Kc Tc]
PoKeRaRcSuNY: checks 
wojts: bets $2
PoKeRaRcSuNY: calls $2
*** TURN *** [5h Kc Tc] [8s]
PoKeRaRcSuNY: checks 
wojts: checks 
*** RIVER *** [5h Kc Tc 8s] [As]
IREQO leaves the table
PoKeRaRcSuNY: checks 
wojts: checks 
*** SHOW DOWN ***
PoKeRaRcSuNY: shows [5d Ac] (two pair, Aces and Fives)
wojts: mucks hand 
PoKeRaRcSuNY collected $9.50 from pot
*** SUMMARY ***
Total pot $10 | Rake $0.50 
Board [5h Kc Tc 8s As]
Seat 1: IREQO
Seat 6: mr.Jckpot
Seat 3: PoKeRaRcSuNY (big blind) showed [5d Ac] and won ($9.50) with two pair, Aces and Fives
Seat 4: wojts (button) (small blind) mucked



