PokerStars Hand #254674398353:  Hold'em No Limit ($0.50/$1.00 USD) - 2025/02/02 19:00:32 WET [2025/02/02 14:00:32 ET]
Table 'Cebriones' 6-max Seat #6 is the button
Seat 1: Manifestorr ($100 in chips) is sitting out
Seat 4: b2k-Snick ($100 in chips) 
Seat 5: kel3vr4_23 ($40 in chips) 
Seat 6: worker0k ($100 in chips) 
b2k-Snick: posts small blind $0.50
kel3vr4_23: posts big blind $1
*** HOLE CARDS ***
worker0k: raises $1.30 to $2.30
b2k-Snick: folds 
Manifestorr leaves the table
kel3vr4_23: folds 
Uncalled bet ($1.30) returned to worker0k
worker0k collected $2.50 from pot
*** SUMMARY ***
Total pot $2.50 | Rake $0 
Seat 1: Manifestorr
Seat 4: b2k-Snick (small blind) folded before Flop
Seat 5: kel3vr4_23 (big blind) folded before Flop
Seat 6: worker0k (button) collected ($2.50)



PokerStars Hand #254674400433:  Hold'em No Limit ($0.50/$1.00 USD) - 2025/02/02 19:00:41 WET [2025/02/02 14:00:41 ET]
Table 'Cebriones' 6-max Seat #4 is the button
Seat 4: b2k-Snick ($100 in chips) 
Seat 5: kel3vr4_23 ($39 in chips) 
Seat 6: worker0k ($101.50 in chips) 
kel3vr4_23: posts small blind $0.50
worker0k: posts big blind $1
*** HOLE CARDS ***
b2k-Snick: raises $1.50 to $2.50
kel3vr4_23: folds 
worker0k: calls $1.50
*** FLOP *** [8s 7h Qd]
worker0k: checks 
b2k-Snick: checks 
*** TURN *** [8s 7h Qd] [8h]
worker0k: checks 
b2k-Snick: checks 
*** RIVER *** [8s 7h Qd 8h] [3c]
worker0k: checks 
b2k-Snick: checks 
*** SHOW DOWN ***
worker0k: shows [2c Kc] (a pair of Eights)
b2k-Snick: shows [Ac 6d] (a pair of Eights - Ace kicker)
b2k-Snick collected $5.22 from pot
*** SUMMARY ***
Total pot $5.50 | Rake $0.28 
Board [8s 7h Qd 8h 3c]
Seat 4: b2k-Snick (button) showed [Ac 6d] and won ($5.22) with a pair of Eights
Seat 5: kel3vr4_23 (small blind) folded before Flop
Seat 6: worker0k (big blind) showed [2c Kc] and lost with a pair of Eights



PokerStars Hand #254674410711:  Hold'em No Limit ($0.50/$1.00 USD) - 2025/02/02 19:01:20 WET [2025/02/02 14:01:20 ET]
Table 'Cebriones' 6-max Seat #5 is the button
Seat 4: b2k-Snick ($102.72 in chips) 
Seat 5: kel3vr4_23 ($38.50 in chips) 
Seat 6: worker0k ($100 in chips) 
worker0k: posts small blind $0.50
b2k-Snick: posts big blind $1
*** HOLE CARDS ***
kel3vr4_23: raises $1.50 to $2.50
worker0k: folds 
b2k-Snick: calls $1.50
*** FLOP *** [8h 2s 2h]
b2k-Snick: checks 
kel3vr4_23: bets $2
b2k-Snick: folds 
Uncalled bet ($2) returned to kel3vr4_23
kel3vr4_23 collected $5.22 from pot
kel3vr4_23: doesn't show hand 
*** SUMMARY ***
Total pot $5.50 | Rake $0.28 
Board [8h 2s 2h]
Seat 4: b2k-Snick (big blind) folded on the Flop
Seat 5: kel3vr4_23 (button) collected ($5.22)
Seat 6: worker0k (small blind) folded before Flop



PokerStars Hand #254674417693:  Hold'em No Limit ($0.50/$1.00 USD) - 2025/02/02 19:01:44 WET [2025/02/02 14:01:44 ET]
Table 'Cebriones' 6-max Seat #6 is the button
Seat 4: b2k-Snick ($100.22 in chips) 
Seat 5: kel3vr4_23 ($41.22 in chips) 
Seat 6: worker0k ($100 in chips) 
b2k-Snick: posts small blind $0.50
kel3vr4_23: posts big blind $1
*** HOLE CARDS ***
worker0k: folds 
b2k-Snick: raises $2 to $3
kel3vr4_23: folds 
Uncalled bet ($2) returned to b2k-Snick
b2k-Snick collected $2 from pot
b2k-Snick: doesn't show hand 
Casti180476 joins the table at seat #2 
*** SUMMARY ***
Total pot $2 | Rake $0 
Seat 4: b2k-Snick (small blind) collected ($2)
Seat 5: kel3vr4_23 (big blind) folded before Flop
Seat 6: worker0k (button) folded before Flop (didn't bet)



PokerStars Hand #254674421307:  Hold'em No Limit ($0.50/$1.00 USD) - 2025/02/02 19:01:57 WET [2025/02/02 14:01:57 ET]
Table 'Cebriones' 6-max Seat #4 is the button
Seat 2: Casti180476 ($41.26 in chips) is sitting out
Seat 4: b2k-Snick ($101.22 in chips) 
Seat 5: kel3vr4_23 ($40.22 in chips) 
Seat 6: worker0k ($100 in chips) 
kel3vr4_23: posts small blind $0.50
worker0k: posts big blind $1
Casti180476: sits out 
*** HOLE CARDS ***
AlexPinsk1 joins the table at seat #3 
b2k-Snick: raises $1.50 to $2.50
kel3vr4_23: folds 
worker0k: folds 
Uncalled bet ($1.50) returned to b2k-Snick
b2k-Snick collected $2.50 from pot
b2k-Snick: doesn't show hand 
*** SUMMARY ***
Total pot $2.50 | Rake $0 
Seat 2: Casti180476
Seat 4: b2k-Snick (button) collected ($2.50)
Seat 5: kel3vr4_23 (small blind) folded before Flop
Seat 6: worker0k (big blind) folded before Flop



PokerStars Hand #254674425787:  Hold'em No Limit ($0.50/$1.00 USD) - 2025/02/02 19:02:11 WET [2025/02/02 14:02:11 ET]
Table 'Cebriones' 6-max Seat #5 is the button
Seat 3: AlexPinsk1 ($100 in chips) is sitting out
Seat 2: Casti180476 ($41.26 in chips) 
Seat 4: b2k-Snick ($102.72 in chips) 
Seat 5: kel3vr4_23 ($39.72 in chips) 
Seat 6: worker0k ($100 in chips) 
worker0k: posts small blind $0.50
Casti180476: posts big blind $1
AlexPinsk1: sits out 
*** HOLE CARDS ***
b2k-Snick: raises $1.50 to $2.50
kel3vr4_23: folds 
worker0k: raises $8.50 to $11
Casti180476: calls $10
b2k-Snick: folds 
*** FLOP *** [9h Qs 6s]
worker0k: bets $86.50
Casti180476: calls $30.26 and is all-in
Uncalled bet ($56.24) returned to worker0k
*** TURN *** [9h Qs 6s] [Ts]
*** RIVER *** [9h Qs 6s Ts] [4h]
*** SHOW DOWN ***
worker0k: shows [Kd Kc] (a pair of Kings)
Casti180476: shows [Ac Qh] (a pair of Queens)
worker0k cashed out the hand for $65.71 | Cash Out Fee $1.34
*** SUMMARY ***
Total pot $85.02 | Rake $1 
Board [9h Qs 6s Ts 4h]
Seat 3: AlexPinsk1
Seat 2: Casti180476 (big blind) showed [Ac Qh] and lost with a pair of Queens
Seat 4: b2k-Snick folded before Flop
Seat 5: kel3vr4_23 (button) folded before Flop (didn't bet)
Seat 6: worker0k (small blind) showed [Kd Kc] and won ($84.02) with a pair of Kings (pot not awarded as player cashed out)



PokerStars Hand #254674439404:  Hold'em No Limit ($0.50/$1.00 USD) - 2025/02/02 19:02:51 WET [2025/02/02 14:02:51 ET]
Table 'Cebriones' 6-max Seat #6 is the button
Seat 2: Casti180476 ($0 in chips) is sitting out
Seat 3: AlexPinsk1 ($100 in chips) is sitting out
Seat 4: b2k-Snick ($100.22 in chips) 
Seat 5: kel3vr4_23 ($39.72 in chips) 
Seat 6: worker0k ($124.45 in chips) 
b2k-Snick: posts small blind $0.50
kel3vr4_23: posts big blind $1
*** HOLE CARDS ***
worker0k: folds 
b2k-Snick: raises $2 to $3
kel3vr4_23: folds 
Uncalled bet ($2) returned to b2k-Snick
b2k-Snick collected $2 from pot
b2k-Snick: doesn't show hand 
*** SUMMARY ***
Total pot $2 | Rake $0 
Seat 2: Casti180476
Seat 3: AlexPinsk1
Seat 4: b2k-Snick (small blind) collected ($2)
Seat 5: kel3vr4_23 (big blind) folded before Flop
Seat 6: worker0k (button) folded before Flop (didn't bet)



PokerStars Hand #254674443130:  Hold'em No Limit ($0.50/$1.00 USD) - 2025/02/02 19:03:02 WET [2025/02/02 14:03:02 ET]
Table 'Cebriones' 6-max Seat #4 is the button
Seat 2: Casti180476 ($0 in chips) is sitting out
Seat 6: worker0k ($124.45 in chips) is sitting out
Seat 3: AlexPinsk1 ($100 in chips) 
Seat 4: b2k-Snick ($101.22 in chips) 
Seat 5: kel3vr4_23 ($38.72 in chips) 
kel3vr4_23: posts small blind $0.50
worker0k: is sitting out 
AlexPinsk1: posts big blind $1
*** HOLE CARDS ***
Casti180476 leaves the table
worker0k leaves the table
b2k-Snick: folds 
kel3vr4_23: folds 
Uncalled bet ($0.50) returned to AlexPinsk1
AlexPinsk1 collected $1 from pot
AlexPinsk1: doesn't show hand 
*** SUMMARY ***
Total pot $1 | Rake $0 
Seat 2: Casti180476
Seat 6: worker0k
Seat 3: AlexPinsk1 (big blind) collected ($1)
Seat 4: b2k-Snick (button) folded before Flop (didn't bet)
Seat 5: kel3vr4_23 (small blind) folded before Flop



PokerStars Hand #254674446486:  Hold'em No Limit ($0.50/$1.00 USD) - 2025/02/02 19:03:12 WET [2025/02/02 14:03:12 ET]
Table 'Cebriones' 6-max Seat #5 is the button
Seat 3: AlexPinsk1 ($100.50 in chips) 
Seat 4: b2k-Snick ($101.22 in chips) 
Seat 5: kel3vr4_23 ($38.22 in chips) 
AlexPinsk1: posts small blind $0.50
b2k-Snick: posts big blind $1
*** HOLE CARDS ***
kel3vr4_23: folds 
AlexPinsk1: folds 
Uncalled bet ($0.50) returned to b2k-Snick
b2k-Snick collected $1 from pot
b2k-Snick: doesn't show hand 
*** SUMMARY ***
Total pot $1 | Rake $0 
Seat 3: AlexPinsk1 (small blind) folded before Flop
Seat 4: b2k-Snick (big blind) collected ($1)
Seat 5: kel3vr4_23 (button) folded before Flop (didn't bet)



PokerStars Hand #254674450706:  Hold'em No Limit ($0.50/$1.00 USD) - 2025/02/02 19:03:25 WET [2025/02/02 14:03:25 ET]
Table 'Cebriones' 6-max Seat #3 is the button
Seat 3: AlexPinsk1 ($100 in chips) 
Seat 4: b2k-Snick ($101.72 in chips) 
Seat 5: kel3vr4_23 ($38.22 in chips) 
b2k-Snick: posts small blind $0.50
kel3vr4_23: posts big blind $1
*** HOLE CARDS ***
AlexPinsk1: folds 
b2k-Snick: raises $2 to $3
kel3vr4_23: folds 
Uncalled bet ($2) returned to b2k-Snick
b2k-Snick collected $2 from pot
b2k-Snick: doesn't show hand 
*** SUMMARY ***
Total pot $2 | Rake $0 
Seat 3: AlexPinsk1 (button) folded before Flop (didn't bet)
Seat 4: b2k-Snick (small blind) collected ($2)
Seat 5: kel3vr4_23 (big blind) folded before Flop



PokerStars Hand #254674460825:  Hold'em No Limit ($0.50/$1.00 USD) - 2025/02/02 19:03:53 WET [2025/02/02 14:03:53 ET]
Table 'Cebriones' 6-max Seat #5 is the button
Seat 3: AlexPinsk1 ($100 in chips) is sitting out
Seat 4: b2k-Snick ($102.72 in chips) 
Seat 5: kel3vr4_23 ($37.22 in chips) 
kel3vr4_23: posts small blind $0.50
AlexPinsk1: is sitting out 
b2k-Snick: posts big blind $1
*** HOLE CARDS ***
kel3vr4_23: raises $1.50 to $2.50
b2k-Snick: folds 
Uncalled bet ($1.50) returned to kel3vr4_23
kel3vr4_23 collected $2 from pot
kel3vr4_23: doesn't show hand 
*** SUMMARY ***
Total pot $2 | Rake $0 
Seat 3: AlexPinsk1
Seat 4: b2k-Snick (big blind) folded before Flop
Seat 5: kel3vr4_23 (button) (small blind) collected ($2)



PokerStars Hand #254674464440:  Hold'em No Limit ($0.50/$1.00 USD) - 2025/02/02 19:04:03 WET [2025/02/02 14:04:03 ET]
Table 'Cebriones' 6-max Seat #4 is the button
Seat 3: AlexPinsk1 ($100 in chips) is sitting out
Seat 4: b2k-Snick ($101.72 in chips) 
Seat 5: kel3vr4_23 ($38.22 in chips) 
b2k-Snick: posts small blind $0.50
kel3vr4_23: posts big blind $1
*** HOLE CARDS ***
AlexPinsk1 leaves the table
b2k-Snick: raises $1.50 to $2.50
kel3vr4_23: raises $4.50 to $7
b2k-Snick: calls $4.50
*** FLOP *** [2d 9s Ts]
kel3vr4_23: bets $13.30
b2k-Snick: folds 
Uncalled bet ($13.30) returned to kel3vr4_23
kel3vr4_23 collected $13.30 from pot
kel3vr4_23: doesn't show hand 
*** SUMMARY ***
Total pot $14 | Rake $0.70 
Board [2d 9s Ts]
Seat 3: AlexPinsk1
Seat 4: b2k-Snick (button) (small blind) folded on the Flop
Seat 5: kel3vr4_23 (big blind) collected ($13.30)



PokerStars Hand #254674473033:  Hold'em No Limit ($0.50/$1.00 USD) - 2025/02/02 19:04:28 WET [2025/02/02 14:04:28 ET]
Table 'Cebriones' 6-max Seat #5 is the button
Seat 4: b2k-Snick ($100 in chips) 
Seat 5: kel3vr4_23 ($44.52 in chips) 
kel3vr4_23: posts small blind $0.50
b2k-Snick: posts big blind $1
*** HOLE CARDS ***
kel3vr4_23: raises $1.50 to $2.50
b2k-Snick: calls $1.50
*** FLOP *** [Jc 7d Tc]
b2k-Snick: checks 
kel3vr4_23: checks 
*** TURN *** [Jc 7d Tc] [7s]
b2k-Snick: bets $3
kel3vr4_23: calls $3
*** RIVER *** [Jc 7d Tc 7s] [Qs]
b2k-Snick: bets $8
kel3vr4_23: calls $8
*** SHOW DOWN ***
b2k-Snick: shows [3c 7c] (three of a kind, Sevens)
kel3vr4_23: mucks hand 
b2k-Snick collected $26 from pot
*** SUMMARY ***
Total pot $27 | Rake $1 
Board [Jc 7d Tc 7s Qs]
Seat 4: b2k-Snick (big blind) showed [3c 7c] and won ($26) with three of a kind, Sevens
Seat 5: kel3vr4_23 (button) (small blind) mucked



PokerStars Hand #254674485838:  Hold'em No Limit ($0.50/$1.00 USD) - 2025/02/02 19:05:04 WET [2025/02/02 14:05:04 ET]
Table 'Cebriones' 6-max Seat #4 is the button
Seat 4: b2k-Snick ($112.50 in chips) 
Seat 5: kel3vr4_23 ($31.02 in chips) 
b2k-Snick: posts small blind $0.50
kel3vr4_23: posts big blind $1
*** HOLE CARDS ***
b2k-Snick: raises $1.50 to $2.50
kel3vr4_23: folds 
Uncalled bet ($1.50) returned to b2k-Snick
b2k-Snick collected $2 from pot
b2k-Snick: doesn't show hand 
*** SUMMARY ***
Total pot $2 | Rake $0 
Seat 4: b2k-Snick (button) (small blind) collected ($2)
Seat 5: kel3vr4_23 (big blind) folded before Flop



PokerStars Hand #254674488670:  Hold'em No Limit ($0.50/$1.00 USD) - 2025/02/02 19:05:12 WET [2025/02/02 14:05:12 ET]
Table 'Cebriones' 6-max Seat #5 is the button
Seat 4: b2k-Snick ($113.50 in chips) 
Seat 5: kel3vr4_23 ($30.02 in chips) 
kel3vr4_23: posts small blind $0.50
b2k-Snick: posts big blind $1
*** HOLE CARDS ***
kel3vr4_23: raises $1.50 to $2.50
b2k-Snick: folds 
Uncalled bet ($1.50) returned to kel3vr4_23
kel3vr4_23 collected $2 from pot
kel3vr4_23: doesn't show hand 
*** SUMMARY ***
Total pot $2 | Rake $0 
Seat 4: b2k-Snick (big blind) folded before Flop
Seat 5: kel3vr4_23 (button) (small blind) collected ($2)



PokerStars Hand #254674491506:  Hold'em No Limit ($0.50/$1.00 USD) - 2025/02/02 19:05:20 WET [2025/02/02 14:05:20 ET]
Table 'Cebriones' 6-max Seat #4 is the button
Seat 4: b2k-Snick ($112.50 in chips) 
Seat 5: kel3vr4_23 ($31.02 in chips) 
b2k-Snick: posts small blind $0.50
kel3vr4_23: posts big blind $1
*** HOLE CARDS ***
b2k-Snick: raises $1.50 to $2.50
kel3vr4_23: raises $3.50 to $6
b2k-Snick: calls $3.50
*** FLOP *** [8h 2s 2h]
kel3vr4_23: checks 
b2k-Snick: checks 
*** TURN *** [8h 2s 2h] [8c]
kel3vr4_23: bets $5.70
b2k-Snick: folds 
Uncalled bet ($5.70) returned to kel3vr4_23
kel3vr4_23 collected $11.40 from pot
kel3vr4_23: doesn't show hand 
*** SUMMARY ***
Total pot $12 | Rake $0.60 
Board [8h 2s 2h 8c]
Seat 4: b2k-Snick (button) (small blind) folded on the Turn
Seat 5: kel3vr4_23 (big blind) collected ($11.40)



PokerStars Hand #254674502299:  Hold'em No Limit ($0.50/$1.00 USD) - 2025/02/02 19:05:51 WET [2025/02/02 14:05:51 ET]
Table 'Cebriones' 6-max Seat #5 is the button
Seat 4: b2k-Snick ($106.50 in chips) 
Seat 5: kel3vr4_23 ($36.42 in chips) 
kel3vr4_23: posts small blind $0.50
b2k-Snick: posts big blind $1
*** HOLE CARDS ***
kel3vr4_23: raises $1.50 to $2.50
b2k-Snick: folds 
Uncalled bet ($1.50) returned to kel3vr4_23
kel3vr4_23 collected $2 from pot
kel3vr4_23: doesn't show hand 
*** SUMMARY ***
Total pot $2 | Rake $0 
Seat 4: b2k-Snick (big blind) folded before Flop
Seat 5: kel3vr4_23 (button) (small blind) collected ($2)



PokerStars Hand #254674505158:  Hold'em No Limit ($0.50/$1.00 USD) - 2025/02/02 19:05:59 WET [2025/02/02 14:05:59 ET]
Table 'Cebriones' 6-max Seat #4 is the button
Seat 4: b2k-Snick ($105.50 in chips) 
Seat 5: kel3vr4_23 ($37.42 in chips) 
b2k-Snick: posts small blind $0.50
kel3vr4_23: posts big blind $1
*** HOLE CARDS ***
b2k-Snick: folds 
Uncalled bet ($0.50) returned to kel3vr4_23
kel3vr4_23 collected $1 from pot
kel3vr4_23: doesn't show hand 
*** SUMMARY ***
Total pot $1 | Rake $0 
Seat 4: b2k-Snick (button) (small blind) folded before Flop
Seat 5: kel3vr4_23 (big blind) collected ($1)



PokerStars Hand #254674508120:  Hold'em No Limit ($0.50/$1.00 USD) - 2025/02/02 19:06:06 WET [2025/02/02 14:06:06 ET]
Table 'Cebriones' 6-max Seat #5 is the button
Seat 4: b2k-Snick ($105 in chips) 
Seat 5: kel3vr4_23 ($37.92 in chips) 
kel3vr4_23: posts small blind $0.50
b2k-Snick: posts big blind $1
*** HOLE CARDS ***
kel3vr4_23: folds 
Uncalled bet ($0.50) returned to b2k-Snick
kel3vr4_23 leaves the table
b2k-Snick collected $1 from pot
b2k-Snick: doesn't show hand 
*** SUMMARY ***
Total pot $1 | Rake $0 
Seat 4: b2k-Snick (big blind) collected ($1)
Seat 5: kel3vr4_23 (button) (small blind) folded before Flop



