PokerStars Hand #254674368695:  Hold'em No Limit ($0.50/$1.00 USD) - 2025/02/02 18:58:14 WET [2025/02/02 13:58:14 ET]
Table 'Hamal II' 6-max Seat #2 is the button
Seat 2: 64Herz ($10.50 in chips) 
Seat 4: ptolejmus ($10 in chips) 
64Herz: posts small blind $0.50
ptolejmus: posts big blind $1
*** HOLE CARDS ***
64Herz: calls $0.50
4ihKZ joins the table at seat #3 
ptolejmus: raises $9 to $10 and is all-in
64Herz: folds 
Uncalled bet ($9) returned to ptolejmus
ptolejmus collected $2 from pot
*** SUMMARY ***
Total pot $2 | Rake $0 
Seat 2: 64Herz (button) (small blind) folded before Flop
Seat 4: ptolejmus (big blind) collected ($2)



PokerStars Hand #254674371535:  Hold'em No Limit ($0.50/$1.00 USD) - 2025/02/02 18:58:28 WET [2025/02/02 13:58:28 ET]
Table 'Hamal II' 6-max Seat #4 is the button
Seat 2: 64Herz ($9.50 in chips) 
Seat 3: 4ihKZ ($10 in chips) 
Seat 4: ptolejmus ($11 in chips) 
64Herz: posts small blind $0.50
4ihKZ: posts big blind $1
*** HOLE CARDS ***
ptolejmus: folds 
64Herz: calls $0.50
4ihKZ: checks 
*** FLOP *** [Qh 9h 6d]
64Herz: bets $1
IREQO joins the table at seat #5 
4ihKZ: raises $2 to $3
64Herz: folds 
Uncalled bet ($2) returned to 4ihKZ
4ihKZ collected $3.80 from pot
4ihKZ: doesn't show hand 
*** SUMMARY ***
Total pot $4 | Rake $0.20 
Board [Qh 9h 6d]
Seat 2: 64Herz (small blind) folded on the Flop
Seat 3: 4ihKZ (big blind) collected ($3.80)
Seat 4: ptolejmus (button) folded before Flop (didn't bet)



PokerStars Hand #254674381357:  Hold'em No Limit ($0.50/$1.00 USD) - 2025/02/02 18:59:15 WET [2025/02/02 13:59:15 ET]
Table 'Hamal II' 6-max Seat #2 is the button
Seat 5: IREQO ($98.37 in chips) is sitting out
Seat 2: 64Herz ($7.50 in chips) 
Seat 3: 4ihKZ ($11.80 in chips) 
Seat 4: ptolejmus ($11 in chips) 
4ihKZ: posts small blind $0.50
ptolejmus: posts big blind $1
IREQO: sits out 
*** HOLE CARDS ***
64Herz: folds 
4ihKZ: raises $10.80 to $11.80 and is all-in
KarP93 joins the table at seat #6 
ptolejmus: folds 
Uncalled bet ($10.80) returned to 4ihKZ
4ihKZ collected $2 from pot
4ihKZ: doesn't show hand 
*** SUMMARY ***
Total pot $2 | Rake $0 
Seat 5: IREQO
Seat 2: 64Herz (button) folded before Flop (didn't bet)
Seat 3: 4ihKZ (small blind) collected ($2)
Seat 4: ptolejmus (big blind) folded before Flop



PokerStars Hand #254674385509:  Hold'em No Limit ($0.50/$1.00 USD) - 2025/02/02 18:59:36 WET [2025/02/02 13:59:36 ET]
Table 'Hamal II' 6-max Seat #3 is the button
Seat 6: KarP93 ($100 in chips) is sitting out
Seat 2: 64Herz ($30.74 in chips) 
Seat 3: 4ihKZ ($12.80 in chips) 
Seat 4: ptolejmus ($10 in chips) 
Seat 5: IREQO ($98.37 in chips) 
ptolejmus: posts small blind $0.50
IREQO: posts big blind $1
KarP93: sits out 
*** HOLE CARDS ***
64Herz: raises $1 to $2
mariofcd joins the table at seat #1 
4ihKZ: raises $10.80 to $12.80 and is all-in
ptolejmus: folds 
IREQO: folds 
64Herz: calls $10.80
*** FIRST FLOP *** [3h 2s 7c]
*** FIRST TURN *** [3h 2s 7c] [2h]
*** FIRST RIVER *** [3h 2s 7c 2h] [8s]
*** SECOND FLOP *** [6h 6c 8h]
*** SECOND TURN *** [6h 6c 8h] [9c]
*** SECOND RIVER *** [6h 6c 8h 9c] [4c]
*** FIRST SHOW DOWN ***
64Herz: shows [Ah 5s] (a pair of Deuces)
4ihKZ: shows [As Qc] (a pair of Deuces - Ace+Queen kicker)
4ihKZ collected $13.05 from pot
*** SECOND SHOW DOWN ***
64Herz: shows [Ah 5s] (a pair of Sixes)
4ihKZ: shows [As Qc] (a pair of Sixes - Ace+Queen kicker)
4ihKZ collected $13.05 from pot
*** SUMMARY ***
Total pot $27.10 | Rake $1 
Hand was run twice
FIRST Board [3h 2s 7c 2h 8s]
SECOND Board [6h 6c 8h 9c 4c]
Seat 6: KarP93
Seat 2: 64Herz showed [Ah 5s] and lost with a pair of Deuces, and lost with a pair of Sixes
Seat 3: 4ihKZ (button) showed [As Qc] and won ($13.05) with a pair of Deuces, and won ($13.05) with a pair of Sixes
Seat 4: ptolejmus (small blind) folded before Flop
Seat 5: IREQO (big blind) folded before Flop



PokerStars Hand #254674394973:  Hold'em No Limit ($0.50/$1.00 USD) - 2025/02/02 19:00:17 WET [2025/02/02 14:00:17 ET]
Table 'Hamal II' 6-max Seat #4 is the button
Seat 1: mariofcd ($100 in chips) is sitting out
Seat 2: 64Herz ($17.94 in chips) 
Seat 3: 4ihKZ ($26.10 in chips) 
Seat 4: ptolejmus ($10 in chips) 
Seat 5: IREQO ($97.37 in chips) 
Seat 6: KarP93 ($100 in chips) 
IREQO: posts small blind $0.50
KarP93: posts big blind $1
mariofcd: sits out 
*** HOLE CARDS ***
64Herz: raises $1 to $2
4ihKZ: folds 
ptolejmus: raises $8 to $10 and is all-in
IREQO: folds 
KarP93: folds 
64Herz: folds 
Uncalled bet ($8) returned to ptolejmus
ptolejmus collected $5.50 from pot
*** SUMMARY ***
Total pot $5.50 | Rake $0 
Seat 1: mariofcd
Seat 2: 64Herz folded before Flop
Seat 3: 4ihKZ folded before Flop (didn't bet)
Seat 4: ptolejmus (button) collected ($5.50)
Seat 5: IREQO (small blind) folded before Flop
Seat 6: KarP93 (big blind) folded before Flop



PokerStars Hand #254674409144:  Hold'em No Limit ($0.50/$1.00 USD) - 2025/02/02 19:01:14 WET [2025/02/02 14:01:14 ET]
Table 'Hamal II' 6-max Seat #5 is the button
Seat 1: mariofcd ($100 in chips) 
Seat 2: 64Herz ($15.94 in chips) 
Seat 3: 4ihKZ ($26.10 in chips) 
Seat 4: ptolejmus ($13.50 in chips) 
Seat 5: IREQO ($96.87 in chips) 
Seat 6: KarP93 ($100 in chips) 
KarP93: posts small blind $0.50
mariofcd: posts big blind $1
*** HOLE CARDS ***
64Herz: calls $1
4ihKZ: folds 
ptolejmus: folds 
IREQO: raises $4 to $5
KarP93: folds 
mariofcd: folds 
64Herz: calls $4
*** FLOP *** [Qc 7s 9d]
64Herz: bets $10.94 and is all-in
IREQO: calls $10.94
IREQO has timed out
*** TURN *** [Qc 7s 9d] [9s]
*** RIVER *** [Qc 7s 9d 9s] [6c]
*** SHOW DOWN ***
64Herz: shows [8c Tc] (a straight, Six to Ten)
IREQO: shows [Kd Ks] (two pair, Kings and Nines)
64Herz collected $31.29 from pot
*** SUMMARY ***
Total pot $33.38 | Rake $2.09 
Board [Qc 7s 9d 9s 6c]
Seat 1: mariofcd (big blind) folded before Flop
Seat 2: 64Herz showed [8c Tc] and won ($31.29) with a straight, Six to Ten
Seat 3: 4ihKZ folded before Flop (didn't bet)
Seat 4: ptolejmus folded before Flop (didn't bet)
Seat 5: IREQO (button) showed [Kd Ks] and lost with two pair, Kings and Nines
Seat 6: KarP93 (small blind) folded before Flop



PokerStars Hand #254674422774:  Hold'em No Limit ($0.50/$1.00 USD) - 2025/02/02 19:02:02 WET [2025/02/02 14:02:02 ET]
Table 'Hamal II' 6-max Seat #6 is the button
Seat 1: mariofcd ($100 in chips) 
Seat 2: 64Herz ($31.29 in chips) 
Seat 3: 4ihKZ ($26.10 in chips) 
Seat 4: ptolejmus ($13.50 in chips) 
Seat 5: IREQO ($80.93 in chips) 
Seat 6: KarP93 ($100 in chips) 
mariofcd: posts small blind $0.50
64Herz: posts big blind $1
*** HOLE CARDS ***
4ihKZ: folds 
ptolejmus: folds 
IREQO: raises $1.50 to $2.50
KarP93: folds 
mariofcd: raises $8.50 to $11
64Herz: folds 
IREQO: folds 
Uncalled bet ($8.50) returned to mariofcd
mariofcd collected $6 from pot
mariofcd: doesn't show hand 
*** SUMMARY ***
Total pot $6 | Rake $0 
Seat 1: mariofcd (small blind) collected ($6)
Seat 2: 64Herz (big blind) folded before Flop
Seat 3: 4ihKZ folded before Flop (didn't bet)
Seat 4: ptolejmus folded before Flop (didn't bet)
Seat 5: IREQO folded before Flop
Seat 6: KarP93 (button) folded before Flop (didn't bet)



PokerStars Hand #254674435204:  Hold'em No Limit ($0.50/$1.00 USD) - 2025/02/02 19:02:39 WET [2025/02/02 14:02:39 ET]
Table 'Hamal II' 6-max Seat #1 is the button
Seat 1: mariofcd ($103.50 in chips) 
Seat 2: 64Herz ($30.29 in chips) 
Seat 3: 4ihKZ ($26.10 in chips) 
Seat 4: ptolejmus ($13.50 in chips) 
Seat 5: IREQO ($78.43 in chips) 
Seat 6: KarP93 ($100 in chips) 
64Herz: posts small blind $0.50
4ihKZ: posts big blind $1
*** HOLE CARDS ***
ptolejmus: raises $1 to $2
IREQO: folds 
KarP93: folds 
mariofcd: folds 
64Herz: calls $1.50
4ihKZ: folds 
*** FLOP *** [2d 8d 9s]
64Herz: bets $3
ptolejmus: folds 
Uncalled bet ($3) returned to 64Herz
64Herz collected $4.69 from pot
*** SUMMARY ***
Total pot $5 | Rake $0.31 
Board [2d 8d 9s]
Seat 1: mariofcd (button) folded before Flop (didn't bet)
Seat 2: 64Herz (small blind) collected ($4.69)
Seat 3: 4ihKZ (big blind) folded before Flop
Seat 4: ptolejmus folded on the Flop
Seat 5: IREQO folded before Flop (didn't bet)
Seat 6: KarP93 folded before Flop (didn't bet)



PokerStars Hand #254674446007:  Hold'em No Limit ($0.50/$1.00 USD) - 2025/02/02 19:03:11 WET [2025/02/02 14:03:11 ET]
Table 'Hamal II' 6-max Seat #2 is the button
Seat 1: mariofcd ($103.50 in chips) 
Seat 2: 64Herz ($32.98 in chips) 
Seat 3: 4ihKZ ($25.10 in chips) 
Seat 4: ptolejmus ($11.50 in chips) 
Seat 5: IREQO ($78.43 in chips) 
Seat 6: KarP93 ($100 in chips) 
4ihKZ: posts small blind $0.50
ptolejmus: posts big blind $1
*** HOLE CARDS ***
IREQO: folds 
KarP93: folds 
mariofcd: folds 
64Herz: folds 
4ihKZ: folds 
Uncalled bet ($0.50) returned to ptolejmus
ptolejmus collected $1 from pot
*** SUMMARY ***
Total pot $1 | Rake $0 
Seat 1: mariofcd folded before Flop (didn't bet)
Seat 2: 64Herz (button) folded before Flop (didn't bet)
Seat 3: 4ihKZ (small blind) folded before Flop
Seat 4: ptolejmus (big blind) collected ($1)
Seat 5: IREQO folded before Flop (didn't bet)
Seat 6: KarP93 folded before Flop (didn't bet)



PokerStars Hand #254674451468:  Hold'em No Limit ($0.50/$1.00 USD) - 2025/02/02 19:03:27 WET [2025/02/02 14:03:27 ET]
Table 'Hamal II' 6-max Seat #3 is the button
Seat 1: mariofcd ($103.50 in chips) 
Seat 2: 64Herz ($32.98 in chips) 
Seat 3: 4ihKZ ($24.60 in chips) 
Seat 4: ptolejmus ($12 in chips) 
Seat 5: IREQO ($78.43 in chips) 
Seat 6: KarP93 ($100 in chips) 
ptolejmus: posts small blind $0.50
IREQO: posts big blind $1
*** HOLE CARDS ***
KarP93: folds 
mariofcd: folds 
64Herz: raises $2 to $3
4ihKZ: folds 
ptolejmus: folds 
IREQO: folds 
Uncalled bet ($2) returned to 64Herz
64Herz collected $2.50 from pot
*** SUMMARY ***
Total pot $2.50 | Rake $0 
Seat 1: mariofcd folded before Flop (didn't bet)
Seat 2: 64Herz collected ($2.50)
Seat 3: 4ihKZ (button) folded before Flop (didn't bet)
Seat 4: ptolejmus (small blind) folded before Flop
Seat 5: IREQO (big blind) folded before Flop
Seat 6: KarP93 folded before Flop (didn't bet)



PokerStars Hand #254674459737:  Hold'em No Limit ($0.50/$1.00 USD) - 2025/02/02 19:03:49 WET [2025/02/02 14:03:49 ET]
Table 'Hamal II' 6-max Seat #4 is the button
Seat 6: KarP93 ($100 in chips) is sitting out
Seat 1: mariofcd ($103.50 in chips) 
Seat 2: 64Herz ($34.48 in chips) 
Seat 3: 4ihKZ ($24.60 in chips) 
Seat 4: ptolejmus ($11.50 in chips) 
Seat 5: IREQO ($77.43 in chips) 
IREQO: posts small blind $0.50
KarP93: is sitting out 
mariofcd: posts big blind $1
*** HOLE CARDS ***
64Herz: raises $1 to $2
4ihKZ: folds 
KarP93 leaves the table
ptolejmus: folds 
IREQO: calls $1.50
mariofcd: folds 
*** FLOP *** [Js 7d 3s]
AlexPinsk1 joins the table at seat #6 
IREQO: checks 
64Herz: bets $2.75
IREQO: calls $2.75
*** TURN *** [Js 7d 3s] [2s]
IREQO: checks 
64Herz: bets $4
IREQO: calls $4
*** RIVER *** [Js 7d 3s 2s] [Jd]
IREQO: checks 
64Herz: checks 
*** SHOW DOWN ***
IREQO: shows [9s 9d] (two pair, Jacks and Nines)
64Herz: mucks hand 
IREQO collected $17.58 from pot
*** SUMMARY ***
Total pot $18.50 | Rake $0.92 
Board [Js 7d 3s 2s Jd]
Seat 6: KarP93
Seat 1: mariofcd (big blind) folded before Flop
Seat 2: 64Herz mucked
Seat 3: 4ihKZ folded before Flop (didn't bet)
Seat 4: ptolejmus (button) folded before Flop (didn't bet)
Seat 5: IREQO (small blind) showed [9s 9d] and won ($17.58) with two pair, Jacks and Nines



PokerStars Hand #254674492345:  Hold'em No Limit ($0.50/$1.00 USD) - 2025/02/02 19:05:22 WET [2025/02/02 14:05:22 ET]
Table 'Hamal II' 6-max Seat #5 is the button
Seat 6: AlexPinsk1 ($100 in chips) is sitting out
Seat 1: mariofcd ($102.50 in chips) 
Seat 2: 64Herz ($25.73 in chips) 
Seat 3: 4ihKZ ($24.60 in chips) 
Seat 4: ptolejmus ($11.50 in chips) 
Seat 5: IREQO ($86.26 in chips) 
mariofcd: posts small blind $0.50
64Herz: posts big blind $1
*** HOLE CARDS ***
4ihKZ: folds 
ptolejmus: folds 
IREQO: folds 
mariofcd: raises $2 to $3
64Herz: raises $22.73 to $25.73 and is all-in
mariofcd: folds 
Uncalled bet ($22.73) returned to 64Herz
64Herz collected $6 from pot
*** SUMMARY ***
Total pot $6 | Rake $0 
Seat 6: AlexPinsk1
Seat 1: mariofcd (small blind) folded before Flop
Seat 2: 64Herz (big blind) collected ($6)
Seat 3: 4ihKZ folded before Flop (didn't bet)
Seat 4: ptolejmus folded before Flop (didn't bet)
Seat 5: IREQO (button) folded before Flop (didn't bet)



PokerStars Hand #254674498877:  Hold'em No Limit ($0.50/$1.00 USD) - 2025/02/02 19:05:41 WET [2025/02/02 14:05:41 ET]
Table 'Hamal II' 6-max Seat #1 is the button
Seat 6: AlexPinsk1 ($100 in chips) is sitting out
Seat 1: mariofcd ($100 in chips) 
Seat 2: 64Herz ($28.73 in chips) 
Seat 3: 4ihKZ ($24.60 in chips) 
Seat 4: ptolejmus ($11.50 in chips) 
Seat 5: IREQO ($86.26 in chips) 
64Herz: posts small blind $0.50
4ihKZ: posts big blind $1
AlexPinsk1: sits out 
*** HOLE CARDS ***
ptolejmus: folds 
IREQO: folds 
mariofcd: raises $1.45 to $2.45
64Herz: calls $1.95
4ihKZ: raises $22.15 to $24.60 and is all-in
mariofcd: folds 
64Herz: folds 
Uncalled bet ($22.15) returned to 4ihKZ
4ihKZ collected $7.35 from pot
4ihKZ: doesn't show hand 
*** SUMMARY ***
Total pot $7.35 | Rake $0 
Seat 6: AlexPinsk1
Seat 1: mariofcd (button) folded before Flop
Seat 2: 64Herz (small blind) folded before Flop
Seat 3: 4ihKZ (big blind) collected ($7.35)
Seat 4: ptolejmus folded before Flop (didn't bet)
Seat 5: IREQO folded before Flop (didn't bet)



PokerStars Hand #254674507223:  Hold'em No Limit ($0.50/$1.00 USD) - 2025/02/02 19:06:04 WET [2025/02/02 14:06:04 ET]
Table 'Hamal II' 6-max Seat #2 is the button
Seat 6: AlexPinsk1 ($100 in chips) is sitting out
Seat 1: mariofcd ($100 in chips) 
Seat 2: 64Herz ($26.28 in chips) 
Seat 3: 4ihKZ ($29.50 in chips) 
Seat 4: ptolejmus ($11.50 in chips) 
Seat 5: IREQO ($98.37 in chips) 
4ihKZ: posts small blind $0.50
ptolejmus: posts big blind $1
AlexPinsk1: sits out 
*** HOLE CARDS ***
IREQO: raises $1.50 to $2.50
mariofcd: folds 
64Herz: folds 
4ihKZ: folds 
ptolejmus: raises $9 to $11.50 and is all-in
IREQO: calls $9
*** FLOP *** [8d 3s Kd]
*** TURN *** [8d 3s Kd] [8c]
*** RIVER *** [8d 3s Kd 8c] [Td]
*** SHOW DOWN ***
ptolejmus: shows [Ac Ah] (two pair, Aces and Eights)
IREQO: shows [As Ad] (two pair, Aces and Eights)
ptolejmus collected $11.16 from pot
IREQO collected $11.16 from pot
*** SUMMARY ***
Total pot $23.50 | Rake $1.18 
Board [8d 3s Kd 8c Td]
Seat 6: AlexPinsk1
Seat 1: mariofcd folded before Flop (didn't bet)
Seat 2: 64Herz (button) folded before Flop (didn't bet)
Seat 3: 4ihKZ (small blind) folded before Flop
Seat 4: ptolejmus (big blind) showed [Ac Ah] and won ($11.16) with two pair, Aces and Eights
Seat 5: IREQO showed [As Ad] and won ($11.16) with two pair, Aces and Eights



PokerStars Hand #254674521442:  Hold'em No Limit ($0.50/$1.00 USD) - 2025/02/02 19:06:44 WET [2025/02/02 14:06:44 ET]
Table 'Hamal II' 6-max Seat #3 is the button
Seat 6: AlexPinsk1 ($100 in chips) is sitting out
Seat 1: mariofcd ($100 in chips) 
Seat 2: 64Herz ($26.28 in chips) 
Seat 3: 4ihKZ ($29 in chips) 
Seat 4: ptolejmus ($11.16 in chips) 
Seat 5: IREQO ($98.37 in chips) 
ptolejmus: posts small blind $0.50
IREQO: posts big blind $1
AlexPinsk1: sits out 
*** HOLE CARDS ***
mariofcd: raises $1.20 to $2.20
64Herz: calls $2.20
4ihKZ: folds 
ptolejmus: folds 
IREQO: folds 
*** FLOP *** [4c 9s 5c]
mariofcd: checks 
64Herz: bets $3
mariofcd: folds 
Uncalled bet ($3) returned to 64Herz
64Herz collected $5.52 from pot
*** SUMMARY ***
Total pot $5.90 | Rake $0.38 
Board [4c 9s 5c]
Seat 6: AlexPinsk1
Seat 1: mariofcd folded on the Flop
Seat 2: 64Herz collected ($5.52)
Seat 3: 4ihKZ (button) folded before Flop (didn't bet)
Seat 4: ptolejmus (small blind) folded before Flop
Seat 5: IREQO (big blind) folded before Flop



PokerStars Hand #254674534496:  Hold'em No Limit ($0.50/$1.00 USD) - 2025/02/02 19:07:19 WET [2025/02/02 14:07:19 ET]
Table 'Hamal II' 6-max Seat #4 is the button
Seat 1: mariofcd ($100 in chips) 
Seat 2: 64Herz ($29.60 in chips) 
Seat 3: 4ihKZ ($29 in chips) 
Seat 4: ptolejmus ($10.66 in chips) 
Seat 5: IREQO ($98.37 in chips) 
Seat 6: AlexPinsk1 ($100 in chips) 
IREQO: posts small blind $0.50
AlexPinsk1: posts big blind $1
*** HOLE CARDS ***
mariofcd: folds 
64Herz: calls $1
4ihKZ: folds 
ptolejmus: raises $9.66 to $10.66 and is all-in
IREQO: folds 
AlexPinsk1: folds 
64Herz: folds 
Uncalled bet ($9.66) returned to ptolejmus
ptolejmus collected $3.50 from pot
*** SUMMARY ***
Total pot $3.50 | Rake $0 
Seat 1: mariofcd folded before Flop (didn't bet)
Seat 2: 64Herz folded before Flop
Seat 3: 4ihKZ folded before Flop (didn't bet)
Seat 4: ptolejmus (button) collected ($3.50)
Seat 5: IREQO (small blind) folded before Flop
Seat 6: AlexPinsk1 (big blind) folded before Flop



PokerStars Hand #254674711820:  Hold'em No Limit ($0.50/$1.00 USD) - 2025/02/02 19:15:24 WET [2025/02/02 14:15:24 ET]
Table 'Hamal II' 6-max Seat #3 is the button
Seat 1: mariofcd ($100 in chips) 
Seat 2: 64Herz ($34.80 in chips) 
Seat 3: 4ihKZ ($100 in chips) 
Seat 4: ptolejmus ($12.50 in chips) 
Seat 5: IREQO ($98.37 in chips) 
Seat 6: AlexPinsk1 ($107.85 in chips) 
ptolejmus: posts small blind $0.50
IREQO: posts big blind $1
*** HOLE CARDS ***
AlexPinsk1: raises $1 to $2
mariofcd: folds 
64Herz: folds 
4ihKZ: folds 
ptolejmus: folds 
IREQO: folds 
Uncalled bet ($1) returned to AlexPinsk1
AlexPinsk1 collected $2.50 from pot
AlexPinsk1: doesn't show hand 
*** SUMMARY ***
Total pot $2.50 | Rake $0 
Seat 1: mariofcd folded before Flop (didn't bet)
Seat 2: 64Herz folded before Flop (didn't bet)
Seat 3: 4ihKZ (button) folded before Flop (didn't bet)
Seat 4: ptolejmus (small blind) folded before Flop
Seat 5: IREQO (big blind) folded before Flop
Seat 6: AlexPinsk1 collected ($2.50)



PokerStars Hand #254674725841:  Hold'em No Limit ($0.50/$1.00 USD) - 2025/02/02 19:16:02 WET [2025/02/02 14:16:02 ET]
Table 'Hamal II' 6-max Seat #4 is the button
Seat 1: mariofcd ($100 in chips) 
Seat 2: 64Herz ($34.80 in chips) 
Seat 3: 4ihKZ ($100 in chips) 
Seat 4: ptolejmus ($12 in chips) 
Seat 5: IREQO ($98.37 in chips) 
Seat 6: AlexPinsk1 ($109.35 in chips) 
IREQO: posts small blind $0.50
AlexPinsk1: posts big blind $1
*** HOLE CARDS ***
mariofcd: folds 
64Herz: raises $1 to $2
4ihKZ: folds 
ptolejmus: folds 
IREQO: folds 
AlexPinsk1: folds 
Uncalled bet ($1) returned to 64Herz
64Herz collected $2.50 from pot
*** SUMMARY ***
Total pot $2.50 | Rake $0 
Seat 1: mariofcd folded before Flop (didn't bet)
Seat 2: 64Herz collected ($2.50)
Seat 3: 4ihKZ folded before Flop (didn't bet)
Seat 4: ptolejmus (button) folded before Flop (didn't bet)
Seat 5: IREQO (small blind) folded before Flop
Seat 6: AlexPinsk1 (big blind) folded before Flop



PokerStars Hand #254674734431:  Hold'em No Limit ($0.50/$1.00 USD) - 2025/02/02 19:16:25 WET [2025/02/02 14:16:25 ET]
Table 'Hamal II' 6-max Seat #5 is the button
Seat 1: mariofcd ($100 in chips) 
Seat 2: 64Herz ($36.30 in chips) 
Seat 3: 4ihKZ ($100 in chips) 
Seat 4: ptolejmus ($12 in chips) 
Seat 5: IREQO ($98.37 in chips) 
Seat 6: AlexPinsk1 ($108.35 in chips) 
AlexPinsk1: posts small blind $0.50
mariofcd: posts big blind $1
*** HOLE CARDS ***
64Herz: calls $1
4ihKZ: folds 
ptolejmus: folds 
IREQO: folds 
AlexPinsk1: folds 
mariofcd: checks 
*** FLOP *** [Tc Ts 6d]
mariofcd: checks 
64Herz: bets $2
mariofcd: folds 
Uncalled bet ($2) returned to 64Herz
64Herz collected $2.35 from pot
*** SUMMARY ***
Total pot $2.50 | Rake $0.15 
Board [Tc Ts 6d]
Seat 1: mariofcd (big blind) folded on the Flop
Seat 2: 64Herz collected ($2.35)
Seat 3: 4ihKZ folded before Flop (didn't bet)
Seat 4: ptolejmus folded before Flop (didn't bet)
Seat 5: IREQO (button) folded before Flop (didn't bet)
Seat 6: AlexPinsk1 (small blind) folded before Flop



PokerStars Hand #254674746194:  Hold'em No Limit ($0.50/$1.00 USD) - 2025/02/02 19:16:57 WET [2025/02/02 14:16:57 ET]
Table 'Hamal II' 6-max Seat #6 is the button
Seat 1: mariofcd ($100 in chips) 
Seat 2: 64Herz ($37.65 in chips) 
Seat 3: 4ihKZ ($100 in chips) 
Seat 4: ptolejmus ($12 in chips) 
Seat 5: IREQO ($98.37 in chips) 
Seat 6: AlexPinsk1 ($107.85 in chips) 
mariofcd: posts small blind $0.50
64Herz: posts big blind $1
*** HOLE CARDS ***
4ihKZ: folds 
ptolejmus: folds 
IREQO: folds 
AlexPinsk1: raises $1.50 to $2.50
mariofcd: folds 
64Herz: calls $1.50
*** FLOP *** [5s 6h 6d]
64Herz: checks 
AlexPinsk1: bets $1.72
64Herz: calls $1.72
*** TURN *** [5s 6h 6d] [Ts]
64Herz: checks 
AlexPinsk1: bets $6.37
64Herz: folds 
Uncalled bet ($6.37) returned to AlexPinsk1
AlexPinsk1 collected $8.49 from pot
AlexPinsk1: doesn't show hand 
*** SUMMARY ***
Total pot $8.94 | Rake $0.45 
Board [5s 6h 6d Ts]
Seat 1: mariofcd (small blind) folded before Flop
Seat 2: 64Herz (big blind) folded on the Turn
Seat 3: 4ihKZ folded before Flop (didn't bet)
Seat 4: ptolejmus folded before Flop (didn't bet)
Seat 5: IREQO folded before Flop (didn't bet)
Seat 6: AlexPinsk1 (button) collected ($8.49)



PokerStars Hand #254674770443:  Hold'em No Limit ($0.50/$1.00 USD) - 2025/02/02 19:18:03 WET [2025/02/02 14:18:03 ET]
Table 'Hamal II' 6-max Seat #1 is the button
Seat 1: mariofcd ($100 in chips) 
Seat 2: 64Herz ($33.43 in chips) 
Seat 3: 4ihKZ ($100 in chips) 
Seat 4: ptolejmus ($12 in chips) 
Seat 5: IREQO ($100 in chips) 
Seat 6: AlexPinsk1 ($112.12 in chips) 
64Herz: posts small blind $0.50
4ihKZ: posts big blind $1
*** HOLE CARDS ***
ptolejmus: folds 
IREQO has timed out
IREQO: folds 
AlexPinsk1: raises $1.50 to $2.50
mariofcd: folds 
64Herz: calls $2
4ihKZ: calls $1.50
*** FLOP *** [Js 2h 3s]
64Herz: bets $3
4ihKZ: folds 
AlexPinsk1: folds 
Uncalled bet ($3) returned to 64Herz
64Herz collected $7.02 from pot
*** SUMMARY ***
Total pot $7.50 | Rake $0.48 
Board [Js 2h 3s]
Seat 1: mariofcd (button) folded before Flop (didn't bet)
Seat 2: 64Herz (small blind) collected ($7.02)
Seat 3: 4ihKZ (big blind) folded on the Flop
Seat 4: ptolejmus folded before Flop (didn't bet)
Seat 5: IREQO folded before Flop (didn't bet)
Seat 6: AlexPinsk1 folded on the Flop



PokerStars Hand #254674787095:  Hold'em No Limit ($0.50/$1.00 USD) - 2025/02/02 19:18:48 WET [2025/02/02 14:18:48 ET]
Table 'Hamal II' 6-max Seat #2 is the button
Seat 1: mariofcd ($100 in chips) 
Seat 2: 64Herz ($37.95 in chips) 
Seat 3: 4ihKZ ($100 in chips) 
Seat 4: ptolejmus ($12 in chips) 
Seat 5: IREQO ($100 in chips) 
Seat 6: AlexPinsk1 ($109.62 in chips) 
4ihKZ: posts small blind $0.50
ptolejmus: posts big blind $1
*** HOLE CARDS ***
IREQO: folds 
AlexPinsk1: folds 
mariofcd: raises $1.25 to $2.25
64Herz: folds 
4ihKZ: folds 
ptolejmus: folds 
Uncalled bet ($1.25) returned to mariofcd
mariofcd collected $2.50 from pot
mariofcd: doesn't show hand 
*** SUMMARY ***
Total pot $2.50 | Rake $0 
Seat 1: mariofcd collected ($2.50)
Seat 2: 64Herz (button) folded before Flop (didn't bet)
Seat 3: 4ihKZ (small blind) folded before Flop
Seat 4: ptolejmus (big blind) folded before Flop
Seat 5: IREQO folded before Flop (didn't bet)
Seat 6: AlexPinsk1 folded before Flop (didn't bet)



PokerStars Hand #254674796716:  Hold'em No Limit ($0.50/$1.00 USD) - 2025/02/02 19:19:14 WET [2025/02/02 14:19:14 ET]
Table 'Hamal II' 6-max Seat #3 is the button
Seat 1: mariofcd ($101.50 in chips) 
Seat 2: 64Herz ($37.95 in chips) 
Seat 3: 4ihKZ ($100 in chips) 
Seat 4: ptolejmus ($11 in chips) 
Seat 5: IREQO ($100 in chips) 
Seat 6: AlexPinsk1 ($109.62 in chips) 
ptolejmus: posts small blind $0.50
IREQO: posts big blind $1
*** HOLE CARDS ***
AlexPinsk1: folds 
mariofcd: folds 
64Herz: calls $1
4ihKZ: folds 
ptolejmus: calls $0.50
IREQO: checks 
*** FLOP *** [6c 5d 2h]
ptolejmus: checks 
IREQO: bets $1.43
64Herz: calls $1.43
ptolejmus: folds 
*** TURN *** [6c 5d 2h] [9h]
IREQO: bets $2.79
64Herz: calls $2.79
*** RIVER *** [6c 5d 2h 9h] [9d]
IREQO: checks 
64Herz: bets $6.44
IREQO: folds 
Uncalled bet ($6.44) returned to 64Herz
64Herz collected $10.73 from pot
*** SUMMARY ***
Total pot $11.44 | Rake $0.71 
Board [6c 5d 2h 9h 9d]
Seat 1: mariofcd folded before Flop (didn't bet)
Seat 2: 64Herz collected ($10.73)
Seat 3: 4ihKZ (button) folded before Flop (didn't bet)
Seat 4: ptolejmus (small blind) folded on the Flop
Seat 5: IREQO (big blind) folded on the River
Seat 6: AlexPinsk1 folded before Flop (didn't bet)



PokerStars Hand #254674828146:  Hold'em No Limit ($0.50/$1.00 USD) - 2025/02/02 19:20:39 WET [2025/02/02 14:20:39 ET]
Table 'Hamal II' 6-max Seat #4 is the button
Seat 1: mariofcd ($101.50 in chips) 
Seat 2: 64Herz ($43.46 in chips) 
Seat 3: 4ihKZ ($100 in chips) 
Seat 4: ptolejmus ($10 in chips) 
Seat 5: IREQO ($98.37 in chips) 
Seat 6: AlexPinsk1 ($109.62 in chips) 
IREQO: posts small blind $0.50
AlexPinsk1: posts big blind $1
*** HOLE CARDS ***
mariofcd: folds 
64Herz: raises $2 to $3
4ihKZ: calls $3
ptolejmus: folds 
IREQO: folds 
AlexPinsk1: raises $11.50 to $14.50
64Herz: calls $11.50
4ihKZ: folds 
*** FLOP *** [5d Jc 2d]
AlexPinsk1: checks 
64Herz: bets $11
AlexPinsk1: calls $11
*** TURN *** [5d Jc 2d] [8s]
AlexPinsk1: checks 
64Herz: bets $17.96 and is all-in
AlexPinsk1: calls $17.96
*** FIRST RIVER *** [5d Jc 2d 8s] [Kh]
*** SECOND RIVER *** [5d Jc 2d 8s] [5h]
*** FIRST SHOW DOWN ***
AlexPinsk1: shows [Ad Ah] (a pair of Aces)
64Herz: shows [4h 2h] (a pair of Deuces)
AlexPinsk1 collected $43.96 from pot
*** SECOND SHOW DOWN ***
AlexPinsk1: shows [Ad Ah] (two pair, Aces and Fives)
64Herz: shows [4h 2h] (two pair, Fives and Deuces)
AlexPinsk1 collected $43.96 from pot
*** SUMMARY ***
Total pot $90.42 | Rake $2.50 
Hand was run twice
FIRST Board [5d Jc 2d 8s Kh]
SECOND Board [5d Jc 2d 8s 5h]
Seat 1: mariofcd folded before Flop (didn't bet)
Seat 2: 64Herz showed [4h 2h] and lost with a pair of Deuces, and lost with two pair, Fives and Deuces
Seat 3: 4ihKZ folded before Flop
Seat 4: ptolejmus (button) folded before Flop (didn't bet)
Seat 5: IREQO (small blind) folded before Flop
Seat 6: AlexPinsk1 (big blind) showed [Ad Ah] and won ($43.96) with a pair of Aces, and won ($43.96) with two pair, Aces and Fives



PokerStars Hand #254674855989:  Hold'em No Limit ($0.50/$1.00 USD) - 2025/02/02 19:21:55 WET [2025/02/02 14:21:55 ET]
Table 'Hamal II' 6-max Seat #5 is the button
Seat 2: 64Herz ($0 in chips) is sitting out
Seat 3: 4ihKZ ($100 in chips) is sitting out
Seat 1: mariofcd ($101.50 in chips) 
Seat 4: ptolejmus ($10 in chips) 
Seat 5: IREQO ($98.37 in chips) 
Seat 6: AlexPinsk1 ($154.08 in chips) 
AlexPinsk1: posts small blind $0.50
mariofcd: posts big blind $1
*** HOLE CARDS ***
ptolejmus: folds 
IREQO: raises $1.50 to $2.50
AlexPinsk1: folds 
mariofcd: raises $8.53 to $11.03
IREQO: folds 
Uncalled bet ($8.53) returned to mariofcd
mariofcd collected $5.50 from pot
mariofcd: doesn't show hand 
*** SUMMARY ***
Total pot $5.50 | Rake $0 
Seat 2: 64Herz
Seat 3: 4ihKZ
Seat 1: mariofcd (big blind) collected ($5.50)
Seat 4: ptolejmus folded before Flop (didn't bet)
Seat 5: IREQO (button) folded before Flop
Seat 6: AlexPinsk1 (small blind) folded before Flop



PokerStars Hand #254674866907:  Hold'em No Limit ($0.50/$1.00 USD) - 2025/02/02 19:22:24 WET [2025/02/02 14:22:24 ET]
Table 'Hamal II' 6-max Seat #6 is the button
Seat 3: 4ihKZ ($100 in chips) is sitting out
Seat 1: mariofcd ($104.50 in chips) 
Seat 2: 64Herz ($89 in chips) 
Seat 4: ptolejmus ($10 in chips) 
Seat 5: IREQO ($98.37 in chips) 
Seat 6: AlexPinsk1 ($153.58 in chips) 
mariofcd: posts small blind $0.50
64Herz: posts big blind $1
*** HOLE CARDS ***
ptolejmus: folds 
IREQO: folds 
AlexPinsk1: folds 
mariofcd: folds 
Uncalled bet ($0.50) returned to 64Herz
64Herz collected $1 from pot
*** SUMMARY ***
Total pot $1 | Rake $0 
Seat 3: 4ihKZ
Seat 1: mariofcd (small blind) folded before Flop
Seat 2: 64Herz (big blind) collected ($1)
Seat 4: ptolejmus folded before Flop (didn't bet)
Seat 5: IREQO folded before Flop (didn't bet)
Seat 6: AlexPinsk1 (button) folded before Flop (didn't bet)



PokerStars Hand #254674872396:  Hold'em No Limit ($0.50/$1.00 USD) - 2025/02/02 19:22:39 WET [2025/02/02 14:22:39 ET]
Table 'Hamal II' 6-max Seat #1 is the button
Seat 3: 4ihKZ ($100 in chips) is sitting out
Seat 1: mariofcd ($104 in chips) 
Seat 2: 64Herz ($89.50 in chips) 
Seat 4: ptolejmus ($10 in chips) 
Seat 5: IREQO ($98.37 in chips) 
Seat 6: AlexPinsk1 ($153.58 in chips) 
64Herz: posts small blind $0.50
ptolejmus: posts big blind $1
*** HOLE CARDS ***
IREQO: folds 
AlexPinsk1: folds 
mariofcd: raises $1.45 to $2.45
64Herz: calls $1.95
ptolejmus: folds 
*** FLOP *** [5c 7s As]
64Herz: checks 
mariofcd: checks 
*** TURN *** [5c 7s As] [Ts]
64Herz: bets $3.60
mariofcd: folds 
Uncalled bet ($3.60) returned to 64Herz
64Herz collected $5.52 from pot
*** SUMMARY ***
Total pot $5.90 | Rake $0.38 
Board [5c 7s As Ts]
Seat 3: 4ihKZ
Seat 1: mariofcd (button) folded on the Turn
Seat 2: 64Herz (small blind) collected ($5.52)
Seat 4: ptolejmus (big blind) folded before Flop
Seat 5: IREQO folded before Flop (didn't bet)
Seat 6: AlexPinsk1 folded before Flop (didn't bet)



PokerStars Hand #254674884295:  Hold'em No Limit ($0.50/$1.00 USD) - 2025/02/02 19:23:11 WET [2025/02/02 14:23:11 ET]
Table 'Hamal II' 6-max Seat #2 is the button
Seat 3: 4ihKZ ($100 in chips) is sitting out
Seat 1: mariofcd ($101.55 in chips) 
Seat 2: 64Herz ($92.57 in chips) 
Seat 4: ptolejmus ($10 in chips) 
Seat 5: IREQO ($98.37 in chips) 
Seat 6: AlexPinsk1 ($153.58 in chips) 
ptolejmus: posts small blind $0.50
IREQO: posts big blind $1
*** HOLE CARDS ***
AlexPinsk1: raises $1.50 to $2.50
mariofcd: folds 
64Herz: calls $2.50
ptolejmus: folds 
IREQO: folds 
*** FLOP *** [Qc 9c 4c]
AlexPinsk1: bets $3.09
64Herz: calls $3.09
*** TURN *** [Qc 9c 4c] [9s]
AlexPinsk1: bets $9.04
64Herz: calls $9.04
*** RIVER *** [Qc 9c 4c 9s] [8d]
AlexPinsk1: checks 
64Herz: bets $16.61
AlexPinsk1: calls $16.61
*** SHOW DOWN ***
64Herz: shows [6h 9h] (three of a kind, Nines)
AlexPinsk1: mucks hand 
64Herz collected $60.86 from pot
*** SUMMARY ***
Total pot $63.98 | Rake $3.12 
Board [Qc 9c 4c 9s 8d]
Seat 3: 4ihKZ
Seat 1: mariofcd folded before Flop (didn't bet)
Seat 2: 64Herz (button) showed [6h 9h] and won ($60.86) with three of a kind, Nines
Seat 4: ptolejmus (small blind) folded before Flop
Seat 5: IREQO (big blind) folded before Flop
Seat 6: AlexPinsk1 mucked



PokerStars Hand #254674900607:  Hold'em No Limit ($0.50/$1.00 USD) - 2025/02/02 19:23:55 WET [2025/02/02 14:23:55 ET]
Table 'Hamal II' 6-max Seat #4 is the button
Seat 3: 4ihKZ ($100 in chips) is sitting out
Seat 1: mariofcd ($101.55 in chips) 
Seat 2: 64Herz ($122.19 in chips) 
Seat 4: ptolejmus ($10 in chips) 
Seat 5: IREQO ($98.37 in chips) 
Seat 6: AlexPinsk1 ($122.34 in chips) 
IREQO: posts small blind $0.50
AlexPinsk1: posts big blind $1
*** HOLE CARDS ***
mariofcd: folds 
64Herz: calls $1
ptolejmus: folds 
IREQO: folds 
AlexPinsk1: checks 
*** FLOP *** [7d Td 3s]
AlexPinsk1: bets $2
64Herz: calls $2
*** TURN *** [7d Td 3s] [2d]
AlexPinsk1: bets $4.64
64Herz: folds 
Uncalled bet ($4.64) returned to AlexPinsk1
AlexPinsk1 collected $6.18 from pot
AlexPinsk1: doesn't show hand 
*** SUMMARY ***
Total pot $6.50 | Rake $0.32 
Board [7d Td 3s 2d]
Seat 3: 4ihKZ
Seat 1: mariofcd folded before Flop (didn't bet)
Seat 2: 64Herz folded on the Turn
Seat 4: ptolejmus (button) folded before Flop (didn't bet)
Seat 5: IREQO (small blind) folded before Flop
Seat 6: AlexPinsk1 (big blind) collected ($6.18)



PokerStars Hand #254674913838:  Hold'em No Limit ($0.50/$1.00 USD) - 2025/02/02 19:24:31 WET [2025/02/02 14:24:31 ET]
Table 'Hamal II' 6-max Seat #5 is the button
Seat 3: 4ihKZ ($100 in chips) is sitting out
Seat 1: mariofcd ($101.55 in chips) 
Seat 2: 64Herz ($119.19 in chips) 
Seat 4: ptolejmus ($10 in chips) 
Seat 5: IREQO ($98.37 in chips) 
Seat 6: AlexPinsk1 ($125.52 in chips) 
AlexPinsk1: posts small blind $0.50
mariofcd: posts big blind $1
*** HOLE CARDS ***
64Herz: calls $1
ptolejmus: folds 
IREQO: raises $4 to $5
AlexPinsk1: folds 
mariofcd: folds 
64Herz: calls $4
*** FLOP *** [Ad 2d Ks]
64Herz: checks 
IREQO: bets $3.60
64Herz: calls $3.60
*** TURN *** [Ad 2d Ks] [6d]
64Herz: checks 
IREQO: bets $8.88
64Herz: folds 
Uncalled bet ($8.88) returned to IREQO
IREQO collected $17.76 from pot
IREQO: doesn't show hand 
*** SUMMARY ***
Total pot $18.70 | Rake $0.94 
Board [Ad 2d Ks 6d]
Seat 3: 4ihKZ
Seat 1: mariofcd (big blind) folded before Flop
Seat 2: 64Herz folded on the Turn
Seat 4: ptolejmus folded before Flop (didn't bet)
Seat 5: IREQO (button) collected ($17.76)
Seat 6: AlexPinsk1 (small blind) folded before Flop



PokerStars Hand #254674937525:  Hold'em No Limit ($0.50/$1.00 USD) - 2025/02/02 19:25:35 WET [2025/02/02 14:25:35 ET]
Table 'Hamal II' 6-max Seat #6 is the button
Seat 3: 4ihKZ ($100 in chips) is sitting out
Seat 1: mariofcd ($100.55 in chips) 
Seat 2: 64Herz ($110.59 in chips) 
Seat 4: ptolejmus ($10 in chips) 
Seat 5: IREQO ($107.53 in chips) 
Seat 6: AlexPinsk1 ($125.02 in chips) 
mariofcd: posts small blind $0.50
64Herz: posts big blind $1
*** HOLE CARDS ***
ptolejmus: folds 
IREQO: raises $1.50 to $2.50
AlexPinsk1: folds 
mariofcd: folds 
64Herz: calls $1.50
*** FLOP *** [Td 6c 3c]
64Herz: checks 
IREQO: bets $1.72
64Herz: folds 
Uncalled bet ($1.72) returned to IREQO
IREQO collected $5.22 from pot
IREQO: doesn't show hand 
*** SUMMARY ***
Total pot $5.50 | Rake $0.28 
Board [Td 6c 3c]
Seat 3: 4ihKZ
Seat 1: mariofcd (small blind) folded before Flop
Seat 2: 64Herz (big blind) folded on the Flop
Seat 4: ptolejmus folded before Flop (didn't bet)
Seat 5: IREQO collected ($5.22)
Seat 6: AlexPinsk1 (button) folded before Flop (didn't bet)



PokerStars Hand #254674951325:  Hold'em No Limit ($0.50/$1.00 USD) - 2025/02/02 19:26:13 WET [2025/02/02 14:26:13 ET]
Table 'Hamal II' 6-max Seat #1 is the button
Seat 1: mariofcd ($100.05 in chips) 
Seat 2: 64Herz ($108.09 in chips) 
Seat 3: 4ihKZ ($100 in chips) 
Seat 4: ptolejmus ($10 in chips) 
Seat 5: IREQO ($110.25 in chips) 
Seat 6: AlexPinsk1 ($125.02 in chips) 
64Herz: posts small blind $0.50
4ihKZ: posts big blind $1
*** HOLE CARDS ***
ptolejmus: folds 
IREQO: folds 
AlexPinsk1: folds 
mariofcd: raises $1.45 to $2.45
64Herz: folds 
4ihKZ: folds 
Uncalled bet ($1.45) returned to mariofcd
mariofcd collected $2.50 from pot
mariofcd: doesn't show hand 
*** SUMMARY ***
Total pot $2.50 | Rake $0 
Seat 1: mariofcd (button) collected ($2.50)
Seat 2: 64Herz (small blind) folded before Flop
Seat 3: 4ihKZ (big blind) folded before Flop
Seat 4: ptolejmus folded before Flop (didn't bet)
Seat 5: IREQO folded before Flop (didn't bet)
Seat 6: AlexPinsk1 folded before Flop (didn't bet)



PokerStars Hand #254674962812:  Hold'em No Limit ($0.50/$1.00 USD) - 2025/02/02 19:26:45 WET [2025/02/02 14:26:45 ET]
Table 'Hamal II' 6-max Seat #2 is the button
Seat 1: mariofcd ($101.55 in chips) 
Seat 2: 64Herz ($107.59 in chips) 
Seat 3: 4ihKZ ($100 in chips) 
Seat 4: ptolejmus ($10 in chips) 
Seat 5: IREQO ($110.25 in chips) 
Seat 6: AlexPinsk1 ($125.02 in chips) 
4ihKZ: posts small blind $0.50
ptolejmus: posts big blind $1
*** HOLE CARDS ***
IREQO: folds 
AlexPinsk1: raises $1.50 to $2.50
mariofcd: folds 
64Herz: folds 
4ihKZ: folds 
ptolejmus: folds 
Uncalled bet ($1.50) returned to AlexPinsk1
AlexPinsk1 collected $2.50 from pot
AlexPinsk1: doesn't show hand 
*** SUMMARY ***
Total pot $2.50 | Rake $0 
Seat 1: mariofcd folded before Flop (didn't bet)
Seat 2: 64Herz (button) folded before Flop (didn't bet)
Seat 3: 4ihKZ (small blind) folded before Flop
Seat 4: ptolejmus (big blind) folded before Flop
Seat 5: IREQO folded before Flop (didn't bet)
Seat 6: AlexPinsk1 collected ($2.50)



PokerStars Hand #254674970034:  Hold'em No Limit ($0.50/$1.00 USD) - 2025/02/02 19:27:04 WET [2025/02/02 14:27:04 ET]
Table 'Hamal II' 6-max Seat #3 is the button
Seat 1: mariofcd ($101.55 in chips) 
Seat 2: 64Herz ($107.59 in chips) 
Seat 3: 4ihKZ ($100 in chips) 
Seat 4: ptolejmus ($10 in chips) 
Seat 5: IREQO ($110.25 in chips) 
Seat 6: AlexPinsk1 ($126.52 in chips) 
ptolejmus: posts small blind $0.50
IREQO: posts big blind $1
*** HOLE CARDS ***
AlexPinsk1: raises $1.50 to $2.50
mariofcd: folds 
64Herz: folds 
4ihKZ: folds 
ptolejmus: folds 
IREQO: calls $1.50
*** FLOP *** [4s Kc 5c]
IREQO: checks 
AlexPinsk1: checks 
*** TURN *** [4s Kc 5c] [2c]
IREQO: checks 
AlexPinsk1: checks 
*** RIVER *** [4s Kc 5c 2c] [Ah]
IREQO: bets $1.30
AlexPinsk1: calls $1.30
*** SHOW DOWN ***
IREQO: shows [Jc Ks] (a pair of Kings)
AlexPinsk1: shows [Qd As] (a pair of Aces)
AlexPinsk1 collected $7.70 from pot
*** SUMMARY ***
Total pot $8.10 | Rake $0.40 
Board [4s Kc 5c 2c Ah]
Seat 1: mariofcd folded before Flop (didn't bet)
Seat 2: 64Herz folded before Flop (didn't bet)
Seat 3: 4ihKZ (button) folded before Flop (didn't bet)
Seat 4: ptolejmus (small blind) folded before Flop
Seat 5: IREQO (big blind) showed [Jc Ks] and lost with a pair of Kings
Seat 6: AlexPinsk1 showed [Qd As] and won ($7.70) with a pair of Aces



PokerStars Hand #254675008109:  Hold'em No Limit ($0.50/$1.00 USD) - 2025/02/02 19:28:48 WET [2025/02/02 14:28:48 ET]
Table 'Hamal II' 6-max Seat #4 is the button
Seat 1: mariofcd ($101.55 in chips) 
Seat 2: 64Herz ($107.59 in chips) 
Seat 3: 4ihKZ ($100 in chips) 
Seat 4: ptolejmus ($10 in chips) 
Seat 5: IREQO ($106.45 in chips) 
Seat 6: AlexPinsk1 ($130.42 in chips) 
IREQO: posts small blind $0.50
AlexPinsk1: posts big blind $1
*** HOLE CARDS ***
mariofcd: folds 
64Herz: folds 
4ihKZ: folds 
ptolejmus: raises $1 to $2
IREQO: folds 
AlexPinsk1: folds 
Uncalled bet ($1) returned to ptolejmus
ptolejmus collected $2.50 from pot
*** SUMMARY ***
Total pot $2.50 | Rake $0 
Seat 1: mariofcd folded before Flop (didn't bet)
Seat 2: 64Herz folded before Flop (didn't bet)
Seat 3: 4ihKZ folded before Flop (didn't bet)
Seat 4: ptolejmus (button) collected ($2.50)
Seat 5: IREQO (small blind) folded before Flop
Seat 6: AlexPinsk1 (big blind) folded before Flop



PokerStars Hand #254675021886:  Hold'em No Limit ($0.50/$1.00 USD) - 2025/02/02 19:29:26 WET [2025/02/02 14:29:26 ET]
Table 'Hamal II' 6-max Seat #5 is the button
Seat 1: mariofcd ($101.55 in chips) 
Seat 2: 64Herz ($107.59 in chips) 
Seat 3: 4ihKZ ($100 in chips) 
Seat 4: ptolejmus ($11.50 in chips) 
Seat 5: IREQO ($105.95 in chips) 
Seat 6: AlexPinsk1 ($129.42 in chips) 
AlexPinsk1: posts small blind $0.50
mariofcd: posts big blind $1
*** HOLE CARDS ***
64Herz: folds 
4ihKZ: folds 
ptolejmus: raises $1 to $2
IREQO: folds 
AlexPinsk1: raises $6.50 to $8.50
mariofcd: folds 
ptolejmus: raises $3 to $11.50 and is all-in
AlexPinsk1: calls $3
*** FIRST FLOP *** [Td 9s Ts]
*** FIRST TURN *** [Td 9s Ts] [Ad]
*** FIRST RIVER *** [Td 9s Ts Ad] [9h]
*** SECOND FLOP *** [3s Ks 4c]
*** SECOND TURN *** [3s Ks 4c] [Qd]
*** SECOND RIVER *** [3s Ks 4c Qd] [7c]
*** FIRST SHOW DOWN ***
AlexPinsk1: shows [Jc Jd] (two pair, Jacks and Tens)
ptolejmus: shows [Ac As] (a full house, Aces full of Tens)
ptolejmus collected $11.40 from pot
*** SECOND SHOW DOWN ***
AlexPinsk1: shows [Jc Jd] (a pair of Jacks)
ptolejmus: shows [Ac As] (a pair of Aces)
ptolejmus collected $11.40 from pot
*** SUMMARY ***
Total pot $24 | Rake $1.20 
Hand was run twice
FIRST Board [Td 9s Ts Ad 9h]
SECOND Board [3s Ks 4c Qd 7c]
Seat 1: mariofcd (big blind) folded before Flop
Seat 2: 64Herz folded before Flop (didn't bet)
Seat 3: 4ihKZ folded before Flop (didn't bet)
Seat 4: ptolejmus showed [Ac As] and won ($11.40) with a full house, Aces full of Tens, and won ($11.40) with a pair of Aces
Seat 5: IREQO (button) folded before Flop (didn't bet)
Seat 6: AlexPinsk1 (small blind) showed [Jc Jd] and lost with two pair, Jacks and Tens, and lost with a pair of Jacks



PokerStars Hand #254675034612:  Hold'em No Limit ($0.50/$1.00 USD) - 2025/02/02 19:29:59 WET [2025/02/02 14:29:59 ET]
Table 'Hamal II' 6-max Seat #6 is the button
Seat 1: mariofcd ($100.55 in chips) 
Seat 2: 64Herz ($107.59 in chips) 
Seat 3: 4ihKZ ($100 in chips) 
Seat 4: ptolejmus ($22.80 in chips) 
Seat 5: IREQO ($105.95 in chips) 
Seat 6: AlexPinsk1 ($117.92 in chips) 
mariofcd: posts small blind $0.50
64Herz: posts big blind $1
*** HOLE CARDS ***
4ihKZ: folds 
ptolejmus: folds 
IREQO: folds 
AlexPinsk1: folds 
mariofcd: raises $2 to $3
64Herz: calls $2
*** FLOP *** [Qs Jc Ks]
mariofcd: checks 
64Herz: bets $2
mariofcd: calls $2
*** TURN *** [Qs Jc Ks] [Jd]
mariofcd: checks 
64Herz: checks 
*** RIVER *** [Qs Jc Ks Jd] [2h]
mariofcd: bets $11
64Herz: folds 
Uncalled bet ($11) returned to mariofcd
mariofcd collected $9.50 from pot
mariofcd: doesn't show hand 
*** SUMMARY ***
Total pot $10 | Rake $0.50 
Board [Qs Jc Ks Jd 2h]
Seat 1: mariofcd (small blind) collected ($9.50)
Seat 2: 64Herz (big blind) folded on the River
Seat 3: 4ihKZ folded before Flop (didn't bet)
Seat 4: ptolejmus folded before Flop (didn't bet)
Seat 5: IREQO folded before Flop (didn't bet)
Seat 6: AlexPinsk1 (button) folded before Flop (didn't bet)



PokerStars Hand #254675047744:  Hold'em No Limit ($0.50/$1.00 USD) - 2025/02/02 19:30:34 WET [2025/02/02 14:30:34 ET]
Table 'Hamal II' 6-max Seat #1 is the button
Seat 1: mariofcd ($105.05 in chips) 
Seat 2: 64Herz ($102.59 in chips) 
Seat 3: 4ihKZ ($100 in chips) 
Seat 4: ptolejmus ($22.80 in chips) 
Seat 5: IREQO ($105.95 in chips) 
Seat 6: AlexPinsk1 ($117.92 in chips) 
64Herz: posts small blind $0.50
4ihKZ: posts big blind $1
*** HOLE CARDS ***
ptolejmus: folds 
IREQO: folds 
AlexPinsk1: folds 
mariofcd: folds 
64Herz: raises $2 to $3
4ihKZ: folds 
Uncalled bet ($2) returned to 64Herz
64Herz collected $2 from pot
*** SUMMARY ***
Total pot $2 | Rake $0 
Seat 1: mariofcd (button) folded before Flop (didn't bet)
Seat 2: 64Herz (small blind) collected ($2)
Seat 3: 4ihKZ (big blind) folded before Flop
Seat 4: ptolejmus folded before Flop (didn't bet)
Seat 5: IREQO folded before Flop (didn't bet)
Seat 6: AlexPinsk1 folded before Flop (didn't bet)



PokerStars Hand #254675055153:  Hold'em No Limit ($0.50/$1.00 USD) - 2025/02/02 19:30:54 WET [2025/02/02 14:30:54 ET]
Table 'Hamal II' 6-max Seat #2 is the button
Seat 1: mariofcd ($105.05 in chips) 
Seat 2: 64Herz ($103.59 in chips) 
Seat 3: 4ihKZ ($100 in chips) 
Seat 4: ptolejmus ($22.80 in chips) 
Seat 5: IREQO ($105.95 in chips) 
Seat 6: AlexPinsk1 ($117.92 in chips) 
4ihKZ: posts small blind $0.50
ptolejmus: posts big blind $1
*** HOLE CARDS ***
IREQO: folds 
AlexPinsk1: raises $1.50 to $2.50
mariofcd: folds 
64Herz: calls $2.50
4ihKZ: folds 
ptolejmus: folds 
*** FLOP *** [Qs 9s Ad]
AlexPinsk1: checks 
64Herz: checks 
*** TURN *** [Qs 9s Ad] [9c]
AlexPinsk1: bets $2.04
64Herz: raises $3.04 to $5.08
AlexPinsk1: folds 
Uncalled bet ($3.04) returned to 64Herz
64Herz collected $9.92 from pot
*** SUMMARY ***
Total pot $10.58 | Rake $0.66 
Board [Qs 9s Ad 9c]
Seat 1: mariofcd folded before Flop (didn't bet)
Seat 2: 64Herz (button) collected ($9.92)
Seat 3: 4ihKZ (small blind) folded before Flop
Seat 4: ptolejmus (big blind) folded before Flop
Seat 5: IREQO folded before Flop (didn't bet)
Seat 6: AlexPinsk1 folded on the Turn



PokerStars Hand #254675083471:  Hold'em No Limit ($0.50/$1.00 USD) - 2025/02/02 19:32:10 WET [2025/02/02 14:32:10 ET]
Table 'Hamal II' 6-max Seat #3 is the button
Seat 1: mariofcd ($105.05 in chips) 
Seat 2: 64Herz ($108.97 in chips) 
Seat 3: 4ihKZ ($100 in chips) 
Seat 4: ptolejmus ($21.80 in chips) 
Seat 5: IREQO ($105.95 in chips) 
Seat 6: AlexPinsk1 ($113.38 in chips) 
ptolejmus: posts small blind $0.50
IREQO: posts big blind $1
*** HOLE CARDS ***
AlexPinsk1: raises $1.50 to $2.50
mariofcd: folds 
64Herz: calls $2.50
4ihKZ: folds 
ptolejmus: folds 
IREQO: folds 
*** FLOP *** [4h 8h 8s]
AlexPinsk1: bets $3.09
64Herz: calls $3.09
*** TURN *** [4h 8h 8s] [Kd]
AlexPinsk1: bets $9.04
64Herz: folds 
Uncalled bet ($9.04) returned to AlexPinsk1
AlexPinsk1 collected $12.05 from pot
AlexPinsk1: doesn't show hand 
*** SUMMARY ***
Total pot $12.68 | Rake $0.63 
Board [4h 8h 8s Kd]
Seat 1: mariofcd folded before Flop (didn't bet)
Seat 2: 64Herz folded on the Turn
Seat 3: 4ihKZ (button) folded before Flop (didn't bet)
Seat 4: ptolejmus (small blind) folded before Flop
Seat 5: IREQO (big blind) folded before Flop
Seat 6: AlexPinsk1 collected ($12.05)



PokerStars Hand #254675094727:  Hold'em No Limit ($0.50/$1.00 USD) - 2025/02/02 19:32:40 WET [2025/02/02 14:32:40 ET]
Table 'Hamal II' 6-max Seat #4 is the button
Seat 1: mariofcd ($105.05 in chips) 
Seat 2: 64Herz ($103.38 in chips) 
Seat 3: 4ihKZ ($100 in chips) 
Seat 4: ptolejmus ($21.30 in chips) 
Seat 5: IREQO ($104.95 in chips) 
Seat 6: AlexPinsk1 ($119.84 in chips) 
IREQO: posts small blind $0.50
AlexPinsk1: posts big blind $1
*** HOLE CARDS ***
mariofcd: folds 
64Herz: folds 
4ihKZ: folds 
ptolejmus: raises $1 to $2
IREQO: folds 
AlexPinsk1: folds 
Uncalled bet ($1) returned to ptolejmus
ptolejmus collected $2.50 from pot
*** SUMMARY ***
Total pot $2.50 | Rake $0 
Seat 1: mariofcd folded before Flop (didn't bet)
Seat 2: 64Herz folded before Flop (didn't bet)
Seat 3: 4ihKZ folded before Flop (didn't bet)
Seat 4: ptolejmus (button) collected ($2.50)
Seat 5: IREQO (small blind) folded before Flop
Seat 6: AlexPinsk1 (big blind) folded before Flop



PokerStars Hand #254675105173:  Hold'em No Limit ($0.50/$1.00 USD) - 2025/02/02 19:33:08 WET [2025/02/02 14:33:08 ET]
Table 'Hamal II' 6-max Seat #5 is the button
Seat 1: mariofcd ($105.05 in chips) 
Seat 2: 64Herz ($103.38 in chips) 
Seat 3: 4ihKZ ($100 in chips) 
Seat 4: ptolejmus ($22.80 in chips) 
Seat 5: IREQO ($104.45 in chips) 
Seat 6: AlexPinsk1 ($118.84 in chips) 
AlexPinsk1: posts small blind $0.50
mariofcd: posts big blind $1
*** HOLE CARDS ***
64Herz: raises $1 to $2
4ihKZ: raises $7 to $9
ptolejmus: folds 
IREQO: folds 
AlexPinsk1: folds 
mariofcd: folds 
64Herz: calls $7
*** FLOP *** [3h Qc Ah]
64Herz: checks 
4ihKZ: bets $14.08
64Herz: folds 
Uncalled bet ($14.08) returned to 4ihKZ
4ihKZ collected $18.52 from pot
4ihKZ: doesn't show hand 
*** SUMMARY ***
Total pot $19.50 | Rake $0.98 
Board [3h Qc Ah]
Seat 1: mariofcd (big blind) folded before Flop
Seat 2: 64Herz folded on the Flop
Seat 3: 4ihKZ collected ($18.52)
Seat 4: ptolejmus folded before Flop (didn't bet)
Seat 5: IREQO (button) folded before Flop (didn't bet)
Seat 6: AlexPinsk1 (small blind) folded before Flop



PokerStars Hand #254675129503:  Hold'em No Limit ($0.50/$1.00 USD) - 2025/02/02 19:34:13 WET [2025/02/02 14:34:13 ET]
Table 'Hamal II' 6-max Seat #6 is the button
Seat 1: mariofcd ($104.05 in chips) 
Seat 2: 64Herz ($94.38 in chips) 
Seat 3: 4ihKZ ($109.52 in chips) 
Seat 4: ptolejmus ($22.80 in chips) 
Seat 5: IREQO ($104.45 in chips) 
Seat 6: AlexPinsk1 ($118.34 in chips) 
mariofcd: posts small blind $0.50
64Herz: posts big blind $1
*** HOLE CARDS ***
4ihKZ: folds 
ptolejmus: raises $1 to $2
IREQO: folds 
AlexPinsk1: folds 
mariofcd: folds 
64Herz: calls $1
*** FLOP *** [Qh 5h 5c]
64Herz: checks 
ptolejmus: checks 
*** TURN *** [Qh 5h 5c] [8h]
64Herz: checks 
ptolejmus: checks 
*** RIVER *** [Qh 5h 5c 8h] [4d]
64Herz: bets $4
ptolejmus: folds 
Uncalled bet ($4) returned to 64Herz
64Herz collected $4.22 from pot
*** SUMMARY ***
Total pot $4.50 | Rake $0.28 
Board [Qh 5h 5c 8h 4d]
Seat 1: mariofcd (small blind) folded before Flop
Seat 2: 64Herz (big blind) collected ($4.22)
Seat 3: 4ihKZ folded before Flop (didn't bet)
Seat 4: ptolejmus folded on the River
Seat 5: IREQO folded before Flop (didn't bet)
Seat 6: AlexPinsk1 (button) folded before Flop (didn't bet)



PokerStars Hand #254675144158:  Hold'em No Limit ($0.50/$1.00 USD) - 2025/02/02 19:34:52 WET [2025/02/02 14:34:52 ET]
Table 'Hamal II' 6-max Seat #1 is the button
Seat 1: mariofcd ($103.55 in chips) 
Seat 2: 64Herz ($96.60 in chips) 
Seat 3: 4ihKZ ($109.52 in chips) 
Seat 4: ptolejmus ($20.80 in chips) 
Seat 5: IREQO ($104.45 in chips) 
Seat 6: AlexPinsk1 ($118.34 in chips) 
64Herz: posts small blind $0.50
4ihKZ: posts big blind $1
*** HOLE CARDS ***
ptolejmus: folds 
IREQO: folds 
AlexPinsk1: folds 
mariofcd: folds 
64Herz: calls $0.50
4ihKZ: checks 
*** FLOP *** [Kd 9h 7h]
64Herz: bets $2
4ihKZ: calls $2
*** TURN *** [Kd 9h 7h] [9c]
64Herz: bets $3
4ihKZ: raises $9 to $12
64Herz: calls $9
*** RIVER *** [Kd 9h 7h 9c] [2c]
64Herz: checks 
4ihKZ: bets $14.54
64Herz: folds 
Uncalled bet ($14.54) returned to 4ihKZ
4ihKZ collected $28.50 from pot
4ihKZ: doesn't show hand 
*** SUMMARY ***
Total pot $30 | Rake $1.50 
Board [Kd 9h 7h 9c 2c]
Seat 1: mariofcd (button) folded before Flop (didn't bet)
Seat 2: 64Herz (small blind) folded on the River
Seat 3: 4ihKZ (big blind) collected ($28.50)
Seat 4: ptolejmus folded before Flop (didn't bet)
Seat 5: IREQO folded before Flop (didn't bet)
Seat 6: AlexPinsk1 folded before Flop (didn't bet)



PokerStars Hand #254675171928:  Hold'em No Limit ($0.50/$1.00 USD) - 2025/02/02 19:36:06 WET [2025/02/02 14:36:06 ET]
Table 'Hamal II' 6-max Seat #2 is the button
Seat 1: mariofcd ($103.55 in chips) 
Seat 2: 64Herz ($81.60 in chips) 
Seat 3: 4ihKZ ($123.02 in chips) 
Seat 4: ptolejmus ($20.80 in chips) 
Seat 5: IREQO ($104.45 in chips) 
Seat 6: AlexPinsk1 ($118.34 in chips) 
4ihKZ: posts small blind $0.50
ptolejmus: posts big blind $1
*** HOLE CARDS ***
IREQO: folds 
AlexPinsk1: folds 
mariofcd: folds 
64Herz: raises $2 to $3
4ihKZ: raises $7 to $10
ptolejmus: folds 
64Herz: calls $7
*** FLOP *** [8h 5h Kh]
4ihKZ: bets $6.78
64Herz: folds 
Uncalled bet ($6.78) returned to 4ihKZ
4ihKZ collected $19.95 from pot
4ihKZ: doesn't show hand 
*** SUMMARY ***
Total pot $21 | Rake $1.05 
Board [8h 5h Kh]
Seat 1: mariofcd folded before Flop (didn't bet)
Seat 2: 64Herz (button) folded on the Flop
Seat 3: 4ihKZ (small blind) collected ($19.95)
Seat 4: ptolejmus (big blind) folded before Flop
Seat 5: IREQO folded before Flop (didn't bet)
Seat 6: AlexPinsk1 folded before Flop (didn't bet)



PokerStars Hand #254675188202:  Hold'em No Limit ($0.50/$1.00 USD) - 2025/02/02 19:36:50 WET [2025/02/02 14:36:50 ET]
Table 'Hamal II' 6-max Seat #3 is the button
Seat 1: mariofcd ($103.55 in chips) 
Seat 2: 64Herz ($71.60 in chips) 
Seat 3: 4ihKZ ($132.97 in chips) 
Seat 4: ptolejmus ($19.80 in chips) 
Seat 5: IREQO ($104.45 in chips) 
Seat 6: AlexPinsk1 ($118.34 in chips) 
ptolejmus: posts small blind $0.50
IREQO: posts big blind $1
*** HOLE CARDS ***
AlexPinsk1: folds 
mariofcd: folds 
64Herz: folds 
4ihKZ: raises $1.22 to $2.22
ptolejmus: folds 
64Herz leaves the table
IREQO: folds 
Uncalled bet ($1.22) returned to 4ihKZ
4ihKZ collected $2.50 from pot
4ihKZ: doesn't show hand 
*** SUMMARY ***
Total pot $2.50 | Rake $0 
Seat 1: mariofcd folded before Flop (didn't bet)
Seat 2: 64Herz folded before Flop (didn't bet)
Seat 3: 4ihKZ (button) collected ($2.50)
Seat 4: ptolejmus (small blind) folded before Flop
Seat 5: IREQO (big blind) folded before Flop
Seat 6: AlexPinsk1 folded before Flop (didn't bet)



PokerStars Hand #254675197501:  Hold'em No Limit ($0.50/$1.00 USD) - 2025/02/02 19:37:15 WET [2025/02/02 14:37:15 ET]
Table 'Hamal II' 6-max Seat #4 is the button
Seat 1: mariofcd ($103.55 in chips) 
Seat 3: 4ihKZ ($134.47 in chips) 
Seat 4: ptolejmus ($19.30 in chips) 
Seat 5: IREQO ($103.45 in chips) 
Seat 6: AlexPinsk1 ($118.34 in chips) 
IREQO: posts small blind $0.50
AlexPinsk1: posts big blind $1
*** HOLE CARDS ***
Oli3579 joins the table at seat #2 
mariofcd: folds 
4ihKZ: folds 
mariofcd leaves the table
ptolejmus: raises $1 to $2
IREQO: folds 
AlexPinsk1: folds 
Uncalled bet ($1) returned to ptolejmus
ptolejmus collected $2.50 from pot
*** SUMMARY ***
Total pot $2.50 | Rake $0 
Seat 1: mariofcd folded before Flop (didn't bet)
Seat 3: 4ihKZ folded before Flop (didn't bet)
Seat 4: ptolejmus (button) collected ($2.50)
Seat 5: IREQO (small blind) folded before Flop
Seat 6: AlexPinsk1 (big blind) folded before Flop



PokerStars Hand #254675204022:  Hold'em No Limit ($0.50/$1.00 USD) - 2025/02/02 19:37:32 WET [2025/02/02 14:37:32 ET]
Table 'Hamal II' 6-max Seat #5 is the button
Seat 2: Oli3579 ($100 in chips) 
Seat 3: 4ihKZ ($134.47 in chips) 
Seat 4: ptolejmus ($20.80 in chips) 
Seat 5: IREQO ($102.95 in chips) 
Seat 6: AlexPinsk1 ($117.34 in chips) 
michasia joins the table at seat #1 
AlexPinsk1: posts small blind $0.50
Oli3579: posts big blind $1
*** HOLE CARDS ***
4ihKZ: folds 
ptolejmus: folds 
IREQO: folds 
AlexPinsk1: folds 
Uncalled bet ($0.50) returned to Oli3579
4ihKZ leaves the table
Oli3579 collected $1 from pot
Oli3579: doesn't show hand 
*** SUMMARY ***
Total pot $1 | Rake $0 
Seat 2: Oli3579 (big blind) collected ($1)
Seat 3: 4ihKZ folded before Flop (didn't bet)
Seat 4: ptolejmus folded before Flop (didn't bet)
Seat 5: IREQO (button) folded before Flop (didn't bet)
Seat 6: AlexPinsk1 (small blind) folded before Flop



PokerStars Hand #254675207426:  Hold'em No Limit ($0.50/$1.00 USD) - 2025/02/02 19:37:41 WET [2025/02/02 14:37:41 ET]
Table 'Hamal II' 6-max Seat #6 is the button
Seat 1: michasia ($100 in chips) is sitting out
Seat 4: ptolejmus ($20.80 in chips) is sitting out
Seat 2: Oli3579 ($100.50 in chips) 
Seat 5: IREQO ($102.95 in chips) 
Seat 6: AlexPinsk1 ($116.84 in chips) 
Oli3579: posts small blind $0.50
ptolejmus: is sitting out 
IREQO: posts big blind $1
*** HOLE CARDS ***
AlexPinsk1: raises $1.50 to $2.50
Oli3579: raises $8.50 to $11
IREQO: folds 
AlexPinsk1: raises $13.50 to $24.50
Oli3579: raises $76 to $100.50 and is all-in
AlexPinsk1: calls $76
*** FIRST FLOP *** [5c 6s 2s]
*** FIRST TURN *** [5c 6s 2s] [2c]
*** FIRST RIVER *** [5c 6s 2s 2c] [4d]
ptolejmus leaves the table
Casti180476 joins the table at seat #3 
*** SECOND FLOP *** [8h 3h Ac]
*** SECOND TURN *** [8h 3h Ac] [As]
*** SECOND RIVER *** [8h 3h Ac As] [7h]
*** FIRST SHOW DOWN ***
Oli3579: shows [Qh Qc] (two pair, Queens and Deuces)
AlexPinsk1: shows [Ad Kh] (a pair of Deuces)
sta$igk joins the table at seat #4 
Oli3579 collected $100.50 from pot
*** SECOND SHOW DOWN ***
Oli3579: shows [Qh Qc] (two pair, Aces and Queens)
AlexPinsk1: shows [Ad Kh] (three of a kind, Aces)
AlexPinsk1 collected $100.50 from pot
*** SUMMARY ***
Total pot $202 | Rake $1 
Hand was run twice
FIRST Board [5c 6s 2s 2c 4d]
SECOND Board [8h 3h Ac As 7h]
Seat 1: michasia
Seat 4: ptolejmus
Seat 2: Oli3579 (small blind) showed [Qh Qc] and won ($100.50) with two pair, Queens and Deuces, and lost with two pair, Aces and Queens
Seat 5: IREQO (big blind) folded before Flop
Seat 6: AlexPinsk1 (button) showed [Ad Kh] and lost with a pair of Deuces, and won ($100.50) with three of a kind, Aces



PokerStars Hand #254675224037:  Hold'em No Limit ($0.50/$1.00 USD) - 2025/02/02 19:38:26 WET [2025/02/02 14:38:26 ET]
Table 'Hamal II' 6-max Seat #2 is the button
Seat 1: michasia ($100 in chips) is sitting out
Seat 3: Casti180476 ($40 in chips) is sitting out
Seat 4: sta$igk ($100 in chips) is sitting out
Seat 2: Oli3579 ($100.50 in chips) 
Seat 5: IREQO ($101.95 in chips) 
Seat 6: AlexPinsk1 ($116.84 in chips) 
IREQO: posts small blind $0.50
AlexPinsk1: posts big blind $1
michasia: sits out 
*** HOLE CARDS ***
Oli3579: raises $1.25 to $2.25
IREQO: folds 
AlexPinsk1: folds 
Uncalled bet ($1.25) returned to Oli3579
Oli3579 collected $2.50 from pot
Oli3579: doesn't show hand 
*** SUMMARY ***
Total pot $2.50 | Rake $0 
Seat 1: michasia
Seat 3: Casti180476
Seat 4: sta$igk
Seat 2: Oli3579 (button) collected ($2.50)
Seat 5: IREQO (small blind) folded before Flop
Seat 6: AlexPinsk1 (big blind) folded before Flop



PokerStars Hand #254675273109:  Hold'em No Limit ($0.50/$1.00 USD) - 2025/02/02 19:40:37 WET [2025/02/02 14:40:37 ET]
Table 'Hamal II' 6-max Seat #4 is the button
Seat 1: Joe_Li7 ($100 in chips) is sitting out
Seat 2: Oli3579 ($100 in chips) 
Seat 3: Casti180476 ($43.99 in chips) 
Seat 4: sta$igk ($101.50 in chips) 
Seat 5: IREQO ($104.45 in chips) 
Seat 6: AlexPinsk1 ($114.84 in chips) 
IREQO: posts small blind $0.50
AlexPinsk1: posts big blind $1
Joe_Li7: sits out 
*** HOLE CARDS ***
Oli3579: raises $1.25 to $2.25
Casti180476: folds 
sta$igk: folds 
IREQO: folds 
AlexPinsk1: folds 
Uncalled bet ($1.25) returned to Oli3579
Oli3579 collected $2.50 from pot
Oli3579: doesn't show hand 
*** SUMMARY ***
Total pot $2.50 | Rake $0 
Seat 1: Joe_Li7
Seat 2: Oli3579 collected ($2.50)
Seat 3: Casti180476 folded before Flop (didn't bet)
Seat 4: sta$igk (button) folded before Flop (didn't bet)
Seat 5: IREQO (small blind) folded before Flop
Seat 6: AlexPinsk1 (big blind) folded before Flop



PokerStars Hand #254675278464:  Hold'em No Limit ($0.50/$1.00 USD) - 2025/02/02 19:40:52 WET [2025/02/02 14:40:52 ET]
Table 'Hamal II' 6-max Seat #5 is the button
Seat 1: Joe_Li7 ($100 in chips) 
Seat 2: Oli3579 ($101.50 in chips) 
Seat 3: Casti180476 ($43.99 in chips) 
Seat 4: sta$igk ($101.50 in chips) 
Seat 5: IREQO ($103.95 in chips) 
Seat 6: AlexPinsk1 ($113.84 in chips) 
AlexPinsk1: posts small blind $0.50
Joe_Li7: posts big blind $1
*** HOLE CARDS ***
Oli3579: folds 
Casti180476: calls $1
sta$igk: raises $3 to $4
IREQO: folds 
AlexPinsk1: folds 
Joe_Li7: folds 
Casti180476: calls $3
*** FLOP *** [Jh 6d Kc]
Casti180476: checks 
sta$igk: bets $2.98
Casti180476: folds 
Uncalled bet ($2.98) returned to sta$igk
sta$igk collected $9.02 from pot
sta$igk: doesn't show hand 
*** SUMMARY ***
Total pot $9.50 | Rake $0.48 
Board [Jh 6d Kc]
Seat 1: Joe_Li7 (big blind) folded before Flop
Seat 2: Oli3579 folded before Flop (didn't bet)
Seat 3: Casti180476 folded on the Flop
Seat 4: sta$igk collected ($9.02)
Seat 5: IREQO (button) folded before Flop (didn't bet)
Seat 6: AlexPinsk1 (small blind) folded before Flop



PokerStars Hand #254675288840:  Hold'em No Limit ($0.50/$1.00 USD) - 2025/02/02 19:41:20 WET [2025/02/02 14:41:20 ET]
Table 'Hamal II' 6-max Seat #6 is the button
Seat 1: Joe_Li7 ($100 in chips) 
Seat 2: Oli3579 ($101.50 in chips) 
Seat 3: Casti180476 ($39.99 in chips) 
Seat 4: sta$igk ($106.52 in chips) 
Seat 5: IREQO ($103.95 in chips) 
Seat 6: AlexPinsk1 ($113.34 in chips) 
Joe_Li7: posts small blind $0.50
Oli3579: posts big blind $1
*** HOLE CARDS ***
Casti180476: folds 
sta$igk: raises $1.50 to $2.50
IREQO: folds 
AlexPinsk1: folds 
Joe_Li7: folds 
Oli3579: folds 
Uncalled bet ($1.50) returned to sta$igk
sta$igk collected $2.50 from pot
sta$igk: doesn't show hand 
*** SUMMARY ***
Total pot $2.50 | Rake $0 
Seat 1: Joe_Li7 (small blind) folded before Flop
Seat 2: Oli3579 (big blind) folded before Flop
Seat 3: Casti180476 folded before Flop (didn't bet)
Seat 4: sta$igk collected ($2.50)
Seat 5: IREQO folded before Flop (didn't bet)
Seat 6: AlexPinsk1 (button) folded before Flop (didn't bet)



PokerStars Hand #254675297662:  Hold'em No Limit ($0.50/$1.00 USD) - 2025/02/02 19:41:43 WET [2025/02/02 14:41:43 ET]
Table 'Hamal II' 6-max Seat #1 is the button
Seat 1: Joe_Li7 ($100 in chips) 
Seat 2: Oli3579 ($100.50 in chips) 
Seat 3: Casti180476 ($39.99 in chips) 
Seat 4: sta$igk ($108.02 in chips) 
Seat 5: IREQO ($103.95 in chips) 
Seat 6: AlexPinsk1 ($113.34 in chips) 
Oli3579: posts small blind $0.50
Casti180476: posts big blind $1
*** HOLE CARDS ***
sta$igk: folds 
sta$igk leaves the table
IREQO: raises $1.50 to $2.50
AlexPinsk1: folds 
AlexPinsk1 leaves the table
Joe_Li7: folds 
Oli3579: folds 
Casti180476: folds 
Uncalled bet ($1.50) returned to IREQO
IREQO collected $2.50 from pot
IREQO: doesn't show hand 
*** SUMMARY ***
Total pot $2.50 | Rake $0 
Seat 1: Joe_Li7 (button) folded before Flop (didn't bet)
Seat 2: Oli3579 (small blind) folded before Flop
Seat 3: Casti180476 (big blind) folded before Flop
Seat 4: sta$igk folded before Flop (didn't bet)
Seat 5: IREQO collected ($2.50)
Seat 6: AlexPinsk1 folded before Flop (didn't bet)



PokerStars Hand #254675305008:  Hold'em No Limit ($0.50/$1.00 USD) - 2025/02/02 19:42:03 WET [2025/02/02 14:42:03 ET]
Table 'Hamal II' 6-max Seat #2 is the button
Seat 1: Joe_Li7 ($100 in chips) 
Seat 2: Oli3579 ($100 in chips) 
Seat 3: Casti180476 ($38.99 in chips) 
Seat 5: IREQO ($105.45 in chips) 
Casti180476: posts small blind $0.50
IREQO: posts big blind $1
*** HOLE CARDS ***
Joe_Li7: folds 
Oli3579: folds 
Casti180476: calls $0.50
Joe_Li7 leaves the table
BallerXOne joins the table at seat #4 
IREQO: checks 
*** FLOP *** [7s Jc 3c]
Joe_Carlos joins the table at seat #6 
Casti180476: bets $1
IREQO: folds 
Uncalled bet ($1) returned to Casti180476
Casti180476 collected $1.90 from pot
*** SUMMARY ***
Total pot $2 | Rake $0.10 
Board [7s Jc 3c]
Seat 1: Joe_Li7 folded before Flop (didn't bet)
Seat 2: Oli3579 (button) folded before Flop (didn't bet)
Seat 3: Casti180476 (small blind) collected ($1.90)
Seat 5: IREQO (big blind) folded on the Flop



PokerStars Hand #254675313741:  Hold'em No Limit ($0.50/$1.00 USD) - 2025/02/02 19:42:26 WET [2025/02/02 14:42:26 ET]
Table 'Hamal II' 6-max Seat #3 is the button
Seat 4: BallerXOne ($100 in chips) is sitting out
Seat 2: Oli3579 ($100 in chips) 
Seat 3: Casti180476 ($39.89 in chips) 
Seat 5: IREQO ($104.45 in chips) 
Seat 6: Joe_Carlos ($40 in chips) 
IREQO: posts small blind $0.50
Joe_Carlos: posts big blind $1
*** HOLE CARDS ***
Oli3579: raises $1.25 to $2.25
Casti180476: folds 
IREQO: folds 
Joe_Carlos: folds 
Uncalled bet ($1.25) returned to Oli3579
Oli3579 collected $2.50 from pot
Oli3579: doesn't show hand 
Joe_Li7 joins the table at seat #1 
*** SUMMARY ***
Total pot $2.50 | Rake $0 
Seat 4: BallerXOne
Seat 2: Oli3579 collected ($2.50)
Seat 3: Casti180476 (button) folded before Flop (didn't bet)
Seat 5: IREQO (small blind) folded before Flop
Seat 6: Joe_Carlos (big blind) folded before Flop



PokerStars Hand #254675322004:  Hold'em No Limit ($0.50/$1.00 USD) - 2025/02/02 19:42:48 WET [2025/02/02 14:42:48 ET]
Table 'Hamal II' 6-max Seat #5 is the button
Seat 4: BallerXOne ($100 in chips) is sitting out
Seat 1: Joe_Li7 ($100 in chips) 
Seat 2: Oli3579 ($101.50 in chips) 
Seat 3: Casti180476 ($39.89 in chips) 
Seat 5: IREQO ($103.95 in chips) 
Seat 6: Joe_Carlos ($39 in chips) 
Joe_Carlos: posts small blind $0.50
Joe_Li7: posts big blind $1
BallerXOne: sits out 
*** HOLE CARDS ***
Oli3579: raises $1.25 to $2.25
Casti180476: calls $2.25
IREQO: folds 
Joe_Carlos: folds 
Joe_Li7: calls $1.25
*** FLOP *** [9c 2c Jd]
Joe_Li7: checks 
Oli3579: checks 
Casti180476: bets $2
Joe_Li7: folds 
Oli3579: calls $2
*** TURN *** [9c 2c Jd] [3d]
Oli3579: checks 
Casti180476: bets $3
Oli3579: calls $3
*** RIVER *** [9c 2c Jd 3d] [Qs]
Oli3579: checks 
Casti180476: checks 
*** SHOW DOWN ***
Oli3579: shows [Kd Tc] (a straight, Nine to King)
Casti180476: mucks hand 
Oli3579 collected $16.39 from pot
*** SUMMARY ***
Total pot $17.25 | Rake $0.86 
Board [9c 2c Jd 3d Qs]
Seat 4: BallerXOne
Seat 1: Joe_Li7 (big blind) folded on the Flop
Seat 2: Oli3579 showed [Kd Tc] and won ($16.39) with a straight, Nine to King
Seat 3: Casti180476 mucked
Seat 5: IREQO (button) folded before Flop (didn't bet)
Seat 6: Joe_Carlos (small blind) folded before Flop



PokerStars Hand #254675350535:  Hold'em No Limit ($0.50/$1.00 USD) - 2025/02/02 19:44:05 WET [2025/02/02 14:44:05 ET]
Table 'Hamal II' 6-max Seat #6 is the button
Seat 4: BallerXOne ($100 in chips) is sitting out
Seat 1: Joe_Li7 ($100 in chips) 
Seat 2: Oli3579 ($110.64 in chips) 
Seat 3: Casti180476 ($32.64 in chips) 
Seat 5: IREQO ($103.95 in chips) 
Seat 6: Joe_Carlos ($38.50 in chips) 
Joe_Li7: posts small blind $0.50
Oli3579: posts big blind $1
BallerXOne: sits out 
*** HOLE CARDS ***
Casti180476: folds 
IREQO: raises $1.50 to $2.50
Joe_Carlos: folds 
Joe_Li7: raises $8 to $10.50
Oli3579: folds 
Casti180476 leaves the table
IREQO: raises $11.50 to $22
GodDamn3dCat joins the table at seat #3 
Joe_Li7: calls $11.50
*** FLOP *** [Qh Kc 9c]
Joe_Li7: checks 
IREQO: bets $21
Joe_Li7: folds 
Uncalled bet ($21) returned to IREQO
IREQO collected $42.75 from pot
IREQO: doesn't show hand 
*** SUMMARY ***
Total pot $45 | Rake $2.25 
Board [Qh Kc 9c]
Seat 4: BallerXOne
Seat 1: Joe_Li7 (small blind) folded on the Flop
Seat 2: Oli3579 (big blind) folded before Flop
Seat 3: Casti180476 folded before Flop (didn't bet)
Seat 5: IREQO collected ($42.75)
Seat 6: Joe_Carlos (button) folded before Flop (didn't bet)



PokerStars Hand #254675391900:  Hold'em No Limit ($0.50/$1.00 USD) - 2025/02/02 19:45:56 WET [2025/02/02 14:45:56 ET]
Table 'Hamal II' 6-max Seat #1 is the button
Seat 4: BallerXOne ($100 in chips) is sitting out
Seat 1: Joe_Li7 ($100 in chips) 
Seat 2: Oli3579 ($109.64 in chips) 
Seat 3: GodDamn3dCat ($100 in chips) 
Seat 5: IREQO ($124.70 in chips) 
Seat 6: Joe_Carlos ($38.50 in chips) 
Oli3579: posts small blind $0.50
GodDamn3dCat: posts big blind $1
BallerXOne: sits out 
*** HOLE CARDS ***
IREQO: folds 
Joe_Carlos: folds 
Joe_Li7: raises $1.50 to $2.50
Oli3579: folds 
GodDamn3dCat: calls $1.50
*** FLOP *** [Jc 3s Th]
GodDamn3dCat: checks 
Joe_Li7: bets $1.72
GodDamn3dCat: calls $1.72
*** TURN *** [Jc 3s Th] [8d]
GodDamn3dCat: checks 
Joe_Li7: bets $6.37
GodDamn3dCat: folds 
Uncalled bet ($6.37) returned to Joe_Li7
Joe_Li7 collected $8.49 from pot
*** SUMMARY ***
Total pot $8.94 | Rake $0.45 
Board [Jc 3s Th 8d]
Seat 4: BallerXOne
Seat 1: Joe_Li7 (button) collected ($8.49)
Seat 2: Oli3579 (small blind) folded before Flop
Seat 3: GodDamn3dCat (big blind) folded on the Turn
Seat 5: IREQO folded before Flop (didn't bet)
Seat 6: Joe_Carlos folded before Flop (didn't bet)



PokerStars Hand #254675412874:  Hold'em No Limit ($0.50/$1.00 USD) - 2025/02/02 19:46:52 WET [2025/02/02 14:46:52 ET]
Table 'Hamal II' 6-max Seat #2 is the button
Seat 1: Joe_Li7 ($104.27 in chips) 
Seat 2: Oli3579 ($109.14 in chips) 
Seat 3: GodDamn3dCat ($100 in chips) 
Seat 4: BallerXOne ($100 in chips) 
Seat 5: IREQO ($124.70 in chips) 
Seat 6: Joe_Carlos ($38.50 in chips) 
GodDamn3dCat: posts small blind $0.50
BallerXOne: posts big blind $1
*** HOLE CARDS ***
IREQO: raises $1.50 to $2.50
Joe_Carlos: folds 
Joe_Li7: raises $5 to $7.50
Oli3579: folds 
GodDamn3dCat: folds 
BallerXOne: raises $12.50 to $20
IREQO: folds 
Joe_Li7: folds 
Uncalled bet ($12.50) returned to BallerXOne
BallerXOne collected $18 from pot
BallerXOne: doesn't show hand 
*** SUMMARY ***
Total pot $18 | Rake $0 
Seat 1: Joe_Li7 folded before Flop
Seat 2: Oli3579 (button) folded before Flop (didn't bet)
Seat 3: GodDamn3dCat (small blind) folded before Flop
Seat 4: BallerXOne (big blind) collected ($18)
Seat 5: IREQO folded before Flop
Seat 6: Joe_Carlos folded before Flop (didn't bet)



PokerStars Hand #254675433837:  Hold'em No Limit ($0.50/$1.00 USD) - 2025/02/02 19:47:49 WET [2025/02/02 14:47:49 ET]
Table 'Hamal II' 6-max Seat #3 is the button
Seat 5: IREQO ($122.20 in chips) is sitting out
Seat 1: Joe_Li7 ($100 in chips) 
Seat 2: Oli3579 ($109.14 in chips) 
Seat 3: GodDamn3dCat ($100 in chips) 
Seat 4: BallerXOne ($110.50 in chips) 
Seat 6: Joe_Carlos ($38.50 in chips) 
BallerXOne: posts small blind $0.50
IREQO: is sitting out 
Joe_Carlos: posts big blind $1
*** HOLE CARDS ***
Joe_Li7: folds 
Oli3579: raises $1.25 to $2.25
GodDamn3dCat: calls $2.25
BallerXOne: folds 
Joe_Carlos: folds 
*** FLOP *** [Js Ac 3c]
Oli3579: bets $1.88
IREQO is disconnected 
GodDamn3dCat: calls $1.88
*** TURN *** [Js Ac 3c] [Qs]
Oli3579: bets $6.95
GodDamn3dCat: folds 
Uncalled bet ($6.95) returned to Oli3579
Oli3579 collected $9.27 from pot
Oli3579: doesn't show hand 
*** SUMMARY ***
Total pot $9.76 | Rake $0.49 
Board [Js Ac 3c Qs]
Seat 5: IREQO
Seat 1: Joe_Li7 folded before Flop (didn't bet)
Seat 2: Oli3579 collected ($9.27)
Seat 3: GodDamn3dCat (button) folded on the Turn
Seat 4: BallerXOne (small blind) folded before Flop
Seat 6: Joe_Carlos (big blind) folded before Flop



PokerStars Hand #254675451762:  Hold'em No Limit ($0.50/$1.00 USD) - 2025/02/02 19:48:37 WET [2025/02/02 14:48:37 ET]
Table 'Hamal II' 6-max Seat #4 is the button
Seat 5: IREQO ($122.20 in chips) is sitting out
Seat 1: Joe_Li7 ($100 in chips) 
Seat 2: Oli3579 ($114.28 in chips) 
Seat 3: GodDamn3dCat ($100 in chips) 
Seat 4: BallerXOne ($110 in chips) 
Seat 6: Joe_Carlos ($37.50 in chips) 
Joe_Carlos: posts small blind $0.50
Joe_Li7: posts big blind $1
*** HOLE CARDS ***
Oli3579: raises $1.25 to $2.25
GodDamn3dCat: folds 
BallerXOne: folds 
Joe_Carlos: folds 
Joe_Li7: folds 
Uncalled bet ($1.25) returned to Oli3579
Oli3579 collected $2.50 from pot
Oli3579: doesn't show hand 
*** SUMMARY ***
Total pot $2.50 | Rake $0 
Seat 5: IREQO
Seat 1: Joe_Li7 (big blind) folded before Flop
Seat 2: Oli3579 collected ($2.50)
Seat 3: GodDamn3dCat folded before Flop (didn't bet)
Seat 4: BallerXOne (button) folded before Flop (didn't bet)
Seat 6: Joe_Carlos (small blind) folded before Flop



PokerStars Hand #254675460686:  Hold'em No Limit ($0.50/$1.00 USD) - 2025/02/02 19:49:02 WET [2025/02/02 14:49:02 ET]
Table 'Hamal II' 6-max Seat #6 is the button
Seat 5: IREQO ($122.20 in chips) is sitting out
Seat 1: Joe_Li7 ($100 in chips) 
Seat 2: Oli3579 ($115.78 in chips) 
Seat 3: GodDamn3dCat ($100 in chips) 
Seat 4: BallerXOne ($110 in chips) 
Seat 6: Joe_Carlos ($37 in chips) 
Joe_Li7: posts small blind $0.50
Oli3579: posts big blind $1
*** HOLE CARDS ***
GodDamn3dCat: folds 
BallerXOne: raises $1.50 to $2.50
Joe_Carlos: calls $2.50
Joe_Li7: folds 
Oli3579: calls $1.50
*** FLOP *** [8s Jc 6c]
Oli3579: checks 
BallerXOne: checks 
Joe_Carlos: bets $3.80
Oli3579: calls $3.80
BallerXOne: folds 
*** TURN *** [8s Jc 6c] [Qd]
Oli3579: checks 
Joe_Carlos: checks 
*** RIVER *** [8s Jc 6c Qd] [8h]
Oli3579: checks 
Joe_Carlos: bets $11.10
Oli3579: folds 
Uncalled bet ($11.10) returned to Joe_Carlos
Joe_Carlos collected $14.82 from pot
Joe_Carlos: doesn't show hand 
*** SUMMARY ***
Total pot $15.60 | Rake $0.78 
Board [8s Jc 6c Qd 8h]
Seat 5: IREQO
Seat 1: Joe_Li7 (small blind) folded before Flop
Seat 2: Oli3579 (big blind) folded on the River
Seat 3: GodDamn3dCat folded before Flop (didn't bet)
Seat 4: BallerXOne folded on the Flop
Seat 6: Joe_Carlos (button) collected ($14.82)



PokerStars Hand #254675490771:  Hold'em No Limit ($0.50/$1.00 USD) - 2025/02/02 19:50:23 WET [2025/02/02 14:50:23 ET]
Table 'Hamal II' 6-max Seat #1 is the button
Seat 5: IREQO ($122.20 in chips) is sitting out
Seat 1: Joe_Li7 ($100 in chips) 
Seat 2: Oli3579 ($109.48 in chips) 
Seat 3: GodDamn3dCat ($100 in chips) 
Seat 4: BallerXOne ($107.50 in chips) 
Seat 6: Joe_Carlos ($45.52 in chips) 
Oli3579: posts small blind $0.50
GodDamn3dCat: posts big blind $1
IREQO: sits out 
*** HOLE CARDS ***
BallerXOne: folds 
Joe_Carlos: folds 
Joe_Li7: folds 
Oli3579: folds 
Uncalled bet ($0.50) returned to GodDamn3dCat
GodDamn3dCat collected $1 from pot
GodDamn3dCat: doesn't show hand 
*** SUMMARY ***
Total pot $1 | Rake $0 
Seat 5: IREQO
Seat 1: Joe_Li7 (button) folded before Flop (didn't bet)
Seat 2: Oli3579 (small blind) folded before Flop
Seat 3: GodDamn3dCat (big blind) collected ($1)
Seat 4: BallerXOne folded before Flop (didn't bet)
Seat 6: Joe_Carlos folded before Flop (didn't bet)



PokerStars Hand #254675496427:  Hold'em No Limit ($0.50/$1.00 USD) - 2025/02/02 19:50:38 WET [2025/02/02 14:50:38 ET]
Table 'Hamal II' 6-max Seat #2 is the button
Seat 4: BallerXOne ($107.50 in chips) is sitting out
Seat 5: IREQO ($122.20 in chips) is sitting out
Seat 1: Joe_Li7 ($100 in chips) 
Seat 2: Oli3579 ($108.98 in chips) 
Seat 3: GodDamn3dCat ($100.50 in chips) 
Seat 6: Joe_Carlos ($45.52 in chips) 
GodDamn3dCat: posts small blind $0.50
BallerXOne: is sitting out 
IREQO: is sitting out 
Joe_Carlos: posts big blind $1
*** HOLE CARDS ***
BallerXOne leaves the table
Joe_Li7: raises $1.20 to $2.20
Oli3579: folds 
GodDamn3dCat: folds 
Joe_Carlos: folds 
Uncalled bet ($1.20) returned to Joe_Li7
Joe_Li7 collected $2.50 from pot
IREQO leaves the table
*** SUMMARY ***
Total pot $2.50 | Rake $0 
Seat 4: BallerXOne
Seat 5: IREQO
Seat 1: Joe_Li7 collected ($2.50)
Seat 2: Oli3579 (button) folded before Flop (didn't bet)
Seat 3: GodDamn3dCat (small blind) folded before Flop
Seat 6: Joe_Carlos (big blind) folded before Flop



PokerStars Hand #254675501428:  Hold'em No Limit ($0.50/$1.00 USD) - 2025/02/02 19:50:51 WET [2025/02/02 14:50:51 ET]
Table 'Hamal II' 6-max Seat #3 is the button
Seat 1: Joe_Li7 ($101.50 in chips) is sitting out
Seat 2: Oli3579 ($108.98 in chips) 
Seat 3: GodDamn3dCat ($100 in chips) 
Seat 6: Joe_Carlos ($44.52 in chips) 
Joe_Carlos: posts small blind $0.50
Joe_Li7: is sitting out 
Oli3579: posts big blind $1
*** HOLE CARDS ***
GodDamn3dCat: raises $1.50 to $2.50
Joe_Li7 leaves the table
Joe_Carlos: folds 
Oli3579: folds 
Uncalled bet ($1.50) returned to GodDamn3dCat
GodDamn3dCat collected $2.50 from pot
GodDamn3dCat: doesn't show hand 
*** SUMMARY ***
Total pot $2.50 | Rake $0 
Seat 1: Joe_Li7
Seat 2: Oli3579 (big blind) folded before Flop
Seat 3: GodDamn3dCat (button) collected ($2.50)
Seat 6: Joe_Carlos (small blind) folded before Flop



PokerStars Hand #254675507339:  Hold'em No Limit ($0.50/$1.00 USD) - 2025/02/02 19:51:07 WET [2025/02/02 14:51:07 ET]
Table 'Hamal II' 6-max Seat #6 is the button
Seat 2: Oli3579 ($107.98 in chips) 
Seat 3: GodDamn3dCat ($101.50 in chips) 
Seat 6: Joe_Carlos ($44.02 in chips) 
Oli3579: posts small blind $0.50
GodDamn3dCat: posts big blind $1
*** HOLE CARDS ***
Joe_Carlos: folds 
Oli3579: folds 
Uncalled bet ($0.50) returned to GodDamn3dCat
GodDamn3dCat collected $1 from pot
GodDamn3dCat: doesn't show hand 
*** SUMMARY ***
Total pot $1 | Rake $0 
Seat 2: Oli3579 (small blind) folded before Flop
Seat 3: GodDamn3dCat (big blind) collected ($1)
Seat 6: Joe_Carlos (button) folded before Flop (didn't bet)



PokerStars Hand #254675511614:  Hold'em No Limit ($0.50/$1.00 USD) - 2025/02/02 19:51:19 WET [2025/02/02 14:51:19 ET]
Table 'Hamal II' 6-max Seat #2 is the button
Seat 2: Oli3579 ($107.48 in chips) 
Seat 3: GodDamn3dCat ($102 in chips) 
Seat 6: Joe_Carlos ($44.02 in chips) 
GodDamn3dCat: posts small blind $0.50
Joe_Carlos: posts big blind $1
*** HOLE CARDS ***
Oli3579: folds 
GodDamn3dCat: calls $0.50
Joe_Carlos: checks 
*** FLOP *** [Ac Kh 8s]
GodDamn3dCat: checks 
Joe_Carlos: checks 
*** TURN *** [Ac Kh 8s] [Kd]
GodDamn3dCat: bets $1.43
SorinS28 joins the table at seat #5 
Y_19 joins the table at seat #4 
Joe_Carlos: folds 
Uncalled bet ($1.43) returned to GodDamn3dCat
GodDamn3dCat collected $1.90 from pot
GodDamn3dCat: doesn't show hand 
*** SUMMARY ***
Total pot $2 | Rake $0.10 
Board [Ac Kh 8s Kd]
Seat 2: Oli3579 (button) folded before Flop (didn't bet)
Seat 3: GodDamn3dCat (small blind) collected ($1.90)
Seat 6: Joe_Carlos (big blind) folded on the Turn



PokerStars Hand #254675525538:  Hold'em No Limit ($0.50/$1.00 USD) - 2025/02/02 19:51:56 WET [2025/02/02 14:51:56 ET]
Table 'Hamal II' 6-max Seat #3 is the button
Seat 4: Y_19 ($100 in chips) is sitting out
Seat 5: SorinS28 ($100 in chips) is sitting out
Seat 2: Oli3579 ($107.48 in chips) 
Seat 3: GodDamn3dCat ($102.90 in chips) 
Seat 6: Joe_Carlos ($43.02 in chips) 
Joe_Carlos: posts small blind $0.50
Oli3579: posts big blind $1
*** HOLE CARDS ***
GodDamn3dCat: folds 
Joe_Carlos: folds 
Uncalled bet ($0.50) returned to Oli3579
Oli3579 collected $1 from pot
Oli3579: doesn't show hand 
*** SUMMARY ***
Total pot $1 | Rake $0 
Seat 4: Y_19
Seat 5: SorinS28
Seat 2: Oli3579 (big blind) collected ($1)
Seat 3: GodDamn3dCat (button) folded before Flop (didn't bet)
Seat 6: Joe_Carlos (small blind) folded before Flop



PokerStars Hand #254675531125:  Hold'em No Limit ($0.50/$1.00 USD) - 2025/02/02 19:52:11 WET [2025/02/02 14:52:11 ET]
Table 'Hamal II' 6-max Seat #6 is the button
Seat 4: Y_19 ($100 in chips) is sitting out
Seat 5: SorinS28 ($100 in chips) is sitting out
Seat 2: Oli3579 ($107.98 in chips) 
Seat 3: GodDamn3dCat ($102.90 in chips) 
Seat 6: Joe_Carlos ($42.52 in chips) 
Oli3579: posts small blind $0.50
GodDamn3dCat: posts big blind $1
Y_19: sits out 
SorinS28: sits out 
*** HOLE CARDS ***
Joe_Carlos has timed out
Joe_Carlos: folds 
Oli3579: folds 
Uncalled bet ($0.50) returned to GodDamn3dCat
GodDamn3dCat collected $1 from pot
GodDamn3dCat: doesn't show hand 
*** SUMMARY ***
Total pot $1 | Rake $0 
Seat 4: Y_19
Seat 5: SorinS28
Seat 2: Oli3579 (small blind) folded before Flop
Seat 3: GodDamn3dCat (big blind) collected ($1)
Seat 6: Joe_Carlos (button) folded before Flop (didn't bet)



PokerStars Hand #254675536878:  Hold'em No Limit ($0.50/$1.00 USD) - 2025/02/02 19:52:26 WET [2025/02/02 14:52:26 ET]
Table 'Hamal II' 6-max Seat #2 is the button
Seat 5: SorinS28 ($100 in chips) is sitting out
Seat 6: Joe_Carlos ($42.52 in chips) is sitting out
Seat 2: Oli3579 ($107.48 in chips) 
Seat 3: GodDamn3dCat ($103.40 in chips) 
Seat 4: Y_19 ($100 in chips) 
GodDamn3dCat: posts small blind $0.50
Y_19: posts big blind $1
SorinS28: sits out 
*** HOLE CARDS ***
Oli3579: folds 
GodDamn3dCat: folds 
Uncalled bet ($0.50) returned to Y_19
Y_19 collected $1 from pot
Y_19: doesn't show hand 
*** SUMMARY ***
Total pot $1 | Rake $0 
Seat 5: SorinS28
Seat 6: Joe_Carlos
Seat 2: Oli3579 (button) folded before Flop (didn't bet)
Seat 3: GodDamn3dCat (small blind) folded before Flop
Seat 4: Y_19 (big blind) collected ($1)



PokerStars Hand #254675540311:  Hold'em No Limit ($0.50/$1.00 USD) - 2025/02/02 19:52:36 WET [2025/02/02 14:52:36 ET]
Table 'Hamal II' 6-max Seat #3 is the button
Seat 6: Joe_Carlos ($42.52 in chips) is sitting out
Seat 2: Oli3579 ($107.48 in chips) 
Seat 3: GodDamn3dCat ($102.90 in chips) 
Seat 4: Y_19 ($100.50 in chips) 
Seat 5: SorinS28 ($100 in chips) 
Y_19: posts small blind $0.50
SorinS28: posts big blind $1
*** HOLE CARDS ***
Oli3579: folds 
GodDamn3dCat: folds 
Y_19: raises $2 to $3
SorinS28: folds 
Uncalled bet ($2) returned to Y_19
Y_19 collected $2 from pot
Y_19: doesn't show hand 
*** SUMMARY ***
Total pot $2 | Rake $0 
Seat 6: Joe_Carlos
Seat 2: Oli3579 folded before Flop (didn't bet)
Seat 3: GodDamn3dCat (button) folded before Flop (didn't bet)
Seat 4: Y_19 (small blind) collected ($2)
Seat 5: SorinS28 (big blind) folded before Flop



PokerStars Hand #254675545961:  Hold'em No Limit ($0.50/$1.00 USD) - 2025/02/02 19:52:51 WET [2025/02/02 14:52:51 ET]
Table 'Hamal II' 6-max Seat #4 is the button
Seat 2: Oli3579 ($107.48 in chips) 
Seat 3: GodDamn3dCat ($102.90 in chips) 
Seat 4: Y_19 ($101.50 in chips) 
Seat 5: SorinS28 ($100 in chips) 
Seat 6: Joe_Carlos ($42.52 in chips) 
SorinS28: posts small blind $0.50
Joe_Carlos: posts big blind $1
*** HOLE CARDS ***
Oli3579: folds 
Baurzhan44 joins the table at seat #1 
Baurzhan44 is disconnected 
GodDamn3dCat: raises $1.20 to $2.20
Y_19: raises $4.43 to $6.63
SorinS28: folds 
Joe_Carlos: folds 
GodDamn3dCat: calls $4.43
*** FLOP *** [Qd 4c Th]
GodDamn3dCat: checks 
Y_19: bets $4.63
GodDamn3dCat: folds 
Uncalled bet ($4.63) returned to Y_19
Y_19 collected $14.02 from pot
Y_19: doesn't show hand 
*** SUMMARY ***
Total pot $14.76 | Rake $0.74 
Board [Qd 4c Th]
Seat 2: Oli3579 folded before Flop (didn't bet)
Seat 3: GodDamn3dCat folded on the Flop
Seat 4: Y_19 (button) collected ($14.02)
Seat 5: SorinS28 (small blind) folded before Flop
Seat 6: Joe_Carlos (big blind) folded before Flop



PokerStars Hand #254675566946:  Hold'em No Limit ($0.50/$1.00 USD) - 2025/02/02 19:53:48 WET [2025/02/02 14:53:48 ET]
Table 'Hamal II' 6-max Seat #5 is the button
Seat 1: Baurzhan44 ($74.57 in chips) 
Seat 2: Oli3579 ($107.48 in chips) 
Seat 3: GodDamn3dCat ($100 in chips) 
Seat 4: Y_19 ($108.89 in chips) 
Seat 5: SorinS28 ($100 in chips) 
Seat 6: Joe_Carlos ($41.52 in chips) 
Joe_Carlos: posts small blind $0.50
Baurzhan44: posts big blind $1
*** HOLE CARDS ***
Oli3579: folds 
GodDamn3dCat: folds 
Y_19: raises $1.23 to $2.23
SorinS28: folds 
Joe_Carlos: folds 
Baurzhan44: calls $1.23
*** FLOP *** [4s Qc Kd]
Baurzhan44: checks 
Y_19: bets $1.55
Baurzhan44: folds 
Uncalled bet ($1.55) returned to Y_19
Y_19 collected $4.71 from pot
Y_19: doesn't show hand 
*** SUMMARY ***
Total pot $4.96 | Rake $0.25 
Board [4s Qc Kd]
Seat 1: Baurzhan44 (big blind) folded on the Flop
Seat 2: Oli3579 folded before Flop (didn't bet)
Seat 3: GodDamn3dCat folded before Flop (didn't bet)
Seat 4: Y_19 collected ($4.71)
Seat 5: SorinS28 (button) folded before Flop (didn't bet)
Seat 6: Joe_Carlos (small blind) folded before Flop



PokerStars Hand #254675576898:  Hold'em No Limit ($0.50/$1.00 USD) - 2025/02/02 19:54:15 WET [2025/02/02 14:54:15 ET]
Table 'Hamal II' 6-max Seat #6 is the button
Seat 1: Baurzhan44 ($72.34 in chips) 
Seat 2: Oli3579 ($107.48 in chips) 
Seat 3: GodDamn3dCat ($100 in chips) 
Seat 4: Y_19 ($111.37 in chips) 
Seat 5: SorinS28 ($100 in chips) 
Seat 6: Joe_Carlos ($41.02 in chips) 
Baurzhan44: posts small blind $0.50
Oli3579: posts big blind $1
*** HOLE CARDS ***
GodDamn3dCat: folds 
Y_19: folds 
SorinS28: raises $1.30 to $2.30
Joe_Carlos: folds 
Baurzhan44: calls $1.80
Oli3579: raises $11.20 to $13.50
SorinS28: folds 
Baurzhan44: calls $11.20
*** FLOP *** [Qs 8s Tc]
Baurzhan44: bets $13.92
Oli3579: calls $13.92
*** TURN *** [Qs 8s Tc] [3d]
Baurzhan44: bets $27.32
Oli3579: raises $27.32 to $54.64
Baurzhan44: folds 
Uncalled bet ($27.32) returned to Oli3579
Oli3579 collected $109.28 from pot
Oli3579: doesn't show hand 
*** SUMMARY ***
Total pot $111.78 | Rake $2.50 
Board [Qs 8s Tc 3d]
Seat 1: Baurzhan44 (small blind) folded on the Turn
Seat 2: Oli3579 (big blind) collected ($109.28)
Seat 3: GodDamn3dCat folded before Flop (didn't bet)
Seat 4: Y_19 folded before Flop (didn't bet)
Seat 5: SorinS28 folded before Flop
Seat 6: Joe_Carlos (button) folded before Flop (didn't bet)



PokerStars Hand #254675602831:  Hold'em No Limit ($0.50/$1.00 USD) - 2025/02/02 19:55:35 WET [2025/02/02 14:55:35 ET]
Table 'Hamal II' 6-max Seat #1 is the button
Seat 1: Baurzhan44 ($17.60 in chips) 
Seat 2: Oli3579 ($162.02 in chips) 
Seat 3: GodDamn3dCat ($100 in chips) 
Seat 4: Y_19 ($111.37 in chips) 
Seat 5: SorinS28 ($100 in chips) 
Seat 6: Joe_Carlos ($41.02 in chips) 
Oli3579: posts small blind $0.50
GodDamn3dCat: posts big blind $1
*** HOLE CARDS ***
Y_19: raises $1.23 to $2.23
SorinS28: folds 
Joe_Carlos: folds 
Baurzhan44: raises $15.37 to $17.60 and is all-in
Oli3579: folds 
GodDamn3dCat: folds 
Y_19: calls $15.37
*** FLOP *** [Jh 5s 7d]
*** TURN *** [Jh 5s 7d] [Td]
*** RIVER *** [Jh 5s 7d Td] [7h]
*** SHOW DOWN ***
Y_19: shows [Ad 3d] (a pair of Sevens)
Baurzhan44: shows [7c 7s] (four of a kind, Sevens)
Baurzhan44 collected $34.86 from pot
*** SUMMARY ***
Total pot $36.70 | Rake $1.84 
Board [Jh 5s 7d Td 7h]
Seat 1: Baurzhan44 (button) showed [7c 7s] and won ($34.86) with four of a kind, Sevens
Seat 2: Oli3579 (small blind) folded before Flop
Seat 3: GodDamn3dCat (big blind) folded before Flop
Seat 4: Y_19 showed [Ad 3d] and lost with a pair of Sevens
Seat 5: SorinS28 folded before Flop (didn't bet)
Seat 6: Joe_Carlos folded before Flop (didn't bet)



PokerStars Hand #254675608060:  Hold'em No Limit ($0.50/$1.00 USD) - 2025/02/02 19:55:59 WET [2025/02/02 14:55:59 ET]
Table 'Hamal II' 6-max Seat #2 is the button
Seat 1: Baurzhan44 ($34.86 in chips) 
Seat 2: Oli3579 ($161.52 in chips) 
Seat 3: GodDamn3dCat ($100 in chips) 
Seat 4: Y_19 ($100 in chips) 
Seat 5: SorinS28 ($100 in chips) 
Seat 6: Joe_Carlos ($41.02 in chips) 
GodDamn3dCat: posts small blind $0.50
Y_19: posts big blind $1
*** HOLE CARDS ***
SorinS28: folds 
SorinS28 leaves the table
Joe_Carlos has timed out
Joe_Carlos: folds 
Baurzhan44: raises $2 to $3
Oli3579: folds 
GodDamn3dCat: folds 
Y_19: calls $2
*** FLOP *** [7s 5c Th]
Y_19: checks 
Baurzhan44: checks 
*** TURN *** [7s 5c Th] [Tc]
Y_19: bets $4.33
Baurzhan44: folds 
Uncalled bet ($4.33) returned to Y_19
Y_19 collected $6.18 from pot
IREQO joins the table at seat #5 
Y_19: doesn't show hand 
*** SUMMARY ***
Total pot $6.50 | Rake $0.32 
Board [7s 5c Th Tc]
Seat 1: Baurzhan44 folded on the Turn
Seat 2: Oli3579 (button) folded before Flop (didn't bet)
Seat 3: GodDamn3dCat (small blind) folded before Flop
Seat 4: Y_19 (big blind) collected ($6.18)
Seat 5: SorinS28 folded before Flop (didn't bet)
Seat 6: Joe_Carlos folded before Flop (didn't bet)



PokerStars Hand #254675618457:  Hold'em No Limit ($0.50/$1.00 USD) - 2025/02/02 19:56:47 WET [2025/02/02 14:56:47 ET]
Table 'Hamal II' 6-max Seat #3 is the button
Seat 1: Baurzhan44 ($31.86 in chips) 
Seat 2: Oli3579 ($161.52 in chips) 
Seat 3: GodDamn3dCat ($100 in chips) 
Seat 4: Y_19 ($103.18 in chips) 
Seat 5: IREQO ($122.20 in chips) 
Seat 6: Joe_Carlos ($41.02 in chips) 
Y_19: posts small blind $0.50
IREQO: posts big blind $1
*** HOLE CARDS ***
Joe_Carlos has timed out
Joe_Carlos: folds 
Baurzhan44: raises $30.86 to $31.86 and is all-in
Oli3579: folds 
GodDamn3dCat: folds 
Y_19: folds 
IREQO: folds 
Uncalled bet ($30.86) returned to Baurzhan44
Baurzhan44 collected $2.50 from pot
*** SUMMARY ***
Total pot $2.50 | Rake $0 
Seat 1: Baurzhan44 collected ($2.50)
Seat 2: Oli3579 folded before Flop (didn't bet)
Seat 3: GodDamn3dCat (button) folded before Flop (didn't bet)
Seat 4: Y_19 (small blind) folded before Flop
Seat 5: IREQO (big blind) folded before Flop
Seat 6: Joe_Carlos folded before Flop (didn't bet)



PokerStars Hand #254675624654:  Hold'em No Limit ($0.50/$1.00 USD) - 2025/02/02 19:57:15 WET [2025/02/02 14:57:15 ET]
Table 'Hamal II' 6-max Seat #4 is the button
Seat 1: Baurzhan44 ($33.36 in chips) 
Seat 2: Oli3579 ($161.52 in chips) 
Seat 3: GodDamn3dCat ($100 in chips) 
Seat 4: Y_19 ($102.68 in chips) 
Seat 5: IREQO ($121.20 in chips) 
Seat 6: Joe_Carlos ($41.02 in chips) 
IREQO: posts small blind $0.50
Joe_Carlos: posts big blind $1
*** HOLE CARDS ***
Baurzhan44: folds 
Oli3579: raises $1.25 to $2.25
GodDamn3dCat: calls $2.25
Y_19: calls $2.25
IREQO: raises $11.75 to $14
Joe_Carlos: folds 
Oli3579: folds 
GodDamn3dCat: folds 
Y_19: folds 
Uncalled bet ($11.75) returned to IREQO
IREQO collected $10 from pot
IREQO: doesn't show hand 
*** SUMMARY ***
Total pot $10 | Rake $0 
Seat 1: Baurzhan44 folded before Flop (didn't bet)
Seat 2: Oli3579 folded before Flop
Seat 3: GodDamn3dCat folded before Flop
Seat 4: Y_19 (button) folded before Flop
Seat 5: IREQO (small blind) collected ($10)
Seat 6: Joe_Carlos (big blind) folded before Flop



PokerStars Hand #254675633834:  Hold'em No Limit ($0.50/$1.00 USD) - 2025/02/02 19:57:57 WET [2025/02/02 14:57:57 ET]
Table 'Hamal II' 6-max Seat #5 is the button
Seat 1: Baurzhan44 ($33.36 in chips) 
Seat 2: Oli3579 ($159.27 in chips) 
Seat 3: GodDamn3dCat ($100 in chips) 
Seat 4: Y_19 ($100.43 in chips) 
Seat 5: IREQO ($128.95 in chips) 
Seat 6: Joe_Carlos ($40.02 in chips) 
Joe_Carlos: posts small blind $0.50
Baurzhan44: posts big blind $1
*** HOLE CARDS ***
Oli3579: folds 
GodDamn3dCat: raises $1.20 to $2.20
Y_19: folds 
IREQO: folds 
Joe_Carlos: folds 
Baurzhan44: folds 
Uncalled bet ($1.20) returned to GodDamn3dCat
GodDamn3dCat collected $2.50 from pot
GodDamn3dCat: doesn't show hand 
*** SUMMARY ***
Total pot $2.50 | Rake $0 
Seat 1: Baurzhan44 (big blind) folded before Flop
Seat 2: Oli3579 folded before Flop (didn't bet)
Seat 3: GodDamn3dCat collected ($2.50)
Seat 4: Y_19 folded before Flop (didn't bet)
Seat 5: IREQO (button) folded before Flop (didn't bet)
Seat 6: Joe_Carlos (small blind) folded before Flop



PokerStars Hand #254675639427:  Hold'em No Limit ($0.50/$1.00 USD) - 2025/02/02 19:58:22 WET [2025/02/02 14:58:22 ET]
Table 'Hamal II' 6-max Seat #6 is the button
Seat 1: Baurzhan44 ($32.36 in chips) 
Seat 2: Oli3579 ($159.27 in chips) 
Seat 3: GodDamn3dCat ($101.50 in chips) 
Seat 4: Y_19 ($100.43 in chips) 
Seat 5: IREQO ($128.95 in chips) 
Seat 6: Joe_Carlos ($39.52 in chips) 
Baurzhan44: posts small blind $0.50
Oli3579: posts big blind $1
*** HOLE CARDS ***
GodDamn3dCat: folds 
Y_19: raises $1.23 to $2.23
IREQO: folds 
Joe_Carlos: folds 
Baurzhan44: folds 
Oli3579: calls $1.23
*** FLOP *** [2d 2c Js]
Oli3579: checks 
Y_19: bets $1.55
Oli3579: folds 
Uncalled bet ($1.55) returned to Y_19
Y_19 collected $4.71 from pot
Y_19: doesn't show hand 
*** SUMMARY ***
Total pot $4.96 | Rake $0.25 
Board [2d 2c Js]
Seat 1: Baurzhan44 (small blind) folded before Flop
Seat 2: Oli3579 (big blind) folded on the Flop
Seat 3: GodDamn3dCat folded before Flop (didn't bet)
Seat 4: Y_19 collected ($4.71)
Seat 5: IREQO folded before Flop (didn't bet)
Seat 6: Joe_Carlos (button) folded before Flop (didn't bet)



PokerStars Hand #254675648673:  Hold'em No Limit ($0.50/$1.00 USD) - 2025/02/02 19:59:04 WET [2025/02/02 14:59:04 ET]
Table 'Hamal II' 6-max Seat #1 is the button
Seat 1: Baurzhan44 ($31.86 in chips) 
Seat 2: Oli3579 ($157.04 in chips) 
Seat 3: GodDamn3dCat ($101.50 in chips) 
Seat 4: Y_19 ($102.91 in chips) 
Seat 5: IREQO ($128.95 in chips) 
Seat 6: Joe_Carlos ($39.52 in chips) 
Oli3579: posts small blind $0.50
GodDamn3dCat: posts big blind $1
*** HOLE CARDS ***
Y_19: folds 
IREQO: folds 
Joe_Carlos: calls $1
Baurzhan44: calls $1
Oli3579: folds 
GodDamn3dCat: checks 
*** FLOP *** [Jh 2h 3h]
GodDamn3dCat: checks 
Joe_Carlos: checks 
Baurzhan44: checks 
*** TURN *** [Jh 2h 3h] [Qs]
GodDamn3dCat: checks 
Joe_Carlos: bets $2.49
Baurzhan44: folds 
GodDamn3dCat: folds 
Uncalled bet ($2.49) returned to Joe_Carlos
Joe_Carlos collected $3.32 from pot
Joe_Carlos: doesn't show hand 
*** SUMMARY ***
Total pot $3.50 | Rake $0.18 
Board [Jh 2h 3h Qs]
Seat 1: Baurzhan44 (button) folded on the Turn
Seat 2: Oli3579 (small blind) folded before Flop
Seat 3: GodDamn3dCat (big blind) folded on the Turn
Seat 4: Y_19 folded before Flop (didn't bet)
Seat 5: IREQO folded before Flop (didn't bet)
Seat 6: Joe_Carlos collected ($3.32)



PokerStars Hand #254675657560:  Hold'em No Limit ($0.50/$1.00 USD) - 2025/02/02 19:59:45 WET [2025/02/02 14:59:45 ET]
Table 'Hamal II' 6-max Seat #2 is the button
Seat 1: Baurzhan44 ($30.86 in chips) 
Seat 2: Oli3579 ($156.54 in chips) 
Seat 3: GodDamn3dCat ($100.50 in chips) 
Seat 4: Y_19 ($102.91 in chips) 
Seat 5: IREQO ($128.95 in chips) 
Seat 6: Joe_Carlos ($41.84 in chips) 
GodDamn3dCat: posts small blind $0.50
Y_19: posts big blind $1
*** HOLE CARDS ***
IREQO: folds 
Joe_Carlos: folds 
Baurzhan44: raises $29.86 to $30.86 and is all-in
Oli3579: folds 
GodDamn3dCat: folds 
Y_19: folds 
Uncalled bet ($29.86) returned to Baurzhan44
Baurzhan44 collected $2.50 from pot
*** SUMMARY ***
Total pot $2.50 | Rake $0 
Seat 1: Baurzhan44 collected ($2.50)
Seat 2: Oli3579 (button) folded before Flop (didn't bet)
Seat 3: GodDamn3dCat (small blind) folded before Flop
Seat 4: Y_19 (big blind) folded before Flop
Seat 5: IREQO folded before Flop (didn't bet)
Seat 6: Joe_Carlos folded before Flop (didn't bet)



PokerStars Hand #254675663056:  Hold'em No Limit ($0.50/$1.00 USD) - 2025/02/02 20:00:08 WET [2025/02/02 15:00:08 ET]
Table 'Hamal II' 6-max Seat #3 is the button
Seat 1: Baurzhan44 ($32.36 in chips) 
Seat 2: Oli3579 ($156.54 in chips) 
Seat 3: GodDamn3dCat ($100 in chips) 
Seat 4: Y_19 ($101.91 in chips) 
Seat 5: IREQO ($128.95 in chips) 
Seat 6: Joe_Carlos ($41.84 in chips) 
Y_19: posts small blind $0.50
IREQO: posts big blind $1
*** HOLE CARDS ***
Joe_Carlos: folds 
Baurzhan44: folds 
Oli3579: folds 
GodDamn3dCat has timed out
GodDamn3dCat: folds 
Y_19: folds 
Uncalled bet ($0.50) returned to IREQO
IREQO collected $1 from pot
IREQO: doesn't show hand 
*** SUMMARY ***
Total pot $1 | Rake $0 
Seat 1: Baurzhan44 folded before Flop (didn't bet)
Seat 2: Oli3579 folded before Flop (didn't bet)
Seat 3: GodDamn3dCat (button) folded before Flop (didn't bet)
Seat 4: Y_19 (small blind) folded before Flop
Seat 5: IREQO (big blind) collected ($1)
Seat 6: Joe_Carlos folded before Flop (didn't bet)



PokerStars Hand #254675668671:  Hold'em No Limit ($0.50/$1.00 USD) - 2025/02/02 20:00:33 WET [2025/02/02 15:00:33 ET]
Table 'Hamal II' 6-max Seat #4 is the button
Seat 3: GodDamn3dCat ($100 in chips) is sitting out
Seat 1: Baurzhan44 ($32.36 in chips) 
Seat 2: Oli3579 ($156.54 in chips) 
Seat 4: Y_19 ($101.41 in chips) 
Seat 5: IREQO ($129.45 in chips) 
Seat 6: Joe_Carlos ($41.84 in chips) 
IREQO: posts small blind $0.50
Joe_Carlos: posts big blind $1
*** HOLE CARDS ***
Baurzhan44: folds 
Oli3579: raises $1.25 to $2.25
Y_19: raises $4.50 to $6.75
IREQO: folds 
Joe_Carlos: folds 
Oli3579: folds 
Uncalled bet ($4.50) returned to Y_19
Y_19 collected $6 from pot
Y_19: doesn't show hand 
*** SUMMARY ***
Total pot $6 | Rake $0 
Seat 3: GodDamn3dCat
Seat 1: Baurzhan44 folded before Flop (didn't bet)
Seat 2: Oli3579 folded before Flop
Seat 4: Y_19 (button) collected ($6)
Seat 5: IREQO (small blind) folded before Flop
Seat 6: Joe_Carlos (big blind) folded before Flop



PokerStars Hand #254675675263:  Hold'em No Limit ($0.50/$1.00 USD) - 2025/02/02 20:00:59 WET [2025/02/02 15:00:59 ET]
Table 'Hamal II' 6-max Seat #5 is the button
Seat 1: Baurzhan44 ($32.36 in chips) 
Seat 2: Oli3579 ($154.29 in chips) 
Seat 3: GodDamn3dCat ($100 in chips) 
Seat 4: Y_19 ($105.16 in chips) 
Seat 5: IREQO ($128.95 in chips) 
Seat 6: Joe_Carlos ($40.84 in chips) 
Joe_Carlos: posts small blind $0.50
Baurzhan44: posts big blind $1
*** HOLE CARDS ***
Oli3579: folds 
GodDamn3dCat: raises $1.20 to $2.20
Y_19: folds 
IREQO: raises $4.80 to $7
Joe_Carlos: folds 
Baurzhan44: folds 
GodDamn3dCat: calls $4.80
*** FLOP *** [Qd 2h 3h]
GodDamn3dCat: checks 
IREQO: bets $4.86
GodDamn3dCat: folds 
Uncalled bet ($4.86) returned to IREQO
IREQO collected $14.72 from pot
IREQO: doesn't show hand 
*** SUMMARY ***
Total pot $15.50 | Rake $0.78 
Board [Qd 2h 3h]
Seat 1: Baurzhan44 (big blind) folded before Flop
Seat 2: Oli3579 folded before Flop (didn't bet)
Seat 3: GodDamn3dCat folded on the Flop
Seat 4: Y_19 folded before Flop (didn't bet)
Seat 5: IREQO (button) collected ($14.72)
Seat 6: Joe_Carlos (small blind) folded before Flop



PokerStars Hand #254675696885:  Hold'em No Limit ($0.50/$1.00 USD) - 2025/02/02 20:02:13 WET [2025/02/02 15:02:13 ET]
Table 'Hamal II' 6-max Seat #6 is the button
Seat 1: Baurzhan44 ($31.36 in chips) 
Seat 2: Oli3579 ($154.29 in chips) 
Seat 3: GodDamn3dCat ($100 in chips) 
Seat 4: Y_19 ($105.16 in chips) 
Seat 5: IREQO ($136.67 in chips) 
Seat 6: Joe_Carlos ($40.34 in chips) 
Baurzhan44: posts small blind $0.50
Oli3579: posts big blind $1
*** HOLE CARDS ***
GodDamn3dCat: folds 
Y_19: folds 
IREQO: folds 
Joe_Carlos: folds 
Baurzhan44: raises $30.36 to $31.36 and is all-in
Oli3579: folds 
Uncalled bet ($30.36) returned to Baurzhan44
Baurzhan44 collected $2 from pot
*** SUMMARY ***
Total pot $2 | Rake $0 
Seat 1: Baurzhan44 (small blind) collected ($2)
Seat 2: Oli3579 (big blind) folded before Flop
Seat 3: GodDamn3dCat folded before Flop (didn't bet)
Seat 4: Y_19 folded before Flop (didn't bet)
Seat 5: IREQO folded before Flop (didn't bet)
Seat 6: Joe_Carlos (button) folded before Flop (didn't bet)



PokerStars Hand #254675704878:  Hold'em No Limit ($0.50/$1.00 USD) - 2025/02/02 20:02:37 WET [2025/02/02 15:02:37 ET]
Table 'Hamal II' 6-max Seat #1 is the button
Seat 1: Baurzhan44 ($32.36 in chips) 
Seat 2: Oli3579 ($153.29 in chips) 
Seat 3: GodDamn3dCat ($100 in chips) 
Seat 4: Y_19 ($105.16 in chips) 
Seat 5: IREQO ($136.67 in chips) 
Seat 6: Joe_Carlos ($40.34 in chips) 
Oli3579: posts small blind $0.50
GodDamn3dCat: posts big blind $1
*** HOLE CARDS ***
Y_19: folds 
IREQO: folds 
Joe_Carlos: folds 
Baurzhan44: folds 
Oli3579: raises $2 to $3
GodDamn3dCat: folds 
Uncalled bet ($2) returned to Oli3579
Oli3579 collected $2 from pot
Oli3579: doesn't show hand 
*** SUMMARY ***
Total pot $2 | Rake $0 
Seat 1: Baurzhan44 (button) folded before Flop (didn't bet)
Seat 2: Oli3579 (small blind) collected ($2)
Seat 3: GodDamn3dCat (big blind) folded before Flop
Seat 4: Y_19 folded before Flop (didn't bet)
Seat 5: IREQO folded before Flop (didn't bet)
Seat 6: Joe_Carlos folded before Flop (didn't bet)



PokerStars Hand #254675709587:  Hold'em No Limit ($0.50/$1.00 USD) - 2025/02/02 20:02:51 WET [2025/02/02 15:02:51 ET]
Table 'Hamal II' 6-max Seat #2 is the button
Seat 1: Baurzhan44 ($32.36 in chips) 
Seat 2: Oli3579 ($154.29 in chips) 
Seat 3: GodDamn3dCat ($100 in chips) 
Seat 4: Y_19 ($105.16 in chips) 
Seat 5: IREQO ($136.67 in chips) 
Seat 6: Joe_Carlos ($40.34 in chips) 
GodDamn3dCat: posts small blind $0.50
Y_19: posts big blind $1
*** HOLE CARDS ***
IREQO: folds 
IREQO leaves the table
Joe_Carlos: folds 
sta$igk joins the table at seat #5 
Baurzhan44: folds 
Oli3579: raises $1.25 to $2.25
GodDamn3dCat: folds 
Y_19: folds 
Uncalled bet ($1.25) returned to Oli3579
Oli3579 collected $2.50 from pot
Oli3579: doesn't show hand 
*** SUMMARY ***
Total pot $2.50 | Rake $0 
Seat 1: Baurzhan44 folded before Flop (didn't bet)
Seat 2: Oli3579 (button) collected ($2.50)
Seat 3: GodDamn3dCat (small blind) folded before Flop
Seat 4: Y_19 (big blind) folded before Flop
Seat 5: IREQO folded before Flop (didn't bet)
Seat 6: Joe_Carlos folded before Flop (didn't bet)



PokerStars Hand #254675716083:  Hold'em No Limit ($0.50/$1.00 USD) - 2025/02/02 20:03:09 WET [2025/02/02 15:03:09 ET]
Table 'Hamal II' 6-max Seat #3 is the button
Seat 1: Baurzhan44 ($32.36 in chips) 
Seat 2: Oli3579 ($155.79 in chips) 
Seat 3: GodDamn3dCat ($100 in chips) 
Seat 4: Y_19 ($104.16 in chips) 
Seat 5: sta$igk ($108.02 in chips) 
Seat 6: Joe_Carlos ($40.34 in chips) 
Y_19: posts small blind $0.50
sta$igk: posts big blind $1
*** HOLE CARDS ***
Joe_Carlos: folds 
Baurzhan44: folds 
Oli3579: raises $1.25 to $2.25
GodDamn3dCat: folds 
Y_19: folds 
sta$igk: folds 
Uncalled bet ($1.25) returned to Oli3579
Oli3579 collected $2.50 from pot
Oli3579: doesn't show hand 
*** SUMMARY ***
Total pot $2.50 | Rake $0 
Seat 1: Baurzhan44 folded before Flop (didn't bet)
Seat 2: Oli3579 collected ($2.50)
Seat 3: GodDamn3dCat (button) folded before Flop (didn't bet)
Seat 4: Y_19 (small blind) folded before Flop
Seat 5: sta$igk (big blind) folded before Flop
Seat 6: Joe_Carlos folded before Flop (didn't bet)



PokerStars Hand #254675723140:  Hold'em No Limit ($0.50/$1.00 USD) - 2025/02/02 20:03:27 WET [2025/02/02 15:03:27 ET]
Table 'Hamal II' 6-max Seat #4 is the button
Seat 1: Baurzhan44 ($32.36 in chips) 
Seat 2: Oli3579 ($157.29 in chips) 
Seat 3: GodDamn3dCat ($100 in chips) 
Seat 4: Y_19 ($103.66 in chips) 
Seat 5: sta$igk ($107.02 in chips) 
Seat 6: Joe_Carlos ($40.34 in chips) 
sta$igk: posts small blind $0.50
Joe_Carlos: posts big blind $1
*** HOLE CARDS ***
Baurzhan44: raises $1 to $2
Oli3579: folds 
GodDamn3dCat: folds 
Y_19: folds 
sta$igk: folds 
Joe_Carlos: folds 
Uncalled bet ($1) returned to Baurzhan44
Baurzhan44 collected $2.50 from pot
*** SUMMARY ***
Total pot $2.50 | Rake $0 
Seat 1: Baurzhan44 collected ($2.50)
Seat 2: Oli3579 folded before Flop (didn't bet)
Seat 3: GodDamn3dCat folded before Flop (didn't bet)
Seat 4: Y_19 (button) folded before Flop (didn't bet)
Seat 5: sta$igk (small blind) folded before Flop
Seat 6: Joe_Carlos (big blind) folded before Flop



PokerStars Hand #254675727100:  Hold'em No Limit ($0.50/$1.00 USD) - 2025/02/02 20:03:38 WET [2025/02/02 15:03:38 ET]
Table 'Hamal II' 6-max Seat #5 is the button
Seat 1: Baurzhan44 ($33.86 in chips) 
Seat 2: Oli3579 ($157.29 in chips) 
Seat 3: GodDamn3dCat ($100 in chips) 
Seat 4: Y_19 ($103.66 in chips) 
Seat 5: sta$igk ($106.52 in chips) 
Seat 6: Joe_Carlos ($39.34 in chips) 
Joe_Carlos: posts small blind $0.50
Baurzhan44: posts big blind $1
*** HOLE CARDS ***
Oli3579: raises $1.25 to $2.25
GodDamn3dCat: folds 
Y_19: folds 
sta$igk: raises $5.25 to $7.50
Joe_Carlos: folds 
Baurzhan44: folds 
Oli3579: folds 
Uncalled bet ($5.25) returned to sta$igk
sta$igk collected $6 from pot
sta$igk: doesn't show hand 
*** SUMMARY ***
Total pot $6 | Rake $0 
Seat 1: Baurzhan44 (big blind) folded before Flop
Seat 2: Oli3579 folded before Flop
Seat 3: GodDamn3dCat folded before Flop (didn't bet)
Seat 4: Y_19 folded before Flop (didn't bet)
Seat 5: sta$igk (button) collected ($6)
Seat 6: Joe_Carlos (small blind) folded before Flop



PokerStars Hand #254675735626:  Hold'em No Limit ($0.50/$1.00 USD) - 2025/02/02 20:04:02 WET [2025/02/02 15:04:02 ET]
Table 'Hamal II' 6-max Seat #6 is the button
Seat 1: Baurzhan44 ($32.86 in chips) 
Seat 2: Oli3579 ($155.04 in chips) 
Seat 3: GodDamn3dCat ($100 in chips) 
Seat 4: Y_19 ($103.66 in chips) 
Seat 5: sta$igk ($110.27 in chips) 
Seat 6: Joe_Carlos ($38.84 in chips) 
Baurzhan44: posts small blind $0.50
Oli3579: posts big blind $1
*** HOLE CARDS ***
GodDamn3dCat: folds 
Y_19: folds 
sta$igk: folds 
Joe_Carlos: raises $1.50 to $2.50
Baurzhan44: folds 
Oli3579: folds 
Uncalled bet ($1.50) returned to Joe_Carlos
Joe_Carlos collected $2.50 from pot
Joe_Carlos: doesn't show hand 
*** SUMMARY ***
Total pot $2.50 | Rake $0 
Seat 1: Baurzhan44 (small blind) folded before Flop
Seat 2: Oli3579 (big blind) folded before Flop
Seat 3: GodDamn3dCat folded before Flop (didn't bet)
Seat 4: Y_19 folded before Flop (didn't bet)
Seat 5: sta$igk folded before Flop (didn't bet)
Seat 6: Joe_Carlos (button) collected ($2.50)



PokerStars Hand #254675740212:  Hold'em No Limit ($0.50/$1.00 USD) - 2025/02/02 20:04:14 WET [2025/02/02 15:04:14 ET]
Table 'Hamal II' 6-max Seat #1 is the button
Seat 1: Baurzhan44 ($32.36 in chips) 
Seat 2: Oli3579 ($154.04 in chips) 
Seat 3: GodDamn3dCat ($100 in chips) 
Seat 4: Y_19 ($103.66 in chips) 
Seat 5: sta$igk ($110.27 in chips) 
Seat 6: Joe_Carlos ($40.34 in chips) 
Oli3579: posts small blind $0.50
GodDamn3dCat: posts big blind $1
*** HOLE CARDS ***
Y_19: folds 
sta$igk: raises $1.50 to $2.50
Joe_Carlos: folds 
Baurzhan44: folds 
Oli3579: folds 
GodDamn3dCat: folds 
Uncalled bet ($1.50) returned to sta$igk
sta$igk collected $2.50 from pot
sta$igk: doesn't show hand 
*** SUMMARY ***
Total pot $2.50 | Rake $0 
Seat 1: Baurzhan44 (button) folded before Flop (didn't bet)
Seat 2: Oli3579 (small blind) folded before Flop
Seat 3: GodDamn3dCat (big blind) folded before Flop
Seat 4: Y_19 folded before Flop (didn't bet)
Seat 5: sta$igk collected ($2.50)
Seat 6: Joe_Carlos folded before Flop (didn't bet)



PokerStars Hand #254675745402:  Hold'em No Limit ($0.50/$1.00 USD) - 2025/02/02 20:04:28 WET [2025/02/02 15:04:28 ET]
Table 'Hamal II' 6-max Seat #2 is the button
Seat 1: Baurzhan44 ($32.36 in chips) 
Seat 2: Oli3579 ($153.54 in chips) 
Seat 3: GodDamn3dCat ($100 in chips) 
Seat 4: Y_19 ($103.66 in chips) 
Seat 5: sta$igk ($111.77 in chips) 
Seat 6: Joe_Carlos ($40.34 in chips) 
GodDamn3dCat: posts small blind $0.50
Y_19: posts big blind $1
*** HOLE CARDS ***
sta$igk: folds 
Joe_Carlos has timed out
Joe_Carlos: folds 
Baurzhan44: raises $2 to $3
Oli3579: folds 
GodDamn3dCat: folds 
Y_19: calls $2
*** FLOP *** [5h 2s Ad]
Y_19: checks 
Baurzhan44: checks 
*** TURN *** [5h 2s Ad] [8d]
Y_19: checks 
Baurzhan44: checks 
*** RIVER *** [5h 2s Ad 8d] [Kd]
Y_19: checks 
Baurzhan44: checks 
*** SHOW DOWN ***
Y_19: shows [4c Qc] (high card Ace)
Baurzhan44: shows [Qh Jh] (high card Ace - King+Queen+Jack kicker)
Baurzhan44 collected $6.18 from pot
*** SUMMARY ***
Total pot $6.50 | Rake $0.32 
Board [5h 2s Ad 8d Kd]
Seat 1: Baurzhan44 showed [Qh Jh] and won ($6.18) with high card Ace
Seat 2: Oli3579 (button) folded before Flop (didn't bet)
Seat 3: GodDamn3dCat (small blind) folded before Flop
Seat 4: Y_19 (big blind) showed [4c Qc] and lost with high card Ace
Seat 5: sta$igk folded before Flop (didn't bet)
Seat 6: Joe_Carlos folded before Flop (didn't bet)



PokerStars Hand #254675762491:  Hold'em No Limit ($0.50/$1.00 USD) - 2025/02/02 20:05:12 WET [2025/02/02 15:05:12 ET]
Table 'Hamal II' 6-max Seat #3 is the button
Seat 1: Baurzhan44 ($35.54 in chips) 
Seat 2: Oli3579 ($153.54 in chips) 
Seat 3: GodDamn3dCat ($100 in chips) 
Seat 4: Y_19 ($100.66 in chips) 
Seat 5: sta$igk ($111.77 in chips) 
Seat 6: Joe_Carlos ($40.34 in chips) 
Y_19: posts small blind $0.50
sta$igk: posts big blind $1
*** HOLE CARDS ***
Joe_Carlos: folds 
Baurzhan44: folds 
Oli3579: raises $1.25 to $2.25
GodDamn3dCat: folds 
Y_19: folds 
sta$igk: folds 
Uncalled bet ($1.25) returned to Oli3579
Oli3579 collected $2.50 from pot
Oli3579: doesn't show hand 
*** SUMMARY ***
Total pot $2.50 | Rake $0 
Seat 1: Baurzhan44 folded before Flop (didn't bet)
Seat 2: Oli3579 collected ($2.50)
Seat 3: GodDamn3dCat (button) folded before Flop (didn't bet)
Seat 4: Y_19 (small blind) folded before Flop
Seat 5: sta$igk (big blind) folded before Flop
Seat 6: Joe_Carlos folded before Flop (didn't bet)



PokerStars Hand #254675770943:  Hold'em No Limit ($0.50/$1.00 USD) - 2025/02/02 20:05:34 WET [2025/02/02 15:05:34 ET]
Table 'Hamal II' 6-max Seat #4 is the button
Seat 1: Baurzhan44 ($35.54 in chips) 
Seat 2: Oli3579 ($155.04 in chips) 
Seat 3: GodDamn3dCat ($100 in chips) 
Seat 4: Y_19 ($100.16 in chips) 
Seat 5: sta$igk ($110.77 in chips) 
Seat 6: Joe_Carlos ($40.34 in chips) 
sta$igk: posts small blind $0.50
Joe_Carlos: posts big blind $1
*** HOLE CARDS ***
Baurzhan44: folds 
Oli3579: folds 
GodDamn3dCat: folds 
Y_19: raises $1.23 to $2.23
sta$igk: folds 
Joe_Carlos: calls $1.23
*** FLOP *** [4c 3s Ts]
Joe_Carlos: checks 
Y_19: bets $1.55
Joe_Carlos: folds 
Uncalled bet ($1.55) returned to Y_19
Y_19 collected $4.71 from pot
Y_19: doesn't show hand 
*** SUMMARY ***
Total pot $4.96 | Rake $0.25 
Board [4c 3s Ts]
Seat 1: Baurzhan44 folded before Flop (didn't bet)
Seat 2: Oli3579 folded before Flop (didn't bet)
Seat 3: GodDamn3dCat folded before Flop (didn't bet)
Seat 4: Y_19 (button) collected ($4.71)
Seat 5: sta$igk (small blind) folded before Flop
Seat 6: Joe_Carlos (big blind) folded on the Flop



PokerStars Hand #254675782171:  Hold'em No Limit ($0.50/$1.00 USD) - 2025/02/02 20:06:02 WET [2025/02/02 15:06:02 ET]
Table 'Hamal II' 6-max Seat #5 is the button
Seat 1: Baurzhan44 ($35.54 in chips) 
Seat 2: Oli3579 ($155.04 in chips) 
Seat 3: GodDamn3dCat ($100 in chips) 
Seat 4: Y_19 ($102.64 in chips) 
Seat 5: sta$igk ($110.27 in chips) 
Seat 6: Joe_Carlos ($38.11 in chips) 
Joe_Carlos: posts small blind $0.50
Baurzhan44: posts big blind $1
*** HOLE CARDS ***
Oli3579: folds 
GodDamn3dCat: folds 
Y_19: folds 
sta$igk: raises $1.50 to $2.50
Joe_Carlos: folds 
Baurzhan44: raises $33.04 to $35.54 and is all-in
sta$igk: folds 
Uncalled bet ($33.04) returned to Baurzhan44
Baurzhan44 collected $5.50 from pot
*** SUMMARY ***
Total pot $5.50 | Rake $0 
Seat 1: Baurzhan44 (big blind) collected ($5.50)
Seat 2: Oli3579 folded before Flop (didn't bet)
Seat 3: GodDamn3dCat folded before Flop (didn't bet)
Seat 4: Y_19 folded before Flop (didn't bet)
Seat 5: sta$igk (button) folded before Flop
Seat 6: Joe_Carlos (small blind) folded before Flop



PokerStars Hand #254675790773:  Hold'em No Limit ($0.50/$1.00 USD) - 2025/02/02 20:06:24 WET [2025/02/02 15:06:24 ET]
Table 'Hamal II' 6-max Seat #6 is the button
Seat 1: Baurzhan44 ($38.54 in chips) 
Seat 2: Oli3579 ($155.04 in chips) 
Seat 3: GodDamn3dCat ($100 in chips) 
Seat 4: Y_19 ($102.64 in chips) 
Seat 5: sta$igk ($107.77 in chips) 
Seat 6: Joe_Carlos ($37.61 in chips) 
Baurzhan44: posts small blind $0.50
Oli3579: posts big blind $1
*** HOLE CARDS ***
GodDamn3dCat: folds 
Y_19: raises $1.23 to $2.23
sta$igk: folds 
Joe_Carlos: calls $2.23
Baurzhan44: folds 
Oli3579: folds 
*** FLOP *** [9c 2c Th]
Y_19: checks 
Joe_Carlos: checks 
*** TURN *** [9c 2c Th] [Qs]
Y_19: bets $2.83
Joe_Carlos: folds 
Uncalled bet ($2.83) returned to Y_19
Y_19 collected $5.66 from pot
Y_19: doesn't show hand 
*** SUMMARY ***
Total pot $5.96 | Rake $0.30 
Board [9c 2c Th Qs]
Seat 1: Baurzhan44 (small blind) folded before Flop
Seat 2: Oli3579 (big blind) folded before Flop
Seat 3: GodDamn3dCat folded before Flop (didn't bet)
Seat 4: Y_19 collected ($5.66)
Seat 5: sta$igk folded before Flop (didn't bet)
Seat 6: Joe_Carlos (button) folded on the Turn



PokerStars Hand #254675809428:  Hold'em No Limit ($0.50/$1.00 USD) - 2025/02/02 20:07:13 WET [2025/02/02 15:07:13 ET]
Table 'Hamal II' 6-max Seat #1 is the button
Seat 1: Baurzhan44 ($38.04 in chips) 
Seat 2: Oli3579 ($154.04 in chips) 
Seat 3: GodDamn3dCat ($100 in chips) 
Seat 4: Y_19 ($106.07 in chips) 
Seat 5: sta$igk ($107.77 in chips) 
Seat 6: Joe_Carlos ($35.38 in chips) 
Oli3579: posts small blind $0.50
GodDamn3dCat: posts big blind $1
*** HOLE CARDS ***
Y_19: folds 
sta$igk: folds 
Joe_Carlos: folds 
Baurzhan44: folds 
Oli3579: folds 
Uncalled bet ($0.50) returned to GodDamn3dCat
GodDamn3dCat collected $1 from pot
GodDamn3dCat: doesn't show hand 
*** SUMMARY ***
Total pot $1 | Rake $0 
Seat 1: Baurzhan44 (button) folded before Flop (didn't bet)
Seat 2: Oli3579 (small blind) folded before Flop
Seat 3: GodDamn3dCat (big blind) collected ($1)
Seat 4: Y_19 folded before Flop (didn't bet)
Seat 5: sta$igk folded before Flop (didn't bet)
Seat 6: Joe_Carlos folded before Flop (didn't bet)



PokerStars Hand #254675814935:  Hold'em No Limit ($0.50/$1.00 USD) - 2025/02/02 20:07:27 WET [2025/02/02 15:07:27 ET]
Table 'Hamal II' 6-max Seat #2 is the button
Seat 1: Baurzhan44 ($38.04 in chips) 
Seat 2: Oli3579 ($153.54 in chips) 
Seat 3: GodDamn3dCat ($100.50 in chips) 
Seat 4: Y_19 ($106.07 in chips) 
Seat 5: sta$igk ($107.77 in chips) 
Seat 6: Joe_Carlos ($35.38 in chips) 
GodDamn3dCat: posts small blind $0.50
Y_19: posts big blind $1
*** HOLE CARDS ***
sta$igk: folds 
Joe_Carlos: folds 
Baurzhan44: folds 
Oli3579: raises $1.25 to $2.25
GodDamn3dCat: folds 
Y_19: calls $1.25
*** FLOP *** [6s 6h 8h]
Y_19: checks 
Oli3579: bets $1.57
Y_19: folds 
Uncalled bet ($1.57) returned to Oli3579
Oli3579 collected $4.75 from pot
Oli3579: doesn't show hand 
*** SUMMARY ***
Total pot $5 | Rake $0.25 
Board [6s 6h 8h]
Seat 1: Baurzhan44 folded before Flop (didn't bet)
Seat 2: Oli3579 (button) collected ($4.75)
Seat 3: GodDamn3dCat (small blind) folded before Flop
Seat 4: Y_19 (big blind) folded on the Flop
Seat 5: sta$igk folded before Flop (didn't bet)
Seat 6: Joe_Carlos folded before Flop (didn't bet)



PokerStars Hand #254675834677:  Hold'em No Limit ($0.50/$1.00 USD) - 2025/02/02 20:08:17 WET [2025/02/02 15:08:17 ET]
Table 'Hamal II' 6-max Seat #3 is the button
Seat 1: Baurzhan44 ($38.04 in chips) 
Seat 2: Oli3579 ($156.04 in chips) 
Seat 3: GodDamn3dCat ($100 in chips) 
Seat 4: Y_19 ($103.82 in chips) 
Seat 5: sta$igk ($107.77 in chips) 
Seat 6: Joe_Carlos ($35.38 in chips) 
Y_19: posts small blind $0.50
sta$igk: posts big blind $1
*** HOLE CARDS ***
Joe_Carlos: folds 
Baurzhan44: folds 
Oli3579: folds 
GodDamn3dCat: folds 
Y_19: folds 
Uncalled bet ($0.50) returned to sta$igk
sta$igk collected $1 from pot
sta$igk: doesn't show hand 
*** SUMMARY ***
Total pot $1 | Rake $0 
Seat 1: Baurzhan44 folded before Flop (didn't bet)
Seat 2: Oli3579 folded before Flop (didn't bet)
Seat 3: GodDamn3dCat (button) folded before Flop (didn't bet)
Seat 4: Y_19 (small blind) folded before Flop
Seat 5: sta$igk (big blind) collected ($1)
Seat 6: Joe_Carlos folded before Flop (didn't bet)



PokerStars Hand #254675838225:  Hold'em No Limit ($0.50/$1.00 USD) - 2025/02/02 20:08:27 WET [2025/02/02 15:08:27 ET]
Table 'Hamal II' 6-max Seat #4 is the button
Seat 1: Baurzhan44 ($38.04 in chips) 
Seat 2: Oli3579 ($156.04 in chips) 
Seat 3: GodDamn3dCat ($100 in chips) 
Seat 4: Y_19 ($103.32 in chips) 
Seat 5: sta$igk ($108.27 in chips) 
Seat 6: Joe_Carlos ($35.38 in chips) 
sta$igk: posts small blind $0.50
Joe_Carlos: posts big blind $1
*** HOLE CARDS ***
Baurzhan44: folds 
Oli3579: folds 
GodDamn3dCat: folds 
Y_19: folds 
sta$igk: folds 
Uncalled bet ($0.50) returned to Joe_Carlos
Joe_Carlos collected $1 from pot
Joe_Carlos: doesn't show hand 
*** SUMMARY ***
Total pot $1 | Rake $0 
Seat 1: Baurzhan44 folded before Flop (didn't bet)
Seat 2: Oli3579 folded before Flop (didn't bet)
Seat 3: GodDamn3dCat folded before Flop (didn't bet)
Seat 4: Y_19 (button) folded before Flop (didn't bet)
Seat 5: sta$igk (small blind) folded before Flop
Seat 6: Joe_Carlos (big blind) collected ($1)



PokerStars Hand #254675842294:  Hold'em No Limit ($0.50/$1.00 USD) - 2025/02/02 20:08:37 WET [2025/02/02 15:08:37 ET]
Table 'Hamal II' 6-max Seat #5 is the button
Seat 1: Baurzhan44 ($38.04 in chips) 
Seat 2: Oli3579 ($156.04 in chips) 
Seat 3: GodDamn3dCat ($100 in chips) 
Seat 4: Y_19 ($103.32 in chips) 
Seat 5: sta$igk ($107.77 in chips) 
Seat 6: Joe_Carlos ($35.88 in chips) 
Joe_Carlos: posts small blind $0.50
Baurzhan44: posts big blind $1
*** HOLE CARDS ***
Oli3579: raises $1.25 to $2.25
GodDamn3dCat: folds 
Y_19: folds 
sta$igk: raises $5.25 to $7.50
Joe_Carlos: folds 
Baurzhan44: folds 
Oli3579: folds 
Uncalled bet ($5.25) returned to sta$igk
sta$igk collected $6 from pot
sta$igk: doesn't show hand 
*** SUMMARY ***
Total pot $6 | Rake $0 
Seat 1: Baurzhan44 (big blind) folded before Flop
Seat 2: Oli3579 folded before Flop
Seat 3: GodDamn3dCat folded before Flop (didn't bet)
Seat 4: Y_19 folded before Flop (didn't bet)
Seat 5: sta$igk (button) collected ($6)
Seat 6: Joe_Carlos (small blind) folded before Flop



PokerStars Hand #254675848932:  Hold'em No Limit ($0.50/$1.00 USD) - 2025/02/02 20:08:54 WET [2025/02/02 15:08:54 ET]
Table 'Hamal II' 6-max Seat #6 is the button
Seat 1: Baurzhan44 ($37.04 in chips) 
Seat 2: Oli3579 ($153.79 in chips) 
Seat 3: GodDamn3dCat ($100 in chips) 
Seat 4: Y_19 ($103.32 in chips) 
Seat 5: sta$igk ($111.52 in chips) 
Seat 6: Joe_Carlos ($35.38 in chips) 
Baurzhan44: posts small blind $0.50
Oli3579: posts big blind $1
*** HOLE CARDS ***
GodDamn3dCat: folds 
Y_19: folds 
sta$igk: folds 
Joe_Carlos: folds 
Baurzhan44: raises $2 to $3
Oli3579: folds 
Uncalled bet ($2) returned to Baurzhan44
Baurzhan44 collected $2 from pot
*** SUMMARY ***
Total pot $2 | Rake $0 
Seat 1: Baurzhan44 (small blind) collected ($2)
Seat 2: Oli3579 (big blind) folded before Flop
Seat 3: GodDamn3dCat folded before Flop (didn't bet)
Seat 4: Y_19 folded before Flop (didn't bet)
Seat 5: sta$igk folded before Flop (didn't bet)
Seat 6: Joe_Carlos (button) folded before Flop (didn't bet)



PokerStars Hand #254675856062:  Hold'em No Limit ($0.50/$1.00 USD) - 2025/02/02 20:09:13 WET [2025/02/02 15:09:13 ET]
Table 'Hamal II' 6-max Seat #1 is the button
Seat 1: Baurzhan44 ($38.04 in chips) 
Seat 2: Oli3579 ($152.79 in chips) 
Seat 3: GodDamn3dCat ($100 in chips) 
Seat 4: Y_19 ($103.32 in chips) 
Seat 5: sta$igk ($111.52 in chips) 
Seat 6: Joe_Carlos ($35.38 in chips) 
Oli3579: posts small blind $0.50
GodDamn3dCat: posts big blind $1
*** HOLE CARDS ***
Y_19: folds 
sta$igk: raises $1.50 to $2.50
Joe_Carlos: folds 
Baurzhan44: folds 
Oli3579: folds 
GodDamn3dCat: calls $1.50
*** FLOP *** [2s 8s 2d]
GodDamn3dCat: checks 
sta$igk: bets $2.61
GodDamn3dCat: calls $2.61
*** TURN *** [2s 8s 2d] [Ah]
GodDamn3dCat: checks 
sta$igk: bets $5.09
GodDamn3dCat: calls $5.09
*** RIVER *** [2s 8s 2d Ah] [9d]
GodDamn3dCat: checks 
sta$igk: bets $13.31
GodDamn3dCat: raises $23.24 to $36.55
sta$igk: folds 
Uncalled bet ($23.24) returned to GodDamn3dCat
GodDamn3dCat collected $45.14 from pot
GodDamn3dCat: doesn't show hand 
*** SUMMARY ***
Total pot $47.52 | Rake $2.38 
Board [2s 8s 2d Ah 9d]
Seat 1: Baurzhan44 (button) folded before Flop (didn't bet)
Seat 2: Oli3579 (small blind) folded before Flop
Seat 3: GodDamn3dCat (big blind) collected ($45.14)
Seat 4: Y_19 folded before Flop (didn't bet)
Seat 5: sta$igk folded on the River
Seat 6: Joe_Carlos folded before Flop (didn't bet)



PokerStars Hand #254675881616:  Hold'em No Limit ($0.50/$1.00 USD) - 2025/02/02 20:10:17 WET [2025/02/02 15:10:17 ET]
Table 'Hamal II' 6-max Seat #2 is the button
Seat 1: Baurzhan44 ($38.04 in chips) 
Seat 2: Oli3579 ($152.29 in chips) 
Seat 3: GodDamn3dCat ($121.63 in chips) 
Seat 4: Y_19 ($103.32 in chips) 
Seat 5: sta$igk ($100 in chips) 
Seat 6: Joe_Carlos ($35.38 in chips) 
GodDamn3dCat: posts small blind $0.50
Y_19: posts big blind $1
*** HOLE CARDS ***
sta$igk: raises $1.50 to $2.50
Joe_Carlos: folds 
Baurzhan44: folds 
Oli3579: folds 
GodDamn3dCat: folds 
Y_19: folds 
Uncalled bet ($1.50) returned to sta$igk
sta$igk collected $2.50 from pot
sta$igk: doesn't show hand 
*** SUMMARY ***
Total pot $2.50 | Rake $0 
Seat 1: Baurzhan44 folded before Flop (didn't bet)
Seat 2: Oli3579 (button) folded before Flop (didn't bet)
Seat 3: GodDamn3dCat (small blind) folded before Flop
Seat 4: Y_19 (big blind) folded before Flop
Seat 5: sta$igk collected ($2.50)
Seat 6: Joe_Carlos folded before Flop (didn't bet)



PokerStars Hand #254675887342:  Hold'em No Limit ($0.50/$1.00 USD) - 2025/02/02 20:10:32 WET [2025/02/02 15:10:32 ET]
Table 'Hamal II' 6-max Seat #3 is the button
Seat 1: Baurzhan44 ($38.04 in chips) 
Seat 2: Oli3579 ($152.29 in chips) 
Seat 3: GodDamn3dCat ($121.13 in chips) 
Seat 4: Y_19 ($102.32 in chips) 
Seat 5: sta$igk ($101.50 in chips) 
Seat 6: Joe_Carlos ($35.38 in chips) 
Y_19: posts small blind $0.50
sta$igk: posts big blind $1
*** HOLE CARDS ***
Joe_Carlos: folds 
Baurzhan44: folds 
Oli3579: folds 
GodDamn3dCat has timed out
GodDamn3dCat: folds 
Y_19: raises $2 to $3
sta$igk: folds 
Uncalled bet ($2) returned to Y_19
Y_19 collected $2 from pot
Y_19: doesn't show hand 
*** SUMMARY ***
Total pot $2 | Rake $0 
Seat 1: Baurzhan44 folded before Flop (didn't bet)
Seat 2: Oli3579 folded before Flop (didn't bet)
Seat 3: GodDamn3dCat (button) folded before Flop (didn't bet)
Seat 4: Y_19 (small blind) collected ($2)
Seat 5: sta$igk (big blind) folded before Flop
Seat 6: Joe_Carlos folded before Flop (didn't bet)



PokerStars Hand #254675897088:  Hold'em No Limit ($0.50/$1.00 USD) - 2025/02/02 20:10:56 WET [2025/02/02 15:10:56 ET]
Table 'Hamal II' 6-max Seat #4 is the button
Seat 1: Baurzhan44 ($38.04 in chips) 
Seat 2: Oli3579 ($152.29 in chips) 
Seat 3: GodDamn3dCat ($121.13 in chips) 
Seat 4: Y_19 ($103.32 in chips) 
Seat 5: sta$igk ($100.50 in chips) 
Seat 6: Joe_Carlos ($35.38 in chips) 
sta$igk: posts small blind $0.50
Joe_Carlos: posts big blind $1
*** HOLE CARDS ***
Baurzhan44: folds 
Oli3579: folds 
GodDamn3dCat: folds 
Y_19: folds 
sta$igk: raises $2 to $3
Joe_Carlos: raises $6 to $9
sta$igk: folds 
Uncalled bet ($6) returned to Joe_Carlos
Joe_Carlos collected $6 from pot
Joe_Carlos: doesn't show hand 
*** SUMMARY ***
Total pot $6 | Rake $0 
Seat 1: Baurzhan44 folded before Flop (didn't bet)
Seat 2: Oli3579 folded before Flop (didn't bet)
Seat 3: GodDamn3dCat folded before Flop (didn't bet)
Seat 4: Y_19 (button) folded before Flop (didn't bet)
Seat 5: sta$igk (small blind) folded before Flop
Seat 6: Joe_Carlos (big blind) collected ($6)



PokerStars Hand #254675907097:  Hold'em No Limit ($0.50/$1.00 USD) - 2025/02/02 20:11:22 WET [2025/02/02 15:11:22 ET]
Table 'Hamal II' 6-max Seat #5 is the button
Seat 1: Baurzhan44 ($38.04 in chips) 
Seat 2: Oli3579 ($152.29 in chips) 
Seat 3: GodDamn3dCat ($121.13 in chips) 
Seat 4: Y_19 ($103.32 in chips) 
Seat 5: sta$igk ($100 in chips) 
Seat 6: Joe_Carlos ($38.38 in chips) 
Joe_Carlos: posts small blind $0.50
Baurzhan44: posts big blind $1
*** HOLE CARDS ***
Oli3579: folds 
GodDamn3dCat: raises $1.20 to $2.20
Y_19: calls $2.20
sta$igk: folds 
Joe_Carlos: calls $1.70
Baurzhan44: raises $35.84 to $38.04 and is all-in
GodDamn3dCat: folds 
Y_19: folds 
Joe_Carlos: folds 
Uncalled bet ($35.84) returned to Baurzhan44
Baurzhan44 collected $8.80 from pot
*** SUMMARY ***
Total pot $8.80 | Rake $0 
Seat 1: Baurzhan44 (big blind) collected ($8.80)
Seat 2: Oli3579 folded before Flop (didn't bet)
Seat 3: GodDamn3dCat folded before Flop
Seat 4: Y_19 folded before Flop
Seat 5: sta$igk (button) folded before Flop (didn't bet)
Seat 6: Joe_Carlos (small blind) folded before Flop



PokerStars Hand #254675926573:  Hold'em No Limit ($0.50/$1.00 USD) - 2025/02/02 20:12:11 WET [2025/02/02 15:12:11 ET]
Table 'Hamal II' 6-max Seat #6 is the button
Seat 1: Baurzhan44 ($44.64 in chips) 
Seat 2: Oli3579 ($152.29 in chips) 
Seat 3: GodDamn3dCat ($118.93 in chips) 
Seat 4: Y_19 ($101.12 in chips) 
Seat 5: sta$igk ($100 in chips) 
Seat 6: Joe_Carlos ($36.18 in chips) 
Baurzhan44: posts small blind $0.50
Oli3579: posts big blind $1
*** HOLE CARDS ***
GodDamn3dCat: folds 
Y_19: raises $1.23 to $2.23
sta$igk: folds 
Joe_Carlos: raises $4.46 to $6.69
Baurzhan44: folds 
Oli3579: folds 
Y_19: folds 
Uncalled bet ($4.46) returned to Joe_Carlos
Joe_Carlos collected $5.96 from pot
Joe_Carlos: doesn't show hand 
*** SUMMARY ***
Total pot $5.96 | Rake $0 
Seat 1: Baurzhan44 (small blind) folded before Flop
Seat 2: Oli3579 (big blind) folded before Flop
Seat 3: GodDamn3dCat folded before Flop (didn't bet)
Seat 4: Y_19 folded before Flop
Seat 5: sta$igk folded before Flop (didn't bet)
Seat 6: Joe_Carlos (button) collected ($5.96)



PokerStars Hand #254675932810:  Hold'em No Limit ($0.50/$1.00 USD) - 2025/02/02 20:12:27 WET [2025/02/02 15:12:27 ET]
Table 'Hamal II' 6-max Seat #1 is the button
Seat 1: Baurzhan44 ($44.14 in chips) 
Seat 2: Oli3579 ($151.29 in chips) 
Seat 3: GodDamn3dCat ($118.93 in chips) 
Seat 4: Y_19 ($100 in chips) 
Seat 5: sta$igk ($100 in chips) 
Seat 6: Joe_Carlos ($39.91 in chips) 
Oli3579: posts small blind $0.50
GodDamn3dCat: posts big blind $1
*** HOLE CARDS ***
Y_19: raises $1.23 to $2.23
sta$igk: folds 
Joe_Carlos: folds 
Baurzhan44: folds 
Oli3579: folds 
GodDamn3dCat: folds 
Uncalled bet ($1.23) returned to Y_19
Y_19 collected $2.50 from pot
Y_19: doesn't show hand 
*** SUMMARY ***
Total pot $2.50 | Rake $0 
Seat 1: Baurzhan44 (button) folded before Flop (didn't bet)
Seat 2: Oli3579 (small blind) folded before Flop
Seat 3: GodDamn3dCat (big blind) folded before Flop
Seat 4: Y_19 collected ($2.50)
Seat 5: sta$igk folded before Flop (didn't bet)
Seat 6: Joe_Carlos folded before Flop (didn't bet)



PokerStars Hand #254675940715:  Hold'em No Limit ($0.50/$1.00 USD) - 2025/02/02 20:12:47 WET [2025/02/02 15:12:47 ET]
Table 'Hamal II' 6-max Seat #2 is the button
Seat 1: Baurzhan44 ($44.14 in chips) 
Seat 2: Oli3579 ($150.79 in chips) 
Seat 3: GodDamn3dCat ($117.93 in chips) 
Seat 4: Y_19 ($101.50 in chips) 
Seat 5: sta$igk ($100 in chips) 
Seat 6: Joe_Carlos ($39.91 in chips) 
GodDamn3dCat: posts small blind $0.50
Y_19: posts big blind $1
*** HOLE CARDS ***
sta$igk: folds 
Joe_Carlos: raises $1.50 to $2.50
Baurzhan44: folds 
Oli3579: folds 
GodDamn3dCat: folds 
Y_19: folds 
Uncalled bet ($1.50) returned to Joe_Carlos
Joe_Carlos collected $2.50 from pot
Joe_Carlos: doesn't show hand 
*** SUMMARY ***
Total pot $2.50 | Rake $0 
Seat 1: Baurzhan44 folded before Flop (didn't bet)
Seat 2: Oli3579 (button) folded before Flop (didn't bet)
Seat 3: GodDamn3dCat (small blind) folded before Flop
Seat 4: Y_19 (big blind) folded before Flop
Seat 5: sta$igk folded before Flop (didn't bet)
Seat 6: Joe_Carlos collected ($2.50)



PokerStars Hand #254675951763:  Hold'em No Limit ($0.50/$1.00 USD) - 2025/02/02 20:13:15 WET [2025/02/02 15:13:15 ET]
Table 'Hamal II' 6-max Seat #3 is the button
Seat 1: Baurzhan44 ($44.14 in chips) 
Seat 2: Oli3579 ($150.79 in chips) 
Seat 3: GodDamn3dCat ($117.43 in chips) 
Seat 4: Y_19 ($100.50 in chips) 
Seat 5: sta$igk ($100 in chips) 
Seat 6: Joe_Carlos ($41.41 in chips) 
Y_19: posts small blind $0.50
sta$igk: posts big blind $1
*** HOLE CARDS ***
Joe_Carlos has timed out
Joe_Carlos: folds 
Baurzhan44: folds 
Oli3579: folds 
GodDamn3dCat: folds 
Y_19: folds 
Uncalled bet ($0.50) returned to sta$igk
sta$igk collected $1 from pot
sta$igk: doesn't show hand 
*** SUMMARY ***
Total pot $1 | Rake $0 
Seat 1: Baurzhan44 folded before Flop (didn't bet)
Seat 2: Oli3579 folded before Flop (didn't bet)
Seat 3: GodDamn3dCat (button) folded before Flop (didn't bet)
Seat 4: Y_19 (small blind) folded before Flop
Seat 5: sta$igk (big blind) collected ($1)
Seat 6: Joe_Carlos folded before Flop (didn't bet)



PokerStars Hand #254675959854:  Hold'em No Limit ($0.50/$1.00 USD) - 2025/02/02 20:13:36 WET [2025/02/02 15:13:36 ET]
Table 'Hamal II' 6-max Seat #4 is the button
Seat 6: Joe_Carlos ($41.41 in chips) is sitting out
Seat 1: Baurzhan44 ($44.14 in chips) 
Seat 2: Oli3579 ($150.79 in chips) 
Seat 3: GodDamn3dCat ($117.43 in chips) 
Seat 4: Y_19 ($100 in chips) 
Seat 5: sta$igk ($100.50 in chips) 
sta$igk: posts small blind $0.50
Baurzhan44: posts big blind $1
*** HOLE CARDS ***
Oli3579: folds 
GodDamn3dCat: folds 
Y_19: raises $1.23 to $2.23
sta$igk: folds 
Baurzhan44: raises $6.23 to $8.46
Y_19: folds 
Uncalled bet ($6.23) returned to Baurzhan44
Baurzhan44 collected $4.96 from pot
*** SUMMARY ***
Total pot $4.96 | Rake $0 
Seat 6: Joe_Carlos
Seat 1: Baurzhan44 (big blind) collected ($4.96)
Seat 2: Oli3579 folded before Flop (didn't bet)
Seat 3: GodDamn3dCat folded before Flop (didn't bet)
Seat 4: Y_19 (button) folded before Flop
Seat 5: sta$igk (small blind) folded before Flop



PokerStars Hand #254675968900:  Hold'em No Limit ($0.50/$1.00 USD) - 2025/02/02 20:13:58 WET [2025/02/02 15:13:58 ET]
Table 'Hamal II' 6-max Seat #5 is the button
Seat 6: Joe_Carlos ($41.41 in chips) is sitting out
Seat 1: Baurzhan44 ($46.87 in chips) 
Seat 2: Oli3579 ($150.79 in chips) 
Seat 3: GodDamn3dCat ($117.43 in chips) 
Seat 4: Y_19 ($100 in chips) 
Seat 5: sta$igk ($100 in chips) 
Baurzhan44: posts small blind $0.50
Oli3579: posts big blind $1
*** HOLE CARDS ***
GodDamn3dCat: folds 
Y_19: folds 
sta$igk: raises $1.50 to $2.50
Baurzhan44: calls $2
Oli3579: calls $1.50
*** FLOP *** [7c As 3c]
GodDamn3dCat leaves the table
Baurzhan44: bets $3.56
Oli3579: folds 
sta$igk: folds 
Uncalled bet ($3.56) returned to Baurzhan44
Baurzhan44 collected $7.12 from pot
*** SUMMARY ***
Total pot $7.50 | Rake $0.38 
Board [7c As 3c]
Seat 6: Joe_Carlos
Seat 1: Baurzhan44 (small blind) collected ($7.12)
Seat 2: Oli3579 (big blind) folded on the Flop
Seat 3: GodDamn3dCat folded before Flop (didn't bet)
Seat 4: Y_19 folded before Flop (didn't bet)
Seat 5: sta$igk (button) folded on the Flop



PokerStars Hand #254675979760:  Hold'em No Limit ($0.50/$1.00 USD) - 2025/02/02 20:14:26 WET [2025/02/02 15:14:26 ET]
Table 'Hamal II' 6-max Seat #1 is the button
Seat 6: Joe_Carlos ($41.41 in chips) is sitting out
Seat 1: Baurzhan44 ($51.49 in chips) 
Seat 2: Oli3579 ($148.29 in chips) 
Seat 4: Y_19 ($100 in chips) 
Seat 5: sta$igk ($100 in chips) 
Oli3579: posts small blind $0.50
Y_19: posts big blind $1
Joe_Carlos: sits out 
*** HOLE CARDS ***
sta$igk: raises $1.50 to $2.50
Baurzhan44: folds 
Oli3579: folds 
Y_19: folds 
Uncalled bet ($1.50) returned to sta$igk
sta$igk collected $2.50 from pot
sta$igk: doesn't show hand 
*** SUMMARY ***
Total pot $2.50 | Rake $0 
Seat 6: Joe_Carlos
Seat 1: Baurzhan44 (button) folded before Flop (didn't bet)
Seat 2: Oli3579 (small blind) folded before Flop
Seat 4: Y_19 (big blind) folded before Flop
Seat 5: sta$igk collected ($2.50)



PokerStars Hand #254675983559:  Hold'em No Limit ($0.50/$1.00 USD) - 2025/02/02 20:14:36 WET [2025/02/02 15:14:36 ET]
Table 'Hamal II' 6-max Seat #2 is the button
Seat 6: Joe_Carlos ($41.41 in chips) is sitting out
Seat 1: Baurzhan44 ($51.49 in chips) 
Seat 2: Oli3579 ($147.79 in chips) 
Seat 4: Y_19 ($100 in chips) 
Seat 5: sta$igk ($101.50 in chips) 
Y_19: posts small blind $0.50
sta$igk: posts big blind $1
Joe_Carlos: sits out 
*** HOLE CARDS ***
Xenicide joins the table at seat #3 
Baurzhan44: folds 
Oli3579: folds 
Y_19: raises $2 to $3
sta$igk: folds 
Uncalled bet ($2) returned to Y_19
Y_19 collected $2 from pot
Y_19: doesn't show hand 
*** SUMMARY ***
Total pot $2 | Rake $0 
Seat 6: Joe_Carlos
Seat 1: Baurzhan44 folded before Flop (didn't bet)
Seat 2: Oli3579 (button) folded before Flop (didn't bet)
Seat 4: Y_19 (small blind) collected ($2)
Seat 5: sta$igk (big blind) folded before Flop



PokerStars Hand #254675988324:  Hold'em No Limit ($0.50/$1.00 USD) - 2025/02/02 20:14:48 WET [2025/02/02 15:14:48 ET]
Table 'Hamal II' 6-max Seat #4 is the button
Seat 3: Xenicide ($100 in chips) is sitting out
Seat 1: Baurzhan44 ($51.49 in chips) 
Seat 2: Oli3579 ($147.79 in chips) 
Seat 4: Y_19 ($101 in chips) 
Seat 5: sta$igk ($100.50 in chips) 
Seat 6: Joe_Carlos ($41.41 in chips) 
sta$igk: posts small blind $0.50
Joe_Carlos: posts big blind $1
Xenicide: sits out 
*** HOLE CARDS ***
Baurzhan44: raises $2 to $3
Oli3579: folds 
Y_19: calls $3
sta$igk: folds 
Joe_Carlos: folds 
*** FLOP *** [3c Jh 3h]
Baurzhan44: bets $3.56
Y_19: calls $3.56
*** TURN *** [3c Jh 3h] [Jc]
Baurzhan44: bets $6.95
Y_19: calls $6.95
*** RIVER *** [3c Jh 3h Jc] [Ad]
Baurzhan44: bets $37.98 and is all-in
Y_19: calls $37.98
*** SHOW DOWN ***
Baurzhan44: shows [Qd Jd] (a full house, Jacks full of Threes)
Y_19: shows [Js Ah] (a full house, Jacks full of Aces)
Y_19 collected $101.98 from pot
*** SUMMARY ***
Total pot $104.48 | Rake $2.50 
Board [3c Jh 3h Jc Ad]
Seat 3: Xenicide
Seat 1: Baurzhan44 showed [Qd Jd] and lost with a full house, Jacks full of Threes
Seat 2: Oli3579 folded before Flop (didn't bet)
Seat 4: Y_19 (button) showed [Js Ah] and won ($101.98) with a full house, Jacks full of Aces
Seat 5: sta$igk (small blind) folded before Flop
Seat 6: Joe_Carlos (big blind) folded before Flop



PokerStars Hand #254676009299:  Hold'em No Limit ($0.50/$1.00 USD) - 2025/02/02 20:15:41 WET [2025/02/02 15:15:41 ET]
Table 'Hamal II' 6-max Seat #5 is the button
Seat 1: Baurzhan44 ($0 in chips) is sitting out
Seat 3: Xenicide ($100 in chips) is sitting out
Seat 2: Oli3579 ($147.79 in chips) 
Seat 4: Y_19 ($151.49 in chips) 
Seat 5: sta$igk ($100 in chips) 
Seat 6: Joe_Carlos ($40.41 in chips) 
Joe_Carlos: posts small blind $0.50
Oli3579: posts big blind $1
Xenicide: sits out 
*** HOLE CARDS ***
Baurzhan44 leaves the table
Y_19: folds 
sta$igk: raises $1.50 to $2.50
Joe_Carlos: folds 
Oli3579: folds 
Uncalled bet ($1.50) returned to sta$igk
sta$igk collected $2.50 from pot
sta$igk: doesn't show hand 
*** SUMMARY ***
Total pot $2.50 | Rake $0 
Seat 1: Baurzhan44
Seat 3: Xenicide
Seat 2: Oli3579 (big blind) folded before Flop
Seat 4: Y_19 folded before Flop (didn't bet)
Seat 5: sta$igk (button) collected ($2.50)
Seat 6: Joe_Carlos (small blind) folded before Flop



PokerStars Hand #254676016947:  Hold'em No Limit ($0.50/$1.00 USD) - 2025/02/02 20:16:00 WET [2025/02/02 15:16:00 ET]
Table 'Hamal II' 6-max Seat #6 is the button
Seat 2: Oli3579 ($146.79 in chips) 
Seat 3: Xenicide ($100 in chips) 
Seat 4: Y_19 ($151.49 in chips) 
Seat 5: sta$igk ($101.50 in chips) 
Seat 6: Joe_Carlos ($39.91 in chips) 
Oli3579: posts small blind $0.50
Xenicide: posts big blind $1
*** HOLE CARDS ***
Y_19: folds 
sta$igk: folds 
Joe_Carlos: folds 
Oli3579: folds 
Uncalled bet ($0.50) returned to Xenicide
Xenicide collected $1 from pot
*** SUMMARY ***
Total pot $1 | Rake $0 
Seat 2: Oli3579 (small blind) folded before Flop
Seat 3: Xenicide (big blind) collected ($1)
Seat 4: Y_19 folded before Flop (didn't bet)
Seat 5: sta$igk folded before Flop (didn't bet)
Seat 6: Joe_Carlos (button) folded before Flop (didn't bet)



PokerStars Hand #254676023007:  Hold'em No Limit ($0.50/$1.00 USD) - 2025/02/02 20:16:16 WET [2025/02/02 15:16:16 ET]
Table 'Hamal II' 6-max Seat #2 is the button
Seat 4: Y_19 ($151.49 in chips) is sitting out
Seat 5: sta$igk ($101.50 in chips) is sitting out
Seat 2: Oli3579 ($146.29 in chips) 
Seat 3: Xenicide ($100.50 in chips) 
Seat 6: Joe_Carlos ($39.91 in chips) 
Xenicide: posts small blind $0.50
Y_19: is sitting out 
sta$igk: is sitting out 
Joe_Carlos: posts big blind $1
*** HOLE CARDS ***
sta$igk leaves the table
Y_19 leaves the table
Oli3579: raises $1.25 to $2.25
Xenicide: folds 
Joe_Carlos: folds 
Uncalled bet ($1.25) returned to Oli3579
Oli3579 collected $2.50 from pot
Oli3579: doesn't show hand 
*** SUMMARY ***
Total pot $2.50 | Rake $0 
Seat 4: Y_19
Seat 5: sta$igk
Seat 2: Oli3579 (button) collected ($2.50)
Seat 3: Xenicide (small blind) folded before Flop
Seat 6: Joe_Carlos (big blind) folded before Flop



PokerStars Hand #254676029697:  Hold'em No Limit ($0.50/$1.00 USD) - 2025/02/02 20:16:33 WET [2025/02/02 15:16:33 ET]
Table 'Hamal II' 6-max Seat #3 is the button
Seat 2: Oli3579 ($147.79 in chips) 
Seat 3: Xenicide ($100 in chips) 
Seat 6: Joe_Carlos ($38.91 in chips) 
Joe_Carlos: posts small blind $0.50
Oli3579: posts big blind $1
*** HOLE CARDS ***
Xenicide: raises $1.25 to $2.25
Joe_Carlos: folds 
Oli3579: folds 
Uncalled bet ($1.25) returned to Xenicide
Xenicide collected $2.50 from pot
*** SUMMARY ***
Total pot $2.50 | Rake $0 
Seat 2: Oli3579 (big blind) folded before Flop
Seat 3: Xenicide (button) collected ($2.50)
Seat 6: Joe_Carlos (small blind) folded before Flop



PokerStars Hand #254676033962:  Hold'em No Limit ($0.50/$1.00 USD) - 2025/02/02 20:16:44 WET [2025/02/02 15:16:44 ET]
Table 'Hamal II' 6-max Seat #6 is the button
Seat 2: Oli3579 ($146.79 in chips) 
Seat 3: Xenicide ($101.50 in chips) 
Seat 6: Joe_Carlos ($38.41 in chips) 
Oli3579: posts small blind $0.50
Xenicide: posts big blind $1
*** HOLE CARDS ***
Joe_Carlos: folds 
Oli3579: raises $2 to $3
Xenicide: raises $4.50 to $7.50
Oli3579: folds 
Uncalled bet ($4.50) returned to Xenicide
Xenicide collected $6 from pot
*** SUMMARY ***
Total pot $6 | Rake $0 
Seat 2: Oli3579 (small blind) folded before Flop
Seat 3: Xenicide (big blind) collected ($6)
Seat 6: Joe_Carlos (button) folded before Flop (didn't bet)



PokerStars Hand #254676044003:  Hold'em No Limit ($0.50/$1.00 USD) - 2025/02/02 20:17:09 WET [2025/02/02 15:17:09 ET]
Table 'Hamal II' 6-max Seat #2 is the button
Seat 2: Oli3579 ($143.79 in chips) 
Seat 3: Xenicide ($104.50 in chips) 
Seat 6: Joe_Carlos ($38.41 in chips) 
Xenicide: posts small blind $0.50
Joe_Carlos: posts big blind $1
*** HOLE CARDS ***
Oli3579: raises $1.25 to $2.25
Xenicide: folds 
Joe_Carlos: calls $1.25
*** FLOP *** [2c 2h As]
Joe_Carlos: checks 
Oli3579: bets $1.19
Joe_Carlos: folds 
Uncalled bet ($1.19) returned to Oli3579
Oli3579 collected $4.75 from pot
Oli3579: doesn't show hand 
*** SUMMARY ***
Total pot $5 | Rake $0.25 
Board [2c 2h As]
Seat 2: Oli3579 (button) collected ($4.75)
Seat 3: Xenicide (small blind) folded before Flop
Seat 6: Joe_Carlos (big blind) folded on the Flop



PokerStars Hand #254676057216:  Hold'em No Limit ($0.50/$1.00 USD) - 2025/02/02 20:17:42 WET [2025/02/02 15:17:42 ET]
Table 'Hamal II' 6-max Seat #3 is the button
Seat 2: Oli3579 ($146.29 in chips) 
Seat 3: Xenicide ($104 in chips) 
Seat 6: Joe_Carlos ($36.16 in chips) 
Joe_Carlos: posts small blind $0.50
Oli3579: posts big blind $1
*** HOLE CARDS ***
Xenicide: raises $1.25 to $2.25
Joe_Carlos: folds 
Oli3579: folds 
Uncalled bet ($1.25) returned to Xenicide
Xenicide collected $2.50 from pot
*** SUMMARY ***
Total pot $2.50 | Rake $0 
Seat 2: Oli3579 (big blind) folded before Flop
Seat 3: Xenicide (button) collected ($2.50)
Seat 6: Joe_Carlos (small blind) folded before Flop



PokerStars Hand #254676062646:  Hold'em No Limit ($0.50/$1.00 USD) - 2025/02/02 20:17:56 WET [2025/02/02 15:17:56 ET]
Table 'Hamal II' 6-max Seat #6 is the button
Seat 2: Oli3579 ($145.29 in chips) 
Seat 3: Xenicide ($105.50 in chips) 
Seat 6: Joe_Carlos ($35.66 in chips) 
Oli3579: posts small blind $0.50
Xenicide: posts big blind $1
*** HOLE CARDS ***
kvcsszblcs joins the table at seat #1 
Joe_Carlos: folds 
Oli3579: folds 
Uncalled bet ($0.50) returned to Xenicide
Xenicide collected $1 from pot
*** SUMMARY ***
Total pot $1 | Rake $0 
Seat 2: Oli3579 (small blind) folded before Flop
Seat 3: Xenicide (big blind) collected ($1)
Seat 6: Joe_Carlos (button) folded before Flop (didn't bet)



PokerStars Hand #254676066781:  Hold'em No Limit ($0.50/$1.00 USD) - 2025/02/02 20:18:07 WET [2025/02/02 15:18:07 ET]
Table 'Hamal II' 6-max Seat #2 is the button
Seat 1: kvcsszblcs ($100 in chips) is sitting out
Seat 2: Oli3579 ($144.79 in chips) 
Seat 3: Xenicide ($106 in chips) 
Seat 6: Joe_Carlos ($35.66 in chips) 
Xenicide: posts small blind $0.50
Joe_Carlos: posts big blind $1
kvcsszblcs: sits out 
*** HOLE CARDS ***
Oli3579: raises $1.25 to $2.25
Xenicide: folds 
Joe_Carlos: folds 
Uncalled bet ($1.25) returned to Oli3579
Oli3579 collected $2.50 from pot
Oli3579: doesn't show hand 
*** SUMMARY ***
Total pot $2.50 | Rake $0 
Seat 1: kvcsszblcs
Seat 2: Oli3579 (button) collected ($2.50)
Seat 3: Xenicide (small blind) folded before Flop
Seat 6: Joe_Carlos (big blind) folded before Flop



PokerStars Hand #254676072601:  Hold'em No Limit ($0.50/$1.00 USD) - 2025/02/02 20:18:22 WET [2025/02/02 15:18:22 ET]
Table 'Hamal II' 6-max Seat #3 is the button
Seat 1: kvcsszblcs ($100 in chips) 
Seat 2: Oli3579 ($146.29 in chips) 
Seat 3: Xenicide ($105.50 in chips) 
Seat 6: Joe_Carlos ($34.66 in chips) 
Joe_Carlos: posts small blind $0.50
kvcsszblcs: posts big blind $1
*** HOLE CARDS ***
Oli3579: raises $1.25 to $2.25
Xenicide: folds 
Joe_Carlos: folds 
kvcsszblcs: raises $9.75 to $12
Oli3579: folds 
Uncalled bet ($9.75) returned to kvcsszblcs
kvcsszblcs collected $5 from pot
kvcsszblcs: doesn't show hand 
*** SUMMARY ***
Total pot $5 | Rake $0 
Seat 1: kvcsszblcs (big blind) collected ($5)
Seat 2: Oli3579 folded before Flop
Seat 3: Xenicide (button) folded before Flop (didn't bet)
Seat 6: Joe_Carlos (small blind) folded before Flop



PokerStars Hand #254676077674:  Hold'em No Limit ($0.50/$1.00 USD) - 2025/02/02 20:18:34 WET [2025/02/02 15:18:34 ET]
Table 'Hamal II' 6-max Seat #1 is the button
Seat 6: Joe_Carlos ($34.16 in chips) is sitting out
Seat 1: kvcsszblcs ($102.75 in chips) 
Seat 2: Oli3579 ($144.04 in chips) 
Seat 3: Xenicide ($105.50 in chips) 
Oli3579: posts small blind $0.50
Xenicide: posts big blind $1
*** HOLE CARDS ***
kvcsszblcs: raises $1.25 to $2.25
Oli3579: folds 
Xenicide: raises $7.75 to $10
kvcsszblcs: folds 
Uncalled bet ($7.75) returned to Xenicide
Xenicide collected $5 from pot
*** SUMMARY ***
Total pot $5 | Rake $0 
Seat 6: Joe_Carlos
Seat 1: kvcsszblcs (button) folded before Flop
Seat 2: Oli3579 (small blind) folded before Flop
Seat 3: Xenicide (big blind) collected ($5)



PokerStars Hand #254676085819:  Hold'em No Limit ($0.50/$1.00 USD) - 2025/02/02 20:18:55 WET [2025/02/02 15:18:55 ET]
Table 'Hamal II' 6-max Seat #2 is the button
Seat 6: Joe_Carlos ($34.16 in chips) is sitting out
Seat 1: kvcsszblcs ($100.50 in chips) 
Seat 2: Oli3579 ($143.54 in chips) 
Seat 3: Xenicide ($108.25 in chips) 
Xenicide: posts small blind $0.50
kvcsszblcs: posts big blind $1
*** HOLE CARDS ***
Oli3579: folds 
Xenicide: raises $2.50 to $3.50
kvcsszblcs: calls $2.50
*** FLOP *** [5s Tc 2h]
Xenicide: checks 
kvcsszblcs: bets $2.66
Xenicide: folds 
Uncalled bet ($2.66) returned to kvcsszblcs
kvcsszblcs collected $6.65 from pot
kvcsszblcs: doesn't show hand 
*** SUMMARY ***
Total pot $7 | Rake $0.35 
Board [5s Tc 2h]
Seat 6: Joe_Carlos
Seat 1: kvcsszblcs (big blind) collected ($6.65)
Seat 2: Oli3579 (button) folded before Flop (didn't bet)
Seat 3: Xenicide (small blind) folded on the Flop



PokerStars Hand #254676097252:  Hold'em No Limit ($0.50/$1.00 USD) - 2025/02/02 20:19:23 WET [2025/02/02 15:19:23 ET]
Table 'Hamal II' 6-max Seat #3 is the button
Seat 6: Joe_Carlos ($34.16 in chips) is sitting out
Seat 1: kvcsszblcs ($103.65 in chips) 
Seat 2: Oli3579 ($143.54 in chips) 
Seat 3: Xenicide ($104.75 in chips) 
kvcsszblcs: posts small blind $0.50
Oli3579: posts big blind $1
*** HOLE CARDS ***
Xenicide: folds 
kvcsszblcs: folds 
Uncalled bet ($0.50) returned to Oli3579
Oli3579 collected $1 from pot
Oli3579: doesn't show hand 
*** SUMMARY ***
Total pot $1 | Rake $0 
Seat 6: Joe_Carlos
Seat 1: kvcsszblcs (small blind) folded before Flop
Seat 2: Oli3579 (big blind) collected ($1)
Seat 3: Xenicide (button) folded before Flop (didn't bet)



PokerStars Hand #254676100102:  Hold'em No Limit ($0.50/$1.00 USD) - 2025/02/02 20:19:31 WET [2025/02/02 15:19:31 ET]
Table 'Hamal II' 6-max Seat #1 is the button
Seat 6: Joe_Carlos ($34.16 in chips) is sitting out
Seat 1: kvcsszblcs ($103.15 in chips) 
Seat 2: Oli3579 ($144.04 in chips) 
Seat 3: Xenicide ($104.75 in chips) 
Oli3579: posts small blind $0.50
Xenicide: posts big blind $1
*** HOLE CARDS ***
kvcsszblcs: folds 
Oli3579: raises $2 to $3
Xenicide: raises $6 to $9
Oli3579: folds 
Uncalled bet ($6) returned to Xenicide
Xenicide collected $6 from pot
*** SUMMARY ***
Total pot $6 | Rake $0 
Seat 6: Joe_Carlos
Seat 1: kvcsszblcs (button) folded before Flop (didn't bet)
Seat 2: Oli3579 (small blind) folded before Flop
Seat 3: Xenicide (big blind) collected ($6)



PokerStars Hand #254676108347:  Hold'em No Limit ($0.50/$1.00 USD) - 2025/02/02 20:19:51 WET [2025/02/02 15:19:51 ET]
Table 'Hamal II' 6-max Seat #2 is the button
Seat 6: Joe_Carlos ($34.16 in chips) is sitting out
Seat 1: kvcsszblcs ($103.15 in chips) 
Seat 2: Oli3579 ($141.04 in chips) 
Seat 3: Xenicide ($107.75 in chips) 
Xenicide: posts small blind $0.50
kvcsszblcs: posts big blind $1
*** HOLE CARDS ***
Oli3579: raises $1.25 to $2.25
Xenicide: folds 
kvcsszblcs: folds 
Uncalled bet ($1.25) returned to Oli3579
Oli3579 collected $2.50 from pot
Oli3579: doesn't show hand 
*** SUMMARY ***
Total pot $2.50 | Rake $0 
Seat 6: Joe_Carlos
Seat 1: kvcsszblcs (big blind) folded before Flop
Seat 2: Oli3579 (button) collected ($2.50)
Seat 3: Xenicide (small blind) folded before Flop



PokerStars Hand #254676112921:  Hold'em No Limit ($0.50/$1.00 USD) - 2025/02/02 20:20:03 WET [2025/02/02 15:20:03 ET]
Table 'Hamal II' 6-max Seat #1 is the button
Seat 2: Oli3579 ($142.54 in chips) is sitting out
Seat 6: Joe_Carlos ($34.16 in chips) is sitting out
Seat 1: kvcsszblcs ($102.15 in chips) 
Seat 3: Xenicide ($107.25 in chips) 
kvcsszblcs: posts small blind $0.50
Oli3579: is sitting out 
Xenicide: posts big blind $1
*** HOLE CARDS ***
kvcsszblcs: raises $1.25 to $2.25
Oli3579 leaves the table
Xenicide: folds 
Uncalled bet ($1.25) returned to kvcsszblcs
kvcsszblcs collected $2 from pot
kvcsszblcs: doesn't show hand 
*** SUMMARY ***
Total pot $2 | Rake $0 
Seat 2: Oli3579
Seat 6: Joe_Carlos
Seat 1: kvcsszblcs (button) (small blind) collected ($2)
Seat 3: Xenicide (big blind) folded before Flop



PokerStars Hand #254676115954:  Hold'em No Limit ($0.50/$1.00 USD) - 2025/02/02 20:20:10 WET [2025/02/02 15:20:10 ET]
Table 'Hamal II' 6-max Seat #3 is the button
Seat 6: Joe_Carlos ($34.16 in chips) is sitting out
Seat 1: kvcsszblcs ($103.15 in chips) 
Seat 3: Xenicide ($106.25 in chips) 
Xenicide: posts small blind $0.50
kvcsszblcs: posts big blind $1
*** HOLE CARDS ***
Xenicide: raises $1.25 to $2.25
kvcsszblcs: calls $1.25
*** FLOP *** [2d Jc 5h]
kvcsszblcs: checks 
Xenicide: bets $1.07
kvcsszblcs: calls $1.07
*** TURN *** [2d Jc 5h] [Ac]
kvcsszblcs: checks 
Xenicide: checks 
*** RIVER *** [2d Jc 5h Ac] [4s]
kvcsszblcs: bets $2.08
Xenicide: folds 
Uncalled bet ($2.08) returned to kvcsszblcs
kvcsszblcs collected $6.31 from pot
kvcsszblcs: doesn't show hand 
*** SUMMARY ***
Total pot $6.64 | Rake $0.33 
Board [2d Jc 5h Ac 4s]
Seat 6: Joe_Carlos
Seat 1: kvcsszblcs (big blind) collected ($6.31)
Seat 3: Xenicide (button) (small blind) folded on the River



