PokerStars Hand #254667224553:  Hold'em No Limit ($0.50/$1.00 USD) - 2025/02/02 10:40:50 WET [2025/02/02 5:40:50 ET]
Table 'Tanina' 6-max Seat #2 is the button
Seat 1: Alinyr ($100 in chips) 
Seat 2: ptolejmus ($10 in chips) 
Seat 6: D_style1905 ($20.17 in chips) 
D_style1905: posts small blind $0.50
Alinyr: posts big blind $1
*** HOLE CARDS ***
NoonTime1991 joins the table at seat #3 
ptolejmus: folds 
D_style1905: calls $0.50
Alinyr: checks 
*** FLOP *** [3s Kd Jh]
D_style1905: checks 
Alinyr: checks 
*** TURN *** [3s Kd Jh] [Ah]
D_style1905: checks 
Alinyr: checks 
*** RIVER *** [3s Kd Jh Ah] [5c]
D_style1905: bets $1
Alinyr: folds 
Uncalled bet ($1) returned to D_style1905
D_style1905 collected $1.90 from pot
D_style1905: doesn't show hand 
*** SUMMARY ***
Total pot $2 | Rake $0.10 
Board [3s Kd Jh Ah 5c]
Seat 1: Alinyr (big blind) folded on the River
Seat 2: ptolejmus (button) folded before Flop (didn't bet)
Seat 6: D_style1905 (small blind) collected ($1.90)



PokerStars Hand #254667227023:  Hold'em No Limit ($0.50/$1.00 USD) - 2025/02/02 10:41:09 WET [2025/02/02 5:41:09 ET]
Table 'Tanina' 6-max Seat #6 is the button
Seat 3: NoonTime1991 ($100 in chips) is sitting out
Seat 1: Alinyr ($100 in chips) 
Seat 2: ptolejmus ($10 in chips) 
Seat 6: D_style1905 ($21.07 in chips) 
Alinyr: posts small blind $0.50
ptolejmus: posts big blind $1
NoonTime1991: sits out 
*** HOLE CARDS ***
D_style1905: folds 
Alinyr: folds 
Uncalled bet ($0.50) returned to ptolejmus
ptolejmus collected $1 from pot
*** SUMMARY ***
Total pot $1 | Rake $0 
Seat 3: NoonTime1991
Seat 1: Alinyr (small blind) folded before Flop
Seat 2: ptolejmus (big blind) collected ($1)
Seat 6: D_style1905 (button) folded before Flop (didn't bet)



PokerStars Hand #254667227964:  Hold'em No Limit ($0.50/$1.00 USD) - 2025/02/02 10:41:17 WET [2025/02/02 5:41:17 ET]
Table 'Tanina' 6-max Seat #1 is the button
Seat 1: Alinyr ($100 in chips) 
Seat 2: ptolejmus ($10.50 in chips) 
Seat 3: NoonTime1991 ($100 in chips) 
Seat 6: D_style1905 ($21.07 in chips) 
ptolejmus: posts small blind $0.50
NoonTime1991: posts big blind $1
*** HOLE CARDS ***
D_style1905: folds 
Alinyr: raises $1.50 to $2.50
ptolejmus: raises $8 to $10.50 and is all-in
NoonTime1991: folds 
Alinyr: folds 
Uncalled bet ($8) returned to ptolejmus
ptolejmus collected $6 from pot
*** SUMMARY ***
Total pot $6 | Rake $0 
Seat 1: Alinyr (button) folded before Flop
Seat 2: ptolejmus (small blind) collected ($6)
Seat 3: NoonTime1991 (big blind) folded before Flop
Seat 6: D_style1905 folded before Flop (didn't bet)



PokerStars Hand #254667230734:  Hold'em No Limit ($0.50/$1.00 USD) - 2025/02/02 10:41:38 WET [2025/02/02 5:41:38 ET]
Table 'Tanina' 6-max Seat #2 is the button
Seat 1: Alinyr ($100 in chips) 
Seat 2: ptolejmus ($14 in chips) 
Seat 3: NoonTime1991 ($100 in chips) 
Seat 6: D_style1905 ($21.07 in chips) 
NoonTime1991: posts small blind $0.50
D_style1905: posts big blind $1
*** HOLE CARDS ***
Alinyr: raises $1.28 to $2.28
ptolejmus: folds 
NoonTime1991: folds 
D_style1905: folds 
Uncalled bet ($1.28) returned to Alinyr
Alinyr collected $2.50 from pot
Alinyr: doesn't show hand 
*** SUMMARY ***
Total pot $2.50 | Rake $0 
Seat 1: Alinyr collected ($2.50)
Seat 2: ptolejmus (button) folded before Flop (didn't bet)
Seat 3: NoonTime1991 (small blind) folded before Flop
Seat 6: D_style1905 (big blind) folded before Flop



PokerStars Hand #254667232929:  Hold'em No Limit ($0.50/$1.00 USD) - 2025/02/02 10:41:55 WET [2025/02/02 5:41:55 ET]
Table 'Tanina' 6-max Seat #3 is the button
Seat 1: Alinyr ($101.50 in chips) 
Seat 2: ptolejmus ($14 in chips) 
Seat 3: NoonTime1991 ($100 in chips) 
Seat 6: D_style1905 ($20.07 in chips) 
D_style1905: posts small blind $0.50
Alinyr: posts big blind $1
*** HOLE CARDS ***
ptolejmus: folds 
NoonTime1991: folds 
D_style1905: calls $0.50
Alinyr: checks 
*** FLOP *** [2d Kh 8c]
D_style1905: bets $1
Alinyr: calls $1
*** TURN *** [2d Kh 8c] [6s]
D_style1905: bets $1
Alinyr: calls $1
*** RIVER *** [2d Kh 8c 6s] [4d]
D_style1905: bets $1
Alinyr: calls $1
*** SHOW DOWN ***
D_style1905: shows [8d Jd] (a pair of Eights)
Alinyr: mucks hand 
D_style1905 collected $7.60 from pot
*** SUMMARY ***
Total pot $8 | Rake $0.40 
Board [2d Kh 8c 6s 4d]
Seat 1: Alinyr (big blind) mucked
Seat 2: ptolejmus folded before Flop (didn't bet)
Seat 3: NoonTime1991 (button) folded before Flop (didn't bet)
Seat 6: D_style1905 (small blind) showed [8d Jd] and won ($7.60) with a pair of Eights



PokerStars Hand #254667236032:  Hold'em No Limit ($0.50/$1.00 USD) - 2025/02/02 10:42:19 WET [2025/02/02 5:42:19 ET]
Table 'Tanina' 6-max Seat #6 is the button
Seat 1: Alinyr ($100 in chips) 
Seat 2: ptolejmus ($14 in chips) 
Seat 3: NoonTime1991 ($100 in chips) 
Seat 6: D_style1905 ($23.67 in chips) 
Alinyr: posts small blind $0.50
ptolejmus: posts big blind $1
*** HOLE CARDS ***
NoonTime1991: raises $1 to $2
D_style1905: folds 
Alinyr: folds 
ptolejmus: folds 
Uncalled bet ($1) returned to NoonTime1991
NoonTime1991 collected $2.50 from pot
NoonTime1991: doesn't show hand 
*** SUMMARY ***
Total pot $2.50 | Rake $0 
Seat 1: Alinyr (small blind) folded before Flop
Seat 2: ptolejmus (big blind) folded before Flop
Seat 3: NoonTime1991 collected ($2.50)
Seat 6: D_style1905 (button) folded before Flop (didn't bet)



PokerStars Hand #254667237843:  Hold'em No Limit ($0.50/$1.00 USD) - 2025/02/02 10:42:32 WET [2025/02/02 5:42:32 ET]
Table 'Tanina' 6-max Seat #1 is the button
Seat 1: Alinyr ($100 in chips) 
Seat 2: ptolejmus ($13 in chips) 
Seat 3: NoonTime1991 ($101.50 in chips) 
Seat 6: D_style1905 ($23.67 in chips) 
ptolejmus: posts small blind $0.50
NoonTime1991: posts big blind $1
*** HOLE CARDS ***
D_style1905: folds 
Alinyr: folds 
ptolejmus: raises $1 to $2
NoonTime1991: folds 
Uncalled bet ($1) returned to ptolejmus
ptolejmus collected $2 from pot
*** SUMMARY ***
Total pot $2 | Rake $0 
Seat 1: Alinyr (button) folded before Flop (didn't bet)
Seat 2: ptolejmus (small blind) collected ($2)
Seat 3: NoonTime1991 (big blind) folded before Flop
Seat 6: D_style1905 folded before Flop (didn't bet)



PokerStars Hand #254667239995:  Hold'em No Limit ($0.50/$1.00 USD) - 2025/02/02 10:42:49 WET [2025/02/02 5:42:49 ET]
Table 'Tanina' 6-max Seat #2 is the button
Seat 1: Alinyr ($100 in chips) 
Seat 2: ptolejmus ($14 in chips) 
Seat 3: NoonTime1991 ($100.50 in chips) 
Seat 6: D_style1905 ($23.67 in chips) 
NoonTime1991: posts small blind $0.50
D_style1905: posts big blind $1
*** HOLE CARDS ***
Alinyr: folds 
ptolejmus: folds 
NoonTime1991: folds 
Uncalled bet ($0.50) returned to D_style1905
D_style1905 collected $1 from pot
D_style1905: doesn't show hand 
*** SUMMARY ***
Total pot $1 | Rake $0 
Seat 1: Alinyr folded before Flop (didn't bet)
Seat 2: ptolejmus (button) folded before Flop (didn't bet)
Seat 3: NoonTime1991 (small blind) folded before Flop
Seat 6: D_style1905 (big blind) collected ($1)



PokerStars Hand #254667243091:  Hold'em No Limit ($0.50/$1.00 USD) - 2025/02/02 10:43:13 WET [2025/02/02 5:43:13 ET]
Table 'Tanina' 6-max Seat #3 is the button
Seat 1: Alinyr ($100 in chips) 
Seat 2: ptolejmus ($14 in chips) 
Seat 3: NoonTime1991 ($100 in chips) 
Seat 6: D_style1905 ($24.17 in chips) 
D_style1905: posts small blind $0.50
Alinyr: posts big blind $1
*** HOLE CARDS ***
ptolejmus: folds 
NoonTime1991: folds 
D_style1905: calls $0.50
Alinyr: checks 
*** FLOP *** [Kd Ad 3c]
D_style1905: checks 
Alinyr: bets $1
D_style1905: folds 
Uncalled bet ($1) returned to Alinyr
Alinyr collected $1.90 from pot
Alinyr: doesn't show hand 
*** SUMMARY ***
Total pot $2 | Rake $0.10 
Board [Kd Ad 3c]
Seat 1: Alinyr (big blind) collected ($1.90)
Seat 2: ptolejmus folded before Flop (didn't bet)
Seat 3: NoonTime1991 (button) folded before Flop (didn't bet)
Seat 6: D_style1905 (small blind) folded on the Flop



PokerStars Hand #254667246026:  Hold'em No Limit ($0.50/$1.00 USD) - 2025/02/02 10:43:35 WET [2025/02/02 5:43:35 ET]
Table 'Tanina' 6-max Seat #6 is the button
Seat 1: Alinyr ($100.90 in chips) 
Seat 2: ptolejmus ($14 in chips) 
Seat 3: NoonTime1991 ($100 in chips) 
Seat 6: D_style1905 ($23.17 in chips) 
Alinyr: posts small blind $0.50
ptolejmus: posts big blind $1
*** HOLE CARDS ***
NoonTime1991: folds 
D_style1905: calls $1
Alinyr: calls $0.50
ptolejmus: checks 
*** FLOP *** [7c 4d 9d]
Alinyr: checks 
ptolejmus: checks 
D_style1905: bets $1
Alinyr: folds 
ptolejmus: calls $1
*** TURN *** [7c 4d 9d] [Ac]
ptolejmus: checks 
D_style1905: bets $1
ptolejmus: calls $1
*** RIVER *** [7c 4d 9d Ac] [Ah]
ptolejmus: checks 
D_style1905: bets $20.17 and is all-in
ptolejmus: folds 
Uncalled bet ($20.17) returned to D_style1905
D_style1905 collected $6.65 from pot
D_style1905: doesn't show hand 
*** SUMMARY ***
Total pot $7 | Rake $0.35 
Board [7c 4d 9d Ac Ah]
Seat 1: Alinyr (small blind) folded on the Flop
Seat 2: ptolejmus (big blind) folded on the River
Seat 3: NoonTime1991 folded before Flop (didn't bet)
Seat 6: D_style1905 (button) collected ($6.65)



PokerStars Hand #254667251383:  Hold'em No Limit ($0.50/$1.00 USD) - 2025/02/02 10:44:16 WET [2025/02/02 5:44:16 ET]
Table 'Tanina' 6-max Seat #1 is the button
Seat 1: Alinyr ($100 in chips) 
Seat 2: ptolejmus ($11 in chips) 
Seat 3: NoonTime1991 ($100 in chips) 
Seat 6: D_style1905 ($26.82 in chips) 
ptolejmus: posts small blind $0.50
NoonTime1991: posts big blind $1
*** HOLE CARDS ***
D_style1905: folds 
Alinyr: folds 
ptolejmus: raises $1 to $2
NoonTime1991: folds 
Uncalled bet ($1) returned to ptolejmus
ptolejmus collected $2 from pot
*** SUMMARY ***
Total pot $2 | Rake $0 
Seat 1: Alinyr (button) folded before Flop (didn't bet)
Seat 2: ptolejmus (small blind) collected ($2)
Seat 3: NoonTime1991 (big blind) folded before Flop
Seat 6: D_style1905 folded before Flop (didn't bet)



PokerStars Hand #254667252919:  Hold'em No Limit ($0.50/$1.00 USD) - 2025/02/02 10:44:28 WET [2025/02/02 5:44:28 ET]
Table 'Tanina' 6-max Seat #2 is the button
Seat 1: Alinyr ($100 in chips) 
Seat 2: ptolejmus ($12 in chips) 
Seat 3: NoonTime1991 ($100 in chips) 
Seat 6: D_style1905 ($26.82 in chips) 
NoonTime1991: posts small blind $0.50
D_style1905: posts big blind $1
*** HOLE CARDS ***
Alinyr: folds 
ptolejmus: folds 
NoonTime1991: folds 
Uncalled bet ($0.50) returned to D_style1905
D_style1905 collected $1 from pot
D_style1905: doesn't show hand 
*** SUMMARY ***
Total pot $1 | Rake $0 
Seat 1: Alinyr folded before Flop (didn't bet)
Seat 2: ptolejmus (button) folded before Flop (didn't bet)
Seat 3: NoonTime1991 (small blind) folded before Flop
Seat 6: D_style1905 (big blind) collected ($1)



PokerStars Hand #254667255470:  Hold'em No Limit ($0.50/$1.00 USD) - 2025/02/02 10:44:48 WET [2025/02/02 5:44:48 ET]
Table 'Tanina' 6-max Seat #3 is the button
Seat 1: Alinyr ($100 in chips) 
Seat 2: ptolejmus ($12 in chips) 
Seat 3: NoonTime1991 ($100 in chips) 
Seat 6: D_style1905 ($27.32 in chips) 
D_style1905: posts small blind $0.50
Alinyr: posts big blind $1
*** HOLE CARDS ***
ptolejmus: raises $1 to $2
NoonTime1991: folds 
D_style1905: raises $1 to $3
Alinyr: folds 
ptolejmus: calls $1
*** FLOP *** [7d 2h Qh]
D_style1905: bets $3.33
ptolejmus: raises $5.67 to $9 and is all-in
D_style1905: calls $5.67
*** TURN *** [7d 2h Qh] [5c]
*** RIVER *** [7d 2h Qh 5c] [Ac]
*** SHOW DOWN ***
D_style1905: shows [As Kh] (a pair of Aces)
ptolejmus: shows [9h Ah] (a pair of Aces - lower kicker)
D_style1905 collected $24 from pot
*** SUMMARY ***
Total pot $25 | Rake $1 
Board [7d 2h Qh 5c Ac]
Seat 1: Alinyr (big blind) folded before Flop
Seat 2: ptolejmus showed [9h Ah] and lost with a pair of Aces
Seat 3: NoonTime1991 (button) folded before Flop (didn't bet)
Seat 6: D_style1905 (small blind) showed [As Kh] and won ($24) with a pair of Aces



PokerStars Hand #254667261415:  Hold'em No Limit ($0.50/$1.00 USD) - 2025/02/02 10:45:34 WET [2025/02/02 5:45:34 ET]
Table 'Tanina' 6-max Seat #6 is the button
Seat 1: Alinyr ($100 in chips) 
Seat 2: ptolejmus ($10 in chips) 
Seat 3: NoonTime1991 ($100 in chips) 
Seat 6: D_style1905 ($39.32 in chips) 
Alinyr: posts small blind $0.50
ptolejmus: posts big blind $1
*** HOLE CARDS ***
NoonTime1991: folds 
D_style1905: folds 
Alinyr: raises $2 to $3
ptolejmus: folds 
Uncalled bet ($2) returned to Alinyr
Alinyr collected $2 from pot
Alinyr: doesn't show hand 
*** SUMMARY ***
Total pot $2 | Rake $0 
Seat 1: Alinyr (small blind) collected ($2)
Seat 2: ptolejmus (big blind) folded before Flop
Seat 3: NoonTime1991 folded before Flop (didn't bet)
Seat 6: D_style1905 (button) folded before Flop (didn't bet)



PokerStars Hand #254667263806:  Hold'em No Limit ($0.50/$1.00 USD) - 2025/02/02 10:45:52 WET [2025/02/02 5:45:52 ET]
Table 'Tanina' 6-max Seat #1 is the button
Seat 1: Alinyr ($101 in chips) 
Seat 2: ptolejmus ($10 in chips) 
Seat 3: NoonTime1991 ($100 in chips) 
Seat 6: D_style1905 ($39.32 in chips) 
ptolejmus: posts small blind $0.50
NoonTime1991: posts big blind $1
*** HOLE CARDS ***
D_style1905: calls $1
Alinyr: folds 
Geltaz89 joins the table at seat #4 
ptolejmus: folds 
Geltaz89 is disconnected 
NoonTime1991: checks 
*** FLOP *** [5s 4s Kd]
NoonTime1991: checks 
D_style1905: bets $1
NoonTime1991: calls $1
*** TURN *** [5s 4s Kd] [5d]
Mafilla14 joins the table at seat #5 
Mafilla14 is disconnected 
NoonTime1991: bets $4.21
D_style1905: calls $4.21
*** RIVER *** [5s 4s Kd 5d] [3h]
NoonTime1991: bets $11.20
D_style1905: calls $11.20
*** SHOW DOWN ***
NoonTime1991: shows [6s 5h] (three of a kind, Fives)
D_style1905: mucks hand 
NoonTime1991 collected $34.32 from pot
*** SUMMARY ***
Total pot $35.32 | Rake $1 
Board [5s 4s Kd 5d 3h]
Seat 1: Alinyr (button) folded before Flop (didn't bet)
Seat 2: ptolejmus (small blind) folded before Flop
Seat 3: NoonTime1991 (big blind) showed [6s 5h] and won ($34.32) with three of a kind, Fives
Seat 6: D_style1905 mucked



PokerStars Hand #254667270894:  Hold'em No Limit ($0.50/$1.00 USD) - 2025/02/02 10:46:47 WET [2025/02/02 5:46:47 ET]
Table 'Tanina' 6-max Seat #2 is the button
Seat 1: Alinyr ($101 in chips) 
Seat 2: ptolejmus ($10 in chips) 
Seat 3: NoonTime1991 ($116.91 in chips) 
Seat 4: Geltaz89 ($39.51 in chips) 
Seat 5: Mafilla14 ($49.48 in chips) 
Seat 6: D_style1905 ($21.91 in chips) 
NoonTime1991: posts small blind $0.50
Geltaz89: posts big blind $1
Mafilla14: posts big blind $1
*** HOLE CARDS ***
Mafilla14: checks 
D_style1905: calls $1
Alinyr: calls $1
ptolejmus: folds 
NoonTime1991: raises $9 to $10
Geltaz89: folds 
Mafilla14: folds 
D_style1905: raises $11.91 to $21.91 and is all-in
Alinyr: folds 
NoonTime1991: calls $11.91
*** FLOP *** [2s 4h Tc]
*** TURN *** [2s 4h Tc] [9h]
*** RIVER *** [2s 4h Tc 9h] [2d]
*** SHOW DOWN ***
NoonTime1991: shows [Ts Ah] (two pair, Tens and Deuces)
D_style1905: shows [9c Js] (two pair, Nines and Deuces)
NoonTime1991 collected $44.48 from pot
*** SUMMARY ***
Total pot $46.82 | Rake $2.34 
Board [2s 4h Tc 9h 2d]
Seat 1: Alinyr folded before Flop
Seat 2: ptolejmus (button) folded before Flop (didn't bet)
Seat 3: NoonTime1991 (small blind) showed [Ts Ah] and won ($44.48) with two pair, Tens and Deuces
Seat 4: Geltaz89 (big blind) folded before Flop
Seat 5: Mafilla14 folded before Flop (didn't bet)
Seat 6: D_style1905 showed [9c Js] and lost with two pair, Nines and Deuces



PokerStars Hand #254667277104:  Hold'em No Limit ($0.50/$1.00 USD) - 2025/02/02 10:47:35 WET [2025/02/02 5:47:35 ET]
Table 'Tanina' 6-max Seat #3 is the button
Seat 6: D_style1905 ($0 in chips) is sitting out
Seat 1: Alinyr ($100 in chips) 
Seat 2: ptolejmus ($10 in chips) 
Seat 3: NoonTime1991 ($139.48 in chips) 
Seat 4: Geltaz89 ($38.51 in chips) 
Seat 5: Mafilla14 ($48.48 in chips) 
Geltaz89: posts small blind $0.50
Mafilla14: posts big blind $1
*** HOLE CARDS ***
Alinyr: folds 
ptolejmus: folds 
NoonTime1991: folds 
Geltaz89: folds 
Uncalled bet ($0.50) returned to Mafilla14
Mafilla14 collected $1 from pot
*** SUMMARY ***
Total pot $1 | Rake $0 
Seat 6: D_style1905
Seat 1: Alinyr folded before Flop (didn't bet)
Seat 2: ptolejmus folded before Flop (didn't bet)
Seat 3: NoonTime1991 (button) folded before Flop (didn't bet)
Seat 4: Geltaz89 (small blind) folded before Flop
Seat 5: Mafilla14 (big blind) collected ($1)



PokerStars Hand #254667279581:  Hold'em No Limit ($0.50/$1.00 USD) - 2025/02/02 10:47:54 WET [2025/02/02 5:47:54 ET]
Table 'Tanina' 6-max Seat #4 is the button
Seat 1: Alinyr ($100 in chips) 
Seat 2: ptolejmus ($10 in chips) 
Seat 3: NoonTime1991 ($139.48 in chips) 
Seat 4: Geltaz89 ($38.01 in chips) 
Seat 5: Mafilla14 ($48.98 in chips) 
Seat 6: D_style1905 ($10 in chips) 
Mafilla14: posts small blind $0.50
D_style1905: posts big blind $1
*** HOLE CARDS ***
Alinyr: folds 
ptolejmus: raises $1 to $2
NoonTime1991: raises $3.50 to $5.50
Geltaz89: folds 
Mafilla14: folds 
D_style1905: raises $4.50 to $10 and is all-in
ptolejmus: calls $8 and is all-in
NoonTime1991: calls $4.50
*** FLOP *** [3c Qs 3s]
*** TURN *** [3c Qs 3s] [7c]
*** RIVER *** [3c Qs 3s 7c] [Tc]
*** SHOW DOWN ***
D_style1905: shows [Kd 8h] (a pair of Threes)
ptolejmus: shows [Jc Ac] (a flush, Ace high)
NoonTime1991: shows [Ad 6d] (a pair of Threes)
ptolejmus collected $28.98 from pot
*** SUMMARY ***
Total pot $30.50 | Rake $1.52 
Board [3c Qs 3s 7c Tc]
Seat 1: Alinyr folded before Flop (didn't bet)
Seat 2: ptolejmus showed [Jc Ac] and won ($28.98) with a flush, Ace high
Seat 3: NoonTime1991 showed [Ad 6d] and lost with a pair of Threes
Seat 4: Geltaz89 (button) folded before Flop (didn't bet)
Seat 5: Mafilla14 (small blind) folded before Flop
Seat 6: D_style1905 (big blind) showed [Kd 8h] and lost with a pair of Threes



PokerStars Hand #254667285813:  Hold'em No Limit ($0.50/$1.00 USD) - 2025/02/02 10:48:43 WET [2025/02/02 5:48:43 ET]
Table 'Tanina' 6-max Seat #5 is the button
Seat 2: ptolejmus ($28.98 in chips) is sitting out
Seat 6: D_style1905 ($0 in chips) is sitting out
Seat 1: Alinyr ($100 in chips) 
Seat 3: NoonTime1991 ($129.48 in chips) 
Seat 4: Geltaz89 ($38.01 in chips) 
Seat 5: Mafilla14 ($48.48 in chips) 
Alinyr: posts small blind $0.50
ptolejmus: is sitting out 
NoonTime1991: posts big blind $1
*** HOLE CARDS ***
Geltaz89: folds 
Mafilla14: raises $1 to $2
D_style1905 leaves the table
Alinyr: folds 
ptolejmus leaves the table
NoonTime1991: calls $1
*** FLOP *** [Ks 9c Jh]
NoonTime1991: checks 
Mafilla14: bets $2
coeeeelho joins the table at seat #6 
NoonTime1991: calls $2
*** TURN *** [Ks 9c Jh] [8h]
NoonTime1991: bets $2.67
Mafilla14: calls $2.67
*** RIVER *** [Ks 9c Jh 8h] [Ad]
NoonTime1991: bets $16.86
Mafilla14: folds 
Uncalled bet ($16.86) returned to NoonTime1991
NoonTime1991 collected $13.15 from pot
NoonTime1991: doesn't show hand 
*** SUMMARY ***
Total pot $13.84 | Rake $0.69 
Board [Ks 9c Jh 8h Ad]
Seat 2: ptolejmus
Seat 6: D_style1905
Seat 1: Alinyr (small blind) folded before Flop
Seat 3: NoonTime1991 (big blind) collected ($13.15)
Seat 4: Geltaz89 folded before Flop (didn't bet)
Seat 5: Mafilla14 (button) folded on the River



PokerStars Hand #254667295132:  Hold'em No Limit ($0.50/$1.00 USD) - 2025/02/02 10:49:54 WET [2025/02/02 5:49:54 ET]
Table 'Tanina' 6-max Seat #1 is the button
Seat 6: coeeeelho ($100 in chips) is sitting out
Seat 1: Alinyr ($100 in chips) 
Seat 3: NoonTime1991 ($135.96 in chips) 
Seat 4: Geltaz89 ($38.01 in chips) 
Seat 5: Mafilla14 ($41.81 in chips) 
NoonTime1991: posts small blind $0.50
Geltaz89: posts big blind $1
coeeeelho: sits out 
*** HOLE CARDS ***
Mafilla14: raises $2 to $3
Alinyr: folds 
NoonTime1991: folds 
Geltaz89: folds 
Uncalled bet ($2) returned to Mafilla14
Mafilla14 collected $2.50 from pot
*** SUMMARY ***
Total pot $2.50 | Rake $0 
Seat 6: coeeeelho
Seat 1: Alinyr (button) folded before Flop (didn't bet)
Seat 3: NoonTime1991 (small blind) folded before Flop
Seat 4: Geltaz89 (big blind) folded before Flop
Seat 5: Mafilla14 collected ($2.50)



PokerStars Hand #254667296664:  Hold'em No Limit ($0.50/$1.00 USD) - 2025/02/02 10:50:06 WET [2025/02/02 5:50:06 ET]
Table 'Tanina' 6-max Seat #3 is the button
Seat 6: coeeeelho ($100 in chips) is sitting out
Seat 1: Alinyr ($100 in chips) 
Seat 3: NoonTime1991 ($135.46 in chips) 
Seat 4: Geltaz89 ($37.01 in chips) 
Seat 5: Mafilla14 ($43.31 in chips) 
Geltaz89: posts small blind $0.50
Mafilla14: posts big blind $1
coeeeelho: sits out 
*** HOLE CARDS ***
Alinyr: folds 
NoonTime1991: folds 
Geltaz89: calls $0.50
Mafilla14: checks 
*** FLOP *** [4h 7h Qh]
Geltaz89: checks 
gig.gyty joins the table at seat #2 
Mafilla14: bets $1.90
Geltaz89: folds 
Uncalled bet ($1.90) returned to Mafilla14
Mafilla14 collected $1.90 from pot
*** SUMMARY ***
Total pot $2 | Rake $0.10 
Board [4h 7h Qh]
Seat 6: coeeeelho
Seat 1: Alinyr folded before Flop (didn't bet)
Seat 3: NoonTime1991 (button) folded before Flop (didn't bet)
Seat 4: Geltaz89 (small blind) folded on the Flop
Seat 5: Mafilla14 (big blind) collected ($1.90)



PokerStars Hand #254667299064:  Hold'em No Limit ($0.50/$1.00 USD) - 2025/02/02 10:50:24 WET [2025/02/02 5:50:24 ET]
Table 'Tanina' 6-max Seat #4 is the button
Seat 2: gig.gyty ($100 in chips) is sitting out
Seat 1: Alinyr ($100 in chips) 
Seat 3: NoonTime1991 ($135.46 in chips) 
Seat 4: Geltaz89 ($36.01 in chips) 
Seat 5: Mafilla14 ($44.21 in chips) 
Seat 6: coeeeelho ($100 in chips) 
Mafilla14: posts small blind $0.50
coeeeelho: posts big blind $1
gig.gyty: sits out 
*** HOLE CARDS ***
Alinyr: folds 
NoonTime1991: folds 
Geltaz89: folds 
Mafilla14: raises $1 to $2
coeeeelho: calls $1
*** FLOP *** [9d 6h Kd]
Mafilla14: bets $2
coeeeelho: calls $2
*** TURN *** [9d 6h Kd] [8h]
Mafilla14: bets $3
coeeeelho: calls $3
*** RIVER *** [9d 6h Kd 8h] [5d]
Mafilla14: checks 
coeeeelho: checks 
*** SHOW DOWN ***
Mafilla14: shows [Jd 9s] (a pair of Nines)
coeeeelho: shows [Js 9h] (a pair of Nines)
Mafilla14 collected $6.65 from pot
coeeeelho collected $6.65 from pot
*** SUMMARY ***
Total pot $14 | Rake $0.70 
Board [9d 6h Kd 8h 5d]
Seat 2: gig.gyty
Seat 1: Alinyr folded before Flop (didn't bet)
Seat 3: NoonTime1991 folded before Flop (didn't bet)
Seat 4: Geltaz89 (button) folded before Flop (didn't bet)
Seat 5: Mafilla14 (small blind) showed [Jd 9s] and won ($6.65) with a pair of Nines
Seat 6: coeeeelho (big blind) showed [Js 9h] and won ($6.65) with a pair of Nines



PokerStars Hand #254667306127:  Hold'em No Limit ($0.50/$1.00 USD) - 2025/02/02 10:51:19 WET [2025/02/02 5:51:19 ET]
Table 'Tanina' 6-max Seat #5 is the button
Seat 2: gig.gyty ($100 in chips) is sitting out
Seat 1: Alinyr ($100 in chips) 
Seat 3: NoonTime1991 ($135.46 in chips) 
Seat 4: Geltaz89 ($36.01 in chips) 
Seat 5: Mafilla14 ($43.86 in chips) 
Seat 6: coeeeelho ($100 in chips) 
coeeeelho: posts small blind $0.50
Alinyr: posts big blind $1
gig.gyty: sits out 
*** HOLE CARDS ***
NoonTime1991: raises $1 to $2
Geltaz89: folds 
Mafilla14: folds 
coeeeelho: folds 
Alinyr: folds 
Uncalled bet ($1) returned to NoonTime1991
NoonTime1991 collected $2.50 from pot
NoonTime1991: doesn't show hand 
*** SUMMARY ***
Total pot $2.50 | Rake $0 
Seat 2: gig.gyty
Seat 1: Alinyr (big blind) folded before Flop
Seat 3: NoonTime1991 collected ($2.50)
Seat 4: Geltaz89 folded before Flop (didn't bet)
Seat 5: Mafilla14 (button) folded before Flop (didn't bet)
Seat 6: coeeeelho (small blind) folded before Flop



PokerStars Hand #254667308797:  Hold'em No Limit ($0.50/$1.00 USD) - 2025/02/02 10:51:39 WET [2025/02/02 5:51:39 ET]
Table 'Tanina' 6-max Seat #6 is the button
Seat 1: Alinyr ($100 in chips) 
Seat 2: gig.gyty ($100 in chips) 
Seat 3: NoonTime1991 ($136.96 in chips) 
Seat 4: Geltaz89 ($36.01 in chips) 
Seat 5: Mafilla14 ($43.86 in chips) 
Seat 6: coeeeelho ($100 in chips) 
Alinyr: posts small blind $0.50
gig.gyty: posts big blind $1
*** HOLE CARDS ***
NoonTime1991: folds 
Geltaz89: raises $1 to $2
Mafilla14: folds 
coeeeelho: folds 
Alinyr: folds 
gig.gyty: calls $1
*** FLOP *** [Qc 4s 8s]
gig.gyty: checks 
Geltaz89: bets $4
gig.gyty: folds 
Uncalled bet ($4) returned to Geltaz89
Geltaz89 collected $4.28 from pot
*** SUMMARY ***
Total pot $4.50 | Rake $0.22 
Board [Qc 4s 8s]
Seat 1: Alinyr (small blind) folded before Flop
Seat 2: gig.gyty (big blind) folded on the Flop
Seat 3: NoonTime1991 folded before Flop (didn't bet)
Seat 4: Geltaz89 collected ($4.28)
Seat 5: Mafilla14 folded before Flop (didn't bet)
Seat 6: coeeeelho (button) folded before Flop (didn't bet)



PokerStars Hand #254667312282:  Hold'em No Limit ($0.50/$1.00 USD) - 2025/02/02 10:52:06 WET [2025/02/02 5:52:06 ET]
Table 'Tanina' 6-max Seat #1 is the button
Seat 3: NoonTime1991 ($136.96 in chips) is sitting out
Seat 1: Alinyr ($100 in chips) 
Seat 2: gig.gyty ($100 in chips) 
Seat 4: Geltaz89 ($38.29 in chips) 
Seat 5: Mafilla14 ($43.86 in chips) 
Seat 6: coeeeelho ($100 in chips) 
gig.gyty: posts small blind $0.50
NoonTime1991: is sitting out 
Geltaz89: posts big blind $1
*** HOLE CARDS ***
Mafilla14: raises $3 to $4
coeeeelho: folds 
Alinyr: folds 
gig.gyty: calls $3.50
Geltaz89: folds 
*** FLOP *** [9c 3h Ah]
NoonTime1991 leaves the table
gig.gyty: checks 
Mafilla14: checks 
*** TURN *** [9c 3h Ah] [Jc]
gig.gyty: checks 
Mafilla14: bets $4
gig.gyty: folds 
Uncalled bet ($4) returned to Mafilla14
Mafilla14 collected $8.55 from pot
*** SUMMARY ***
Total pot $9 | Rake $0.45 
Board [9c 3h Ah Jc]
Seat 3: NoonTime1991
Seat 1: Alinyr (button) folded before Flop (didn't bet)
Seat 2: gig.gyty (small blind) folded on the Turn
Seat 4: Geltaz89 (big blind) folded before Flop
Seat 5: Mafilla14 collected ($8.55)
Seat 6: coeeeelho folded before Flop (didn't bet)



PokerStars Hand #254667316793:  Hold'em No Limit ($0.50/$1.00 USD) - 2025/02/02 10:52:41 WET [2025/02/02 5:52:41 ET]
Table 'Tanina' 6-max Seat #2 is the button
Seat 1: Alinyr ($100 in chips) 
Seat 2: gig.gyty ($100 in chips) 
Seat 4: Geltaz89 ($37.29 in chips) 
Seat 5: Mafilla14 ($48.41 in chips) 
Seat 6: coeeeelho ($100 in chips) 
Geltaz89: posts small blind $0.50
Mafilla14: posts big blind $1
*** HOLE CARDS ***
coeeeelho: raises $1 to $2
Alinyr: raises $4.50 to $6.50
gig.gyty: folds 
Geltaz89: folds 
Mafilla14: folds 
coeeeelho: calls $4.50
*** FLOP *** [2d 5d 6c]
coeeeelho: checks 
Alinyr: checks 
*** TURN *** [2d 5d 6c] [Th]
coeeeelho: checks 
Alinyr: checks 
*** RIVER *** [2d 5d 6c Th] [As]
coeeeelho: checks 
Timonessb joins the table at seat #3 
Alinyr: bets $8.41
coeeeelho: raises $24.59 to $33
Alinyr: folds 
Uncalled bet ($24.59) returned to coeeeelho
coeeeelho collected $29.75 from pot
*** SUMMARY ***
Total pot $31.32 | Rake $1.57 
Board [2d 5d 6c Th As]
Seat 1: Alinyr folded on the River
Seat 2: gig.gyty (button) folded before Flop (didn't bet)
Seat 4: Geltaz89 (small blind) folded before Flop
Seat 5: Mafilla14 (big blind) folded before Flop
Seat 6: coeeeelho collected ($29.75)



PokerStars Hand #254667448831:  Hold'em No Limit ($0.50/$1.00 USD) - 2025/02/02 11:10:13 WET [2025/02/02 6:10:13 ET]
Table 'Tanina' 6-max Seat #5 is the button
Seat 4: Geltaz89 ($0 in chips) is sitting out
Seat 1: Alinyr ($132.55 in chips) 
Seat 2: praclovekzig ($26.77 in chips) 
Seat 3: Timonessb ($102.25 in chips) 
Seat 5: Mafilla14 ($90.83 in chips) 
Seat 6: coeeeelho ($108.31 in chips) 
coeeeelho: posts small blind $0.50
Alinyr: posts big blind $1
*** HOLE CARDS ***
praclovekzig: folds 
Timonessb: raises $1.30 to $2.30
Mafilla14: folds 
coeeeelho: folds 
Alinyr: folds 
Uncalled bet ($1.30) returned to Timonessb
Timonessb collected $2.50 from pot
*** SUMMARY ***
Total pot $2.50 | Rake $0 
Seat 4: Geltaz89
Seat 1: Alinyr (big blind) folded before Flop
Seat 2: praclovekzig folded before Flop (didn't bet)
Seat 3: Timonessb collected ($2.50)
Seat 5: Mafilla14 (button) folded before Flop (didn't bet)
Seat 6: coeeeelho (small blind) folded before Flop



PokerStars Hand #254667450645:  Hold'em No Limit ($0.50/$1.00 USD) - 2025/02/02 11:10:26 WET [2025/02/02 6:10:26 ET]
Table 'Tanina' 6-max Seat #6 is the button
Seat 4: Geltaz89 ($0 in chips) is sitting out
Seat 1: Alinyr ($131.55 in chips) 
Seat 2: praclovekzig ($26.77 in chips) 
Seat 3: Timonessb ($103.75 in chips) 
Seat 5: Mafilla14 ($90.83 in chips) 
Seat 6: coeeeelho ($107.81 in chips) 
Alinyr: posts small blind $0.50
praclovekzig: posts big blind $1
*** HOLE CARDS ***
Timonessb: folds 
Mafilla14: raises $1 to $2
coeeeelho: raises $4 to $6
Alinyr: folds 
praclovekzig: folds 
Mafilla14: calls $4
*** FLOP *** [5c 8d 6s]
Mafilla14: checks 
coeeeelho: checks 
*** TURN *** [5c 8d 6s] [3h]
Mafilla14: bets $6.41
coeeeelho: calls $6.41
*** RIVER *** [5c 8d 6s 3h] [7h]
Mafilla14: bets $14.50
coeeeelho: calls $14.50
*** SHOW DOWN ***
Mafilla14: shows [Ks 9s] (a straight, Five to Nine)
coeeeelho: mucks hand 
Mafilla14 collected $52.82 from pot
*** SUMMARY ***
Total pot $55.32 | Rake $2.50 
Board [5c 8d 6s 3h 7h]
Seat 4: Geltaz89
Seat 1: Alinyr (small blind) folded before Flop
Seat 2: praclovekzig (big blind) folded before Flop
Seat 3: Timonessb folded before Flop (didn't bet)
Seat 5: Mafilla14 showed [Ks 9s] and won ($52.82) with a straight, Five to Nine
Seat 6: coeeeelho (button) mucked



PokerStars Hand #254667457826:  Hold'em No Limit ($0.50/$1.00 USD) - 2025/02/02 11:11:19 WET [2025/02/02 6:11:19 ET]
Table 'Tanina' 6-max Seat #1 is the button
Seat 4: Geltaz89 ($0 in chips) is sitting out
Seat 1: Alinyr ($131.05 in chips) 
Seat 2: praclovekzig ($25.77 in chips) 
Seat 3: Timonessb ($103.75 in chips) 
Seat 5: Mafilla14 ($116.74 in chips) 
Seat 6: coeeeelho ($100 in chips) 
praclovekzig: posts small blind $0.50
Timonessb: posts big blind $1
*** HOLE CARDS ***
Mafilla14: folds 
coeeeelho: raises $1.30 to $2.30
Alinyr: folds 
praclovekzig: folds 
Timonessb: calls $1.30
*** FLOP *** [3c 6h Jd]
Timonessb: checks 
coeeeelho: bets $2.42
Timonessb: folds 
Uncalled bet ($2.42) returned to coeeeelho
coeeeelho collected $4.84 from pot
*** SUMMARY ***
Total pot $5.10 | Rake $0.26 
Board [3c 6h Jd]
Seat 4: Geltaz89
Seat 1: Alinyr (button) folded before Flop (didn't bet)
Seat 2: praclovekzig (small blind) folded before Flop
Seat 3: Timonessb (big blind) folded on the Flop
Seat 5: Mafilla14 folded before Flop (didn't bet)
Seat 6: coeeeelho collected ($4.84)



PokerStars Hand #254667461292:  Hold'em No Limit ($0.50/$1.00 USD) - 2025/02/02 11:11:45 WET [2025/02/02 6:11:45 ET]
Table 'Tanina' 6-max Seat #2 is the button
Seat 4: Geltaz89 ($0 in chips) is sitting out
Seat 1: Alinyr ($131.05 in chips) 
Seat 2: praclovekzig ($25.27 in chips) 
Seat 3: Timonessb ($101.45 in chips) 
Seat 5: Mafilla14 ($116.74 in chips) 
Seat 6: coeeeelho ($102.54 in chips) 
Timonessb: posts small blind $0.50
Mafilla14 is disconnected 
Mafilla14 is connected 
Mafilla14: posts big blind $1
*** HOLE CARDS ***
coeeeelho: folds 
Alinyr: raises $1.28 to $2.28
praclovekzig: folds 
Timonessb: folds 
Mafilla14: calls $1.28
*** FLOP *** [3h Qd Tc]
Mafilla14: checks 
Alinyr: checks 
*** TURN *** [3h Qd Tc] [Qs]
Mafilla14: bets $2
Alinyr: calls $2
*** RIVER *** [3h Qd Tc Qs] [9d]
Mafilla14: bets $2
Alinyr: raises $12.46 to $14.46
Mafilla14: calls $12.46
*** SHOW DOWN ***
Alinyr: shows [As 8c] (a pair of Queens)
Mafilla14: shows [Th 6h] (two pair, Queens and Tens)
Mafilla14 collected $36.08 from pot
Geltaz89 leaves the table
*** SUMMARY ***
Total pot $37.98 | Rake $1.90 
Board [3h Qd Tc Qs 9d]
Seat 4: Geltaz89
Seat 1: Alinyr showed [As 8c] and lost with a pair of Queens
Seat 2: praclovekzig (button) folded before Flop (didn't bet)
Seat 3: Timonessb (small blind) folded before Flop
Seat 5: Mafilla14 (big blind) showed [Th 6h] and won ($36.08) with two pair, Queens and Tens
Seat 6: coeeeelho folded before Flop (didn't bet)



PokerStars Hand #254667469156:  Hold'em No Limit ($0.50/$1.00 USD) - 2025/02/02 11:12:42 WET [2025/02/02 6:12:42 ET]
Table 'Tanina' 6-max Seat #3 is the button
Seat 1: Alinyr ($112.31 in chips) 
Seat 2: praclovekzig ($25.27 in chips) 
Seat 3: Timonessb ($100.95 in chips) 
Seat 5: Mafilla14 ($134.08 in chips) 
Seat 6: coeeeelho ($102.54 in chips) 
Mafilla14: posts small blind $0.50
coeeeelho: posts big blind $1
*** HOLE CARDS ***
Alinyr: folds 
praclovekzig: raises $2 to $3
Timonessb: calls $3
Mafilla14: calls $2.50
coeeeelho: folds 
*** FLOP *** [Qh 4c 3h]
Mafilla14: checks 
praclovekzig: checks 
KarP93 joins the table at seat #4 
Timonessb: checks 
*** TURN *** [Qh 4c 3h] [5h]
Mafilla14: checks 
praclovekzig: checks 
Timonessb: checks 
*** RIVER *** [Qh 4c 3h 5h] [4d]
Mafilla14: checks 
praclovekzig: checks 
Timonessb: checks 
*** SHOW DOWN ***
Mafilla14: shows [Ac 9d] (a pair of Fours)
praclovekzig: mucks hand 
Timonessb: shows [3d Ad] (two pair, Fours and Threes)
Timonessb collected $9.50 from pot
*** SUMMARY ***
Total pot $10 | Rake $0.50 
Board [Qh 4c 3h 5h 4d]
Seat 1: Alinyr folded before Flop (didn't bet)
Seat 2: praclovekzig mucked
Seat 3: Timonessb (button) showed [3d Ad] and won ($9.50) with two pair, Fours and Threes
Seat 5: Mafilla14 (small blind) showed [Ac 9d] and lost with a pair of Fours
Seat 6: coeeeelho (big blind) folded before Flop



PokerStars Hand #254667474304:  Hold'em No Limit ($0.50/$1.00 USD) - 2025/02/02 11:13:20 WET [2025/02/02 6:13:20 ET]
Table 'Tanina' 6-max Seat #5 is the button
Seat 4: KarP93 ($100 in chips) is sitting out
Seat 1: Alinyr ($112.31 in chips) 
Seat 2: praclovekzig ($22.27 in chips) 
Seat 3: Timonessb ($107.45 in chips) 
Seat 5: Mafilla14 ($131.08 in chips) 
Seat 6: coeeeelho ($101.54 in chips) 
coeeeelho: posts small blind $0.50
Alinyr: posts big blind $1
KarP93: sits out 
*** HOLE CARDS ***
praclovekzig: folds 
Timonessb: folds 
Mafilla14: raises $3 to $4
coeeeelho: folds 
Alinyr: folds 
Uncalled bet ($3) returned to Mafilla14
Mafilla14 collected $2.50 from pot
*** SUMMARY ***
Total pot $2.50 | Rake $0 
Seat 4: KarP93
Seat 1: Alinyr (big blind) folded before Flop
Seat 2: praclovekzig folded before Flop (didn't bet)
Seat 3: Timonessb folded before Flop (didn't bet)
Seat 5: Mafilla14 (button) collected ($2.50)
Seat 6: coeeeelho (small blind) folded before Flop



PokerStars Hand #254667476567:  Hold'em No Limit ($0.50/$1.00 USD) - 2025/02/02 11:13:37 WET [2025/02/02 6:13:37 ET]
Table 'Tanina' 6-max Seat #6 is the button
Seat 4: KarP93 ($100 in chips) is sitting out
Seat 1: Alinyr ($111.31 in chips) 
Seat 2: praclovekzig ($22.27 in chips) 
Seat 3: Timonessb ($107.45 in chips) 
Seat 5: Mafilla14 ($132.58 in chips) 
Seat 6: coeeeelho ($101.04 in chips) 
Alinyr: posts small blind $0.50
praclovekzig: posts big blind $1
KarP93: sits out 
*** HOLE CARDS ***
Timonessb: folds 
Mafilla14: raises $3 to $4
coeeeelho: raises $5 to $9
Alinyr: folds 
praclovekzig: folds 
Mafilla14: calls $5
*** FLOP *** [Th Jc Qd]
Mafilla14: checks 
coeeeelho: bets $4
Mafilla14: calls $4
*** TURN *** [Th Jc Qd] [Ks]
Mafilla14: checks 
coeeeelho: checks 
*** RIVER *** [Th Jc Qd Ks] [Qs]
Mafilla14: checks 
coeeeelho: bets $16
Mafilla14: folds 
Uncalled bet ($16) returned to coeeeelho
coeeeelho collected $26.12 from pot
*** SUMMARY ***
Total pot $27.50 | Rake $1.38 
Board [Th Jc Qd Ks Qs]
Seat 4: KarP93
Seat 1: Alinyr (small blind) folded before Flop
Seat 2: praclovekzig (big blind) folded before Flop
Seat 3: Timonessb folded before Flop (didn't bet)
Seat 5: Mafilla14 folded on the River
Seat 6: coeeeelho (button) collected ($26.12)



PokerStars Hand #254667482664:  Hold'em No Limit ($0.50/$1.00 USD) - 2025/02/02 11:14:21 WET [2025/02/02 6:14:21 ET]
Table 'Tanina' 6-max Seat #1 is the button
Seat 4: KarP93 ($100 in chips) is sitting out
Seat 1: Alinyr ($110.81 in chips) 
Seat 2: praclovekzig ($21.27 in chips) 
Seat 3: Timonessb ($107.45 in chips) 
Seat 5: Mafilla14 ($119.58 in chips) 
Seat 6: coeeeelho ($114.16 in chips) 
praclovekzig: posts small blind $0.50
Timonessb: posts big blind $1
KarP93: sits out 
*** HOLE CARDS ***
Mafilla14: folds 
coeeeelho: folds 
Alinyr: raises $1.50 to $2.50
praclovekzig: folds 
Timonessb: calls $1.50
*** FLOP *** [Jh Jd 9d]
Timonessb: checks 
Alinyr: bets $1.30
Timonessb: folds 
Uncalled bet ($1.30) returned to Alinyr
Alinyr collected $5.22 from pot
Alinyr: doesn't show hand 
*** SUMMARY ***
Total pot $5.50 | Rake $0.28 
Board [Jh Jd 9d]
Seat 4: KarP93
Seat 1: Alinyr (button) collected ($5.22)
Seat 2: praclovekzig (small blind) folded before Flop
Seat 3: Timonessb (big blind) folded on the Flop
Seat 5: Mafilla14 folded before Flop (didn't bet)
Seat 6: coeeeelho folded before Flop (didn't bet)



PokerStars Hand #254667485808:  Hold'em No Limit ($0.50/$1.00 USD) - 2025/02/02 11:14:44 WET [2025/02/02 6:14:44 ET]
Table 'Tanina' 6-max Seat #2 is the button
Seat 1: Alinyr ($113.53 in chips) 
Seat 2: praclovekzig ($20.77 in chips) 
Seat 3: Timonessb ($104.95 in chips) 
Seat 4: KarP93 ($100 in chips) 
Seat 5: Mafilla14 ($119.58 in chips) 
Seat 6: coeeeelho ($114.16 in chips) 
Timonessb: posts small blind $0.50
KarP93: posts big blind $1
*** HOLE CARDS ***
Mafilla14: calls $1
coeeeelho: folds 
Alinyr: folds 
praclovekzig is disconnected 
praclovekzig is connected 
praclovekzig has timed out
praclovekzig: folds 
Timonessb: calls $0.50
KarP93: checks 
*** FLOP *** [5h Ts 9h]
Timonessb: checks 
KarP93: checks 
Mafilla14: bets $2.85
Timonessb: calls $2.85
KarP93: folds 
*** TURN *** [5h Ts 9h] [Jd]
Timonessb: checks 
Mafilla14: checks 
*** RIVER *** [5h Ts 9h Jd] [3d]
Timonessb: bets $1
Mafilla14: calls $1
*** SHOW DOWN ***
Timonessb: shows [Tc 6s] (a pair of Tens)
Mafilla14: mucks hand 
Timonessb collected $10.16 from pot
*** SUMMARY ***
Total pot $10.70 | Rake $0.54 
Board [5h Ts 9h Jd 3d]
Seat 1: Alinyr folded before Flop (didn't bet)
Seat 2: praclovekzig (button) folded before Flop (didn't bet)
Seat 3: Timonessb (small blind) showed [Tc 6s] and won ($10.16) with a pair of Tens
Seat 4: KarP93 (big blind) folded on the Flop
Seat 5: Mafilla14 mucked
Seat 6: coeeeelho folded before Flop (didn't bet)



PokerStars Hand #254667500276:  Hold'em No Limit ($0.50/$1.00 USD) - 2025/02/02 11:16:31 WET [2025/02/02 6:16:31 ET]
Table 'Tanina' 6-max Seat #3 is the button
Seat 1: Alinyr ($113.53 in chips) 
Seat 2: praclovekzig ($20.77 in chips) 
Seat 3: Timonessb ($110.26 in chips) 
Seat 4: KarP93 ($100 in chips) 
Seat 5: Mafilla14 ($114.73 in chips) 
Seat 6: coeeeelho ($114.16 in chips) 
KarP93: posts small blind $0.50
Mafilla14: posts big blind $1
*** HOLE CARDS ***
coeeeelho: folds 
Alinyr: folds 
praclovekzig has timed out
praclovekzig: folds 
Timonessb: raises $1.50 to $2.50
KarP93: folds 
Mafilla14: folds 
Uncalled bet ($1.50) returned to Timonessb
Timonessb collected $2.50 from pot
*** SUMMARY ***
Total pot $2.50 | Rake $0 
Seat 1: Alinyr folded before Flop (didn't bet)
Seat 2: praclovekzig folded before Flop (didn't bet)
Seat 3: Timonessb (button) collected ($2.50)
Seat 4: KarP93 (small blind) folded before Flop
Seat 5: Mafilla14 (big blind) folded before Flop
Seat 6: coeeeelho folded before Flop (didn't bet)



PokerStars Hand #254667503447:  Hold'em No Limit ($0.50/$1.00 USD) - 2025/02/02 11:16:54 WET [2025/02/02 6:16:54 ET]
Table 'Tanina' 6-max Seat #4 is the button
Seat 1: Alinyr ($113.53 in chips) 
Seat 2: praclovekzig ($20.77 in chips) 
Seat 3: Timonessb ($111.76 in chips) 
Seat 4: KarP93 ($100 in chips) 
Seat 5: Mafilla14 ($113.73 in chips) 
Seat 6: coeeeelho ($114.16 in chips) 
Mafilla14: posts small blind $0.50
coeeeelho: posts big blind $1
*** HOLE CARDS ***
Alinyr: folds 
praclovekzig: folds 
Timonessb: raises $1.30 to $2.30
KarP93: folds 
Mafilla14: calls $1.80
coeeeelho: folds 
*** FLOP *** [Qh Kd 2d]
Mafilla14: checks 
Timonessb: bets $3.21
Mafilla14: calls $3.21
*** TURN *** [Qh Kd 2d] [4s]
Mafilla14: checks 
Timonessb: checks 
*** RIVER *** [Qh Kd 2d 4s] [4h]
Mafilla14: checks 
Timonessb: checks 
*** SHOW DOWN ***
Mafilla14: shows [Jh Ks] (two pair, Kings and Fours)
Timonessb: mucks hand 
Mafilla14 collected $11.42 from pot
*** SUMMARY ***
Total pot $12.02 | Rake $0.60 
Board [Qh Kd 2d 4s 4h]
Seat 1: Alinyr folded before Flop (didn't bet)
Seat 2: praclovekzig folded before Flop (didn't bet)
Seat 3: Timonessb mucked
Seat 4: KarP93 (button) folded before Flop (didn't bet)
Seat 5: Mafilla14 (small blind) showed [Jh Ks] and won ($11.42) with two pair, Kings and Fours
Seat 6: coeeeelho (big blind) folded before Flop



PokerStars Hand #254667507289:  Hold'em No Limit ($0.50/$1.00 USD) - 2025/02/02 11:17:22 WET [2025/02/02 6:17:22 ET]
Table 'Tanina' 6-max Seat #5 is the button
Seat 1: Alinyr ($113.53 in chips) 
Seat 2: praclovekzig ($20.77 in chips) 
Seat 3: Timonessb ($106.25 in chips) 
Seat 4: KarP93 ($100 in chips) 
Seat 5: Mafilla14 ($119.64 in chips) 
Seat 6: coeeeelho ($113.16 in chips) 
coeeeelho: posts small blind $0.50
Alinyr: posts big blind $1
*** HOLE CARDS ***
praclovekzig: folds 
Timonessb: folds 
KarP93: folds 
Mafilla14: raises $3 to $4
coeeeelho: folds 
Alinyr: folds 
Uncalled bet ($3) returned to Mafilla14
Mafilla14 collected $2.50 from pot
*** SUMMARY ***
Total pot $2.50 | Rake $0 
Seat 1: Alinyr (big blind) folded before Flop
Seat 2: praclovekzig folded before Flop (didn't bet)
Seat 3: Timonessb folded before Flop (didn't bet)
Seat 4: KarP93 folded before Flop (didn't bet)
Seat 5: Mafilla14 (button) collected ($2.50)
Seat 6: coeeeelho (small blind) folded before Flop



PokerStars Hand #254667510513:  Hold'em No Limit ($0.50/$1.00 USD) - 2025/02/02 11:17:45 WET [2025/02/02 6:17:45 ET]
Table 'Tanina' 6-max Seat #6 is the button
Seat 1: Alinyr ($112.53 in chips) 
Seat 2: praclovekzig ($20.77 in chips) 
Seat 3: Timonessb ($106.25 in chips) 
Seat 4: KarP93 ($100 in chips) 
Seat 5: Mafilla14 ($121.14 in chips) 
Seat 6: coeeeelho ($112.66 in chips) 
Alinyr: posts small blind $0.50
praclovekzig: posts big blind $1
*** HOLE CARDS ***
Timonessb: folds 
KarP93: raises $1.50 to $2.50
Mafilla14: calls $2.50
coeeeelho: folds 
Alinyr: folds 
praclovekzig: calls $1.50
*** FLOP *** [5c 2h 8s]
praclovekzig: bets $3.80
KarP93: folds 
Mafilla14: calls $3.80
*** TURN *** [5c 2h 8s] [6d]
praclovekzig: bets $7.41
Mafilla14: calls $7.41
*** RIVER *** [5c 2h 8s 6d] [8c]
praclovekzig: bets $7.06 and is all-in
Mafilla14: calls $7.06
*** SHOW DOWN ***
praclovekzig: shows [8h Td] (three of a kind, Eights)
Mafilla14: shows [5d 9d] (two pair, Eights and Fives)
praclovekzig collected $42.31 from pot
*** SUMMARY ***
Total pot $44.54 | Rake $2.23 
Board [5c 2h 8s 6d 8c]
Seat 1: Alinyr (small blind) folded before Flop
Seat 2: praclovekzig (big blind) showed [8h Td] and won ($42.31) with three of a kind, Eights
Seat 3: Timonessb folded before Flop (didn't bet)
Seat 4: KarP93 folded on the Flop
Seat 5: Mafilla14 showed [5d 9d] and lost with two pair, Eights and Fives
Seat 6: coeeeelho (button) folded before Flop (didn't bet)



PokerStars Hand #254667515134:  Hold'em No Limit ($0.50/$1.00 USD) - 2025/02/02 11:18:19 WET [2025/02/02 6:18:19 ET]
Table 'Tanina' 6-max Seat #1 is the button
Seat 1: Alinyr ($112.03 in chips) 
Seat 2: praclovekzig ($42.31 in chips) 
Seat 3: Timonessb ($106.25 in chips) 
Seat 4: KarP93 ($100 in chips) 
Seat 5: Mafilla14 ($100.37 in chips) 
Seat 6: coeeeelho ($112.66 in chips) 
praclovekzig: posts small blind $0.50
Timonessb: posts big blind $1
*** HOLE CARDS ***
KarP93: folds 
Mafilla14: folds 
coeeeelho: folds 
Alinyr: raises $1.50 to $2.50
praclovekzig: folds 
Timonessb: folds 
Uncalled bet ($1.50) returned to Alinyr
praclovekzig leaves the table
Alinyr collected $2.50 from pot
Alinyr: doesn't show hand 
*** SUMMARY ***
Total pot $2.50 | Rake $0 
Seat 1: Alinyr (button) collected ($2.50)
Seat 2: praclovekzig (small blind) folded before Flop
Seat 3: Timonessb (big blind) folded before Flop
Seat 4: KarP93 folded before Flop (didn't bet)
Seat 5: Mafilla14 folded before Flop (didn't bet)
Seat 6: coeeeelho folded before Flop (didn't bet)



PokerStars Hand #254667517132:  Hold'em No Limit ($0.50/$1.00 USD) - 2025/02/02 11:18:34 WET [2025/02/02 6:18:34 ET]
Table 'Tanina' 6-max Seat #3 is the button
Seat 1: Alinyr ($113.53 in chips) 
Seat 3: Timonessb ($105.25 in chips) 
Seat 4: KarP93 ($100 in chips) 
Seat 5: Mafilla14 ($100.37 in chips) 
Seat 6: coeeeelho ($112.66 in chips) 
KarP93: posts small blind $0.50
Mafilla14: posts big blind $1
*** HOLE CARDS ***
coeeeelho: folds 
Alinyr: folds 
Timonessb: folds 
KarP93: raises $2 to $3
LuckyShikari joins the table at seat #2 
Mafilla14: folds 
Uncalled bet ($2) returned to KarP93
KarP93 collected $2 from pot
KarP93: doesn't show hand 
*** SUMMARY ***
Total pot $2 | Rake $0 
Seat 1: Alinyr folded before Flop (didn't bet)
Seat 3: Timonessb (button) folded before Flop (didn't bet)
Seat 4: KarP93 (small blind) collected ($2)
Seat 5: Mafilla14 (big blind) folded before Flop
Seat 6: coeeeelho folded before Flop (didn't bet)



PokerStars Hand #254667519169:  Hold'em No Limit ($0.50/$1.00 USD) - 2025/02/02 11:18:48 WET [2025/02/02 6:18:48 ET]
Table 'Tanina' 6-max Seat #4 is the button
Seat 2: LuckyShikari ($100 in chips) is sitting out
Seat 1: Alinyr ($113.53 in chips) 
Seat 3: Timonessb ($105.25 in chips) 
Seat 4: KarP93 ($101 in chips) 
Seat 5: Mafilla14 ($99.37 in chips) 
Seat 6: coeeeelho ($112.66 in chips) 
Mafilla14: posts small blind $0.50
coeeeelho: posts big blind $1
LuckyShikari: sits out 
*** HOLE CARDS ***
Alinyr: folds 
Timonessb: folds 
KarP93: raises $1.50 to $2.50
Mafilla14: calls $2
coeeeelho: folds 
*** FLOP *** [6s 5h 5c]
Mafilla14: checks 
KarP93: checks 
*** TURN *** [6s 5h 5c] [4c]
Mafilla14: bets $3.85
KarP93: calls $3.85
*** RIVER *** [6s 5h 5c 4c] [Jh]
Mafilla14: bets $7.51
KarP93: folds 
Uncalled bet ($7.51) returned to Mafilla14
Mafilla14 collected $13.02 from pot
*** SUMMARY ***
Total pot $13.70 | Rake $0.68 
Board [6s 5h 5c 4c Jh]
Seat 2: LuckyShikari
Seat 1: Alinyr folded before Flop (didn't bet)
Seat 3: Timonessb folded before Flop (didn't bet)
Seat 4: KarP93 (button) folded on the River
Seat 5: Mafilla14 (small blind) collected ($13.02)
Seat 6: coeeeelho (big blind) folded before Flop



PokerStars Hand #254667525839:  Hold'em No Limit ($0.50/$1.00 USD) - 2025/02/02 11:19:36 WET [2025/02/02 6:19:36 ET]
Table 'Tanina' 6-max Seat #5 is the button
Seat 1: Alinyr ($113.53 in chips) is sitting out
Seat 2: LuckyShikari ($100 in chips) 
Seat 3: Timonessb ($105.25 in chips) 
Seat 4: KarP93 ($100 in chips) 
Seat 5: Mafilla14 ($106.04 in chips) 
Seat 6: coeeeelho ($111.66 in chips) 
coeeeelho: posts small blind $0.50
Alinyr: is sitting out 
LuckyShikari: posts big blind $1
*** HOLE CARDS ***
Timonessb: folds 
KarP93: raises $1.50 to $2.50
Mafilla14: folds 
coeeeelho: folds 
Alinyr leaves the table
LuckyShikari: folds 
Uncalled bet ($1.50) returned to KarP93
KarP93 collected $2.50 from pot
KarP93: doesn't show hand 
*** SUMMARY ***
Total pot $2.50 | Rake $0 
Seat 1: Alinyr
Seat 2: LuckyShikari (big blind) folded before Flop
Seat 3: Timonessb folded before Flop (didn't bet)
Seat 4: KarP93 collected ($2.50)
Seat 5: Mafilla14 (button) folded before Flop (didn't bet)
Seat 6: coeeeelho (small blind) folded before Flop



PokerStars Hand #254667527477:  Hold'em No Limit ($0.50/$1.00 USD) - 2025/02/02 11:19:48 WET [2025/02/02 6:19:48 ET]
Table 'Tanina' 6-max Seat #6 is the button
Seat 2: LuckyShikari ($100 in chips) 
Seat 3: Timonessb ($105.25 in chips) 
Seat 4: KarP93 ($101.50 in chips) 
Seat 5: Mafilla14 ($106.04 in chips) 
Seat 6: coeeeelho ($111.16 in chips) 
LuckyShikari: posts small blind $0.50
Timonessb: posts big blind $1
*** HOLE CARDS ***
KarP93: raises $1.50 to $2.50
AllRaise101 joins the table at seat #1 
Mafilla14: calls $2.50
AllRaise101 is disconnected 
coeeeelho: folds 
LuckyShikari: folds 
Timonessb: folds 
*** FLOP *** [6d 3h 3d]
KarP93: checks 
Mafilla14: bets $4.09
KarP93: raises $7.91 to $12
Mafilla14: folds 
Uncalled bet ($7.91) returned to KarP93
KarP93 collected $13.95 from pot
KarP93: doesn't show hand 
*** SUMMARY ***
Total pot $14.68 | Rake $0.73 
Board [6d 3h 3d]
Seat 2: LuckyShikari (small blind) folded before Flop
Seat 3: Timonessb (big blind) folded before Flop
Seat 4: KarP93 collected ($13.95)
Seat 5: Mafilla14 folded on the Flop
Seat 6: coeeeelho (button) folded before Flop (didn't bet)



PokerStars Hand #254667532704:  Hold'em No Limit ($0.50/$1.00 USD) - 2025/02/02 11:20:25 WET [2025/02/02 6:20:25 ET]
Table 'Tanina' 6-max Seat #2 is the button
Seat 1: AllRaise101 ($100 in chips) is sitting out
Seat 2: LuckyShikari ($100 in chips) 
Seat 3: Timonessb ($104.25 in chips) 
Seat 4: KarP93 ($108.86 in chips) 
Seat 5: Mafilla14 ($99.45 in chips) 
Seat 6: coeeeelho ($111.16 in chips) 
Timonessb: posts small blind $0.50
KarP93: posts big blind $1
AllRaise101: sits out 
*** HOLE CARDS ***
Mafilla14: folds 
coeeeelho: folds 
LuckyShikari: folds 
Timonessb: raises $2 to $3
KarP93: folds 
Uncalled bet ($2) returned to Timonessb
Timonessb collected $2 from pot
*** SUMMARY ***
Total pot $2 | Rake $0 
Seat 1: AllRaise101
Seat 2: LuckyShikari (button) folded before Flop (didn't bet)
Seat 3: Timonessb (small blind) collected ($2)
Seat 4: KarP93 (big blind) folded before Flop
Seat 5: Mafilla14 folded before Flop (didn't bet)
Seat 6: coeeeelho folded before Flop (didn't bet)



PokerStars Hand #254667538132:  Hold'em No Limit ($0.50/$1.00 USD) - 2025/02/02 11:21:04 WET [2025/02/02 6:21:04 ET]
Table 'Tanina' 6-max Seat #3 is the button
Seat 1: AllRaise101 ($100 in chips) is sitting out
Seat 2: LuckyShikari ($100 in chips) 
Seat 3: Timonessb ($105.25 in chips) 
Seat 4: KarP93 ($107.86 in chips) 
Seat 5: Mafilla14 ($99.45 in chips) 
Seat 6: coeeeelho ($111.16 in chips) 
KarP93: posts small blind $0.50
Mafilla14: posts big blind $1
AllRaise101: sits out 
*** HOLE CARDS ***
coeeeelho: raises $1.10 to $2.10
LuckyShikari: folds 
Timonessb: folds 
KarP93: folds 
Mafilla14: raises $4.10 to $6.20
coeeeelho: raises $12.80 to $19
Mafilla14: calls $12.80
*** FLOP *** [5h 2d Jd]
Mafilla14: checks 
coeeeelho: bets $14
Mafilla14: raises $66.45 to $80.45 and is all-in
coeeeelho: calls $66.45
*** TURN *** [5h 2d Jd] [Tc]
*** RIVER *** [5h 2d Jd Tc] [Ks]
*** SHOW DOWN ***
Mafilla14: shows [Td Qd] (a pair of Tens)
coeeeelho: shows [Ah Ad] (a pair of Aces)
coeeeelho collected $196.90 from pot
*** SUMMARY ***
Total pot $199.40 | Rake $2.50 
Board [5h 2d Jd Tc Ks]
Seat 1: AllRaise101
Seat 2: LuckyShikari folded before Flop (didn't bet)
Seat 3: Timonessb (button) folded before Flop (didn't bet)
Seat 4: KarP93 (small blind) folded before Flop
Seat 5: Mafilla14 (big blind) showed [Td Qd] and lost with a pair of Tens
Seat 6: coeeeelho showed [Ah Ad] and won ($196.90) with a pair of Aces



PokerStars Hand #254667543434:  Hold'em No Limit ($0.50/$1.00 USD) - 2025/02/02 11:21:42 WET [2025/02/02 6:21:42 ET]
Table 'Tanina' 6-max Seat #4 is the button
Seat 5: Mafilla14 ($0 in chips) is sitting out
Seat 1: AllRaise101 ($100 in chips) 
Seat 2: LuckyShikari ($100 in chips) 
Seat 3: Timonessb ($105.25 in chips) 
Seat 4: KarP93 ($107.36 in chips) 
Seat 6: coeeeelho ($208.61 in chips) 
coeeeelho: posts small blind $0.50
AllRaise101: posts big blind $1
*** HOLE CARDS ***
LuckyShikari: raises $1.50 to $2.50
Mafilla14 leaves the table
Timonessb: folds 
KarP93: folds 
coeeeelho: folds 
AllRaise101: folds 
Uncalled bet ($1.50) returned to LuckyShikari
LuckyShikari collected $2.50 from pot
LuckyShikari: doesn't show hand 
*** SUMMARY ***
Total pot $2.50 | Rake $0 
Seat 5: Mafilla14
Seat 1: AllRaise101 (big blind) folded before Flop
Seat 2: LuckyShikari collected ($2.50)
Seat 3: Timonessb folded before Flop (didn't bet)
Seat 4: KarP93 (button) folded before Flop (didn't bet)
Seat 6: coeeeelho (small blind) folded before Flop



PokerStars Hand #254667546498:  Hold'em No Limit ($0.50/$1.00 USD) - 2025/02/02 11:22:04 WET [2025/02/02 6:22:04 ET]
Table 'Tanina' 6-max Seat #6 is the button
Seat 1: AllRaise101 ($100 in chips) 
Seat 2: LuckyShikari ($101.50 in chips) 
Seat 3: Timonessb ($105.25 in chips) 
Seat 4: KarP93 ($107.36 in chips) 
Seat 6: coeeeelho ($208.11 in chips) 
AllRaise101: posts small blind $0.50
LuckyShikari: posts big blind $1
*** HOLE CARDS ***
Timonessb: folds 
KarP93: folds 
coeeeelho: folds 
AllRaise101: raises $2 to $3
LuckyShikari: folds 
Uncalled bet ($2) returned to AllRaise101
AllRaise101 collected $2 from pot
*** SUMMARY ***
Total pot $2 | Rake $0 
Seat 1: AllRaise101 (small blind) collected ($2)
Seat 2: LuckyShikari (big blind) folded before Flop
Seat 3: Timonessb folded before Flop (didn't bet)
Seat 4: KarP93 folded before Flop (didn't bet)
Seat 6: coeeeelho (button) folded before Flop (didn't bet)



PokerStars Hand #254667548724:  Hold'em No Limit ($0.50/$1.00 USD) - 2025/02/02 11:22:20 WET [2025/02/02 6:22:20 ET]
Table 'Tanina' 6-max Seat #1 is the button
Seat 1: AllRaise101 ($101 in chips) 
Seat 2: LuckyShikari ($100.50 in chips) 
Seat 3: Timonessb ($105.25 in chips) 
Seat 4: KarP93 ($107.36 in chips) 
Seat 6: coeeeelho ($208.11 in chips) 
LuckyShikari: posts small blind $0.50
Timonessb: posts big blind $1
*** HOLE CARDS ***
KarP93: folds 
coeeeelho: folds 
AllRaise101: folds 
LuckyShikari: raises $2 to $3
Timonessb: folds 
Uncalled bet ($2) returned to LuckyShikari
LuckyShikari collected $2 from pot
LuckyShikari: doesn't show hand 
*** SUMMARY ***
Total pot $2 | Rake $0 
Seat 1: AllRaise101 (button) folded before Flop (didn't bet)
Seat 2: LuckyShikari (small blind) collected ($2)
Seat 3: Timonessb (big blind) folded before Flop
Seat 4: KarP93 folded before Flop (didn't bet)
Seat 6: coeeeelho folded before Flop (didn't bet)



PokerStars Hand #254667552760:  Hold'em No Limit ($0.50/$1.00 USD) - 2025/02/02 11:22:49 WET [2025/02/02 6:22:49 ET]
Table 'Tanina' 6-max Seat #2 is the button
Seat 4: KarP93 ($107.36 in chips) is sitting out
Seat 1: AllRaise101 ($101 in chips) 
Seat 2: LuckyShikari ($101.50 in chips) 
Seat 3: Timonessb ($104.25 in chips) 
Seat 6: coeeeelho ($208.11 in chips) 
Timonessb: posts small blind $0.50
KarP93: is sitting out 
coeeeelho: posts big blind $1
*** HOLE CARDS ***
AllRaise101: raises $1.50 to $2.50
LuckyShikari: folds 
Timonessb: folds 
coeeeelho: folds 
Uncalled bet ($1.50) returned to AllRaise101
AllRaise101 collected $2.50 from pot
*** SUMMARY ***
Total pot $2.50 | Rake $0 
Seat 4: KarP93
Seat 1: AllRaise101 collected ($2.50)
Seat 2: LuckyShikari (button) folded before Flop (didn't bet)
Seat 3: Timonessb (small blind) folded before Flop
Seat 6: coeeeelho (big blind) folded before Flop



PokerStars Hand #254667555030:  Hold'em No Limit ($0.50/$1.00 USD) - 2025/02/02 11:23:05 WET [2025/02/02 6:23:05 ET]
Table 'Tanina' 6-max Seat #3 is the button
Seat 4: KarP93 ($107.36 in chips) is sitting out
Seat 1: AllRaise101 ($102.50 in chips) 
Seat 2: LuckyShikari ($101.50 in chips) 
Seat 3: Timonessb ($103.75 in chips) 
Seat 6: coeeeelho ($207.11 in chips) 
coeeeelho: posts small blind $0.50
AllRaise101: posts big blind $1
*** HOLE CARDS ***
LuckyShikari: folds 
Timonessb: folds 
coeeeelho: raises $2 to $3
AllRaise101: calls $2
*** FLOP *** [6h 3c 4s]
coeeeelho: checks 
AllRaise101: checks 
*** TURN *** [6h 3c 4s] [4d]
coeeeelho: checks 
AllRaise101: checks 
*** RIVER *** [6h 3c 4s 4d] [6s]
coeeeelho: checks 
AllRaise101: checks 
*** SHOW DOWN ***
coeeeelho: shows [Kc Ad] (two pair, Sixes and Fours)
AllRaise101: mucks hand 
coeeeelho collected $5.70 from pot
*** SUMMARY ***
Total pot $6 | Rake $0.30 
Board [6h 3c 4s 4d 6s]
Seat 4: KarP93
Seat 1: AllRaise101 (big blind) mucked
Seat 2: LuckyShikari folded before Flop (didn't bet)
Seat 3: Timonessb (button) folded before Flop (didn't bet)
Seat 6: coeeeelho (small blind) showed [Kc Ad] and won ($5.70) with two pair, Sixes and Fours



PokerStars Hand #254667560905:  Hold'em No Limit ($0.50/$1.00 USD) - 2025/02/02 11:23:48 WET [2025/02/02 6:23:48 ET]
Table 'Tanina' 6-max Seat #1 is the button
Seat 2: LuckyShikari ($101.50 in chips) is sitting out
Seat 3: Timonessb ($103.75 in chips) is sitting out
Seat 4: KarP93 ($107.36 in chips) is sitting out
Seat 1: AllRaise101 ($100 in chips) 
Seat 6: coeeeelho ($209.81 in chips) 
AllRaise101: posts small blind $0.50
LuckyShikari: is sitting out 
Timonessb: is sitting out 
coeeeelho: posts big blind $1
*** HOLE CARDS ***
AllRaise101: raises $1 to $2
Timonessb leaves the table
KarP93 leaves the table
coeeeelho: raises $8 to $10
AllRaise101: calls $8
*** FLOP *** [As Kd 3h]
coeeeelho: bets $7
AllRaise101: calls $7
*** TURN *** [As Kd 3h] [8h]
LuckyShikari leaves the table
coeeeelho: bets $24.02
AllRaise101: calls $24.02
*** RIVER *** [As Kd 3h 8h] [9d]
coeeeelho: bets $61
AllRaise101: calls $58.98 and is all-in
Uncalled bet ($2.02) returned to coeeeelho
*** SHOW DOWN ***
coeeeelho: shows [Ad Kh] (two pair, Aces and Kings)
AllRaise101: shows [Ac 6c] (a pair of Aces)
coeeeelho collected $199 from pot
*** SUMMARY ***
Total pot $200 | Rake $1 
Board [As Kd 3h 8h 9d]
Seat 2: LuckyShikari
Seat 3: Timonessb
Seat 4: KarP93
Seat 1: AllRaise101 (button) (small blind) showed [Ac 6c] and lost with a pair of Aces
Seat 6: coeeeelho (big blind) showed [Ad Kh] and won ($199) with two pair, Aces and Kings



PokerStars Hand #254667330824:  Hold'em No Limit ($0.50/$1.00 USD) - 2025/02/02 10:54:31 WET [2025/02/02 5:54:31 ET]
Table 'Tanina' 6-max Seat #4 is the button
Seat 3: Timonessb ($100 in chips) is sitting out
Seat 1: Alinyr ($100 in chips) 
Seat 2: gig.gyty ($100 in chips) 
Seat 4: Geltaz89 ($36.79 in chips) 
Seat 5: Mafilla14 ($47.41 in chips) 
Seat 6: coeeeelho ($114.84 in chips) 
Mafilla14: posts small blind $0.50
coeeeelho: posts big blind $1
Timonessb: sits out 
*** HOLE CARDS ***
Alinyr: folds 
gig.gyty: raises $1.25 to $2.25
Geltaz89 has timed out
Geltaz89: folds 
Mafilla14: folds 
coeeeelho: folds 
Uncalled bet ($1.25) returned to gig.gyty
gig.gyty collected $2.50 from pot
gig.gyty: doesn't show hand 
*** SUMMARY ***
Total pot $2.50 | Rake $0 
Seat 3: Timonessb
Seat 1: Alinyr folded before Flop (didn't bet)
Seat 2: gig.gyty collected ($2.50)
Seat 4: Geltaz89 (button) folded before Flop (didn't bet)
Seat 5: Mafilla14 (small blind) folded before Flop
Seat 6: coeeeelho (big blind) folded before Flop



PokerStars Hand #254667337121:  Hold'em No Limit ($0.50/$1.00 USD) - 2025/02/02 10:55:21 WET [2025/02/02 5:55:21 ET]
Table 'Tanina' 6-max Seat #5 is the button
Seat 3: Timonessb ($100 in chips) is sitting out
Seat 4: Geltaz89 ($36.79 in chips) is sitting out
Seat 1: Alinyr ($100 in chips) 
Seat 2: gig.gyty ($101.50 in chips) 
Seat 5: Mafilla14 ($46.91 in chips) 
Seat 6: coeeeelho ($113.84 in chips) 
coeeeelho: posts small blind $0.50
Alinyr: posts big blind $1
Timonessb: sits out 
*** HOLE CARDS ***
gig.gyty: folds 
Mafilla14: folds 
coeeeelho: raises $2 to $3
Alinyr: folds 
Uncalled bet ($2) returned to coeeeelho
coeeeelho collected $2 from pot
*** SUMMARY ***
Total pot $2 | Rake $0 
Seat 3: Timonessb
Seat 4: Geltaz89
Seat 1: Alinyr (big blind) folded before Flop
Seat 2: gig.gyty folded before Flop (didn't bet)
Seat 5: Mafilla14 (button) folded before Flop (didn't bet)
Seat 6: coeeeelho (small blind) collected ($2)



PokerStars Hand #254667338842:  Hold'em No Limit ($0.50/$1.00 USD) - 2025/02/02 10:55:38 WET [2025/02/02 5:55:38 ET]
Table 'Tanina' 6-max Seat #6 is the button
Seat 2: gig.gyty ($101.50 in chips) is sitting out
Seat 4: Geltaz89 ($36.79 in chips) is sitting out
Seat 1: Alinyr ($100 in chips) 
Seat 3: Timonessb ($100 in chips) 
Seat 5: Mafilla14 ($46.91 in chips) 
Seat 6: coeeeelho ($114.84 in chips) 
Alinyr: posts small blind $0.50
gig.gyty: is sitting out 
Timonessb: posts big blind $1
*** HOLE CARDS ***
Mafilla14: raises $1 to $2
gig.gyty leaves the table
coeeeelho: folds 
Alinyr: folds 
Timonessb: calls $1
*** FLOP *** [Ac Kc 4h]
Timonessb: checks 
Mafilla14: bets $1
Timonessb: calls $1
*** TURN *** [Ac Kc 4h] [4s]
Timonessb: checks 
Mafilla14: bets $2
Timonessb: folds 
Uncalled bet ($2) returned to Mafilla14
praclovekzig joins the table at seat #2 
praclovekzig is disconnected 
Mafilla14 collected $6.18 from pot
*** SUMMARY ***
Total pot $6.50 | Rake $0.32 
Board [Ac Kc 4h 4s]
Seat 2: gig.gyty
Seat 4: Geltaz89
Seat 1: Alinyr (small blind) folded before Flop
Seat 3: Timonessb (big blind) folded on the Turn
Seat 5: Mafilla14 collected ($6.18)
Seat 6: coeeeelho (button) folded before Flop (didn't bet)



PokerStars Hand #254667343249:  Hold'em No Limit ($0.50/$1.00 USD) - 2025/02/02 10:56:19 WET [2025/02/02 5:56:19 ET]
Table 'Tanina' 6-max Seat #1 is the button
Seat 2: praclovekzig ($30.49 in chips) is sitting out
Seat 4: Geltaz89 ($36.79 in chips) is sitting out
Seat 1: Alinyr ($100 in chips) 
Seat 3: Timonessb ($100 in chips) 
Seat 5: Mafilla14 ($50.09 in chips) 
Seat 6: coeeeelho ($114.84 in chips) 
Timonessb: posts small blind $0.50
Mafilla14: posts big blind $1
*** HOLE CARDS ***
coeeeelho: folds 
Alinyr: raises $1.50 to $2.50
Timonessb: raises $9.50 to $12
Mafilla14: folds 
Alinyr: folds 
Uncalled bet ($9.50) returned to Timonessb
Timonessb collected $6 from pot
*** SUMMARY ***
Total pot $6 | Rake $0 
Seat 2: praclovekzig
Seat 4: Geltaz89
Seat 1: Alinyr (button) folded before Flop
Seat 3: Timonessb (small blind) collected ($6)
Seat 5: Mafilla14 (big blind) folded before Flop
Seat 6: coeeeelho folded before Flop (didn't bet)



PokerStars Hand #254667345456:  Hold'em No Limit ($0.50/$1.00 USD) - 2025/02/02 10:56:39 WET [2025/02/02 5:56:39 ET]
Table 'Tanina' 6-max Seat #3 is the button
Seat 4: Geltaz89 ($36.79 in chips) is sitting out
Seat 1: Alinyr ($100 in chips) 
Seat 2: praclovekzig ($30.49 in chips) 
Seat 3: Timonessb ($103.50 in chips) 
Seat 5: Mafilla14 ($49.09 in chips) 
Seat 6: coeeeelho ($114.84 in chips) 
Mafilla14: posts small blind $0.50
coeeeelho: posts big blind $1
praclovekzig: posts big blind $1
*** HOLE CARDS ***
Alinyr: folds 
praclovekzig: checks 
Timonessb: raises $3 to $4
Mafilla14: folds 
coeeeelho: folds 
praclovekzig: folds 
Uncalled bet ($3) returned to Timonessb
Timonessb collected $3.50 from pot
Timonessb: doesn't show hand 
*** SUMMARY ***
Total pot $3.50 | Rake $0 
Seat 4: Geltaz89
Seat 1: Alinyr folded before Flop (didn't bet)
Seat 2: praclovekzig folded before Flop (didn't bet)
Seat 3: Timonessb (button) collected ($3.50)
Seat 5: Mafilla14 (small blind) folded before Flop
Seat 6: coeeeelho (big blind) folded before Flop



PokerStars Hand #254667346957:  Hold'em No Limit ($0.50/$1.00 USD) - 2025/02/02 10:56:53 WET [2025/02/02 5:56:53 ET]
Table 'Tanina' 6-max Seat #5 is the button
Seat 4: Geltaz89 ($36.79 in chips) is sitting out
Seat 1: Alinyr ($100 in chips) 
Seat 2: praclovekzig ($29.49 in chips) 
Seat 3: Timonessb ($106 in chips) 
Seat 5: Mafilla14 ($48.59 in chips) 
Seat 6: coeeeelho ($113.84 in chips) 
coeeeelho: posts small blind $0.50
Alinyr: posts big blind $1
*** HOLE CARDS ***
praclovekzig: calls $1
Timonessb: folds 
Mafilla14: folds 
coeeeelho: folds 
Alinyr: checks 
*** FLOP *** [Td Th Jd]
Alinyr: checks 
praclovekzig: bets $1
Alinyr: folds 
Uncalled bet ($1) returned to praclovekzig
praclovekzig collected $2.38 from pot
*** SUMMARY ***
Total pot $2.50 | Rake $0.12 
Board [Td Th Jd]
Seat 4: Geltaz89
Seat 1: Alinyr (big blind) folded on the Flop
Seat 2: praclovekzig collected ($2.38)
Seat 3: Timonessb folded before Flop (didn't bet)
Seat 5: Mafilla14 (button) folded before Flop (didn't bet)
Seat 6: coeeeelho (small blind) folded before Flop



PokerStars Hand #254667351380:  Hold'em No Limit ($0.50/$1.00 USD) - 2025/02/02 10:57:32 WET [2025/02/02 5:57:32 ET]
Table 'Tanina' 6-max Seat #6 is the button
Seat 1: Alinyr ($100 in chips) 
Seat 2: praclovekzig ($30.87 in chips) 
Seat 3: Timonessb ($106 in chips) 
Seat 4: Geltaz89 ($36.79 in chips) 
Seat 5: Mafilla14 ($48.59 in chips) 
Seat 6: coeeeelho ($113.34 in chips) 
Alinyr: posts small blind $0.50
praclovekzig: posts big blind $1
Geltaz89: posts small & big blinds $1.50
*** HOLE CARDS ***
Timonessb: folds 
Geltaz89: checks 
Mafilla14: folds 
coeeeelho: folds 
Alinyr: calls $0.50
praclovekzig: checks 
*** FLOP *** [5s 6h Qs]
Alinyr: bets $1.69
praclovekzig: folds 
Geltaz89: folds 
Uncalled bet ($1.69) returned to Alinyr
Alinyr collected $3.32 from pot
Alinyr: doesn't show hand 
*** SUMMARY ***
Total pot $3.50 | Rake $0.18 
Board [5s 6h Qs]
Seat 1: Alinyr (small blind) collected ($3.32)
Seat 2: praclovekzig (big blind) folded on the Flop
Seat 3: Timonessb folded before Flop (didn't bet)
Seat 4: Geltaz89 folded on the Flop (didn't bet)
Seat 5: Mafilla14 folded before Flop (didn't bet)
Seat 6: coeeeelho (button) folded before Flop (didn't bet)



PokerStars Hand #254667355111:  Hold'em No Limit ($0.50/$1.00 USD) - 2025/02/02 10:58:05 WET [2025/02/02 5:58:05 ET]
Table 'Tanina' 6-max Seat #1 is the button
Seat 1: Alinyr ($102.32 in chips) 
Seat 2: praclovekzig ($29.87 in chips) 
Seat 3: Timonessb ($106 in chips) 
Seat 4: Geltaz89 ($35.29 in chips) 
Seat 5: Mafilla14 ($48.59 in chips) 
Seat 6: coeeeelho ($113.34 in chips) 
praclovekzig: posts small blind $0.50
Timonessb: posts big blind $1
*** HOLE CARDS ***
Geltaz89: folds 
Mafilla14: raises $1 to $2
coeeeelho: folds 
Alinyr: folds 
praclovekzig: folds 
Timonessb: calls $1
*** FLOP *** [5h 7s 9h]
Timonessb: checks 
Mafilla14: bets $3
Timonessb: calls $3
*** TURN *** [5h 7s 9h] [8c]
Timonessb: checks 
Mafilla14: bets $4
Timonessb: calls $4
*** RIVER *** [5h 7s 9h 8c] [Th]
Timonessb: checks 
Mafilla14: bets $8
Timonessb: calls $8
*** SHOW DOWN ***
Mafilla14: shows [6h 7h] (a flush, Ten high)
Timonessb: mucks hand 
Mafilla14 collected $32.78 from pot
*** SUMMARY ***
Total pot $34.50 | Rake $1.72 
Board [5h 7s 9h 8c Th]
Seat 1: Alinyr (button) folded before Flop (didn't bet)
Seat 2: praclovekzig (small blind) folded before Flop
Seat 3: Timonessb (big blind) mucked
Seat 4: Geltaz89 folded before Flop (didn't bet)
Seat 5: Mafilla14 showed [6h 7h] and won ($32.78) with a flush, Ten high
Seat 6: coeeeelho folded before Flop (didn't bet)



PokerStars Hand #254667359513:  Hold'em No Limit ($0.50/$1.00 USD) - 2025/02/02 10:58:44 WET [2025/02/02 5:58:44 ET]
Table 'Tanina' 6-max Seat #2 is the button
Seat 1: Alinyr ($102.32 in chips) 
Seat 2: praclovekzig ($29.37 in chips) 
Seat 3: Timonessb ($100 in chips) 
Seat 4: Geltaz89 ($35.29 in chips) 
Seat 5: Mafilla14 ($64.37 in chips) 
Seat 6: coeeeelho ($113.34 in chips) 
Timonessb: posts small blind $0.50
Geltaz89: posts big blind $1
*** HOLE CARDS ***
Mafilla14: folds 
coeeeelho: folds 
Alinyr: raises $1.28 to $2.28
praclovekzig: calls $2.28
Timonessb: raises $11.72 to $14
Geltaz89: folds 
Alinyr: folds 
praclovekzig: folds 
Uncalled bet ($11.72) returned to Timonessb
Timonessb collected $7.84 from pot
*** SUMMARY ***
Total pot $7.84 | Rake $0 
Seat 1: Alinyr folded before Flop
Seat 2: praclovekzig (button) folded before Flop
Seat 3: Timonessb (small blind) collected ($7.84)
Seat 4: Geltaz89 (big blind) folded before Flop
Seat 5: Mafilla14 folded before Flop (didn't bet)
Seat 6: coeeeelho folded before Flop (didn't bet)



PokerStars Hand #254667363049:  Hold'em No Limit ($0.50/$1.00 USD) - 2025/02/02 10:59:14 WET [2025/02/02 5:59:14 ET]
Table 'Tanina' 6-max Seat #3 is the button
Seat 1: Alinyr ($100.04 in chips) 
Seat 2: praclovekzig ($27.09 in chips) 
Seat 3: Timonessb ($105.56 in chips) 
Seat 4: Geltaz89 ($34.29 in chips) 
Seat 5: Mafilla14 ($64.37 in chips) 
Seat 6: coeeeelho ($113.34 in chips) 
Geltaz89: posts small blind $0.50
Mafilla14: posts big blind $1
*** HOLE CARDS ***
coeeeelho: raises $1.20 to $2.20
Alinyr: folds 
praclovekzig: folds 
Timonessb: folds 
Geltaz89: raises $4.20 to $6.40
Mafilla14: folds 
coeeeelho: folds 
Uncalled bet ($4.20) returned to Geltaz89
Geltaz89 collected $5.40 from pot
*** SUMMARY ***
Total pot $5.40 | Rake $0 
Seat 1: Alinyr folded before Flop (didn't bet)
Seat 2: praclovekzig folded before Flop (didn't bet)
Seat 3: Timonessb (button) folded before Flop (didn't bet)
Seat 4: Geltaz89 (small blind) collected ($5.40)
Seat 5: Mafilla14 (big blind) folded before Flop
Seat 6: coeeeelho folded before Flop



PokerStars Hand #254667367137:  Hold'em No Limit ($0.50/$1.00 USD) - 2025/02/02 10:59:52 WET [2025/02/02 5:59:52 ET]
Table 'Tanina' 6-max Seat #4 is the button
Seat 1: Alinyr ($100.04 in chips) 
Seat 2: praclovekzig ($27.09 in chips) 
Seat 3: Timonessb ($105.56 in chips) 
Seat 4: Geltaz89 ($37.49 in chips) 
Seat 5: Mafilla14 ($63.37 in chips) 
Seat 6: coeeeelho ($111.14 in chips) 
Mafilla14: posts small blind $0.50
coeeeelho: posts big blind $1
*** HOLE CARDS ***
Alinyr: folds 
praclovekzig: folds 
Timonessb: folds 
Geltaz89: calls $1
Mafilla14: raises $2 to $3
coeeeelho: calls $2
Geltaz89: folds 
*** FLOP *** [5h 7c 6h]
Mafilla14: bets $3.33
coeeeelho: calls $3.33
*** TURN *** [5h 7c 6h] [Ah]
Mafilla14: checks 
coeeeelho: checks 
*** RIVER *** [5h 7c 6h Ah] [4h]
Mafilla14: checks 
coeeeelho: checks 
*** SHOW DOWN ***
Mafilla14: shows [Js Ac] (a pair of Aces)
coeeeelho: mucks hand 
Mafilla14 collected $12.98 from pot
*** SUMMARY ***
Total pot $13.66 | Rake $0.68 
Board [5h 7c 6h Ah 4h]
Seat 1: Alinyr folded before Flop (didn't bet)
Seat 2: praclovekzig folded before Flop (didn't bet)
Seat 3: Timonessb folded before Flop (didn't bet)
Seat 4: Geltaz89 (button) folded before Flop
Seat 5: Mafilla14 (small blind) showed [Js Ac] and won ($12.98) with a pair of Aces
Seat 6: coeeeelho (big blind) mucked



PokerStars Hand #254667371855:  Hold'em No Limit ($0.50/$1.00 USD) - 2025/02/02 11:00:33 WET [2025/02/02 6:00:33 ET]
Table 'Tanina' 6-max Seat #5 is the button
Seat 1: Alinyr ($100.04 in chips) 
Seat 2: praclovekzig ($27.09 in chips) 
Seat 3: Timonessb ($105.56 in chips) 
Seat 4: Geltaz89 ($36.49 in chips) 
Seat 5: Mafilla14 ($70.02 in chips) 
Seat 6: coeeeelho ($104.81 in chips) 
coeeeelho: posts small blind $0.50
Alinyr: posts big blind $1
*** HOLE CARDS ***
praclovekzig: folds 
Timonessb: folds 
Geltaz89: raises $1 to $2
Mafilla14: folds 
coeeeelho: folds 
Alinyr: calls $1
*** FLOP *** [4s 5d 9s]
Alinyr: checks 
Geltaz89: bets $4
Alinyr: calls $4
*** TURN *** [4s 5d 9s] [Qh]
Alinyr: checks 
Geltaz89: checks 
*** RIVER *** [4s 5d 9s Qh] [6s]
Alinyr: checks 
Geltaz89: bets $11
Alinyr: folds 
Uncalled bet ($11) returned to Geltaz89
Geltaz89 collected $11.88 from pot
*** SUMMARY ***
Total pot $12.50 | Rake $0.62 
Board [4s 5d 9s Qh 6s]
Seat 1: Alinyr (big blind) folded on the River
Seat 2: praclovekzig folded before Flop (didn't bet)
Seat 3: Timonessb folded before Flop (didn't bet)
Seat 4: Geltaz89 collected ($11.88)
Seat 5: Mafilla14 (button) folded before Flop (didn't bet)
Seat 6: coeeeelho (small blind) folded before Flop



PokerStars Hand #254667378914:  Hold'em No Limit ($0.50/$1.00 USD) - 2025/02/02 11:01:28 WET [2025/02/02 6:01:28 ET]
Table 'Tanina' 6-max Seat #6 is the button
Seat 1: Alinyr ($100 in chips) 
Seat 2: praclovekzig ($27.09 in chips) 
Seat 3: Timonessb ($105.56 in chips) 
Seat 4: Geltaz89 ($42.37 in chips) 
Seat 5: Mafilla14 ($70.02 in chips) 
Seat 6: coeeeelho ($104.31 in chips) 
Alinyr: posts small blind $0.50
praclovekzig: posts big blind $1
*** HOLE CARDS ***
Timonessb: folds 
Geltaz89: raises $1 to $2
Mafilla14: calls $2
coeeeelho: folds 
Alinyr: folds 
praclovekzig: folds 
*** FLOP *** [Kc 8h 4h]
Geltaz89: checks 
Mafilla14: checks 
*** TURN *** [Kc 8h 4h] [Ks]
Geltaz89: checks 
Mafilla14: bets $2
Geltaz89: calls $2
*** RIVER *** [Kc 8h 4h Ks] [7h]
Geltaz89: checks 
Mafilla14: checks 
*** SHOW DOWN ***
Geltaz89: shows [Qd Jd] (a pair of Kings)
Mafilla14: shows [Qs Ad] (a pair of Kings - Ace kicker)
Mafilla14 collected $9.02 from pot
*** SUMMARY ***
Total pot $9.50 | Rake $0.48 
Board [Kc 8h 4h Ks 7h]
Seat 1: Alinyr (small blind) folded before Flop
Seat 2: praclovekzig (big blind) folded before Flop
Seat 3: Timonessb folded before Flop (didn't bet)
Seat 4: Geltaz89 showed [Qd Jd] and lost with a pair of Kings
Seat 5: Mafilla14 showed [Qs Ad] and won ($9.02) with a pair of Kings
Seat 6: coeeeelho (button) folded before Flop (didn't bet)



PokerStars Hand #254667382855:  Hold'em No Limit ($0.50/$1.00 USD) - 2025/02/02 11:01:59 WET [2025/02/02 6:01:59 ET]
Table 'Tanina' 6-max Seat #1 is the button
Seat 1: Alinyr ($100 in chips) 
Seat 2: praclovekzig ($26.09 in chips) 
Seat 3: Timonessb ($105.56 in chips) 
Seat 4: Geltaz89 ($38.37 in chips) 
Seat 5: Mafilla14 ($75.04 in chips) 
Seat 6: coeeeelho ($104.31 in chips) 
praclovekzig: posts small blind $0.50
Timonessb: posts big blind $1
*** HOLE CARDS ***
Geltaz89: raises $1 to $2
Mafilla14: raises $2 to $4
coeeeelho: folds 
Alinyr: folds 
praclovekzig: folds 
Timonessb: folds 
Geltaz89: raises $34.37 to $38.37 and is all-in
Mafilla14: calls $34.37
*** FLOP *** [Ah 6c 2d]
*** TURN *** [Ah 6c 2d] [Qc]
*** RIVER *** [Ah 6c 2d Qc] [8s]
*** SHOW DOWN ***
Geltaz89: shows [Js Ac] (a pair of Aces)
Mafilla14: shows [6h 6d] (three of a kind, Sixes)
Mafilla14 collected $75.74 from pot
*** SUMMARY ***
Total pot $78.24 | Rake $2.50 
Board [Ah 6c 2d Qc 8s]
Seat 1: Alinyr (button) folded before Flop (didn't bet)
Seat 2: praclovekzig (small blind) folded before Flop
Seat 3: Timonessb (big blind) folded before Flop
Seat 4: Geltaz89 showed [Js Ac] and lost with a pair of Aces
Seat 5: Mafilla14 showed [6h 6d] and won ($75.74) with three of a kind, Sixes
Seat 6: coeeeelho folded before Flop (didn't bet)



PokerStars Hand #254667388041:  Hold'em No Limit ($0.50/$1.00 USD) - 2025/02/02 11:02:38 WET [2025/02/02 6:02:38 ET]
Table 'Tanina' 6-max Seat #2 is the button
Seat 4: Geltaz89 ($0 in chips) is sitting out
Seat 1: Alinyr ($100 in chips) 
Seat 2: praclovekzig ($25.59 in chips) 
Seat 3: Timonessb ($104.56 in chips) 
Seat 5: Mafilla14 ($112.41 in chips) 
Seat 6: coeeeelho ($104.31 in chips) 
Timonessb: posts small blind $0.50
Mafilla14: posts big blind $1
*** HOLE CARDS ***
coeeeelho: folds 
Geltaz89 is disconnected 
Alinyr: raises $1.28 to $2.28
praclovekzig: folds 
Timonessb: folds 
Mafilla14: raises $2.28 to $4.56
Alinyr: calls $2.28
*** FLOP *** [5c 4s 6s]
Mafilla14: checks 
Alinyr: bets $4.66
Mafilla14: calls $4.66
*** TURN *** [5c 4s 6s] [Ks]
Mafilla14: checks 
Alinyr: bets $10.97
Mafilla14: raises $10.97 to $21.94
Alinyr: calls $10.97
*** RIVER *** [5c 4s 6s Ks] [Kc]
Mafilla14: checks 
Alinyr: bets $68.84 and is all-in
Mafilla14: folds 
Uncalled bet ($68.84) returned to Alinyr
Alinyr collected $60.32 from pot
Alinyr: doesn't show hand 
*** SUMMARY ***
Total pot $62.82 | Rake $2.50 
Board [5c 4s 6s Ks Kc]
Seat 4: Geltaz89
Seat 1: Alinyr collected ($60.32)
Seat 2: praclovekzig (button) folded before Flop (didn't bet)
Seat 3: Timonessb (small blind) folded before Flop
Seat 5: Mafilla14 (big blind) folded on the River
Seat 6: coeeeelho folded before Flop (didn't bet)



PokerStars Hand #254667400016:  Hold'em No Limit ($0.50/$1.00 USD) - 2025/02/02 11:04:08 WET [2025/02/02 6:04:08 ET]
Table 'Tanina' 6-max Seat #3 is the button
Seat 4: Geltaz89 ($0 in chips) is sitting out
Seat 1: Alinyr ($129.16 in chips) 
Seat 2: praclovekzig ($25.59 in chips) 
Seat 3: Timonessb ($104.06 in chips) 
Seat 5: Mafilla14 ($81.25 in chips) 
Seat 6: coeeeelho ($104.31 in chips) 
Mafilla14: posts small blind $0.50
coeeeelho: posts big blind $1
*** HOLE CARDS ***
Alinyr: folds 
praclovekzig: folds 
Timonessb: folds 
Mafilla14: calls $0.50
coeeeelho: raises $3.20 to $4.20
Mafilla14: raises $3.20 to $7.40
coeeeelho: calls $3.20
*** FLOP *** [Jc 6d 7h]
Mafilla14: checks 
coeeeelho: bets $3.52
Mafilla14: raises $5.52 to $9.04
coeeeelho: calls $5.52
*** TURN *** [Jc 6d 7h] [8d]
Mafilla14: checks 
coeeeelho: checks 
*** RIVER *** [Jc 6d 7h 8d] [Ac]
Mafilla14: checks 
coeeeelho: checks 
*** SHOW DOWN ***
Mafilla14: shows [Qh Qs] (a pair of Queens)
coeeeelho: mucks hand 
Mafilla14 collected $31.24 from pot
*** SUMMARY ***
Total pot $32.88 | Rake $1.64 
Board [Jc 6d 7h 8d Ac]
Seat 4: Geltaz89
Seat 1: Alinyr folded before Flop (didn't bet)
Seat 2: praclovekzig folded before Flop (didn't bet)
Seat 3: Timonessb (button) folded before Flop (didn't bet)
Seat 5: Mafilla14 (small blind) showed [Qh Qs] and won ($31.24) with a pair of Queens
Seat 6: coeeeelho (big blind) mucked



PokerStars Hand #254667405084:  Hold'em No Limit ($0.50/$1.00 USD) - 2025/02/02 11:04:46 WET [2025/02/02 6:04:46 ET]
Table 'Tanina' 6-max Seat #5 is the button
Seat 4: Geltaz89 ($0 in chips) is sitting out
Seat 1: Alinyr ($129.16 in chips) 
Seat 2: praclovekzig ($25.59 in chips) 
Seat 3: Timonessb ($104.06 in chips) 
Seat 5: Mafilla14 ($96.05 in chips) 
Seat 6: coeeeelho ($100 in chips) 
coeeeelho: posts small blind $0.50
Alinyr: posts big blind $1
*** HOLE CARDS ***
praclovekzig: folds 
Timonessb: folds 
Mafilla14: folds 
coeeeelho: raises $2 to $3
Alinyr: calls $2
*** FLOP *** [2s Qh Js]
coeeeelho: bets $1.88
Alinyr: calls $1.88
*** TURN *** [2s Qh Js] [6s]
coeeeelho: checks 
Alinyr: checks 
*** RIVER *** [2s Qh Js 6s] [4d]
coeeeelho: checks 
Alinyr: bets $4.73
coeeeelho: folds 
Uncalled bet ($4.73) returned to Alinyr
Alinyr collected $9.27 from pot
Alinyr: doesn't show hand 
*** SUMMARY ***
Total pot $9.76 | Rake $0.49 
Board [2s Qh Js 6s 4d]
Seat 4: Geltaz89
Seat 1: Alinyr (big blind) collected ($9.27)
Seat 2: praclovekzig folded before Flop (didn't bet)
Seat 3: Timonessb folded before Flop (didn't bet)
Seat 5: Mafilla14 (button) folded before Flop (didn't bet)
Seat 6: coeeeelho (small blind) folded on the River



PokerStars Hand #254667413257:  Hold'em No Limit ($0.50/$1.00 USD) - 2025/02/02 11:05:48 WET [2025/02/02 6:05:48 ET]
Table 'Tanina' 6-max Seat #6 is the button
Seat 4: Geltaz89 ($0 in chips) is sitting out
Seat 1: Alinyr ($133.55 in chips) 
Seat 2: praclovekzig ($25.59 in chips) 
Seat 3: Timonessb ($104.06 in chips) 
Seat 5: Mafilla14 ($96.05 in chips) 
Seat 6: coeeeelho ($100 in chips) 
Alinyr: posts small blind $0.50
praclovekzig: posts big blind $1
*** HOLE CARDS ***
Timonessb: folds 
Mafilla14: folds 
coeeeelho: folds 
Alinyr: folds 
Uncalled bet ($0.50) returned to praclovekzig
praclovekzig collected $1 from pot
*** SUMMARY ***
Total pot $1 | Rake $0 
Seat 4: Geltaz89
Seat 1: Alinyr (small blind) folded before Flop
Seat 2: praclovekzig (big blind) collected ($1)
Seat 3: Timonessb folded before Flop (didn't bet)
Seat 5: Mafilla14 folded before Flop (didn't bet)
Seat 6: coeeeelho (button) folded before Flop (didn't bet)



PokerStars Hand #254667414724:  Hold'em No Limit ($0.50/$1.00 USD) - 2025/02/02 11:05:58 WET [2025/02/02 6:05:58 ET]
Table 'Tanina' 6-max Seat #1 is the button
Seat 4: Geltaz89 ($0 in chips) is sitting out
Seat 1: Alinyr ($133.05 in chips) 
Seat 2: praclovekzig ($26.09 in chips) 
Seat 3: Timonessb ($104.06 in chips) 
Seat 5: Mafilla14 ($96.05 in chips) 
Seat 6: coeeeelho ($100 in chips) 
praclovekzig: posts small blind $0.50
Timonessb: posts big blind $1
*** HOLE CARDS ***
Mafilla14: folds 
coeeeelho: folds 
Alinyr: raises $1.50 to $2.50
praclovekzig: folds 
Timonessb: folds 
Uncalled bet ($1.50) returned to Alinyr
Alinyr collected $2.50 from pot
Alinyr: doesn't show hand 
*** SUMMARY ***
Total pot $2.50 | Rake $0 
Seat 4: Geltaz89
Seat 1: Alinyr (button) collected ($2.50)
Seat 2: praclovekzig (small blind) folded before Flop
Seat 3: Timonessb (big blind) folded before Flop
Seat 5: Mafilla14 folded before Flop (didn't bet)
Seat 6: coeeeelho folded before Flop (didn't bet)



PokerStars Hand #254667417319:  Hold'em No Limit ($0.50/$1.00 USD) - 2025/02/02 11:06:18 WET [2025/02/02 6:06:18 ET]
Table 'Tanina' 6-max Seat #2 is the button
Seat 4: Geltaz89 ($0 in chips) is sitting out
Seat 1: Alinyr ($134.55 in chips) 
Seat 2: praclovekzig ($25.59 in chips) 
Seat 3: Timonessb ($103.06 in chips) 
Seat 5: Mafilla14 ($96.05 in chips) 
Seat 6: coeeeelho ($100 in chips) 
Timonessb: posts small blind $0.50
Mafilla14: posts big blind $1
*** HOLE CARDS ***
coeeeelho: raises $1.20 to $2.20
Alinyr: folds 
praclovekzig: folds 
Timonessb: folds 
Mafilla14: calls $1.20
*** FLOP *** [6h 9s Kd]
Mafilla14: checks 
coeeeelho: bets $1.17
Mafilla14: calls $1.17
*** TURN *** [6h 9s Kd] [Tc]
Mafilla14: checks 
coeeeelho: checks 
*** RIVER *** [6h 9s Kd Tc] [4h]
Mafilla14: bets $2
coeeeelho: calls $2
*** SHOW DOWN ***
Mafilla14: shows [Ad 9h] (a pair of Nines)
coeeeelho: shows [Qc Qs] (a pair of Queens)
coeeeelho collected $10.68 from pot
*** SUMMARY ***
Total pot $11.24 | Rake $0.56 
Board [6h 9s Kd Tc 4h]
Seat 4: Geltaz89
Seat 1: Alinyr folded before Flop (didn't bet)
Seat 2: praclovekzig (button) folded before Flop (didn't bet)
Seat 3: Timonessb (small blind) folded before Flop
Seat 5: Mafilla14 (big blind) showed [Ad 9h] and lost with a pair of Nines
Seat 6: coeeeelho showed [Qc Qs] and won ($10.68) with a pair of Queens



PokerStars Hand #254667425351:  Hold'em No Limit ($0.50/$1.00 USD) - 2025/02/02 11:07:18 WET [2025/02/02 6:07:18 ET]
Table 'Tanina' 6-max Seat #3 is the button
Seat 4: Geltaz89 ($0 in chips) is sitting out
Seat 1: Alinyr ($134.55 in chips) 
Seat 2: praclovekzig ($25.59 in chips) 
Seat 3: Timonessb ($102.56 in chips) 
Seat 5: Mafilla14 ($90.68 in chips) 
Seat 6: coeeeelho ($105.31 in chips) 
Mafilla14: posts small blind $0.50
coeeeelho: posts big blind $1
*** HOLE CARDS ***
Alinyr: folds 
praclovekzig: folds 
Timonessb: raises $1.50 to $2.50
Mafilla14: folds 
coeeeelho: raises $9.50 to $12
Timonessb: folds 
Uncalled bet ($9.50) returned to coeeeelho
coeeeelho collected $5.50 from pot
*** SUMMARY ***
Total pot $5.50 | Rake $0 
Seat 4: Geltaz89
Seat 1: Alinyr folded before Flop (didn't bet)
Seat 2: praclovekzig folded before Flop (didn't bet)
Seat 3: Timonessb (button) folded before Flop
Seat 5: Mafilla14 (small blind) folded before Flop
Seat 6: coeeeelho (big blind) collected ($5.50)



PokerStars Hand #254667428351:  Hold'em No Limit ($0.50/$1.00 USD) - 2025/02/02 11:07:41 WET [2025/02/02 6:07:41 ET]
Table 'Tanina' 6-max Seat #5 is the button
Seat 4: Geltaz89 ($0 in chips) is sitting out
Seat 1: Alinyr ($134.55 in chips) 
Seat 2: praclovekzig ($25.59 in chips) 
Seat 3: Timonessb ($100.06 in chips) 
Seat 5: Mafilla14 ($90.18 in chips) 
Seat 6: coeeeelho ($108.31 in chips) 
coeeeelho: posts small blind $0.50
Alinyr: posts big blind $1
*** HOLE CARDS ***
praclovekzig: raises $2 to $3
Timonessb: folds 
Mafilla14: folds 
coeeeelho: folds 
Alinyr: calls $2
*** FLOP *** [Kh 6h 4c]
Alinyr: checks 
praclovekzig: checks 
*** TURN *** [Kh 6h 4c] [4d]
Alinyr: checks 
praclovekzig: checks 
*** RIVER *** [Kh 6h 4c 4d] [5c]
Alinyr: checks 
praclovekzig: checks 
*** SHOW DOWN ***
Alinyr: shows [9d Td] (a pair of Fours)
praclovekzig: shows [Qd As] (a pair of Fours - Ace kicker)
praclovekzig collected $6.18 from pot
*** SUMMARY ***
Total pot $6.50 | Rake $0.32 
Board [Kh 6h 4c 4d 5c]
Seat 4: Geltaz89
Seat 1: Alinyr (big blind) showed [9d Td] and lost with a pair of Fours
Seat 2: praclovekzig showed [Qd As] and won ($6.18) with a pair of Fours
Seat 3: Timonessb folded before Flop (didn't bet)
Seat 5: Mafilla14 (button) folded before Flop (didn't bet)
Seat 6: coeeeelho (small blind) folded before Flop



