PokerStars Hand #254681538073:  Hold'em No Limit ($0.50/$1.00 USD) - 2025/02/02 1:45:54 WET [2025/02/02 20:45:54 ET]
Table 'Watsonia' 6-max Seat #4 is the button
Seat 1: Joe_Carlos ($60 in chips) is sitting out
Seat 2: wiley2025 ($60.51 in chips) 
Seat 3: skars07 ($103.82 in chips) 
Seat 4: XneferX ($100 in chips) 
Seat 5: z00mba ($100 in chips) 
Seat 6: Tibibacsi ($100 in chips) 
z00mba: posts small blind $0.50
Tibibacsi: posts big blind $1
Joe_Carlos: sits out 
*** HOLE CARDS ***
wiley2025: raises $1 to $2
skars07: folds 
XneferX: folds 
z00mba: folds 
Tibibacsi: folds 
Uncalled bet ($1) returned to wiley2025
wiley2025 collected $2.50 from pot
*** SUMMARY ***
Total pot $2.50 | Rake $0 
Seat 1: Joe_Carlos
Seat 2: wiley2025 collected ($2.50)
Seat 3: skars07 folded before Flop (didn't bet)
Seat 4: XneferX (button) folded before Flop (didn't bet)
Seat 5: z00mba (small blind) folded before Flop
Seat 6: Tibibacsi (big blind) folded before Flop



PokerStars Hand #254681540694:  Hold'em No Limit ($0.50/$1.00 USD) - 2025/02/02 1:46:09 WET [2025/02/02 20:46:09 ET]
Table 'Watsonia' 6-max Seat #5 is the button
Seat 1: Joe_Carlos ($60 in chips) 
Seat 2: wiley2025 ($62.01 in chips) 
Seat 3: skars07 ($103.82 in chips) 
Seat 4: XneferX ($100 in chips) 
Seat 5: z00mba ($100 in chips) 
Seat 6: Tibibacsi ($100 in chips) 
Tibibacsi: posts small blind $0.50
Joe_Carlos: posts big blind $1
*** HOLE CARDS ***
wiley2025: raises $1 to $2
skars07: folds 
XneferX: raises $4 to $6
z00mba: folds 
Tibibacsi: folds 
Joe_Carlos: calls $5
wiley2025: raises $7 to $13
XneferX: folds 
Joe_Carlos: calls $7
*** FLOP *** [5s 5h 5c]
Joe_Carlos: checks 
wiley2025: bets $6
Joe_Carlos: raises $41 to $47 and is all-in
wiley2025: calls $41
*** TURN *** [5s 5h 5c] [4d]
*** RIVER *** [5s 5h 5c 4d] [4c]
*** SHOW DOWN ***
Joe_Carlos: shows [8s 8h] (a full house, Fives full of Eights)
wiley2025: shows [Ks Ac] (a full house, Fives full of Fours)
Joe_Carlos collected $124 from pot
wiley2025 cashed out the hand for $35.03 | Cash Out Fee $0.72
*** SUMMARY ***
Total pot $126.50 | Rake $2.50 
Board [5s 5h 5c 4d 4c]
Seat 1: Joe_Carlos (big blind) showed [8s 8h] and won ($124) with a full house, Fives full of Eights
Seat 2: wiley2025 showed [Ks Ac] and lost with a full house, Fives full of Fours (cashed out).
Seat 3: skars07 folded before Flop (didn't bet)
Seat 4: XneferX folded before Flop
Seat 5: z00mba (button) folded before Flop (didn't bet)
Seat 6: Tibibacsi (small blind) folded before Flop



PokerStars Hand #254681562712:  Hold'em No Limit ($0.50/$1.00 USD) - 2025/02/02 1:48:20 WET [2025/02/02 20:48:20 ET]
Table 'Watsonia' 6-max Seat #6 is the button
Seat 1: Joe_Carlos ($124 in chips) 
Seat 2: wiley2025 ($37.04 in chips) 
Seat 3: skars07 ($103.82 in chips) 
Seat 4: XneferX ($100 in chips) 
Seat 5: z00mba ($100 in chips) 
Seat 6: Tibibacsi ($100 in chips) 
Joe_Carlos: posts small blind $0.50
wiley2025: posts big blind $1
*** HOLE CARDS ***
skars07: raises $1.50 to $2.50
XneferX: folds 
z00mba: folds 
Tibibacsi: folds 
Joe_Carlos: folds 
wiley2025: calls $1.50
*** FLOP *** [Tc 9c 8d]
wiley2025: checks 
skars07: checks 
*** TURN *** [Tc 9c 8d] [9s]
wiley2025: bets $1
skars07: calls $1
*** RIVER *** [Tc 9c 8d 9s] [4s]
wiley2025: bets $7.12
skars07: folds 
Uncalled bet ($7.12) returned to wiley2025
wiley2025 collected $7.12 from pot
*** SUMMARY ***
Total pot $7.50 | Rake $0.38 
Board [Tc 9c 8d 9s 4s]
Seat 1: Joe_Carlos (small blind) folded before Flop
Seat 2: wiley2025 (big blind) collected ($7.12)
Seat 3: skars07 folded on the River
Seat 4: XneferX folded before Flop (didn't bet)
Seat 5: z00mba folded before Flop (didn't bet)
Seat 6: Tibibacsi (button) folded before Flop (didn't bet)



PokerStars Hand #254681569523:  Hold'em No Limit ($0.50/$1.00 USD) - 2025/02/02 1:49:00 WET [2025/02/02 20:49:00 ET]
Table 'Watsonia' 6-max Seat #1 is the button
Seat 1: Joe_Carlos ($123.50 in chips) 
Seat 2: wiley2025 ($40.66 in chips) 
Seat 3: skars07 ($100.32 in chips) 
Seat 4: XneferX ($100 in chips) 
Seat 5: z00mba ($100 in chips) 
Seat 6: Tibibacsi ($100 in chips) 
wiley2025: posts small blind $0.50
skars07: posts big blind $1
*** HOLE CARDS ***
XneferX: folds 
z00mba: raises $1.50 to $2.50
Tibibacsi: raises $5 to $7.50
Joe_Carlos: folds 
wiley2025: folds 
skars07: folds 
z00mba: folds 
Uncalled bet ($5) returned to Tibibacsi
Tibibacsi collected $6.50 from pot
Tibibacsi: doesn't show hand 
*** SUMMARY ***
Total pot $6.50 | Rake $0 
Seat 1: Joe_Carlos (button) folded before Flop (didn't bet)
Seat 2: wiley2025 (small blind) folded before Flop
Seat 3: skars07 (big blind) folded before Flop
Seat 4: XneferX folded before Flop (didn't bet)
Seat 5: z00mba folded before Flop
Seat 6: Tibibacsi collected ($6.50)



PokerStars Hand #254681574122:  Hold'em No Limit ($0.50/$1.00 USD) - 2025/02/02 1:49:27 WET [2025/02/02 20:49:27 ET]
Table 'Watsonia' 6-max Seat #2 is the button
Seat 1: Joe_Carlos ($123.50 in chips) 
Seat 2: wiley2025 ($40.16 in chips) 
Seat 3: skars07 ($100 in chips) 
Seat 4: XneferX ($100 in chips) 
Seat 5: z00mba ($100 in chips) 
Seat 6: Tibibacsi ($104 in chips) 
skars07: posts small blind $0.50
XneferX: posts big blind $1
*** HOLE CARDS ***
z00mba: folds 
Tibibacsi: folds 
Joe_Carlos: folds 
wiley2025: raises $1 to $2
skars07: folds 
XneferX: calls $1
*** FLOP *** [4c 8c 4s]
XneferX: checks 
wiley2025: checks 
*** TURN *** [4c 8c 4s] [7c]
XneferX: checks 
wiley2025: checks 
*** RIVER *** [4c 8c 4s 7c] [5h]
XneferX: checks 
wiley2025: checks 
*** SHOW DOWN ***
XneferX: shows [Th Qd] (a pair of Fours)
wiley2025: mucks hand 
XneferX collected $4.28 from pot
*** SUMMARY ***
Total pot $4.50 | Rake $0.22 
Board [4c 8c 4s 7c 5h]
Seat 1: Joe_Carlos folded before Flop (didn't bet)
Seat 2: wiley2025 (button) mucked
Seat 3: skars07 (small blind) folded before Flop
Seat 4: XneferX (big blind) showed [Th Qd] and won ($4.28) with a pair of Fours
Seat 5: z00mba folded before Flop (didn't bet)
Seat 6: Tibibacsi folded before Flop (didn't bet)



PokerStars Hand #254681534595:  Hold'em No Limit ($0.50/$1.00 USD) - 2025/02/02 1:45:34 WET [2025/02/02 20:45:34 ET]
Table 'Watsonia' 6-max Seat #3 is the button
Seat 1: Joe_Carlos ($60 in chips) is sitting out
Seat 6: Tibibacsi ($100 in chips) is sitting out
Seat 2: wiley2025 ($61.51 in chips) 
Seat 3: skars07 ($101.32 in chips) 
Seat 4: XneferX ($100 in chips) 
Seat 5: z00mba ($100 in chips) 
XneferX: posts small blind $0.50
z00mba: posts big blind $1
Tibibacsi: sits out 
Joe_Carlos: sits out 
*** HOLE CARDS ***
wiley2025: calls $1
skars07: raises $3 to $4
XneferX: folds 
z00mba: folds 
wiley2025: folds 
Uncalled bet ($3) returned to skars07
skars07 collected $3.50 from pot
skars07: doesn't show hand 
*** SUMMARY ***
Total pot $3.50 | Rake $0 
Seat 1: Joe_Carlos
Seat 6: Tibibacsi
Seat 2: wiley2025 folded before Flop
Seat 3: skars07 (button) collected ($3.50)
Seat 4: XneferX (small blind) folded before Flop
Seat 5: z00mba (big blind) folded before Flop



PokerStars Hand #254681599321:  Hold'em No Limit ($0.50/$1.00 USD) - 2025/02/02 1:51:59 WET [2025/02/02 20:51:59 ET]
Table 'Watsonia' 6-max Seat #3 is the button
Seat 1: Joe_Carlos ($123.50 in chips) is sitting out
Seat 2: wiley2025 ($38.30 in chips) 
Seat 3: skars07 ($100 in chips) 
Seat 4: XneferX ($103.42 in chips) 
Seat 5: z00mba ($100 in chips) 
Seat 6: Tibibacsi ($104 in chips) 
XneferX: posts small blind $0.50
z00mba: posts big blind $1
*** HOLE CARDS ***
Tibibacsi: folds 
wiley2025: folds 
skars07: raises $1.50 to $2.50
XneferX: folds 
z00mba: calls $1.50
*** FLOP *** [4d 9h 2s]
z00mba: checks 
skars07: bets $2.61
z00mba: calls $2.61
*** TURN *** [4d 9h 2s] [5s]
z00mba: checks 
skars07: checks 
*** RIVER *** [4d 9h 2s 5s] [Qs]
z00mba: checks 
skars07: checks 
*** SHOW DOWN ***
z00mba: shows [9c 8c] (a pair of Nines)
skars07: mucks hand 
z00mba collected $10.18 from pot
*** SUMMARY ***
Total pot $10.72 | Rake $0.54 
Board [4d 9h 2s 5s Qs]
Seat 1: Joe_Carlos
Seat 2: wiley2025 folded before Flop (didn't bet)
Seat 3: skars07 (button) mucked
Seat 4: XneferX (small blind) folded before Flop
Seat 5: z00mba (big blind) showed [9c 8c] and won ($10.18) with a pair of Nines
Seat 6: Tibibacsi folded before Flop (didn't bet)



PokerStars Hand #254681608396:  Hold'em No Limit ($0.50/$1.00 USD) - 2025/02/02 1:52:54 WET [2025/02/02 20:52:54 ET]
Table 'Watsonia' 6-max Seat #4 is the button
Seat 1: Joe_Carlos ($123.50 in chips) is sitting out
Seat 2: wiley2025 ($38.30 in chips) 
Seat 3: skars07 ($100 in chips) 
Seat 4: XneferX ($102.92 in chips) 
Seat 5: z00mba ($105.07 in chips) 
Seat 6: Tibibacsi ($104 in chips) 
z00mba: posts small blind $0.50
Tibibacsi: posts big blind $1
*** HOLE CARDS ***
wiley2025: raises $1 to $2
skars07: folds 
XneferX: folds 
z00mba: folds 
Tibibacsi: folds 
Uncalled bet ($1) returned to wiley2025
wiley2025 collected $2.50 from pot
*** SUMMARY ***
Total pot $2.50 | Rake $0 
Seat 1: Joe_Carlos
Seat 2: wiley2025 collected ($2.50)
Seat 3: skars07 folded before Flop (didn't bet)
Seat 4: XneferX (button) folded before Flop (didn't bet)
Seat 5: z00mba (small blind) folded before Flop
Seat 6: Tibibacsi (big blind) folded before Flop



PokerStars Hand #254681611093:  Hold'em No Limit ($0.50/$1.00 USD) - 2025/02/02 1:53:11 WET [2025/02/02 20:53:11 ET]
Table 'Watsonia' 6-max Seat #5 is the button
Seat 1: Joe_Carlos ($123.50 in chips) is sitting out
Seat 2: wiley2025 ($39.80 in chips) 
Seat 3: skars07 ($100 in chips) 
Seat 4: XneferX ($102.92 in chips) 
Seat 5: z00mba ($104.57 in chips) 
Seat 6: Tibibacsi ($103 in chips) 
Tibibacsi: posts small blind $0.50
wiley2025: posts big blind $1
*** HOLE CARDS ***
skars07: folds 
XneferX: folds 
z00mba: folds 
Tibibacsi: raises $2 to $3
wiley2025: calls $2
*** FLOP *** [Tc 8s 3s]
Tibibacsi: bets $1.43
wiley2025: raises $1.43 to $2.86
Tibibacsi: calls $1.43
*** TURN *** [Tc 8s 3s] [Qc]
Tibibacsi: checks 
wiley2025: checks 
*** RIVER *** [Tc 8s 3s Qc] [9s]
Tibibacsi: bets $11
wiley2025: folds 
Uncalled bet ($11) returned to Tibibacsi
Tibibacsi collected $11.13 from pot
Tibibacsi: doesn't show hand 
*** SUMMARY ***
Total pot $11.72 | Rake $0.59 
Board [Tc 8s 3s Qc 9s]
Seat 1: Joe_Carlos
Seat 2: wiley2025 (big blind) folded on the River
Seat 3: skars07 folded before Flop (didn't bet)
Seat 4: XneferX folded before Flop (didn't bet)
Seat 5: z00mba (button) folded before Flop (didn't bet)
Seat 6: Tibibacsi (small blind) collected ($11.13)



PokerStars Hand #254681620919:  Hold'em No Limit ($0.50/$1.00 USD) - 2025/02/02 1:54:11 WET [2025/02/02 20:54:11 ET]
Table 'Watsonia' 6-max Seat #6 is the button
Seat 1: Joe_Carlos ($123.50 in chips) is sitting out
Seat 2: wiley2025 ($33.94 in chips) 
Seat 3: skars07 ($100 in chips) 
Seat 4: XneferX ($102.92 in chips) 
Seat 5: z00mba ($104.57 in chips) 
Seat 6: Tibibacsi ($108.27 in chips) 
wiley2025: posts small blind $0.50
skars07: posts big blind $1
*** HOLE CARDS ***
XneferX: folds 
z00mba: folds 
Tibibacsi: raises $1.50 to $2.50
wiley2025: folds 
skars07: folds 
Uncalled bet ($1.50) returned to Tibibacsi
Tibibacsi collected $2.50 from pot
Tibibacsi: doesn't show hand 
*** SUMMARY ***
Total pot $2.50 | Rake $0 
Seat 1: Joe_Carlos
Seat 2: wiley2025 (small blind) folded before Flop
Seat 3: skars07 (big blind) folded before Flop
Seat 4: XneferX folded before Flop (didn't bet)
Seat 5: z00mba folded before Flop (didn't bet)
Seat 6: Tibibacsi (button) collected ($2.50)



PokerStars Hand #254681623025:  Hold'em No Limit ($0.50/$1.00 USD) - 2025/02/02 1:54:24 WET [2025/02/02 20:54:24 ET]
Table 'Watsonia' 6-max Seat #2 is the button
Seat 1: Joe_Carlos ($123.50 in chips) is sitting out
Seat 2: wiley2025 ($33.44 in chips) 
Seat 3: skars07 ($100 in chips) 
Seat 4: XneferX ($102.92 in chips) 
Seat 5: z00mba ($104.57 in chips) 
Seat 6: Tibibacsi ($109.77 in chips) 
skars07: posts small blind $0.50
XneferX: posts big blind $1
*** HOLE CARDS ***
z00mba: folds 
Tibibacsi: folds 
wiley2025: folds 
skars07: folds 
Uncalled bet ($0.50) returned to XneferX
XneferX collected $1 from pot
XneferX: doesn't show hand 
*** SUMMARY ***
Total pot $1 | Rake $0 
Seat 1: Joe_Carlos
Seat 2: wiley2025 (button) folded before Flop (didn't bet)
Seat 3: skars07 (small blind) folded before Flop
Seat 4: XneferX (big blind) collected ($1)
Seat 5: z00mba folded before Flop (didn't bet)
Seat 6: Tibibacsi folded before Flop (didn't bet)



PokerStars Hand #254681624969:  Hold'em No Limit ($0.50/$1.00 USD) - 2025/02/02 1:54:36 WET [2025/02/02 20:54:36 ET]
Table 'Watsonia' 6-max Seat #3 is the button
Seat 1: Joe_Carlos ($123.50 in chips) is sitting out
Seat 2: wiley2025 ($33.44 in chips) 
Seat 3: skars07 ($100 in chips) 
Seat 4: XneferX ($103.42 in chips) 
Seat 5: z00mba ($104.57 in chips) 
Seat 6: Tibibacsi ($109.77 in chips) 
XneferX: posts small blind $0.50
z00mba: posts big blind $1
*** HOLE CARDS ***
Tibibacsi: folds 
wiley2025: raises $1 to $2
skars07: folds 
XneferX: raises $9 to $11
z00mba: folds 
wiley2025: folds 
Uncalled bet ($9) returned to XneferX
XneferX collected $5 from pot
XneferX: doesn't show hand 
*** SUMMARY ***
Total pot $5 | Rake $0 
Seat 1: Joe_Carlos
Seat 2: wiley2025 folded before Flop
Seat 3: skars07 (button) folded before Flop (didn't bet)
Seat 4: XneferX (small blind) collected ($5)
Seat 5: z00mba (big blind) folded before Flop
Seat 6: Tibibacsi folded before Flop (didn't bet)



PokerStars Hand #254681629521:  Hold'em No Limit ($0.50/$1.00 USD) - 2025/02/02 1:55:04 WET [2025/02/02 20:55:04 ET]
Table 'Watsonia' 6-max Seat #4 is the button
Seat 1: Joe_Carlos ($123.50 in chips) is sitting out
Seat 2: wiley2025 ($31.44 in chips) 
Seat 3: skars07 ($100 in chips) 
Seat 4: XneferX ($106.42 in chips) 
Seat 5: z00mba ($103.57 in chips) 
Seat 6: Tibibacsi ($109.77 in chips) 
z00mba: posts small blind $0.50
Tibibacsi: posts big blind $1
*** HOLE CARDS ***
wiley2025: folds 
skars07: folds 
XneferX: folds 
z00mba: raises $2 to $3
Tibibacsi: calls $2
*** FLOP *** [4h Qs 7d]
z00mba: checks 
Tibibacsi: checks 
*** TURN *** [4h Qs 7d] [Kh]
z00mba: checks 
Tibibacsi: checks 
*** RIVER *** [4h Qs 7d Kh] [4c]
z00mba: bets $2.79
Tibibacsi: folds 
Uncalled bet ($2.79) returned to z00mba
z00mba collected $5.70 from pot
z00mba: doesn't show hand 
*** SUMMARY ***
Total pot $6 | Rake $0.30 
Board [4h Qs 7d Kh 4c]
Seat 1: Joe_Carlos
Seat 2: wiley2025 folded before Flop (didn't bet)
Seat 3: skars07 folded before Flop (didn't bet)
Seat 4: XneferX (button) folded before Flop (didn't bet)
Seat 5: z00mba (small blind) collected ($5.70)
Seat 6: Tibibacsi (big blind) folded on the River



PokerStars Hand #254681638939:  Hold'em No Limit ($0.50/$1.00 USD) - 2025/02/02 1:56:17 WET [2025/02/02 20:56:17 ET]
Table 'Watsonia' 6-max Seat #5 is the button
Seat 1: Joe_Carlos ($123.50 in chips) is sitting out
Seat 2: wiley2025 ($31.44 in chips) 
Seat 3: skars07 ($100 in chips) 
Seat 4: XneferX ($106.42 in chips) 
Seat 5: z00mba ($106.27 in chips) 
Seat 6: Tibibacsi ($106.77 in chips) 
Tibibacsi: posts small blind $0.50
wiley2025: posts big blind $1
*** HOLE CARDS ***
skars07: folds 
XneferX: raises $1.30 to $2.30
z00mba: folds 
Tibibacsi: folds 
wiley2025: calls $1.30
*** FLOP *** [6d 5h 3h]
wiley2025: checks 
XneferX: checks 
*** TURN *** [6d 5h 3h] [3c]
wiley2025: checks 
XneferX: checks 
*** RIVER *** [6d 5h 3h 3c] [3s]
wiley2025: checks 
XneferX: checks 
*** SHOW DOWN ***
wiley2025: shows [Js 2s] (three of a kind, Threes)
XneferX: shows [Qs Td] (three of a kind, Threes - Queen kicker)
XneferX collected $4.84 from pot
*** SUMMARY ***
Total pot $5.10 | Rake $0.26 
Board [6d 5h 3h 3c 3s]
Seat 1: Joe_Carlos
Seat 2: wiley2025 (big blind) showed [Js 2s] and lost with three of a kind, Threes
Seat 3: skars07 folded before Flop (didn't bet)
Seat 4: XneferX showed [Qs Td] and won ($4.84) with three of a kind, Threes
Seat 5: z00mba (button) folded before Flop (didn't bet)
Seat 6: Tibibacsi (small blind) folded before Flop



PokerStars Hand #254681645984:  Hold'em No Limit ($0.50/$1.00 USD) - 2025/02/02 1:57:14 WET [2025/02/02 20:57:14 ET]
Table 'Watsonia' 6-max Seat #6 is the button
Seat 1: Joe_Carlos ($123.50 in chips) is sitting out
Seat 2: wiley2025 ($29.14 in chips) 
Seat 3: skars07 ($100 in chips) 
Seat 4: XneferX ($108.96 in chips) 
Seat 5: z00mba ($106.27 in chips) 
Seat 6: Tibibacsi ($106.27 in chips) 
wiley2025: posts small blind $0.50
skars07: posts big blind $1
*** HOLE CARDS ***
XneferX: folds 
z00mba: folds 
Tibibacsi: folds 
wiley2025: folds 
Uncalled bet ($0.50) returned to skars07
skars07 collected $1 from pot
skars07: doesn't show hand 
*** SUMMARY ***
Total pot $1 | Rake $0 
Seat 1: Joe_Carlos
Seat 2: wiley2025 (small blind) folded before Flop
Seat 3: skars07 (big blind) collected ($1)
Seat 4: XneferX folded before Flop (didn't bet)
Seat 5: z00mba folded before Flop (didn't bet)
Seat 6: Tibibacsi (button) folded before Flop (didn't bet)



PokerStars Hand #254681646990:  Hold'em No Limit ($0.50/$1.00 USD) - 2025/02/02 1:57:22 WET [2025/02/02 20:57:22 ET]
Table 'Watsonia' 6-max Seat #2 is the button
Seat 1: Joe_Carlos ($123.50 in chips) is sitting out
Seat 2: wiley2025 ($28.64 in chips) 
Seat 3: skars07 ($100.50 in chips) 
Seat 4: XneferX ($108.96 in chips) 
Seat 5: z00mba ($106.27 in chips) 
Seat 6: Tibibacsi ($106.27 in chips) 
skars07: posts small blind $0.50
XneferX: posts big blind $1
*** HOLE CARDS ***
z00mba: folds 
Tibibacsi: folds 
wiley2025: raises $1 to $2
skars07: folds 
XneferX: folds 
Uncalled bet ($1) returned to wiley2025
wiley2025 collected $2.50 from pot
*** SUMMARY ***
Total pot $2.50 | Rake $0 
Seat 1: Joe_Carlos
Seat 2: wiley2025 (button) collected ($2.50)
Seat 3: skars07 (small blind) folded before Flop
Seat 4: XneferX (big blind) folded before Flop
Seat 5: z00mba folded before Flop (didn't bet)
Seat 6: Tibibacsi folded before Flop (didn't bet)



PokerStars Hand #254681649166:  Hold'em No Limit ($0.50/$1.00 USD) - 2025/02/02 1:57:40 WET [2025/02/02 20:57:40 ET]
Table 'Watsonia' 6-max Seat #3 is the button
Seat 1: Joe_Carlos ($123.50 in chips) is sitting out
Seat 2: wiley2025 ($30.14 in chips) 
Seat 3: skars07 ($100 in chips) 
Seat 4: XneferX ($107.96 in chips) 
Seat 5: z00mba ($106.27 in chips) 
Seat 6: Tibibacsi ($106.27 in chips) 
XneferX: posts small blind $0.50
z00mba: posts big blind $1
*** HOLE CARDS ***
Tibibacsi: folds 
wiley2025: folds 
skars07: folds 
XneferX: raises $2 to $3
z00mba: calls $2
*** FLOP *** [Ks 5d 4s]
XneferX: bets $1.94
z00mba: folds 
Uncalled bet ($1.94) returned to XneferX
XneferX collected $5.70 from pot
XneferX: doesn't show hand 
*** SUMMARY ***
Total pot $6 | Rake $0.30 
Board [Ks 5d 4s]
Seat 1: Joe_Carlos
Seat 2: wiley2025 folded before Flop (didn't bet)
Seat 3: skars07 (button) folded before Flop (didn't bet)
Seat 4: XneferX (small blind) collected ($5.70)
Seat 5: z00mba (big blind) folded on the Flop
Seat 6: Tibibacsi folded before Flop (didn't bet)



PokerStars Hand #254681653776:  Hold'em No Limit ($0.50/$1.00 USD) - 2025/02/02 1:58:17 WET [2025/02/02 20:58:17 ET]
Table 'Watsonia' 6-max Seat #4 is the button
Seat 1: Joe_Carlos ($123.50 in chips) is sitting out
Seat 2: wiley2025 ($30.14 in chips) 
Seat 3: skars07 ($100 in chips) 
Seat 4: XneferX ($110.66 in chips) 
Seat 5: z00mba ($103.27 in chips) 
Seat 6: Tibibacsi ($106.27 in chips) 
z00mba: posts small blind $0.50
Tibibacsi: posts big blind $1
*** HOLE CARDS ***
wiley2025: folds 
skars07: folds 
XneferX: folds 
z00mba: folds 
Uncalled bet ($0.50) returned to Tibibacsi
Tibibacsi collected $1 from pot
Tibibacsi: doesn't show hand 
*** SUMMARY ***
Total pot $1 | Rake $0 
Seat 1: Joe_Carlos
Seat 2: wiley2025 folded before Flop (didn't bet)
Seat 3: skars07 folded before Flop (didn't bet)
Seat 4: XneferX (button) folded before Flop (didn't bet)
Seat 5: z00mba (small blind) folded before Flop
Seat 6: Tibibacsi (big blind) collected ($1)



PokerStars Hand #254681656382:  Hold'em No Limit ($0.50/$1.00 USD) - 2025/02/02 1:58:38 WET [2025/02/02 20:58:38 ET]
Table 'Watsonia' 6-max Seat #5 is the button
Seat 1: Joe_Carlos ($123.50 in chips) is sitting out
Seat 2: wiley2025 ($30.14 in chips) 
Seat 3: skars07 ($100 in chips) 
Seat 4: XneferX ($110.66 in chips) 
Seat 5: z00mba ($102.77 in chips) 
Seat 6: Tibibacsi ($106.77 in chips) 
Tibibacsi: posts small blind $0.50
wiley2025: posts big blind $1
*** HOLE CARDS ***
skars07: folds 
XneferX: folds 
Joe_Carlos is disconnected 
z00mba: folds 
Tibibacsi: raises $1 to $2
wiley2025: folds 
Uncalled bet ($1) returned to Tibibacsi
Tibibacsi collected $2 from pot
Tibibacsi: doesn't show hand 
*** SUMMARY ***
Total pot $2 | Rake $0 
Seat 1: Joe_Carlos
Seat 2: wiley2025 (big blind) folded before Flop
Seat 3: skars07 folded before Flop (didn't bet)
Seat 4: XneferX folded before Flop (didn't bet)
Seat 5: z00mba (button) folded before Flop (didn't bet)
Seat 6: Tibibacsi (small blind) collected ($2)



PokerStars Hand #254681659521:  Hold'em No Limit ($0.50/$1.00 USD) - 2025/02/02 1:59:03 WET [2025/02/02 20:59:03 ET]
Table 'Watsonia' 6-max Seat #6 is the button
Seat 1: Joe_Carlos ($123.50 in chips) is sitting out
Seat 2: wiley2025 ($29.14 in chips) 
Seat 3: skars07 ($100 in chips) 
Seat 4: XneferX ($110.66 in chips) 
Seat 5: z00mba ($102.77 in chips) 
Seat 6: Tibibacsi ($107.77 in chips) 
wiley2025: posts small blind $0.50
skars07: posts big blind $1
*** HOLE CARDS ***
XneferX: folds 
z00mba: folds 
Tibibacsi: raises $1.50 to $2.50
wiley2025: calls $2
skars07: folds 
*** FLOP *** [5c 4s 6s]
wiley2025: checks 
Tibibacsi: checks 
*** TURN *** [5c 4s 6s] [8s]
wiley2025: bets $2.85
Tibibacsi: folds 
Uncalled bet ($2.85) returned to wiley2025
wiley2025 collected $5.70 from pot
*** SUMMARY ***
Total pot $6 | Rake $0.30 
Board [5c 4s 6s 8s]
Seat 1: Joe_Carlos
Seat 2: wiley2025 (small blind) collected ($5.70)
Seat 3: skars07 (big blind) folded before Flop
Seat 4: XneferX folded before Flop (didn't bet)
Seat 5: z00mba folded before Flop (didn't bet)
Seat 6: Tibibacsi (button) folded on the Turn



PokerStars Hand #254681664552:  Hold'em No Limit ($0.50/$1.00 USD) - 2025/02/02 1:59:44 WET [2025/02/02 20:59:44 ET]
Table 'Watsonia' 6-max Seat #2 is the button
Seat 1: Joe_Carlos ($123.50 in chips) is sitting out
Seat 2: wiley2025 ($32.34 in chips) 
Seat 3: skars07 ($100 in chips) 
Seat 4: XneferX ($110.66 in chips) 
Seat 5: z00mba ($102.77 in chips) 
Seat 6: Tibibacsi ($105.27 in chips) 
skars07: posts small blind $0.50
XneferX: posts big blind $1
Joe_Carlos: sits out 
*** HOLE CARDS ***
z00mba: folds 
Tibibacsi: folds 
wiley2025: folds 
skars07: folds 
Uncalled bet ($0.50) returned to XneferX
XneferX collected $1 from pot
XneferX: doesn't show hand 
*** SUMMARY ***
Total pot $1 | Rake $0 
Seat 1: Joe_Carlos
Seat 2: wiley2025 (button) folded before Flop (didn't bet)
Seat 3: skars07 (small blind) folded before Flop
Seat 4: XneferX (big blind) collected ($1)
Seat 5: z00mba folded before Flop (didn't bet)
Seat 6: Tibibacsi folded before Flop (didn't bet)



PokerStars Hand #254681665925:  Hold'em No Limit ($0.50/$1.00 USD) - 2025/02/02 1:59:54 WET [2025/02/02 20:59:54 ET]
Table 'Watsonia' 6-max Seat #3 is the button
Seat 1: Joe_Carlos ($123.50 in chips) is sitting out
Seat 2: wiley2025 ($32.34 in chips) 
Seat 3: skars07 ($100 in chips) 
Seat 4: XneferX ($111.16 in chips) 
Seat 5: z00mba ($102.77 in chips) 
Seat 6: Tibibacsi ($105.27 in chips) 
XneferX: posts small blind $0.50
z00mba: posts big blind $1
Joe_Carlos: sits out 
*** HOLE CARDS ***
Tibibacsi: folds 
wiley2025: raises $1 to $2
skars07: folds 
XneferX: folds 
z00mba: calls $1
*** FLOP *** [3s As Kd]
z00mba: checks 
wiley2025: bets $1
z00mba: folds 
Uncalled bet ($1) returned to wiley2025
wiley2025 collected $4.28 from pot
*** SUMMARY ***
Total pot $4.50 | Rake $0.22 
Board [3s As Kd]
Seat 1: Joe_Carlos
Seat 2: wiley2025 collected ($4.28)
Seat 3: skars07 (button) folded before Flop (didn't bet)
Seat 4: XneferX (small blind) folded before Flop
Seat 5: z00mba (big blind) folded on the Flop
Seat 6: Tibibacsi folded before Flop (didn't bet)



PokerStars Hand #254681673178:  Hold'em No Limit ($0.50/$1.00 USD) - 2025/02/02 2:00:49 WET [2025/02/02 21:00:49 ET]
Table 'Watsonia' 6-max Seat #4 is the button
Seat 1: Joe_Carlos ($123.50 in chips) is sitting out
Seat 2: wiley2025 ($34.62 in chips) 
Seat 3: skars07 ($100 in chips) 
Seat 4: XneferX ($110.66 in chips) 
Seat 5: z00mba ($100.77 in chips) 
Seat 6: Tibibacsi ($105.27 in chips) 
z00mba: posts small blind $0.50
Tibibacsi: posts big blind $1
Joe_Carlos: sits out 
*** HOLE CARDS ***
wiley2025: folds 
skars07: raises $1.50 to $2.50
XneferX: folds 
Joe_Carlos is disconnected 
z00mba: folds 
Tibibacsi: calls $1.50
*** FLOP *** [4h Th 4c]
Tibibacsi: checks 
skars07: checks 
*** TURN *** [4h Th 4c] [Ac]
Tibibacsi: bets $1.72
skars07: folds 
Uncalled bet ($1.72) returned to Tibibacsi
Tibibacsi collected $5.22 from pot
Tibibacsi: doesn't show hand 
*** SUMMARY ***
Total pot $5.50 | Rake $0.28 
Board [4h Th 4c Ac]
Seat 1: Joe_Carlos
Seat 2: wiley2025 folded before Flop (didn't bet)
Seat 3: skars07 folded on the Turn
Seat 4: XneferX (button) folded before Flop (didn't bet)
Seat 5: z00mba (small blind) folded before Flop
Seat 6: Tibibacsi (big blind) collected ($5.22)



PokerStars Hand #254681684804:  Hold'em No Limit ($0.50/$1.00 USD) - 2025/02/02 2:02:04 WET [2025/02/02 21:02:04 ET]
Table 'Watsonia' 6-max Seat #5 is the button
Seat 1: Joe_Carlos ($123.50 in chips) 
Seat 2: wiley2025 ($34.62 in chips) 
Seat 3: skars07 ($100 in chips) 
Seat 4: XneferX ($110.66 in chips) 
Seat 5: z00mba ($100.27 in chips) 
Seat 6: Tibibacsi ($107.99 in chips) 
Tibibacsi: posts small blind $0.50
Joe_Carlos: posts big blind $1
*** HOLE CARDS ***
wiley2025: calls $1
skars07: raises $3 to $4
XneferX: folds 
z00mba: folds 
Tibibacsi: folds 
Joe_Carlos: folds 
wiley2025: folds 
Uncalled bet ($3) returned to skars07
skars07 collected $3.50 from pot
skars07: doesn't show hand 
*** SUMMARY ***
Total pot $3.50 | Rake $0 
Seat 1: Joe_Carlos (big blind) folded before Flop
Seat 2: wiley2025 folded before Flop
Seat 3: skars07 collected ($3.50)
Seat 4: XneferX folded before Flop (didn't bet)
Seat 5: z00mba (button) folded before Flop (didn't bet)
Seat 6: Tibibacsi (small blind) folded before Flop



PokerStars Hand #254681689496:  Hold'em No Limit ($0.50/$1.00 USD) - 2025/02/02 2:02:33 WET [2025/02/02 21:02:33 ET]
Table 'Watsonia' 6-max Seat #6 is the button
Seat 1: Joe_Carlos ($122.50 in chips) 
Seat 2: wiley2025 ($33.62 in chips) 
Seat 3: skars07 ($102.50 in chips) 
Seat 4: XneferX ($110.66 in chips) 
Seat 5: z00mba ($100.27 in chips) 
Seat 6: Tibibacsi ($107.49 in chips) 
Joe_Carlos: posts small blind $0.50
wiley2025: posts big blind $1
*** HOLE CARDS ***
skars07: folds 
XneferX: raises $1.10 to $2.10
z00mba: folds 
Tibibacsi: folds 
Joe_Carlos: folds 
wiley2025: calls $1.10
*** FLOP *** [Ad 9c Kh]
Joe_Carlos leaves the table
shootingGRID joins the table at seat #1 
wiley2025: checks 
XneferX: bets $2.99
wiley2025: folds 
Uncalled bet ($2.99) returned to XneferX
XneferX collected $4.46 from pot
XneferX: doesn't show hand 
*** SUMMARY ***
Total pot $4.70 | Rake $0.24 
Board [Ad 9c Kh]
Seat 1: Joe_Carlos (small blind) folded before Flop
Seat 2: wiley2025 (big blind) folded on the Flop
Seat 3: skars07 folded before Flop (didn't bet)
Seat 4: XneferX collected ($4.46)
Seat 5: z00mba folded before Flop (didn't bet)
Seat 6: Tibibacsi (button) folded before Flop (didn't bet)



PokerStars Hand #254681695700:  Hold'em No Limit ($0.50/$1.00 USD) - 2025/02/02 2:03:12 WET [2025/02/02 21:03:12 ET]
Table 'Watsonia' 6-max Seat #2 is the button
Seat 1: shootingGRID ($100 in chips) is sitting out
Seat 2: wiley2025 ($31.52 in chips) 
Seat 3: skars07 ($102.50 in chips) 
Seat 4: XneferX ($113.02 in chips) 
Seat 5: z00mba ($100.27 in chips) 
Seat 6: Tibibacsi ($107.49 in chips) 
skars07: posts small blind $0.50
XneferX: posts big blind $1
shootingGRID: sits out 
*** HOLE CARDS ***
z00mba: folds 
Tibibacsi: folds 
wiley2025: folds 
skars07: folds 
Uncalled bet ($0.50) returned to XneferX
XneferX collected $1 from pot
XneferX: doesn't show hand 
*** SUMMARY ***
Total pot $1 | Rake $0 
Seat 1: shootingGRID
Seat 2: wiley2025 (button) folded before Flop (didn't bet)
Seat 3: skars07 (small blind) folded before Flop
Seat 4: XneferX (big blind) collected ($1)
Seat 5: z00mba folded before Flop (didn't bet)
Seat 6: Tibibacsi folded before Flop (didn't bet)



PokerStars Hand #254681698679:  Hold'em No Limit ($0.50/$1.00 USD) - 2025/02/02 2:03:30 WET [2025/02/02 21:03:30 ET]
Table 'Watsonia' 6-max Seat #3 is the button
Seat 1: shootingGRID ($100 in chips) is sitting out
Seat 2: wiley2025 ($31.52 in chips) 
Seat 3: skars07 ($102 in chips) 
Seat 4: XneferX ($113.52 in chips) 
Seat 5: z00mba ($100.27 in chips) 
Seat 6: Tibibacsi ($107.49 in chips) 
XneferX: posts small blind $0.50
z00mba: posts big blind $1
shootingGRID: sits out 
*** HOLE CARDS ***
Tibibacsi: folds 
wiley2025: raises $1 to $2
skars07: folds 
XneferX: folds 
z00mba: folds 
Uncalled bet ($1) returned to wiley2025
wiley2025 collected $2.50 from pot
*** SUMMARY ***
Total pot $2.50 | Rake $0 
Seat 1: shootingGRID
Seat 2: wiley2025 collected ($2.50)
Seat 3: skars07 (button) folded before Flop (didn't bet)
Seat 4: XneferX (small blind) folded before Flop
Seat 5: z00mba (big blind) folded before Flop
Seat 6: Tibibacsi folded before Flop (didn't bet)



PokerStars Hand #254681703448:  Hold'em No Limit ($0.50/$1.00 USD) - 2025/02/02 2:04:00 WET [2025/02/02 21:04:00 ET]
Table 'Watsonia' 6-max Seat #4 is the button
Seat 1: shootingGRID ($100 in chips) is sitting out
Seat 2: wiley2025 ($33.02 in chips) 
Seat 3: skars07 ($102 in chips) 
Seat 4: XneferX ($113.02 in chips) 
Seat 5: z00mba ($100 in chips) 
Seat 6: Tibibacsi ($107.49 in chips) 
z00mba: posts small blind $0.50
Tibibacsi: posts big blind $1
shootingGRID: sits out 
*** HOLE CARDS ***
wiley2025: calls $1
skars07: folds 
XneferX: raises $3 to $4
z00mba: folds 
Tibibacsi: folds 
wiley2025: folds 
Uncalled bet ($3) returned to XneferX
XneferX collected $3.50 from pot
XneferX: doesn't show hand 
*** SUMMARY ***
Total pot $3.50 | Rake $0 
Seat 1: shootingGRID
Seat 2: wiley2025 folded before Flop
Seat 3: skars07 folded before Flop (didn't bet)
Seat 4: XneferX (button) collected ($3.50)
Seat 5: z00mba (small blind) folded before Flop
Seat 6: Tibibacsi (big blind) folded before Flop



PokerStars Hand #254681707167:  Hold'em No Limit ($0.50/$1.00 USD) - 2025/02/02 2:04:24 WET [2025/02/02 21:04:24 ET]
Table 'Watsonia' 6-max Seat #5 is the button
Seat 1: shootingGRID ($100 in chips) 
Seat 2: wiley2025 ($32.02 in chips) 
Seat 3: skars07 ($102 in chips) 
Seat 4: XneferX ($115.52 in chips) 
Seat 5: z00mba ($100 in chips) 
Seat 6: Tibibacsi ($106.49 in chips) 
Tibibacsi: posts small blind $0.50
shootingGRID: posts big blind $1
*** HOLE CARDS ***
wiley2025: folds 
skars07: folds 
XneferX: folds 
z00mba: folds 
Tibibacsi: raises $2 to $3
shootingGRID: folds 
Uncalled bet ($2) returned to Tibibacsi
Tibibacsi collected $2 from pot
Tibibacsi: doesn't show hand 
*** SUMMARY ***
Total pot $2 | Rake $0 
Seat 1: shootingGRID (big blind) folded before Flop
Seat 2: wiley2025 folded before Flop (didn't bet)
Seat 3: skars07 folded before Flop (didn't bet)
Seat 4: XneferX folded before Flop (didn't bet)
Seat 5: z00mba (button) folded before Flop (didn't bet)
Seat 6: Tibibacsi (small blind) collected ($2)



PokerStars Hand #254681711039:  Hold'em No Limit ($0.50/$1.00 USD) - 2025/02/02 2:04:48 WET [2025/02/02 21:04:48 ET]
Table 'Watsonia' 6-max Seat #6 is the button
Seat 1: shootingGRID ($100 in chips) 
Seat 2: wiley2025 ($32.02 in chips) 
Seat 3: skars07 ($102 in chips) 
Seat 4: XneferX ($115.52 in chips) 
Seat 5: z00mba ($100 in chips) 
Seat 6: Tibibacsi ($107.49 in chips) 
shootingGRID: posts small blind $0.50
wiley2025: posts big blind $1
*** HOLE CARDS ***
skars07: folds 
XneferX: folds 
z00mba: folds 
Tibibacsi: raises $1.50 to $2.50
shootingGRID: folds 
wiley2025: calls $1.50
*** FLOP *** [Kd Ac 5c]
wiley2025: checks 
Tibibacsi: bets $1.72
wiley2025: folds 
Uncalled bet ($1.72) returned to Tibibacsi
Tibibacsi collected $5.22 from pot
Tibibacsi: doesn't show hand 
*** SUMMARY ***
Total pot $5.50 | Rake $0.28 
Board [Kd Ac 5c]
Seat 1: shootingGRID (small blind) folded before Flop
Seat 2: wiley2025 (big blind) folded on the Flop
Seat 3: skars07 folded before Flop (didn't bet)
Seat 4: XneferX folded before Flop (didn't bet)
Seat 5: z00mba folded before Flop (didn't bet)
Seat 6: Tibibacsi (button) collected ($5.22)



PokerStars Hand #254681718203:  Hold'em No Limit ($0.50/$1.00 USD) - 2025/02/02 2:05:34 WET [2025/02/02 21:05:34 ET]
Table 'Watsonia' 6-max Seat #1 is the button
Seat 1: shootingGRID ($100 in chips) 
Seat 2: wiley2025 ($29.52 in chips) 
Seat 3: skars07 ($102 in chips) 
Seat 4: XneferX ($115.52 in chips) 
Seat 5: z00mba ($100 in chips) 
Seat 6: Tibibacsi ($110.21 in chips) 
wiley2025: posts small blind $0.50
skars07: posts big blind $1
*** HOLE CARDS ***
XneferX: folds 
z00mba: folds 
Tibibacsi: folds 
shootingGRID: raises $1.50 to $2.50
wiley2025: folds 
skars07: folds 
Uncalled bet ($1.50) returned to shootingGRID
shootingGRID collected $2.50 from pot
*** SUMMARY ***
Total pot $2.50 | Rake $0 
Seat 1: shootingGRID (button) collected ($2.50)
Seat 2: wiley2025 (small blind) folded before Flop
Seat 3: skars07 (big blind) folded before Flop
Seat 4: XneferX folded before Flop (didn't bet)
Seat 5: z00mba folded before Flop (didn't bet)
Seat 6: Tibibacsi folded before Flop (didn't bet)



PokerStars Hand #254681721419:  Hold'em No Limit ($0.50/$1.00 USD) - 2025/02/02 2:05:53 WET [2025/02/02 21:05:53 ET]
Table 'Watsonia' 6-max Seat #2 is the button
Seat 1: shootingGRID ($101.50 in chips) 
Seat 2: wiley2025 ($29.02 in chips) 
Seat 3: skars07 ($101 in chips) 
Seat 4: XneferX ($115.52 in chips) 
Seat 5: z00mba ($100 in chips) 
Seat 6: Tibibacsi ($110.21 in chips) 
skars07: posts small blind $0.50
XneferX: posts big blind $1
*** HOLE CARDS ***
z00mba: folds 
Tibibacsi: raises $1 to $2
shootingGRID: folds 
wiley2025: calls $2
skars07: folds 
XneferX: folds 
*** FLOP *** [Jh 3h 4c]
Tibibacsi: bets $1.72
wiley2025: calls $1.72
*** TURN *** [Jh 3h 4c] [6c]
Tibibacsi: bets $2.80
wiley2025: calls $2.80
*** RIVER *** [Jh 3h 4c 6c] [Ts]
Tibibacsi: checks 
wiley2025: checks 
*** SHOW DOWN ***
Tibibacsi: shows [Kh Qh] (high card King)
wiley2025: shows [5s 5h] (a pair of Fives)
wiley2025 collected $13.81 from pot
*** SUMMARY ***
Total pot $14.54 | Rake $0.73 
Board [Jh 3h 4c 6c Ts]
Seat 1: shootingGRID folded before Flop (didn't bet)
Seat 2: wiley2025 (button) showed [5s 5h] and won ($13.81) with a pair of Fives
Seat 3: skars07 (small blind) folded before Flop
Seat 4: XneferX (big blind) folded before Flop
Seat 5: z00mba folded before Flop (didn't bet)
Seat 6: Tibibacsi showed [Kh Qh] and lost with high card King



PokerStars Hand #254681727357:  Hold'em No Limit ($0.50/$1.00 USD) - 2025/02/02 2:06:31 WET [2025/02/02 21:06:31 ET]
Table 'Watsonia' 6-max Seat #3 is the button
Seat 1: shootingGRID ($101.50 in chips) 
Seat 2: wiley2025 ($36.31 in chips) 
Seat 3: skars07 ($100.50 in chips) 
Seat 4: XneferX ($114.52 in chips) 
Seat 5: z00mba ($100 in chips) 
Seat 6: Tibibacsi ($103.69 in chips) 
XneferX: posts small blind $0.50
z00mba: posts big blind $1
*** HOLE CARDS ***
Tibibacsi: folds 
shootingGRID: folds 
wiley2025: folds 
skars07: folds 
XneferX: folds 
Uncalled bet ($0.50) returned to z00mba
z00mba collected $1 from pot
z00mba: doesn't show hand 
*** SUMMARY ***
Total pot $1 | Rake $0 
Seat 1: shootingGRID folded before Flop (didn't bet)
Seat 2: wiley2025 folded before Flop (didn't bet)
Seat 3: skars07 (button) folded before Flop (didn't bet)
Seat 4: XneferX (small blind) folded before Flop
Seat 5: z00mba (big blind) collected ($1)
Seat 6: Tibibacsi folded before Flop (didn't bet)



PokerStars Hand #254681730654:  Hold'em No Limit ($0.50/$1.00 USD) - 2025/02/02 2:06:52 WET [2025/02/02 21:06:52 ET]
Table 'Watsonia' 6-max Seat #4 is the button
Seat 1: shootingGRID ($101.50 in chips) 
Seat 2: wiley2025 ($36.31 in chips) 
Seat 3: skars07 ($100.50 in chips) 
Seat 4: XneferX ($114.02 in chips) 
Seat 5: z00mba ($100.50 in chips) 
Seat 6: Tibibacsi ($103.69 in chips) 
z00mba: posts small blind $0.50
Tibibacsi: posts big blind $1
*** HOLE CARDS ***
shootingGRID: folds 
wiley2025: folds 
skars07: folds 
XneferX: raises $1.77 to $2.77
z00mba: folds 
Tibibacsi: calls $1.77
*** FLOP *** [Ks Js 4d]
Tibibacsi: checks 
XneferX: checks 
*** TURN *** [Ks Js 4d] [Qs]
Tibibacsi: checks 
XneferX: checks 
*** RIVER *** [Ks Js 4d Qs] [Td]
Tibibacsi: checks 
XneferX: checks 
*** SHOW DOWN ***
Tibibacsi: shows [7c 7s] (a pair of Sevens)
XneferX: shows [Qd 7d] (a pair of Queens)
XneferX collected $5.74 from pot
*** SUMMARY ***
Total pot $6.04 | Rake $0.30 
Board [Ks Js 4d Qs Td]
Seat 1: shootingGRID folded before Flop (didn't bet)
Seat 2: wiley2025 folded before Flop (didn't bet)
Seat 3: skars07 folded before Flop (didn't bet)
Seat 4: XneferX (button) showed [Qd 7d] and won ($5.74) with a pair of Queens
Seat 5: z00mba (small blind) folded before Flop
Seat 6: Tibibacsi (big blind) showed [7c 7s] and lost with a pair of Sevens



PokerStars Hand #254682242630:  Hold'em No Limit ($0.50/$1.00 USD) - 2025/02/02 2:08:07 WET [2025/02/02 21:08:07 ET]
Table 'Watsonia' 6-max Seat #5 is the button
Seat 1: shootingGRID ($101.50 in chips) 
Seat 2: wiley2025 ($36.31 in chips) 
Seat 3: skars07 ($100.50 in chips) 
Seat 4: XneferX ($116.99 in chips) 
Seat 5: z00mba ($100 in chips) 
Seat 6: Tibibacsi ($100.92 in chips) 
Tibibacsi: posts small blind $0.50
shootingGRID: posts big blind $1
*** HOLE CARDS ***
wiley2025: calls $1
skars07: folds 
XneferX: folds 
z00mba: folds 
Tibibacsi: raises $2.50 to $3.50
shootingGRID: raises $7 to $10.50
wiley2025: folds 
Tibibacsi: calls $7
*** FLOP *** [9s Kc Qh]
Tibibacsi: checks 
shootingGRID: checks 
*** TURN *** [9s Kc Qh] [8s]
Tibibacsi: checks 
shootingGRID: bets $6.90
Tibibacsi: calls $6.90
*** RIVER *** [9s Kc Qh 8s] [3h]
Tibibacsi: checks 
shootingGRID: checks 
*** SHOW DOWN ***
Tibibacsi: shows [Ts Qs] (a pair of Queens)
shootingGRID: shows [Qc Jc] (a pair of Queens - King+Jack kicker)
shootingGRID collected $34.01 from pot
*** SUMMARY ***
Total pot $35.80 | Rake $1.79 
Board [9s Kc Qh 8s 3h]
Seat 1: shootingGRID (big blind) showed [Qc Jc] and won ($34.01) with a pair of Queens
Seat 2: wiley2025 folded before Flop
Seat 3: skars07 folded before Flop (didn't bet)
Seat 4: XneferX folded before Flop (didn't bet)
Seat 5: z00mba (button) folded before Flop (didn't bet)
Seat 6: Tibibacsi (small blind) showed [Ts Qs] and lost with a pair of Queens



PokerStars Hand #254682260858:  Hold'em No Limit ($0.50/$1.00 USD) - 2025/02/02 2:10:03 WET [2025/02/02 21:10:03 ET]
Table 'Watsonia' 6-max Seat #6 is the button
Seat 1: shootingGRID ($118.11 in chips) 
Seat 2: wiley2025 ($35.31 in chips) 
Seat 3: skars07 ($100.50 in chips) 
Seat 4: XneferX ($116.99 in chips) 
Seat 5: z00mba ($100 in chips) 
Seat 6: Tibibacsi ($100 in chips) 
shootingGRID: posts small blind $0.50
wiley2025: posts big blind $1
*** HOLE CARDS ***
skars07: folds 
XneferX: folds 
z00mba: raises $1.50 to $2.50
Tibibacsi: folds 
shootingGRID: raises $9.50 to $12
wiley2025: folds 
z00mba: folds 
Uncalled bet ($9.50) returned to shootingGRID
shootingGRID collected $6 from pot
*** SUMMARY ***
Total pot $6 | Rake $0 
Seat 1: shootingGRID (small blind) collected ($6)
Seat 2: wiley2025 (big blind) folded before Flop
Seat 3: skars07 folded before Flop (didn't bet)
Seat 4: XneferX folded before Flop (didn't bet)
Seat 5: z00mba folded before Flop
Seat 6: Tibibacsi (button) folded before Flop (didn't bet)



PokerStars Hand #254682263658:  Hold'em No Limit ($0.50/$1.00 USD) - 2025/02/02 2:10:21 WET [2025/02/02 21:10:21 ET]
Table 'Watsonia' 6-max Seat #1 is the button
Seat 1: shootingGRID ($121.61 in chips) 
Seat 2: wiley2025 ($34.31 in chips) 
Seat 3: skars07 ($100.50 in chips) 
Seat 4: XneferX ($116.99 in chips) 
Seat 5: z00mba ($100 in chips) 
Seat 6: Tibibacsi ($100 in chips) 
wiley2025: posts small blind $0.50
skars07: posts big blind $1
*** HOLE CARDS ***
XneferX: folds 
z00mba: folds 
Tibibacsi: raises $1 to $2
shootingGRID: folds 
wiley2025: folds 
skars07: calls $1
*** FLOP *** [2h 3c 6h]
skars07: checks 
Tibibacsi: checks 
*** TURN *** [2h 3c 6h] [Qd]
skars07: checks 
Tibibacsi: bets $3.21
skars07: folds 
Uncalled bet ($3.21) returned to Tibibacsi
Tibibacsi collected $4.28 from pot
Tibibacsi: doesn't show hand 
*** SUMMARY ***
Total pot $4.50 | Rake $0.22 
Board [2h 3c 6h Qd]
Seat 1: shootingGRID (button) folded before Flop (didn't bet)
Seat 2: wiley2025 (small blind) folded before Flop
Seat 3: skars07 (big blind) folded on the Turn
Seat 4: XneferX folded before Flop (didn't bet)
Seat 5: z00mba folded before Flop (didn't bet)
Seat 6: Tibibacsi collected ($4.28)



PokerStars Hand #254682273802:  Hold'em No Limit ($0.50/$1.00 USD) - 2025/02/02 2:11:27 WET [2025/02/02 21:11:27 ET]
Table 'Watsonia' 6-max Seat #2 is the button
Seat 1: shootingGRID ($121.61 in chips) 
Seat 2: wiley2025 ($33.81 in chips) 
Seat 3: skars07 ($100 in chips) 
Seat 4: XneferX ($116.99 in chips) 
Seat 5: z00mba ($100 in chips) 
Seat 6: Tibibacsi ($102.28 in chips) 
skars07: posts small blind $0.50
XneferX: posts big blind $1
*** HOLE CARDS ***
z00mba: folds 
Tibibacsi: folds 
shootingGRID: folds 
wiley2025: folds 
skars07: folds 
Uncalled bet ($0.50) returned to XneferX
XneferX collected $1 from pot
XneferX: doesn't show hand 
*** SUMMARY ***
Total pot $1 | Rake $0 
Seat 1: shootingGRID folded before Flop (didn't bet)
Seat 2: wiley2025 (button) folded before Flop (didn't bet)
Seat 3: skars07 (small blind) folded before Flop
Seat 4: XneferX (big blind) collected ($1)
Seat 5: z00mba folded before Flop (didn't bet)
Seat 6: Tibibacsi folded before Flop (didn't bet)



PokerStars Hand #254682276054:  Hold'em No Limit ($0.50/$1.00 USD) - 2025/02/02 2:11:42 WET [2025/02/02 21:11:42 ET]
Table 'Watsonia' 6-max Seat #3 is the button
Seat 1: shootingGRID ($121.61 in chips) 
Seat 2: wiley2025 ($33.81 in chips) 
Seat 3: skars07 ($100 in chips) 
Seat 4: XneferX ($117.49 in chips) 
Seat 5: z00mba ($100 in chips) 
Seat 6: Tibibacsi ($102.28 in chips) 
XneferX: posts small blind $0.50
z00mba: posts big blind $1
*** HOLE CARDS ***
Tibibacsi: folds 
shootingGRID: folds 
wiley2025: folds 
skars07: folds 
XneferX: raises $2 to $3
z00mba: calls $2
*** FLOP *** [4h 6c 2s]
XneferX: checks 
z00mba: bets $2.79
XneferX: folds 
Uncalled bet ($2.79) returned to z00mba
z00mba collected $5.70 from pot
z00mba: doesn't show hand 
*** SUMMARY ***
Total pot $6 | Rake $0.30 
Board [4h 6c 2s]
Seat 1: shootingGRID folded before Flop (didn't bet)
Seat 2: wiley2025 folded before Flop (didn't bet)
Seat 3: skars07 (button) folded before Flop (didn't bet)
Seat 4: XneferX (small blind) folded on the Flop
Seat 5: z00mba (big blind) collected ($5.70)
Seat 6: Tibibacsi folded before Flop (didn't bet)



PokerStars Hand #254682285554:  Hold'em No Limit ($0.50/$1.00 USD) - 2025/02/02 2:12:44 WET [2025/02/02 21:12:44 ET]
Table 'Watsonia' 6-max Seat #4 is the button
Seat 1: shootingGRID ($121.61 in chips) 
Seat 2: wiley2025 ($33.81 in chips) 
Seat 3: skars07 ($100 in chips) 
Seat 4: XneferX ($114.49 in chips) 
Seat 5: z00mba ($102.70 in chips) 
Seat 6: Tibibacsi ($102.28 in chips) 
z00mba: posts small blind $0.50
Tibibacsi: posts big blind $1
*** HOLE CARDS ***
shootingGRID: folds 
wiley2025: folds 
skars07: folds 
XneferX: folds 
z00mba: folds 
Uncalled bet ($0.50) returned to Tibibacsi
Tibibacsi collected $1 from pot
Tibibacsi: doesn't show hand 
*** SUMMARY ***
Total pot $1 | Rake $0 
Seat 1: shootingGRID folded before Flop (didn't bet)
Seat 2: wiley2025 folded before Flop (didn't bet)
Seat 3: skars07 folded before Flop (didn't bet)
Seat 4: XneferX (button) folded before Flop (didn't bet)
Seat 5: z00mba (small blind) folded before Flop
Seat 6: Tibibacsi (big blind) collected ($1)



PokerStars Hand #254682287466:  Hold'em No Limit ($0.50/$1.00 USD) - 2025/02/02 2:12:56 WET [2025/02/02 21:12:56 ET]
Table 'Watsonia' 6-max Seat #5 is the button
Seat 1: shootingGRID ($121.61 in chips) 
Seat 2: wiley2025 ($33.81 in chips) 
Seat 3: skars07 ($100 in chips) 
Seat 4: XneferX ($114.49 in chips) 
Seat 5: z00mba ($102.20 in chips) 
Seat 6: Tibibacsi ($102.78 in chips) 
Tibibacsi: posts small blind $0.50
shootingGRID: posts big blind $1
*** HOLE CARDS ***
wiley2025: raises $1 to $2
skars07: folds 
XneferX: folds 
z00mba: folds 
Tibibacsi: folds 
shootingGRID: folds 
Uncalled bet ($1) returned to wiley2025
wiley2025 collected $2.50 from pot
*** SUMMARY ***
Total pot $2.50 | Rake $0 
Seat 1: shootingGRID (big blind) folded before Flop
Seat 2: wiley2025 collected ($2.50)
Seat 3: skars07 folded before Flop (didn't bet)
Seat 4: XneferX folded before Flop (didn't bet)
Seat 5: z00mba (button) folded before Flop (didn't bet)
Seat 6: Tibibacsi (small blind) folded before Flop



PokerStars Hand #254682290709:  Hold'em No Limit ($0.50/$1.00 USD) - 2025/02/02 2:13:18 WET [2025/02/02 21:13:18 ET]
Table 'Watsonia' 6-max Seat #6 is the button
Seat 1: shootingGRID ($120.61 in chips) 
Seat 2: wiley2025 ($35.31 in chips) 
Seat 3: skars07 ($100 in chips) 
Seat 4: XneferX ($114.49 in chips) 
Seat 5: z00mba ($102.20 in chips) 
Seat 6: Tibibacsi ($102.28 in chips) 
shootingGRID: posts small blind $0.50
wiley2025: posts big blind $1
*** HOLE CARDS ***
skars07: raises $1.50 to $2.50
XneferX: folds 
z00mba: folds 
Tibibacsi: folds 
shootingGRID: folds 
wiley2025: folds 
Uncalled bet ($1.50) returned to skars07
skars07 collected $2.50 from pot
skars07: doesn't show hand 
*** SUMMARY ***
Total pot $2.50 | Rake $0 
Seat 1: shootingGRID (small blind) folded before Flop
Seat 2: wiley2025 (big blind) folded before Flop
Seat 3: skars07 collected ($2.50)
Seat 4: XneferX folded before Flop (didn't bet)
Seat 5: z00mba folded before Flop (didn't bet)
Seat 6: Tibibacsi (button) folded before Flop (didn't bet)



PokerStars Hand #254682293430:  Hold'em No Limit ($0.50/$1.00 USD) - 2025/02/02 2:13:35 WET [2025/02/02 21:13:35 ET]
Table 'Watsonia' 6-max Seat #1 is the button
Seat 1: shootingGRID ($120.11 in chips) 
Seat 2: wiley2025 ($34.31 in chips) 
Seat 3: skars07 ($101.50 in chips) 
Seat 4: XneferX ($114.49 in chips) 
Seat 5: z00mba ($102.20 in chips) 
Seat 6: Tibibacsi ($102.28 in chips) 
wiley2025: posts small blind $0.50
skars07: posts big blind $1
*** HOLE CARDS ***
XneferX: folds 
z00mba: folds 
Tibibacsi: folds 
shootingGRID: folds 
wiley2025: folds 
Uncalled bet ($0.50) returned to skars07
skars07 collected $1 from pot
skars07: doesn't show hand 
*** SUMMARY ***
Total pot $1 | Rake $0 
Seat 1: shootingGRID (button) folded before Flop (didn't bet)
Seat 2: wiley2025 (small blind) folded before Flop
Seat 3: skars07 (big blind) collected ($1)
Seat 4: XneferX folded before Flop (didn't bet)
Seat 5: z00mba folded before Flop (didn't bet)
Seat 6: Tibibacsi folded before Flop (didn't bet)



PokerStars Hand #254682296037:  Hold'em No Limit ($0.50/$1.00 USD) - 2025/02/02 2:13:52 WET [2025/02/02 21:13:52 ET]
Table 'Watsonia' 6-max Seat #2 is the button
Seat 1: shootingGRID ($120.11 in chips) 
Seat 2: wiley2025 ($33.81 in chips) 
Seat 3: skars07 ($102 in chips) 
Seat 4: XneferX ($114.49 in chips) 
Seat 5: z00mba ($102.20 in chips) 
Seat 6: Tibibacsi ($102.28 in chips) 
skars07: posts small blind $0.50
XneferX: posts big blind $1
*** HOLE CARDS ***
z00mba: folds 
Tibibacsi: folds 
shootingGRID: folds 
wiley2025: raises $2 to $3
skars07: folds 
XneferX: calls $2
*** FLOP *** [8h Ts Th]
XneferX: checks 
wiley2025: checks 
*** TURN *** [8h Ts Th] [7s]
XneferX: bets $4.76
wiley2025: folds 
Uncalled bet ($4.76) returned to XneferX
XneferX collected $6.18 from pot
XneferX: doesn't show hand 
*** SUMMARY ***
Total pot $6.50 | Rake $0.32 
Board [8h Ts Th 7s]
Seat 1: shootingGRID folded before Flop (didn't bet)
Seat 2: wiley2025 (button) folded on the Turn
Seat 3: skars07 (small blind) folded before Flop
Seat 4: XneferX (big blind) collected ($6.18)
Seat 5: z00mba folded before Flop (didn't bet)
Seat 6: Tibibacsi folded before Flop (didn't bet)



PokerStars Hand #254682303440:  Hold'em No Limit ($0.50/$1.00 USD) - 2025/02/02 2:14:40 WET [2025/02/02 21:14:40 ET]
Table 'Watsonia' 6-max Seat #3 is the button
Seat 1: shootingGRID ($120.11 in chips) 
Seat 2: wiley2025 ($30.81 in chips) 
Seat 3: skars07 ($101.50 in chips) 
Seat 4: XneferX ($117.67 in chips) 
Seat 5: z00mba ($102.20 in chips) 
Seat 6: Tibibacsi ($102.28 in chips) 
XneferX: posts small blind $0.50
z00mba: posts big blind $1
*** HOLE CARDS ***
Tibibacsi: folds 
shootingGRID: folds 
wiley2025: calls $1
skars07: folds 
XneferX: folds 
z00mba: checks 
*** FLOP *** [6d 2h 7c]
z00mba: checks 
wiley2025: checks 
*** TURN *** [6d 2h 7c] [4c]
z00mba: bets $1
wiley2025: calls $1
*** RIVER *** [6d 2h 7c 4c] [8d]
z00mba: bets $3
wiley2025: folds 
Uncalled bet ($3) returned to z00mba
z00mba collected $4.28 from pot
z00mba: doesn't show hand 
*** SUMMARY ***
Total pot $4.50 | Rake $0.22 
Board [6d 2h 7c 4c 8d]
Seat 1: shootingGRID folded before Flop (didn't bet)
Seat 2: wiley2025 folded on the River
Seat 3: skars07 (button) folded before Flop (didn't bet)
Seat 4: XneferX (small blind) folded before Flop
Seat 5: z00mba (big blind) collected ($4.28)
Seat 6: Tibibacsi folded before Flop (didn't bet)



PokerStars Hand #254682310051:  Hold'em No Limit ($0.50/$1.00 USD) - 2025/02/02 2:15:23 WET [2025/02/02 21:15:23 ET]
Table 'Watsonia' 6-max Seat #4 is the button
Seat 1: shootingGRID ($120.11 in chips) 
Seat 2: wiley2025 ($28.81 in chips) 
Seat 3: skars07 ($101.50 in chips) 
Seat 4: XneferX ($117.17 in chips) 
Seat 5: z00mba ($104.48 in chips) 
Seat 6: Tibibacsi ($102.28 in chips) 
z00mba: posts small blind $0.50
Tibibacsi: posts big blind $1
*** HOLE CARDS ***
shootingGRID: folds 
wiley2025: folds 
skars07: folds 
XneferX: folds 
z00mba: raises $2 to $3
Tibibacsi: raises $6 to $9
z00mba: folds 
Uncalled bet ($6) returned to Tibibacsi
Tibibacsi collected $6 from pot
Tibibacsi: doesn't show hand 
*** SUMMARY ***
Total pot $6 | Rake $0 
Seat 1: shootingGRID folded before Flop (didn't bet)
Seat 2: wiley2025 folded before Flop (didn't bet)
Seat 3: skars07 folded before Flop (didn't bet)
Seat 4: XneferX (button) folded before Flop (didn't bet)
Seat 5: z00mba (small blind) folded before Flop
Seat 6: Tibibacsi (big blind) collected ($6)



PokerStars Hand #254682316265:  Hold'em No Limit ($0.50/$1.00 USD) - 2025/02/02 2:16:03 WET [2025/02/02 21:16:03 ET]
Table 'Watsonia' 6-max Seat #5 is the button
Seat 1: shootingGRID ($120.11 in chips) 
Seat 2: wiley2025 ($28.81 in chips) 
Seat 3: skars07 ($101.50 in chips) 
Seat 4: XneferX ($117.17 in chips) 
Seat 5: z00mba ($101.48 in chips) 
Seat 6: Tibibacsi ($105.28 in chips) 
Tibibacsi: posts small blind $0.50
shootingGRID: posts big blind $1
*** HOLE CARDS ***
wiley2025: calls $1
skars07: folds 
XneferX: folds 
z00mba: folds 
Tibibacsi: folds 
shootingGRID: checks 
*** FLOP *** [5c 9s Jc]
shootingGRID: checks 
wiley2025: bets $1
shootingGRID: calls $1
*** TURN *** [5c 9s Jc] [7d]
shootingGRID: checks 
wiley2025: bets $1
shootingGRID: calls $1
*** RIVER *** [5c 9s Jc 7d] [Tc]
shootingGRID: checks 
wiley2025: bets $6.18
shootingGRID: folds 
Uncalled bet ($6.18) returned to wiley2025
wiley2025 collected $6.18 from pot
*** SUMMARY ***
Total pot $6.50 | Rake $0.32 
Board [5c 9s Jc 7d Tc]
Seat 1: shootingGRID (big blind) folded on the River
Seat 2: wiley2025 collected ($6.18)
Seat 3: skars07 folded before Flop (didn't bet)
Seat 4: XneferX folded before Flop (didn't bet)
Seat 5: z00mba (button) folded before Flop (didn't bet)
Seat 6: Tibibacsi (small blind) folded before Flop



PokerStars Hand #254682325288:  Hold'em No Limit ($0.50/$1.00 USD) - 2025/02/02 2:17:02 WET [2025/02/02 21:17:02 ET]
Table 'Watsonia' 6-max Seat #6 is the button
Seat 1: shootingGRID ($117.11 in chips) 
Seat 2: wiley2025 ($31.99 in chips) 
Seat 3: skars07 ($101.50 in chips) 
Seat 4: XneferX ($117.17 in chips) 
Seat 5: z00mba ($101.48 in chips) 
Seat 6: Tibibacsi ($104.78 in chips) 
shootingGRID: posts small blind $0.50
wiley2025: posts big blind $1
*** HOLE CARDS ***
skars07: folds 
XneferX: folds 
z00mba: raises $1.50 to $2.50
Tibibacsi: folds 
shootingGRID: folds 
wiley2025: raises $1.50 to $4
z00mba: raises $9 to $13
wiley2025: raises $9 to $22
z00mba: folds 
Uncalled bet ($9) returned to wiley2025
wiley2025 collected $26.50 from pot
*** SUMMARY ***
Total pot $26.50 | Rake $0 
Seat 1: shootingGRID (small blind) folded before Flop
Seat 2: wiley2025 (big blind) collected ($26.50)
Seat 3: skars07 folded before Flop (didn't bet)
Seat 4: XneferX folded before Flop (didn't bet)
Seat 5: z00mba folded before Flop
Seat 6: Tibibacsi (button) folded before Flop (didn't bet)



PokerStars Hand #254682331121:  Hold'em No Limit ($0.50/$1.00 USD) - 2025/02/02 2:17:40 WET [2025/02/02 21:17:40 ET]
Table 'Watsonia' 6-max Seat #1 is the button
Seat 1: shootingGRID ($116.61 in chips) 
Seat 2: wiley2025 ($45.49 in chips) 
Seat 3: skars07 ($101.50 in chips) 
Seat 4: XneferX ($117.17 in chips) 
Seat 5: z00mba ($100 in chips) 
Seat 6: Tibibacsi ($104.78 in chips) 
wiley2025: posts small blind $0.50
skars07: posts big blind $1
*** HOLE CARDS ***
XneferX: raises $1.10 to $2.10
z00mba: folds 
Tibibacsi: folds 
shootingGRID: folds 
wiley2025: folds 
skars07: folds 
Uncalled bet ($1.10) returned to XneferX
XneferX collected $2.50 from pot
XneferX: doesn't show hand 
*** SUMMARY ***
Total pot $2.50 | Rake $0 
Seat 1: shootingGRID (button) folded before Flop (didn't bet)
Seat 2: wiley2025 (small blind) folded before Flop
Seat 3: skars07 (big blind) folded before Flop
Seat 4: XneferX collected ($2.50)
Seat 5: z00mba folded before Flop (didn't bet)
Seat 6: Tibibacsi folded before Flop (didn't bet)



PokerStars Hand #254682333151:  Hold'em No Limit ($0.50/$1.00 USD) - 2025/02/02 2:17:53 WET [2025/02/02 21:17:53 ET]
Table 'Watsonia' 6-max Seat #2 is the button
Seat 1: shootingGRID ($116.61 in chips) 
Seat 2: wiley2025 ($44.99 in chips) 
Seat 3: skars07 ($100.50 in chips) 
Seat 4: XneferX ($118.67 in chips) 
Seat 5: z00mba ($100 in chips) 
Seat 6: Tibibacsi ($104.78 in chips) 
skars07: posts small blind $0.50
XneferX: posts big blind $1
*** HOLE CARDS ***
z00mba: raises $1.50 to $2.50
Tibibacsi: folds 
shootingGRID: folds 
wiley2025: folds 
skars07: folds 
XneferX: folds 
Uncalled bet ($1.50) returned to z00mba
z00mba collected $2.50 from pot
z00mba: doesn't show hand 
*** SUMMARY ***
Total pot $2.50 | Rake $0 
Seat 1: shootingGRID folded before Flop (didn't bet)
Seat 2: wiley2025 (button) folded before Flop (didn't bet)
Seat 3: skars07 (small blind) folded before Flop
Seat 4: XneferX (big blind) folded before Flop
Seat 5: z00mba collected ($2.50)
Seat 6: Tibibacsi folded before Flop (didn't bet)



PokerStars Hand #254682336358:  Hold'em No Limit ($0.50/$1.00 USD) - 2025/02/02 2:18:14 WET [2025/02/02 21:18:14 ET]
Table 'Watsonia' 6-max Seat #3 is the button
Seat 1: shootingGRID ($116.61 in chips) 
Seat 2: wiley2025 ($44.99 in chips) 
Seat 3: skars07 ($100 in chips) 
Seat 4: XneferX ($117.67 in chips) 
Seat 5: z00mba ($101.50 in chips) 
Seat 6: Tibibacsi ($104.78 in chips) 
XneferX: posts small blind $0.50
z00mba: posts big blind $1
*** HOLE CARDS ***
Tibibacsi: folds 
shootingGRID: folds 
wiley2025: folds 
skars07: folds 
XneferX: folds 
Uncalled bet ($0.50) returned to z00mba
z00mba collected $1 from pot
z00mba: doesn't show hand 
*** SUMMARY ***
Total pot $1 | Rake $0 
Seat 1: shootingGRID folded before Flop (didn't bet)
Seat 2: wiley2025 folded before Flop (didn't bet)
Seat 3: skars07 (button) folded before Flop (didn't bet)
Seat 4: XneferX (small blind) folded before Flop
Seat 5: z00mba (big blind) collected ($1)
Seat 6: Tibibacsi folded before Flop (didn't bet)



PokerStars Hand #254682338569:  Hold'em No Limit ($0.50/$1.00 USD) - 2025/02/02 2:18:28 WET [2025/02/02 21:18:28 ET]
Table 'Watsonia' 6-max Seat #4 is the button
Seat 1: shootingGRID ($116.61 in chips) 
Seat 2: wiley2025 ($44.99 in chips) 
Seat 3: skars07 ($100 in chips) 
Seat 4: XneferX ($117.17 in chips) 
Seat 5: z00mba ($102 in chips) 
Seat 6: Tibibacsi ($104.78 in chips) 
z00mba: posts small blind $0.50
Tibibacsi: posts big blind $1
*** HOLE CARDS ***
shootingGRID: folds 
wiley2025: folds 
skars07: folds 
XneferX: raises $1.77 to $2.77
z00mba: folds 
Tibibacsi: folds 
Uncalled bet ($1.77) returned to XneferX
XneferX collected $2.50 from pot
XneferX: doesn't show hand 
*** SUMMARY ***
Total pot $2.50 | Rake $0 
Seat 1: shootingGRID folded before Flop (didn't bet)
Seat 2: wiley2025 folded before Flop (didn't bet)
Seat 3: skars07 folded before Flop (didn't bet)
Seat 4: XneferX (button) collected ($2.50)
Seat 5: z00mba (small blind) folded before Flop
Seat 6: Tibibacsi (big blind) folded before Flop



PokerStars Hand #254682341087:  Hold'em No Limit ($0.50/$1.00 USD) - 2025/02/02 2:18:45 WET [2025/02/02 21:18:45 ET]
Table 'Watsonia' 6-max Seat #5 is the button
Seat 1: shootingGRID ($116.61 in chips) 
Seat 2: wiley2025 ($44.99 in chips) 
Seat 3: skars07 ($100 in chips) 
Seat 4: XneferX ($118.67 in chips) 
Seat 5: z00mba ($101.50 in chips) 
Seat 6: Tibibacsi ($103.78 in chips) 
Tibibacsi: posts small blind $0.50
shootingGRID: posts big blind $1
*** HOLE CARDS ***
wiley2025: folds 
skars07: folds 
XneferX: raises $1.30 to $2.30
z00mba: folds 
Tibibacsi: folds 
shootingGRID: folds 
Uncalled bet ($1.30) returned to XneferX
XneferX collected $2.50 from pot
XneferX: doesn't show hand 
*** SUMMARY ***
Total pot $2.50 | Rake $0 
Seat 1: shootingGRID (big blind) folded before Flop
Seat 2: wiley2025 folded before Flop (didn't bet)
Seat 3: skars07 folded before Flop (didn't bet)
Seat 4: XneferX collected ($2.50)
Seat 5: z00mba (button) folded before Flop (didn't bet)
Seat 6: Tibibacsi (small blind) folded before Flop



PokerStars Hand #254682345986:  Hold'em No Limit ($0.50/$1.00 USD) - 2025/02/02 2:19:16 WET [2025/02/02 21:19:16 ET]
Table 'Watsonia' 6-max Seat #6 is the button
Seat 1: shootingGRID ($115.61 in chips) 
Seat 2: wiley2025 ($44.99 in chips) 
Seat 3: skars07 ($100 in chips) 
Seat 4: XneferX ($120.17 in chips) 
Seat 5: z00mba ($101.50 in chips) 
Seat 6: Tibibacsi ($103.28 in chips) 
shootingGRID: posts small blind $0.50
wiley2025: posts big blind $1
*** HOLE CARDS ***
skars07: folds 
XneferX: folds 
z00mba: folds 
Tibibacsi: raises $1.50 to $2.50
shootingGRID: folds 
wiley2025: calls $1.50
*** FLOP *** [6h 5s Ah]
wiley2025: checks 
Tibibacsi: bets $1.31
wiley2025: calls $1.31
*** TURN *** [6h 5s Ah] [Jh]
wiley2025: checks 
Tibibacsi: checks 
*** RIVER *** [6h 5s Ah Jh] [9d]
wiley2025: bets $3.86
Tibibacsi: folds 
Uncalled bet ($3.86) returned to wiley2025
wiley2025 collected $7.71 from pot
*** SUMMARY ***
Total pot $8.12 | Rake $0.41 
Board [6h 5s Ah Jh 9d]
Seat 1: shootingGRID (small blind) folded before Flop
Seat 2: wiley2025 (big blind) collected ($7.71)
Seat 3: skars07 folded before Flop (didn't bet)
Seat 4: XneferX folded before Flop (didn't bet)
Seat 5: z00mba folded before Flop (didn't bet)
Seat 6: Tibibacsi (button) folded on the River



PokerStars Hand #254682355060:  Hold'em No Limit ($0.50/$1.00 USD) - 2025/02/02 2:20:16 WET [2025/02/02 21:20:16 ET]
Table 'Watsonia' 6-max Seat #1 is the button
Seat 1: shootingGRID ($115.11 in chips) 
Seat 2: wiley2025 ($48.89 in chips) 
Seat 3: skars07 ($100 in chips) 
Seat 4: XneferX ($120.17 in chips) 
Seat 5: z00mba ($101.50 in chips) 
Seat 6: Tibibacsi ($100 in chips) 
wiley2025: posts small blind $0.50
skars07: posts big blind $1
*** HOLE CARDS ***
XneferX: raises $1.10 to $2.10
z00mba: folds 
Tibibacsi: raises $4.40 to $6.50
shootingGRID: folds 
wiley2025: folds 
skars07: folds 
XneferX: folds 
Uncalled bet ($4.40) returned to Tibibacsi
Tibibacsi collected $5.70 from pot
Tibibacsi: doesn't show hand 
*** SUMMARY ***
Total pot $5.70 | Rake $0 
Seat 1: shootingGRID (button) folded before Flop (didn't bet)
Seat 2: wiley2025 (small blind) folded before Flop
Seat 3: skars07 (big blind) folded before Flop
Seat 4: XneferX folded before Flop
Seat 5: z00mba folded before Flop (didn't bet)
Seat 6: Tibibacsi collected ($5.70)



PokerStars Hand #254682359806:  Hold'em No Limit ($0.50/$1.00 USD) - 2025/02/02 2:20:47 WET [2025/02/02 21:20:47 ET]
Table 'Watsonia' 6-max Seat #2 is the button
Seat 1: shootingGRID ($115.11 in chips) 
Seat 2: wiley2025 ($48.39 in chips) 
Seat 3: skars07 ($100 in chips) 
Seat 4: XneferX ($118.07 in chips) 
Seat 5: z00mba ($101.50 in chips) 
Seat 6: Tibibacsi ($103.60 in chips) 
skars07: posts small blind $0.50
XneferX: posts big blind $1
*** HOLE CARDS ***
z00mba: folds 
Tibibacsi: raises $1 to $2
shootingGRID: folds 
wiley2025: folds 
skars07: folds 
XneferX: folds 
Uncalled bet ($1) returned to Tibibacsi
Tibibacsi collected $2.50 from pot
Tibibacsi: doesn't show hand 
*** SUMMARY ***
Total pot $2.50 | Rake $0 
Seat 1: shootingGRID folded before Flop (didn't bet)
Seat 2: wiley2025 (button) folded before Flop (didn't bet)
Seat 3: skars07 (small blind) folded before Flop
Seat 4: XneferX (big blind) folded before Flop
Seat 5: z00mba folded before Flop (didn't bet)
Seat 6: Tibibacsi collected ($2.50)



PokerStars Hand #254682362828:  Hold'em No Limit ($0.50/$1.00 USD) - 2025/02/02 2:21:07 WET [2025/02/02 21:21:07 ET]
Table 'Watsonia' 6-max Seat #3 is the button
Seat 1: shootingGRID ($115.11 in chips) 
Seat 2: wiley2025 ($48.39 in chips) 
Seat 3: skars07 ($100 in chips) 
Seat 4: XneferX ($117.07 in chips) 
Seat 5: z00mba ($101.50 in chips) 
Seat 6: Tibibacsi ($105.10 in chips) 
XneferX: posts small blind $0.50
z00mba: posts big blind $1
*** HOLE CARDS ***
Tibibacsi: folds 
shootingGRID: folds 
wiley2025: calls $1
skars07: folds 
XneferX: raises $3 to $4
z00mba: folds 
wiley2025: folds 
Uncalled bet ($3) returned to XneferX
XneferX collected $3 from pot
XneferX: doesn't show hand 
*** SUMMARY ***
Total pot $3 | Rake $0 
Seat 1: shootingGRID folded before Flop (didn't bet)
Seat 2: wiley2025 folded before Flop
Seat 3: skars07 (button) folded before Flop (didn't bet)
Seat 4: XneferX (small blind) collected ($3)
Seat 5: z00mba (big blind) folded before Flop
Seat 6: Tibibacsi folded before Flop (didn't bet)



PokerStars Hand #254682366829:  Hold'em No Limit ($0.50/$1.00 USD) - 2025/02/02 2:21:34 WET [2025/02/02 21:21:34 ET]
Table 'Watsonia' 6-max Seat #4 is the button
Seat 1: shootingGRID ($115.11 in chips) 
Seat 2: wiley2025 ($47.39 in chips) 
Seat 3: skars07 ($100 in chips) 
Seat 4: XneferX ($119.07 in chips) 
Seat 5: z00mba ($100.50 in chips) 
Seat 6: Tibibacsi ($105.10 in chips) 
z00mba: posts small blind $0.50
Tibibacsi: posts big blind $1
*** HOLE CARDS ***
shootingGRID: folds 
wiley2025: raises $1 to $2
skars07: folds 
XneferX: folds 
z00mba: folds 
Tibibacsi: folds 
Uncalled bet ($1) returned to wiley2025
wiley2025 collected $2.50 from pot
*** SUMMARY ***
Total pot $2.50 | Rake $0 
Seat 1: shootingGRID folded before Flop (didn't bet)
Seat 2: wiley2025 collected ($2.50)
Seat 3: skars07 folded before Flop (didn't bet)
Seat 4: XneferX (button) folded before Flop (didn't bet)
Seat 5: z00mba (small blind) folded before Flop
Seat 6: Tibibacsi (big blind) folded before Flop



PokerStars Hand #254682369627:  Hold'em No Limit ($0.50/$1.00 USD) - 2025/02/02 2:21:53 WET [2025/02/02 21:21:53 ET]
Table 'Watsonia' 6-max Seat #5 is the button
Seat 1: shootingGRID ($115.11 in chips) 
Seat 2: wiley2025 ($48.89 in chips) 
Seat 3: skars07 ($100 in chips) 
Seat 4: XneferX ($119.07 in chips) 
Seat 5: z00mba ($100 in chips) 
Seat 6: Tibibacsi ($104.10 in chips) 
Tibibacsi: posts small blind $0.50
shootingGRID: posts big blind $1
*** HOLE CARDS ***
wiley2025: raises $1 to $2
skars07: folds 
XneferX: folds 
z00mba: folds 
Tibibacsi: calls $1.50
shootingGRID: folds 
*** FLOP *** [Th 3c 6h]
Tibibacsi: checks 
wiley2025: checks 
*** TURN *** [Th 3c 6h] [8h]
Tibibacsi: checks 
wiley2025: checks 
*** RIVER *** [Th 3c 6h 8h] [7d]
Tibibacsi: bets $1
wiley2025: folds 
Uncalled bet ($1) returned to Tibibacsi
Tibibacsi collected $4.75 from pot
Tibibacsi: doesn't show hand 
*** SUMMARY ***
Total pot $5 | Rake $0.25 
Board [Th 3c 6h 8h 7d]
Seat 1: shootingGRID (big blind) folded before Flop
Seat 2: wiley2025 folded on the River
Seat 3: skars07 folded before Flop (didn't bet)
Seat 4: XneferX folded before Flop (didn't bet)
Seat 5: z00mba (button) folded before Flop (didn't bet)
Seat 6: Tibibacsi (small blind) collected ($4.75)



PokerStars Hand #254682378343:  Hold'em No Limit ($0.50/$1.00 USD) - 2025/02/02 2:22:51 WET [2025/02/02 21:22:51 ET]
Table 'Watsonia' 6-max Seat #6 is the button
Seat 1: shootingGRID ($114.11 in chips) 
Seat 2: wiley2025 ($46.89 in chips) 
Seat 3: skars07 ($100 in chips) 
Seat 4: XneferX ($119.07 in chips) 
Seat 5: z00mba ($100 in chips) 
Seat 6: Tibibacsi ($106.85 in chips) 
shootingGRID: posts small blind $0.50
wiley2025: posts big blind $1
*** HOLE CARDS ***
skars07: raises $1.50 to $2.50
XneferX: folds 
z00mba: folds 
Tibibacsi: folds 
shootingGRID: folds 
wiley2025: folds 
Uncalled bet ($1.50) returned to skars07
skars07 collected $2.50 from pot
skars07: doesn't show hand 
*** SUMMARY ***
Total pot $2.50 | Rake $0 
Seat 1: shootingGRID (small blind) folded before Flop
Seat 2: wiley2025 (big blind) folded before Flop
Seat 3: skars07 collected ($2.50)
Seat 4: XneferX folded before Flop (didn't bet)
Seat 5: z00mba folded before Flop (didn't bet)
Seat 6: Tibibacsi (button) folded before Flop (didn't bet)



PokerStars Hand #254682381839:  Hold'em No Limit ($0.50/$1.00 USD) - 2025/02/02 2:23:14 WET [2025/02/02 21:23:14 ET]
Table 'Watsonia' 6-max Seat #1 is the button
Seat 1: shootingGRID ($113.61 in chips) 
Seat 2: wiley2025 ($45.89 in chips) 
Seat 3: skars07 ($101.50 in chips) 
Seat 4: XneferX ($119.07 in chips) 
Seat 5: z00mba ($100 in chips) 
Seat 6: Tibibacsi ($106.85 in chips) 
wiley2025: posts small blind $0.50
skars07: posts big blind $1
*** HOLE CARDS ***
XneferX: folds 
z00mba: raises $1.50 to $2.50
Tibibacsi: folds 
shootingGRID: folds 
wiley2025: folds 
skars07: folds 
Uncalled bet ($1.50) returned to z00mba
z00mba collected $2.50 from pot
z00mba: doesn't show hand 
*** SUMMARY ***
Total pot $2.50 | Rake $0 
Seat 1: shootingGRID (button) folded before Flop (didn't bet)
Seat 2: wiley2025 (small blind) folded before Flop
Seat 3: skars07 (big blind) folded before Flop
Seat 4: XneferX folded before Flop (didn't bet)
Seat 5: z00mba collected ($2.50)
Seat 6: Tibibacsi folded before Flop (didn't bet)



PokerStars Hand #254682384366:  Hold'em No Limit ($0.50/$1.00 USD) - 2025/02/02 2:23:31 WET [2025/02/02 21:23:31 ET]
Table 'Watsonia' 6-max Seat #2 is the button
Seat 1: shootingGRID ($113.61 in chips) 
Seat 2: wiley2025 ($45.39 in chips) 
Seat 3: skars07 ($100.50 in chips) 
Seat 4: XneferX ($119.07 in chips) 
Seat 5: z00mba ($101.50 in chips) 
Seat 6: Tibibacsi ($106.85 in chips) 
skars07: posts small blind $0.50
XneferX: posts big blind $1
*** HOLE CARDS ***
z00mba: folds 
Tibibacsi: folds 
shootingGRID: raises $1.25 to $2.25
wiley2025: calls $2.25
skars07: folds 
XneferX: folds 
*** FLOP *** [3c 2s Ad]
shootingGRID: checks 
wiley2025: checks 
*** TURN *** [3c 2s Ad] [8s]
shootingGRID: bets $3.76
wiley2025: folds 
Uncalled bet ($3.76) returned to shootingGRID
shootingGRID collected $5.70 from pot
*** SUMMARY ***
Total pot $6 | Rake $0.30 
Board [3c 2s Ad 8s]
Seat 1: shootingGRID collected ($5.70)
Seat 2: wiley2025 (button) folded on the Turn
Seat 3: skars07 (small blind) folded before Flop
Seat 4: XneferX (big blind) folded before Flop
Seat 5: z00mba folded before Flop (didn't bet)
Seat 6: Tibibacsi folded before Flop (didn't bet)



PokerStars Hand #254682391146:  Hold'em No Limit ($0.50/$1.00 USD) - 2025/02/02 2:24:16 WET [2025/02/02 21:24:16 ET]
Table 'Watsonia' 6-max Seat #3 is the button
Seat 1: shootingGRID ($117.06 in chips) 
Seat 2: wiley2025 ($43.14 in chips) 
Seat 3: skars07 ($100 in chips) 
Seat 4: XneferX ($118.07 in chips) 
Seat 5: z00mba ($101.50 in chips) 
Seat 6: Tibibacsi ($106.85 in chips) 
XneferX: posts small blind $0.50
z00mba: posts big blind $1
*** HOLE CARDS ***
Tibibacsi: folds 
shootingGRID: folds 
wiley2025: raises $1 to $2
skars07: folds 
XneferX: folds 
z00mba: folds 
Uncalled bet ($1) returned to wiley2025
wiley2025 collected $2.50 from pot
*** SUMMARY ***
Total pot $2.50 | Rake $0 
Seat 1: shootingGRID folded before Flop (didn't bet)
Seat 2: wiley2025 collected ($2.50)
Seat 3: skars07 (button) folded before Flop (didn't bet)
Seat 4: XneferX (small blind) folded before Flop
Seat 5: z00mba (big blind) folded before Flop
Seat 6: Tibibacsi folded before Flop (didn't bet)



PokerStars Hand #254682395203:  Hold'em No Limit ($0.50/$1.00 USD) - 2025/02/02 2:24:43 WET [2025/02/02 21:24:43 ET]
Table 'Watsonia' 6-max Seat #4 is the button
Seat 1: shootingGRID ($117.06 in chips) 
Seat 2: wiley2025 ($44.64 in chips) 
Seat 3: skars07 ($100 in chips) 
Seat 4: XneferX ($117.57 in chips) 
Seat 5: z00mba ($100.50 in chips) 
Seat 6: Tibibacsi ($106.85 in chips) 
z00mba: posts small blind $0.50
Tibibacsi: posts big blind $1
*** HOLE CARDS ***
shootingGRID: folds 
wiley2025: folds 
skars07: folds 
XneferX: raises $1.77 to $2.77
z00mba: folds 
Tibibacsi: raises $10.23 to $13
XneferX: raises $14 to $27
Tibibacsi: folds 
Uncalled bet ($14) returned to XneferX
XneferX collected $26.50 from pot
XneferX: doesn't show hand 
*** SUMMARY ***
Total pot $26.50 | Rake $0 
Seat 1: shootingGRID folded before Flop (didn't bet)
Seat 2: wiley2025 folded before Flop (didn't bet)
Seat 3: skars07 folded before Flop (didn't bet)
Seat 4: XneferX (button) collected ($26.50)
Seat 5: z00mba (small blind) folded before Flop
Seat 6: Tibibacsi (big blind) folded before Flop



PokerStars Hand #254682406682:  Hold'em No Limit ($0.50/$1.00 USD) - 2025/02/02 2:26:01 WET [2025/02/02 21:26:01 ET]
Table 'Watsonia' 6-max Seat #5 is the button
Seat 2: wiley2025 ($44.64 in chips) is sitting out
Seat 1: shootingGRID ($117.06 in chips) 
Seat 3: skars07 ($100 in chips) 
Seat 4: XneferX ($131.07 in chips) 
Seat 5: z00mba ($100 in chips) 
Seat 6: Tibibacsi ($100 in chips) 
Tibibacsi: posts small blind $0.50
shootingGRID: posts big blind $1
*** HOLE CARDS ***
skars07: folds 
XneferX: raises $1.30 to $2.30
z00mba: folds 
Tibibacsi: folds 
shootingGRID: folds 
Uncalled bet ($1.30) returned to XneferX
XneferX collected $2.50 from pot
XneferX: doesn't show hand 
*** SUMMARY ***
Total pot $2.50 | Rake $0 
Seat 2: wiley2025
Seat 1: shootingGRID (big blind) folded before Flop
Seat 3: skars07 folded before Flop (didn't bet)
Seat 4: XneferX collected ($2.50)
Seat 5: z00mba (button) folded before Flop (didn't bet)
Seat 6: Tibibacsi (small blind) folded before Flop



PokerStars Hand #254682408886:  Hold'em No Limit ($0.50/$1.00 USD) - 2025/02/02 2:26:16 WET [2025/02/02 21:26:16 ET]
Table 'Watsonia' 6-max Seat #6 is the button
Seat 2: wiley2025 ($44.64 in chips) is sitting out
Seat 1: shootingGRID ($116.06 in chips) 
Seat 3: skars07 ($100 in chips) 
Seat 4: XneferX ($132.57 in chips) 
Seat 5: z00mba ($100 in chips) 
Seat 6: Tibibacsi ($100 in chips) 
shootingGRID: posts small blind $0.50
skars07: posts big blind $1
*** HOLE CARDS ***
XneferX: folds 
z00mba: folds 
Tibibacsi: raises $1.50 to $2.50
shootingGRID: folds 
skars07: raises $10.50 to $13
Tibibacsi: folds 
Uncalled bet ($10.50) returned to skars07
skars07 collected $5.50 from pot
skars07: doesn't show hand 
*** SUMMARY ***
Total pot $5.50 | Rake $0 
Seat 2: wiley2025
Seat 1: shootingGRID (small blind) folded before Flop
Seat 3: skars07 (big blind) collected ($5.50)
Seat 4: XneferX folded before Flop (didn't bet)
Seat 5: z00mba folded before Flop (didn't bet)
Seat 6: Tibibacsi (button) folded before Flop



PokerStars Hand #254682417903:  Hold'em No Limit ($0.50/$1.00 USD) - 2025/02/02 2:27:18 WET [2025/02/02 21:27:18 ET]
Table 'Watsonia' 6-max Seat #1 is the button
Seat 2: wiley2025 ($44.64 in chips) is sitting out
Seat 1: shootingGRID ($115.56 in chips) 
Seat 3: skars07 ($103 in chips) 
Seat 4: XneferX ($132.57 in chips) 
Seat 5: z00mba ($100 in chips) 
Seat 6: Tibibacsi ($100 in chips) 
skars07: posts small blind $0.50
XneferX: posts big blind $1
*** HOLE CARDS ***
z00mba: folds 
Tibibacsi: raises $1 to $2
shootingGRID: folds 
skars07: folds 
XneferX: folds 
Uncalled bet ($1) returned to Tibibacsi
Tibibacsi collected $2.50 from pot
Tibibacsi: doesn't show hand 
*** SUMMARY ***
Total pot $2.50 | Rake $0 
Seat 2: wiley2025
Seat 1: shootingGRID (button) folded before Flop (didn't bet)
Seat 3: skars07 (small blind) folded before Flop
Seat 4: XneferX (big blind) folded before Flop
Seat 5: z00mba folded before Flop (didn't bet)
Seat 6: Tibibacsi collected ($2.50)



PokerStars Hand #254682420969:  Hold'em No Limit ($0.50/$1.00 USD) - 2025/02/02 2:27:39 WET [2025/02/02 21:27:39 ET]
Table 'Watsonia' 6-max Seat #3 is the button
Seat 2: wiley2025 ($44.64 in chips) is sitting out
Seat 1: shootingGRID ($115.56 in chips) 
Seat 3: skars07 ($102.50 in chips) 
Seat 4: XneferX ($131.57 in chips) 
Seat 5: z00mba ($100 in chips) 
Seat 6: Tibibacsi ($101.50 in chips) 
XneferX: posts small blind $0.50
z00mba: posts big blind $1
wiley2025: sits out 
*** HOLE CARDS ***
Tibibacsi: folds 
shootingGRID: folds 
skars07: folds 
XneferX: folds 
Uncalled bet ($0.50) returned to z00mba
z00mba collected $1 from pot
z00mba: doesn't show hand 
*** SUMMARY ***
Total pot $1 | Rake $0 
Seat 2: wiley2025
Seat 1: shootingGRID folded before Flop (didn't bet)
Seat 3: skars07 (button) folded before Flop (didn't bet)
Seat 4: XneferX (small blind) folded before Flop
Seat 5: z00mba (big blind) collected ($1)
Seat 6: Tibibacsi folded before Flop (didn't bet)



PokerStars Hand #254682424612:  Hold'em No Limit ($0.50/$1.00 USD) - 2025/02/02 2:28:04 WET [2025/02/02 21:28:04 ET]
Table 'Watsonia' 6-max Seat #4 is the button
Seat 2: wiley2025 ($44.64 in chips) is sitting out
Seat 1: shootingGRID ($115.56 in chips) 
Seat 3: skars07 ($102.50 in chips) 
Seat 4: XneferX ($131.07 in chips) 
Seat 5: z00mba ($100.50 in chips) 
Seat 6: Tibibacsi ($101.50 in chips) 
z00mba: posts small blind $0.50
Tibibacsi: posts big blind $1
wiley2025: sits out 
*** HOLE CARDS ***
shootingGRID: raises $1.25 to $2.25
skars07: folds 
XneferX: folds 
z00mba: folds 
Tibibacsi: folds 
Uncalled bet ($1.25) returned to shootingGRID
shootingGRID collected $2.50 from pot
*** SUMMARY ***
Total pot $2.50 | Rake $0 
Seat 2: wiley2025
Seat 1: shootingGRID collected ($2.50)
Seat 3: skars07 folded before Flop (didn't bet)
Seat 4: XneferX (button) folded before Flop (didn't bet)
Seat 5: z00mba (small blind) folded before Flop
Seat 6: Tibibacsi (big blind) folded before Flop



PokerStars Hand #254682427817:  Hold'em No Limit ($0.50/$1.00 USD) - 2025/02/02 2:28:25 WET [2025/02/02 21:28:25 ET]
Table 'Watsonia' 6-max Seat #5 is the button
Seat 2: wiley2025 ($44.64 in chips) is sitting out
Seat 1: shootingGRID ($117.06 in chips) 
Seat 3: skars07 ($102.50 in chips) 
Seat 4: XneferX ($131.07 in chips) 
Seat 5: z00mba ($100 in chips) 
Seat 6: Tibibacsi ($100.50 in chips) 
Tibibacsi: posts small blind $0.50
shootingGRID: posts big blind $1
wiley2025: sits out 
*** HOLE CARDS ***
skars07: folds 
XneferX: folds 
z00mba: raises $1.50 to $2.50
Tibibacsi: folds 
shootingGRID: folds 
Uncalled bet ($1.50) returned to z00mba
z00mba collected $2.50 from pot
z00mba: doesn't show hand 
*** SUMMARY ***
Total pot $2.50 | Rake $0 
Seat 2: wiley2025
Seat 1: shootingGRID (big blind) folded before Flop
Seat 3: skars07 folded before Flop (didn't bet)
Seat 4: XneferX folded before Flop (didn't bet)
Seat 5: z00mba (button) collected ($2.50)
Seat 6: Tibibacsi (small blind) folded before Flop



PokerStars Hand #254682431442:  Hold'em No Limit ($0.50/$1.00 USD) - 2025/02/02 2:28:50 WET [2025/02/02 21:28:50 ET]
Table 'Watsonia' 6-max Seat #6 is the button
Seat 1: shootingGRID ($116.06 in chips) 
Seat 2: wiley2025 ($44.64 in chips) 
Seat 3: skars07 ($102.50 in chips) 
Seat 4: XneferX ($131.07 in chips) 
Seat 5: z00mba ($101.50 in chips) 
Seat 6: Tibibacsi ($100 in chips) 
shootingGRID: posts small blind $0.50
wiley2025: posts big blind $1
*** HOLE CARDS ***
skars07: folds 
XneferX: folds 
z00mba: raises $1.50 to $2.50
Tibibacsi: folds 
shootingGRID: folds 
wiley2025: calls $1.50
*** FLOP *** [As Kd 5d]
wiley2025: checks 
z00mba: bets $3
wiley2025: calls $3
*** TURN *** [As Kd 5d] [Jd]
wiley2025: checks 
z00mba: checks 
*** RIVER *** [As Kd 5d Jd] [3s]
wiley2025: bets $10.92
z00mba: calls $10.92
*** SHOW DOWN ***
wiley2025: shows [Th Qd] (a straight, Ten to Ace)
z00mba: mucks hand 
wiley2025 collected $31.67 from pot
*** SUMMARY ***
Total pot $33.34 | Rake $1.67 
Board [As Kd 5d Jd 3s]
Seat 1: shootingGRID (small blind) folded before Flop
Seat 2: wiley2025 (big blind) showed [Th Qd] and won ($31.67) with a straight, Ten to Ace
Seat 3: skars07 folded before Flop (didn't bet)
Seat 4: XneferX folded before Flop (didn't bet)
Seat 5: z00mba mucked
Seat 6: Tibibacsi (button) folded before Flop (didn't bet)



PokerStars Hand #254682441835:  Hold'em No Limit ($0.50/$1.00 USD) - 2025/02/02 2:30:01 WET [2025/02/02 21:30:01 ET]
Table 'Watsonia' 6-max Seat #1 is the button
Seat 1: shootingGRID ($115.56 in chips) 
Seat 2: wiley2025 ($59.89 in chips) 
Seat 3: skars07 ($102.50 in chips) 
Seat 4: XneferX ($131.07 in chips) 
Seat 5: z00mba ($100 in chips) 
Seat 6: Tibibacsi ($100 in chips) 
wiley2025: posts small blind $0.50
skars07: posts big blind $1
*** HOLE CARDS ***
XneferX: raises $1.10 to $2.10
z00mba: folds 
Tibibacsi: folds 
shootingGRID: folds 
wiley2025: calls $1.60
skars07: folds 
*** FLOP *** [8d 7h Kh]
wiley2025: checks 
XneferX: bets $1.20
wiley2025: calls $1.20
*** TURN *** [8d 7h Kh] [9c]
wiley2025: checks 
XneferX: checks 
*** RIVER *** [8d 7h Kh 9c] [2h]
wiley2025: bets $7.22
XneferX: folds 
Uncalled bet ($7.22) returned to wiley2025
wiley2025 collected $7.22 from pot
*** SUMMARY ***
Total pot $7.60 | Rake $0.38 
Board [8d 7h Kh 9c 2h]
Seat 1: shootingGRID (button) folded before Flop (didn't bet)
Seat 2: wiley2025 (small blind) collected ($7.22)
Seat 3: skars07 (big blind) folded before Flop
Seat 4: XneferX folded on the River
Seat 5: z00mba folded before Flop (didn't bet)
Seat 6: Tibibacsi folded before Flop (didn't bet)



PokerStars Hand #254682448879:  Hold'em No Limit ($0.50/$1.00 USD) - 2025/02/02 2:30:49 WET [2025/02/02 21:30:49 ET]
Table 'Watsonia' 6-max Seat #2 is the button
Seat 1: shootingGRID ($115.56 in chips) 
Seat 2: wiley2025 ($63.81 in chips) 
Seat 3: skars07 ($101.50 in chips) 
Seat 4: XneferX ($127.77 in chips) 
Seat 5: z00mba ($100 in chips) 
Seat 6: Tibibacsi ($100 in chips) 
skars07: posts small blind $0.50
XneferX: posts big blind $1
*** HOLE CARDS ***
z00mba: folds 
Tibibacsi: raises $1 to $2
shootingGRID: raises $4.50 to $6.50
wiley2025: folds 
skars07: folds 
XneferX: folds 
Tibibacsi: folds 
Uncalled bet ($4.50) returned to shootingGRID
shootingGRID collected $5.50 from pot
*** SUMMARY ***
Total pot $5.50 | Rake $0 
Seat 1: shootingGRID collected ($5.50)
Seat 2: wiley2025 (button) folded before Flop (didn't bet)
Seat 3: skars07 (small blind) folded before Flop
Seat 4: XneferX (big blind) folded before Flop
Seat 5: z00mba folded before Flop (didn't bet)
Seat 6: Tibibacsi folded before Flop



PokerStars Hand #254682455601:  Hold'em No Limit ($0.50/$1.00 USD) - 2025/02/02 2:31:35 WET [2025/02/02 21:31:35 ET]
Table 'Watsonia' 6-max Seat #3 is the button
Seat 1: shootingGRID ($119.06 in chips) 
Seat 2: wiley2025 ($63.81 in chips) 
Seat 3: skars07 ($101 in chips) 
Seat 4: XneferX ($126.77 in chips) 
Seat 5: z00mba ($100 in chips) 
Seat 6: Tibibacsi ($100 in chips) 
XneferX: posts small blind $0.50
z00mba: posts big blind $1
*** HOLE CARDS ***
Tibibacsi: folds 
shootingGRID: folds 
wiley2025: folds 
skars07: folds 
XneferX: raises $2 to $3
z00mba: folds 
Uncalled bet ($2) returned to XneferX
XneferX collected $2 from pot
XneferX: doesn't show hand 
*** SUMMARY ***
Total pot $2 | Rake $0 
Seat 1: shootingGRID folded before Flop (didn't bet)
Seat 2: wiley2025 folded before Flop (didn't bet)
Seat 3: skars07 (button) folded before Flop (didn't bet)
Seat 4: XneferX (small blind) collected ($2)
Seat 5: z00mba (big blind) folded before Flop
Seat 6: Tibibacsi folded before Flop (didn't bet)



PokerStars Hand #254682459908:  Hold'em No Limit ($0.50/$1.00 USD) - 2025/02/02 2:32:05 WET [2025/02/02 21:32:05 ET]
Table 'Watsonia' 6-max Seat #4 is the button
Seat 1: shootingGRID ($119.06 in chips) 
Seat 2: wiley2025 ($63.81 in chips) 
Seat 3: skars07 ($101 in chips) 
Seat 4: XneferX ($127.77 in chips) 
Seat 5: z00mba ($100 in chips) 
Seat 6: Tibibacsi ($100 in chips) 
z00mba: posts small blind $0.50
Tibibacsi: posts big blind $1
*** HOLE CARDS ***
shootingGRID: folds 
wiley2025: folds 
skars07: folds 
XneferX: folds 
z00mba: folds 
Uncalled bet ($0.50) returned to Tibibacsi
Tibibacsi collected $1 from pot
Tibibacsi: doesn't show hand 
*** SUMMARY ***
Total pot $1 | Rake $0 
Seat 1: shootingGRID folded before Flop (didn't bet)
Seat 2: wiley2025 folded before Flop (didn't bet)
Seat 3: skars07 folded before Flop (didn't bet)
Seat 4: XneferX (button) folded before Flop (didn't bet)
Seat 5: z00mba (small blind) folded before Flop
Seat 6: Tibibacsi (big blind) collected ($1)



PokerStars Hand #254681582656:  Hold'em No Limit ($0.50/$1.00 USD) - 2025/02/02 1:50:19 WET [2025/02/02 20:50:19 ET]
Table 'Watsonia' 6-max Seat #3 is the button
Seat 1: Joe_Carlos ($123.50 in chips) is sitting out
Seat 2: wiley2025 ($38.16 in chips) 
Seat 3: skars07 ($100 in chips) 
Seat 4: XneferX ($102.28 in chips) 
Seat 5: z00mba ($100 in chips) 
Seat 6: Tibibacsi ($104 in chips) 
XneferX: posts small blind $0.50
z00mba: posts big blind $1
*** HOLE CARDS ***
Tibibacsi: folds 
wiley2025: raises $2 to $3
skars07: folds 
XneferX: folds 
z00mba: folds 
Uncalled bet ($2) returned to wiley2025
wiley2025 collected $2.50 from pot
*** SUMMARY ***
Total pot $2.50 | Rake $0 
Seat 1: Joe_Carlos
Seat 2: wiley2025 collected ($2.50)
Seat 3: skars07 (button) folded before Flop (didn't bet)
Seat 4: XneferX (small blind) folded before Flop
Seat 5: z00mba (big blind) folded before Flop
Seat 6: Tibibacsi folded before Flop (didn't bet)



PokerStars Hand #254681585629:  Hold'em No Limit ($0.50/$1.00 USD) - 2025/02/02 1:50:37 WET [2025/02/02 20:50:37 ET]
Table 'Watsonia' 6-max Seat #4 is the button
Seat 1: Joe_Carlos ($123.50 in chips) is sitting out
Seat 2: wiley2025 ($39.66 in chips) 
Seat 3: skars07 ($100 in chips) 
Seat 4: XneferX ($101.78 in chips) 
Seat 5: z00mba ($100 in chips) 
Seat 6: Tibibacsi ($104 in chips) 
z00mba: posts small blind $0.50
Tibibacsi: posts big blind $1
*** HOLE CARDS ***
wiley2025: folds 
skars07: folds 
XneferX: folds 
z00mba: folds 
Uncalled bet ($0.50) returned to Tibibacsi
Tibibacsi collected $1 from pot
Tibibacsi: doesn't show hand 
*** SUMMARY ***
Total pot $1 | Rake $0 
Seat 1: Joe_Carlos
Seat 2: wiley2025 folded before Flop (didn't bet)
Seat 3: skars07 folded before Flop (didn't bet)
Seat 4: XneferX (button) folded before Flop (didn't bet)
Seat 5: z00mba (small blind) folded before Flop
Seat 6: Tibibacsi (big blind) collected ($1)



PokerStars Hand #254681587402:  Hold'em No Limit ($0.50/$1.00 USD) - 2025/02/02 1:50:47 WET [2025/02/02 20:50:47 ET]
Table 'Watsonia' 6-max Seat #5 is the button
Seat 1: Joe_Carlos ($123.50 in chips) is sitting out
Seat 2: wiley2025 ($39.66 in chips) 
Seat 3: skars07 ($100 in chips) 
Seat 4: XneferX ($101.78 in chips) 
Seat 5: z00mba ($100 in chips) 
Seat 6: Tibibacsi ($104.50 in chips) 
Tibibacsi: posts small blind $0.50
wiley2025: posts big blind $1
*** HOLE CARDS ***
skars07: folds 
XneferX: raises $1.30 to $2.30
z00mba: folds 
Tibibacsi: folds 
wiley2025: folds 
Uncalled bet ($1.30) returned to XneferX
XneferX collected $2.50 from pot
XneferX: doesn't show hand 
*** SUMMARY ***
Total pot $2.50 | Rake $0 
Seat 1: Joe_Carlos
Seat 2: wiley2025 (big blind) folded before Flop
Seat 3: skars07 folded before Flop (didn't bet)
Seat 4: XneferX collected ($2.50)
Seat 5: z00mba (button) folded before Flop (didn't bet)
Seat 6: Tibibacsi (small blind) folded before Flop



PokerStars Hand #254681589471:  Hold'em No Limit ($0.50/$1.00 USD) - 2025/02/02 1:51:00 WET [2025/02/02 20:51:00 ET]
Table 'Watsonia' 6-max Seat #6 is the button
Seat 1: Joe_Carlos ($123.50 in chips) is sitting out
Seat 2: wiley2025 ($38.66 in chips) 
Seat 3: skars07 ($100 in chips) 
Seat 4: XneferX ($103.28 in chips) 
Seat 5: z00mba ($100 in chips) 
Seat 6: Tibibacsi ($104 in chips) 
wiley2025: posts small blind $0.50
skars07: posts big blind $1
*** HOLE CARDS ***
XneferX: folds 
z00mba: folds 
Tibibacsi: folds 
wiley2025: folds 
Uncalled bet ($0.50) returned to skars07
skars07 collected $1 from pot
skars07: doesn't show hand 
*** SUMMARY ***
Total pot $1 | Rake $0 
Seat 1: Joe_Carlos
Seat 2: wiley2025 (small blind) folded before Flop
Seat 3: skars07 (big blind) collected ($1)
Seat 4: XneferX folded before Flop (didn't bet)
Seat 5: z00mba folded before Flop (didn't bet)
Seat 6: Tibibacsi (button) folded before Flop (didn't bet)



PokerStars Hand #254681590676:  Hold'em No Limit ($0.50/$1.00 USD) - 2025/02/02 1:51:07 WET [2025/02/02 20:51:07 ET]
Table 'Watsonia' 6-max Seat #2 is the button
Seat 1: Joe_Carlos ($123.50 in chips) is sitting out
Seat 2: wiley2025 ($38.16 in chips) 
Seat 3: skars07 ($100.50 in chips) 
Seat 4: XneferX ($103.28 in chips) 
Seat 5: z00mba ($100 in chips) 
Seat 6: Tibibacsi ($104 in chips) 
skars07: posts small blind $0.50
XneferX: posts big blind $1
*** HOLE CARDS ***
z00mba: folds 
Tibibacsi: folds 
wiley2025: calls $1
skars07: folds 
XneferX: checks 
*** FLOP *** [9c Qh Kd]
XneferX: checks 
wiley2025: checks 
*** TURN *** [9c Qh Kd] [Th]
XneferX: checks 
wiley2025: bets $1
XneferX: calls $1
*** RIVER *** [9c Qh Kd Th] [Jd]
XneferX: checks 
wiley2025: checks 
*** SHOW DOWN ***
XneferX: shows [Qs 8h] (a straight, Nine to King)
wiley2025: shows [9s Td] (a straight, Nine to King)
XneferX collected $2.14 from pot
wiley2025 collected $2.14 from pot
*** SUMMARY ***
Total pot $4.50 | Rake $0.22 
Board [9c Qh Kd Th Jd]
Seat 1: Joe_Carlos
Seat 2: wiley2025 (button) showed [9s Td] and won ($2.14) with a straight, Nine to King
Seat 3: skars07 (small blind) folded before Flop
Seat 4: XneferX (big blind) showed [Qs 8h] and won ($2.14) with a straight, Nine to King
Seat 5: z00mba folded before Flop (didn't bet)
Seat 6: Tibibacsi folded before Flop (didn't bet)



PokerStars Hand #254682464261:  Hold'em No Limit ($0.50/$1.00 USD) - 2025/02/02 2:32:35 WET [2025/02/02 21:32:35 ET]
Table 'Watsonia' 6-max Seat #5 is the button
Seat 1: shootingGRID ($119.06 in chips) 
Seat 2: wiley2025 ($63.81 in chips) 
Seat 3: skars07 ($101 in chips) 
Seat 4: XneferX ($127.77 in chips) 
Seat 5: z00mba ($100 in chips) 
Seat 6: Tibibacsi ($100.50 in chips) 
Tibibacsi: posts small blind $0.50
shootingGRID: posts big blind $1
*** HOLE CARDS ***
wiley2025: folds 
skars07: folds 
XneferX: folds 
z00mba: folds 
Tibibacsi: folds 
Uncalled bet ($0.50) returned to shootingGRID
shootingGRID collected $1 from pot
*** SUMMARY ***
Total pot $1 | Rake $0 
Seat 1: shootingGRID (big blind) collected ($1)
Seat 2: wiley2025 folded before Flop (didn't bet)
Seat 3: skars07 folded before Flop (didn't bet)
Seat 4: XneferX folded before Flop (didn't bet)
Seat 5: z00mba (button) folded before Flop (didn't bet)
Seat 6: Tibibacsi (small blind) folded before Flop



PokerStars Hand #254682467024:  Hold'em No Limit ($0.50/$1.00 USD) - 2025/02/02 2:32:54 WET [2025/02/02 21:32:54 ET]
Table 'Watsonia' 6-max Seat #6 is the button
Seat 1: shootingGRID ($119.56 in chips) 
Seat 2: wiley2025 ($63.81 in chips) 
Seat 3: skars07 ($101 in chips) 
Seat 4: XneferX ($127.77 in chips) 
Seat 5: z00mba ($100 in chips) 
Seat 6: Tibibacsi ($100 in chips) 
shootingGRID: posts small blind $0.50
wiley2025: posts big blind $1
*** HOLE CARDS ***
skars07: folds 
XneferX: folds 
z00mba: folds 
Tibibacsi: folds 
shootingGRID: raises $2 to $3
wiley2025: folds 
Uncalled bet ($2) returned to shootingGRID
shootingGRID collected $2 from pot
*** SUMMARY ***
Total pot $2 | Rake $0 
Seat 1: shootingGRID (small blind) collected ($2)
Seat 2: wiley2025 (big blind) folded before Flop
Seat 3: skars07 folded before Flop (didn't bet)
Seat 4: XneferX folded before Flop (didn't bet)
Seat 5: z00mba folded before Flop (didn't bet)
Seat 6: Tibibacsi (button) folded before Flop (didn't bet)



PokerStars Hand #254682471750:  Hold'em No Limit ($0.50/$1.00 USD) - 2025/02/02 2:33:27 WET [2025/02/02 21:33:27 ET]
Table 'Watsonia' 6-max Seat #1 is the button
Seat 1: shootingGRID ($120.56 in chips) 
Seat 2: wiley2025 ($62.81 in chips) 
Seat 3: skars07 ($101 in chips) 
Seat 4: XneferX ($127.77 in chips) 
Seat 5: z00mba ($100 in chips) 
Seat 6: Tibibacsi ($100 in chips) 
wiley2025: posts small blind $0.50
skars07: posts big blind $1
*** HOLE CARDS ***
XneferX: folds 
z00mba: folds 
Tibibacsi: folds 
shootingGRID: folds 
wiley2025: folds 
Uncalled bet ($0.50) returned to skars07
skars07 collected $1 from pot
skars07: doesn't show hand 
*** SUMMARY ***
Total pot $1 | Rake $0 
Seat 1: shootingGRID (button) folded before Flop (didn't bet)
Seat 2: wiley2025 (small blind) folded before Flop
Seat 3: skars07 (big blind) collected ($1)
Seat 4: XneferX folded before Flop (didn't bet)
Seat 5: z00mba folded before Flop (didn't bet)
Seat 6: Tibibacsi folded before Flop (didn't bet)



PokerStars Hand #254682476231:  Hold'em No Limit ($0.50/$1.00 USD) - 2025/02/02 2:33:59 WET [2025/02/02 21:33:59 ET]
Table 'Watsonia' 6-max Seat #2 is the button
Seat 1: shootingGRID ($120.56 in chips) 
Seat 2: wiley2025 ($62.31 in chips) 
Seat 3: skars07 ($101.50 in chips) 
Seat 4: XneferX ($127.77 in chips) 
Seat 5: z00mba ($100 in chips) 
Seat 6: Tibibacsi ($100 in chips) 
skars07: posts small blind $0.50
XneferX: posts big blind $1
*** HOLE CARDS ***
z00mba: folds 
Tibibacsi: folds 
shootingGRID: raises $1.25 to $2.25
wiley2025: folds 
skars07: folds 
XneferX: calls $1.25
*** FLOP *** [7s 5h 4d]
XneferX: checks 
shootingGRID: checks 
*** TURN *** [7s 5h 4d] [Ac]
XneferX: bets $1.62
shootingGRID: folds 
Uncalled bet ($1.62) returned to XneferX
XneferX collected $4.75 from pot
XneferX: doesn't show hand 
*** SUMMARY ***
Total pot $5 | Rake $0.25 
Board [7s 5h 4d Ac]
Seat 1: shootingGRID folded on the Turn
Seat 2: wiley2025 (button) folded before Flop (didn't bet)
Seat 3: skars07 (small blind) folded before Flop
Seat 4: XneferX (big blind) collected ($4.75)
Seat 5: z00mba folded before Flop (didn't bet)
Seat 6: Tibibacsi folded before Flop (didn't bet)



PokerStars Hand #254682542057:  Hold'em No Limit ($0.50/$1.00 USD) - 2025/02/02 2:41:37 WET [2025/02/02 21:41:37 ET]
Table 'Watsonia' 6-max Seat #4 is the button
Seat 1: shootingGRID ($120.01 in chips) 
Seat 2: wiley2025 ($66.97 in chips) 
Seat 3: skars07 ($100.40 in chips) 
Seat 4: XneferX ($129.77 in chips) 
Seat 5: z00mba ($100 in chips) 
Seat 6: Tibibacsi ($100 in chips) 
z00mba: posts small blind $0.50
Tibibacsi: posts big blind $1
*** HOLE CARDS ***
shootingGRID: folds 
wiley2025: folds 
skars07: folds 
XneferX: folds 
z00mba: folds 
Uncalled bet ($0.50) returned to Tibibacsi
Tibibacsi collected $1 from pot
Tibibacsi: doesn't show hand 
*** SUMMARY ***
Total pot $1 | Rake $0 
Seat 1: shootingGRID folded before Flop (didn't bet)
Seat 2: wiley2025 folded before Flop (didn't bet)
Seat 3: skars07 folded before Flop (didn't bet)
Seat 4: XneferX (button) folded before Flop (didn't bet)
Seat 5: z00mba (small blind) folded before Flop
Seat 6: Tibibacsi (big blind) collected ($1)



PokerStars Hand #254682543995:  Hold'em No Limit ($0.50/$1.00 USD) - 2025/02/02 2:41:51 WET [2025/02/02 21:41:51 ET]
Table 'Watsonia' 6-max Seat #5 is the button
Seat 1: shootingGRID ($120.01 in chips) 
Seat 2: wiley2025 ($66.97 in chips) 
Seat 3: skars07 ($100.40 in chips) 
Seat 4: XneferX ($129.77 in chips) 
Seat 5: z00mba ($100 in chips) 
Seat 6: Tibibacsi ($100.50 in chips) 
Tibibacsi: posts small blind $0.50
shootingGRID: posts big blind $1
*** HOLE CARDS ***
wiley2025: folds 
skars07: raises $1.50 to $2.50
XneferX: folds 
z00mba: folds 
Tibibacsi: folds 
shootingGRID: folds 
Uncalled bet ($1.50) returned to skars07
skars07 collected $2.50 from pot
skars07: doesn't show hand 
*** SUMMARY ***
Total pot $2.50 | Rake $0 
Seat 1: shootingGRID (big blind) folded before Flop
Seat 2: wiley2025 folded before Flop (didn't bet)
Seat 3: skars07 collected ($2.50)
Seat 4: XneferX folded before Flop (didn't bet)
Seat 5: z00mba (button) folded before Flop (didn't bet)
Seat 6: Tibibacsi (small blind) folded before Flop



PokerStars Hand #254682550344:  Hold'em No Limit ($0.50/$1.00 USD) - 2025/02/02 2:42:35 WET [2025/02/02 21:42:35 ET]
Table 'Watsonia' 6-max Seat #6 is the button
Seat 1: shootingGRID ($119.01 in chips) 
Seat 2: wiley2025 ($66.97 in chips) 
Seat 3: skars07 ($101.90 in chips) 
Seat 4: XneferX ($129.77 in chips) 
Seat 5: z00mba ($100 in chips) 
Seat 6: Tibibacsi ($100 in chips) 
shootingGRID: posts small blind $0.50
wiley2025: posts big blind $1
*** HOLE CARDS ***
skars07: folds 
XneferX: folds 
z00mba: raises $1.50 to $2.50
Tibibacsi: folds 
shootingGRID: folds 
wiley2025: calls $1.50
*** FLOP *** [4d 9d Js]
wiley2025: checks 
z00mba: checks 
*** TURN *** [4d 9d Js] [5h]
wiley2025: checks 
z00mba: checks 
*** RIVER *** [4d 9d Js 5h] [3d]
wiley2025: bets $1
z00mba: folds 
Uncalled bet ($1) returned to wiley2025
wiley2025 collected $5.22 from pot
*** SUMMARY ***
Total pot $5.50 | Rake $0.28 
Board [4d 9d Js 5h 3d]
Seat 1: shootingGRID (small blind) folded before Flop
Seat 2: wiley2025 (big blind) collected ($5.22)
Seat 3: skars07 folded before Flop (didn't bet)
Seat 4: XneferX folded before Flop (didn't bet)
Seat 5: z00mba folded on the River
Seat 6: Tibibacsi (button) folded before Flop (didn't bet)



PokerStars Hand #254682558821:  Hold'em No Limit ($0.50/$1.00 USD) - 2025/02/02 2:43:35 WET [2025/02/02 21:43:35 ET]
Table 'Watsonia' 6-max Seat #1 is the button
Seat 1: shootingGRID ($118.51 in chips) 
Seat 2: wiley2025 ($69.69 in chips) 
Seat 3: skars07 ($101.90 in chips) 
Seat 4: XneferX ($129.77 in chips) 
Seat 5: z00mba ($100 in chips) 
Seat 6: Tibibacsi ($100 in chips) 
wiley2025: posts small blind $0.50
skars07: posts big blind $1
*** HOLE CARDS ***
XneferX: raises $1.10 to $2.10
z00mba: folds 
Tibibacsi: folds 
shootingGRID: raises $4.90 to $7
wiley2025: folds 
skars07: folds 
XneferX: folds 
Uncalled bet ($4.90) returned to shootingGRID
shootingGRID collected $5.70 from pot
*** SUMMARY ***
Total pot $5.70 | Rake $0 
Seat 1: shootingGRID (button) collected ($5.70)
Seat 2: wiley2025 (small blind) folded before Flop
Seat 3: skars07 (big blind) folded before Flop
Seat 4: XneferX folded before Flop
Seat 5: z00mba folded before Flop (didn't bet)
Seat 6: Tibibacsi folded before Flop (didn't bet)



PokerStars Hand #254682563803:  Hold'em No Limit ($0.50/$1.00 USD) - 2025/02/02 2:44:09 WET [2025/02/02 21:44:09 ET]
Table 'Watsonia' 6-max Seat #2 is the button
Seat 1: shootingGRID ($122.11 in chips) 
Seat 2: wiley2025 ($69.19 in chips) 
Seat 3: skars07 ($100.90 in chips) 
Seat 4: XneferX ($127.67 in chips) 
Seat 5: z00mba ($100 in chips) 
Seat 6: Tibibacsi ($100 in chips) 
skars07: posts small blind $0.50
XneferX: posts big blind $1
*** HOLE CARDS ***
z00mba: folds 
Tibibacsi: folds 
shootingGRID: folds 
wiley2025: folds 
skars07: folds 
Uncalled bet ($0.50) returned to XneferX
XneferX collected $1 from pot
XneferX: doesn't show hand 
*** SUMMARY ***
Total pot $1 | Rake $0 
Seat 1: shootingGRID folded before Flop (didn't bet)
Seat 2: wiley2025 (button) folded before Flop (didn't bet)
Seat 3: skars07 (small blind) folded before Flop
Seat 4: XneferX (big blind) collected ($1)
Seat 5: z00mba folded before Flop (didn't bet)
Seat 6: Tibibacsi folded before Flop (didn't bet)



PokerStars Hand #254682565993:  Hold'em No Limit ($0.50/$1.00 USD) - 2025/02/02 2:44:25 WET [2025/02/02 21:44:25 ET]
Table 'Watsonia' 6-max Seat #3 is the button
Seat 1: shootingGRID ($122.11 in chips) 
Seat 2: wiley2025 ($69.19 in chips) 
Seat 3: skars07 ($100.40 in chips) 
Seat 4: XneferX ($128.17 in chips) 
Seat 5: z00mba ($100 in chips) 
Seat 6: Tibibacsi ($100 in chips) 
XneferX: posts small blind $0.50
z00mba: posts big blind $1
*** HOLE CARDS ***
Tibibacsi: folds 
shootingGRID: raises $1.25 to $2.25
wiley2025: folds 
skars07: folds 
XneferX: folds 
z00mba: folds 
Uncalled bet ($1.25) returned to shootingGRID
shootingGRID collected $2.50 from pot
*** SUMMARY ***
Total pot $2.50 | Rake $0 
Seat 1: shootingGRID collected ($2.50)
Seat 2: wiley2025 folded before Flop (didn't bet)
Seat 3: skars07 (button) folded before Flop (didn't bet)
Seat 4: XneferX (small blind) folded before Flop
Seat 5: z00mba (big blind) folded before Flop
Seat 6: Tibibacsi folded before Flop (didn't bet)



PokerStars Hand #254682570095:  Hold'em No Limit ($0.50/$1.00 USD) - 2025/02/02 2:44:54 WET [2025/02/02 21:44:54 ET]
Table 'Watsonia' 6-max Seat #4 is the button
Seat 1: shootingGRID ($123.61 in chips) 
Seat 2: wiley2025 ($69.19 in chips) 
Seat 3: skars07 ($100.40 in chips) 
Seat 4: XneferX ($127.67 in chips) 
Seat 5: z00mba ($100 in chips) 
Seat 6: Tibibacsi ($100 in chips) 
z00mba: posts small blind $0.50
Tibibacsi: posts big blind $1
*** HOLE CARDS ***
shootingGRID: folds 
wiley2025: folds 
skars07: folds 
XneferX: folds 
z00mba: folds 
Uncalled bet ($0.50) returned to Tibibacsi
Tibibacsi collected $1 from pot
Tibibacsi: doesn't show hand 
*** SUMMARY ***
Total pot $1 | Rake $0 
Seat 1: shootingGRID folded before Flop (didn't bet)
Seat 2: wiley2025 folded before Flop (didn't bet)
Seat 3: skars07 folded before Flop (didn't bet)
Seat 4: XneferX (button) folded before Flop (didn't bet)
Seat 5: z00mba (small blind) folded before Flop
Seat 6: Tibibacsi (big blind) collected ($1)



PokerStars Hand #254682572790:  Hold'em No Limit ($0.50/$1.00 USD) - 2025/02/02 2:45:13 WET [2025/02/02 21:45:13 ET]
Table 'Watsonia' 6-max Seat #5 is the button
Seat 1: shootingGRID ($123.61 in chips) 
Seat 2: wiley2025 ($69.19 in chips) 
Seat 3: skars07 ($100.40 in chips) 
Seat 4: XneferX ($127.67 in chips) 
Seat 5: z00mba ($100 in chips) 
Seat 6: Tibibacsi ($100.50 in chips) 
Tibibacsi: posts small blind $0.50
shootingGRID: posts big blind $1
*** HOLE CARDS ***
wiley2025: calls $1
skars07: folds 
XneferX: raises $3 to $4
z00mba: folds 
Tibibacsi: folds 
shootingGRID: folds 
wiley2025: calls $3
*** FLOP *** [Kc Js Qs]
wiley2025: checks 
XneferX: bets $3.07
wiley2025: calls $3.07
*** TURN *** [Kc Js Qs] [2c]
wiley2025: checks 
XneferX: bets $5.05
wiley2025: calls $5.05
*** RIVER *** [Kc Js Qs 2c] [5s]
wiley2025: checks 
XneferX: checks 
*** SHOW DOWN ***
wiley2025: shows [Th Kh] (a pair of Kings)
XneferX: shows [As Ac] (a pair of Aces)
XneferX collected $24.45 from pot
*** SUMMARY ***
Total pot $25.74 | Rake $1.29 
Board [Kc Js Qs 2c 5s]
Seat 1: shootingGRID (big blind) folded before Flop
Seat 2: wiley2025 showed [Th Kh] and lost with a pair of Kings
Seat 3: skars07 folded before Flop (didn't bet)
Seat 4: XneferX showed [As Ac] and won ($24.45) with a pair of Aces
Seat 5: z00mba (button) folded before Flop (didn't bet)
Seat 6: Tibibacsi (small blind) folded before Flop



PokerStars Hand #254682580423:  Hold'em No Limit ($0.50/$1.00 USD) - 2025/02/02 2:46:07 WET [2025/02/02 21:46:07 ET]
Table 'Watsonia' 6-max Seat #6 is the button
Seat 1: shootingGRID ($122.61 in chips) 
Seat 2: wiley2025 ($57.07 in chips) 
Seat 3: skars07 ($100.40 in chips) 
Seat 4: XneferX ($140 in chips) 
Seat 5: z00mba ($100 in chips) 
Seat 6: Tibibacsi ($100 in chips) 
shootingGRID: posts small blind $0.50
wiley2025: posts big blind $1
*** HOLE CARDS ***
skars07: raises $1.50 to $2.50
XneferX: folds 
z00mba: folds 
Tibibacsi: calls $2.50
shootingGRID: folds 
wiley2025: calls $1.50
*** FLOP *** [8h Qc 4h]
wiley2025: checks 
skars07: checks 
Tibibacsi: checks 
*** TURN *** [8h Qc 4h] [2c]
wiley2025: bets $2
skars07: raises $5.50 to $7.50
Tibibacsi: folds 
wiley2025: calls $5.50
*** RIVER *** [8h Qc 4h 2c] [9h]
wiley2025: checks 
skars07: checks 
*** SHOW DOWN ***
wiley2025: shows [Jc 8c] (a pair of Eights)
skars07: mucks hand 
wiley2025 collected $21.85 from pot
*** SUMMARY ***
Total pot $23 | Rake $1.15 
Board [8h Qc 4h 2c 9h]
Seat 1: shootingGRID (small blind) folded before Flop
Seat 2: wiley2025 (big blind) showed [Jc 8c] and won ($21.85) with a pair of Eights
Seat 3: skars07 mucked
Seat 4: XneferX folded before Flop (didn't bet)
Seat 5: z00mba folded before Flop (didn't bet)
Seat 6: Tibibacsi (button) folded on the Turn



PokerStars Hand #254682589038:  Hold'em No Limit ($0.50/$1.00 USD) - 2025/02/02 2:47:09 WET [2025/02/02 21:47:09 ET]
Table 'Watsonia' 6-max Seat #1 is the button
Seat 1: shootingGRID ($122.11 in chips) 
Seat 2: wiley2025 ($68.92 in chips) 
Seat 3: skars07 ($100 in chips) 
Seat 4: XneferX ($140 in chips) 
Seat 5: z00mba ($100 in chips) 
Seat 6: Tibibacsi ($100 in chips) 
wiley2025: posts small blind $0.50
skars07: posts big blind $1
*** HOLE CARDS ***
XneferX: folds 
z00mba: folds 
Tibibacsi: raises $1 to $2
shootingGRID: calls $2
wiley2025: folds 
skars07: calls $1
*** FLOP *** [Kc 4s 3s]
skars07: checks 
Tibibacsi: checks 
shootingGRID: bets $2.04
skars07: calls $2.04
Tibibacsi: calls $2.04
*** TURN *** [Kc 4s 3s] [Td]
skars07: checks 
Tibibacsi: checks 
shootingGRID: checks 
*** RIVER *** [Kc 4s 3s Td] [Ks]
skars07: checks 
Tibibacsi: checks 
shootingGRID: checks 
*** SHOW DOWN ***
skars07: shows [Ts Kd] (a full house, Kings full of Tens)
Tibibacsi: mucks hand 
shootingGRID: mucks hand 
skars07 collected $11.99 from pot
*** SUMMARY ***
Total pot $12.62 | Rake $0.63 
Board [Kc 4s 3s Td Ks]
Seat 1: shootingGRID (button) mucked
Seat 2: wiley2025 (small blind) folded before Flop
Seat 3: skars07 (big blind) showed [Ts Kd] and won ($11.99) with a full house, Kings full of Tens
Seat 4: XneferX folded before Flop (didn't bet)
Seat 5: z00mba folded before Flop (didn't bet)
Seat 6: Tibibacsi mucked



PokerStars Hand #254682602110:  Hold'em No Limit ($0.50/$1.00 USD) - 2025/02/02 2:48:44 WET [2025/02/02 21:48:44 ET]
Table 'Watsonia' 6-max Seat #2 is the button
Seat 1: shootingGRID ($118.07 in chips) 
Seat 2: wiley2025 ($68.42 in chips) 
Seat 3: skars07 ($107.95 in chips) 
Seat 4: XneferX ($140 in chips) 
Seat 5: z00mba ($100 in chips) 
Seat 6: Tibibacsi ($100 in chips) 
skars07: posts small blind $0.50
XneferX: posts big blind $1
*** HOLE CARDS ***
z00mba: folds 
Tibibacsi: raises $1 to $2
shootingGRID: folds 
wiley2025: folds 
skars07: folds 
XneferX: folds 
Uncalled bet ($1) returned to Tibibacsi
Tibibacsi collected $2.50 from pot
Tibibacsi: doesn't show hand 
*** SUMMARY ***
Total pot $2.50 | Rake $0 
Seat 1: shootingGRID folded before Flop (didn't bet)
Seat 2: wiley2025 (button) folded before Flop (didn't bet)
Seat 3: skars07 (small blind) folded before Flop
Seat 4: XneferX (big blind) folded before Flop
Seat 5: z00mba folded before Flop (didn't bet)
Seat 6: Tibibacsi collected ($2.50)



PokerStars Hand #254682607070:  Hold'em No Limit ($0.50/$1.00 USD) - 2025/02/02 2:49:20 WET [2025/02/02 21:49:20 ET]
Table 'Watsonia' 6-max Seat #3 is the button
Seat 1: shootingGRID ($118.07 in chips) 
Seat 2: wiley2025 ($68.42 in chips) 
Seat 3: skars07 ($107.45 in chips) 
Seat 4: XneferX ($139 in chips) 
Seat 5: z00mba ($100 in chips) 
Seat 6: Tibibacsi ($101.50 in chips) 
XneferX: posts small blind $0.50
z00mba: posts big blind $1
*** HOLE CARDS ***
Tibibacsi: raises $1 to $2
shootingGRID: folds 
wiley2025: folds 
skars07: folds 
XneferX: folds 
z00mba: folds 
Uncalled bet ($1) returned to Tibibacsi
Tibibacsi collected $2.50 from pot
Tibibacsi: doesn't show hand 
*** SUMMARY ***
Total pot $2.50 | Rake $0 
Seat 1: shootingGRID folded before Flop (didn't bet)
Seat 2: wiley2025 folded before Flop (didn't bet)
Seat 3: skars07 (button) folded before Flop (didn't bet)
Seat 4: XneferX (small blind) folded before Flop
Seat 5: z00mba (big blind) folded before Flop
Seat 6: Tibibacsi collected ($2.50)



PokerStars Hand #254682610711:  Hold'em No Limit ($0.50/$1.00 USD) - 2025/02/02 2:49:47 WET [2025/02/02 21:49:47 ET]
Table 'Watsonia' 6-max Seat #4 is the button
Seat 1: shootingGRID ($118.07 in chips) 
Seat 2: wiley2025 ($68.42 in chips) 
Seat 3: skars07 ($107.45 in chips) 
Seat 4: XneferX ($138.50 in chips) 
Seat 5: z00mba ($100 in chips) 
Seat 6: Tibibacsi ($103 in chips) 
z00mba: posts small blind $0.50
Tibibacsi: posts big blind $1
*** HOLE CARDS ***
shootingGRID: raises $1.25 to $2.25
wiley2025: folds 
skars07: raises $5.75 to $8
XneferX: folds 
z00mba: folds 
Tibibacsi: folds 
shootingGRID: folds 
Uncalled bet ($5.75) returned to skars07
skars07 collected $6 from pot
skars07: doesn't show hand 
*** SUMMARY ***
Total pot $6 | Rake $0 
Seat 1: shootingGRID folded before Flop
Seat 2: wiley2025 folded before Flop (didn't bet)
Seat 3: skars07 collected ($6)
Seat 4: XneferX (button) folded before Flop (didn't bet)
Seat 5: z00mba (small blind) folded before Flop
Seat 6: Tibibacsi (big blind) folded before Flop



PokerStars Hand #254682614529:  Hold'em No Limit ($0.50/$1.00 USD) - 2025/02/02 2:50:15 WET [2025/02/02 21:50:15 ET]
Table 'Watsonia' 6-max Seat #5 is the button
Seat 1: shootingGRID ($115.82 in chips) 
Seat 2: wiley2025 ($68.42 in chips) 
Seat 3: skars07 ($111.20 in chips) 
Seat 4: XneferX ($138.50 in chips) 
Seat 5: z00mba ($100 in chips) 
Seat 6: Tibibacsi ($102 in chips) 
Tibibacsi: posts small blind $0.50
shootingGRID: posts big blind $1
*** HOLE CARDS ***
wiley2025: folds 
skars07: folds 
XneferX: raises $1.30 to $2.30
z00mba: folds 
Tibibacsi: folds 
shootingGRID: folds 
Uncalled bet ($1.30) returned to XneferX
XneferX collected $2.50 from pot
XneferX: doesn't show hand 
*** SUMMARY ***
Total pot $2.50 | Rake $0 
Seat 1: shootingGRID (big blind) folded before Flop
Seat 2: wiley2025 folded before Flop (didn't bet)
Seat 3: skars07 folded before Flop (didn't bet)
Seat 4: XneferX collected ($2.50)
Seat 5: z00mba (button) folded before Flop (didn't bet)
Seat 6: Tibibacsi (small blind) folded before Flop



PokerStars Hand #254682618300:  Hold'em No Limit ($0.50/$1.00 USD) - 2025/02/02 2:50:43 WET [2025/02/02 21:50:43 ET]
Table 'Watsonia' 6-max Seat #6 is the button
Seat 1: shootingGRID ($114.82 in chips) 
Seat 2: wiley2025 ($68.42 in chips) 
Seat 3: skars07 ($111.20 in chips) 
Seat 4: XneferX ($140 in chips) 
Seat 5: z00mba ($100 in chips) 
Seat 6: Tibibacsi ($101.50 in chips) 
shootingGRID: posts small blind $0.50
wiley2025: posts big blind $1
*** HOLE CARDS ***
skars07: folds 
XneferX: folds 
z00mba: raises $1.50 to $2.50
Tibibacsi: folds 
shootingGRID: folds 
wiley2025: folds 
Uncalled bet ($1.50) returned to z00mba
z00mba collected $2.50 from pot
z00mba: doesn't show hand 
*** SUMMARY ***
Total pot $2.50 | Rake $0 
Seat 1: shootingGRID (small blind) folded before Flop
Seat 2: wiley2025 (big blind) folded before Flop
Seat 3: skars07 folded before Flop (didn't bet)
Seat 4: XneferX folded before Flop (didn't bet)
Seat 5: z00mba collected ($2.50)
Seat 6: Tibibacsi (button) folded before Flop (didn't bet)



PokerStars Hand #254682621812:  Hold'em No Limit ($0.50/$1.00 USD) - 2025/02/02 2:51:09 WET [2025/02/02 21:51:09 ET]
Table 'Watsonia' 6-max Seat #1 is the button
Seat 1: shootingGRID ($114.32 in chips) 
Seat 2: wiley2025 ($67.42 in chips) 
Seat 3: skars07 ($111.20 in chips) 
Seat 4: XneferX ($140 in chips) 
Seat 5: z00mba ($101.50 in chips) 
Seat 6: Tibibacsi ($101.50 in chips) 
wiley2025: posts small blind $0.50
skars07: posts big blind $1
*** HOLE CARDS ***
XneferX: folds 
z00mba: folds 
Tibibacsi: raises $1 to $2
shootingGRID: folds 
wiley2025: calls $1.50
skars07: folds 
*** FLOP *** [9c Js 3d]
wiley2025: checks 
Tibibacsi: bets $1.19
wiley2025: calls $1.19
*** TURN *** [9c Js 3d] [2h]
wiley2025: checks 
Tibibacsi: checks 
*** RIVER *** [9c Js 3d 2h] [4d]
wiley2025: checks 
Tibibacsi: checks 
*** SHOW DOWN ***
wiley2025: shows [9d 8d] (a pair of Nines)
Tibibacsi: mucks hand 
wiley2025 collected $7.01 from pot
*** SUMMARY ***
Total pot $7.38 | Rake $0.37 
Board [9c Js 3d 2h 4d]
Seat 1: shootingGRID (button) folded before Flop (didn't bet)
Seat 2: wiley2025 (small blind) showed [9d 8d] and won ($7.01) with a pair of Nines
Seat 3: skars07 (big blind) folded before Flop
Seat 4: XneferX folded before Flop (didn't bet)
Seat 5: z00mba folded before Flop (didn't bet)
Seat 6: Tibibacsi mucked



PokerStars Hand #254682630557:  Hold'em No Limit ($0.50/$1.00 USD) - 2025/02/02 2:52:14 WET [2025/02/02 21:52:14 ET]
Table 'Watsonia' 6-max Seat #2 is the button
Seat 1: shootingGRID ($114.32 in chips) 
Seat 2: wiley2025 ($71.24 in chips) 
Seat 3: skars07 ($110.20 in chips) 
Seat 4: XneferX ($140 in chips) 
Seat 5: z00mba ($101.50 in chips) 
Seat 6: Tibibacsi ($100 in chips) 
skars07: posts small blind $0.50
XneferX: posts big blind $1
*** HOLE CARDS ***
z00mba: raises $1.50 to $2.50
Tibibacsi: folds 
shootingGRID: folds 
wiley2025: folds 
skars07: folds 
XneferX: folds 
Uncalled bet ($1.50) returned to z00mba
z00mba collected $2.50 from pot
z00mba: doesn't show hand 
*** SUMMARY ***
Total pot $2.50 | Rake $0 
Seat 1: shootingGRID folded before Flop (didn't bet)
Seat 2: wiley2025 (button) folded before Flop (didn't bet)
Seat 3: skars07 (small blind) folded before Flop
Seat 4: XneferX (big blind) folded before Flop
Seat 5: z00mba collected ($2.50)
Seat 6: Tibibacsi folded before Flop (didn't bet)



PokerStars Hand #254682634276:  Hold'em No Limit ($0.50/$1.00 USD) - 2025/02/02 2:52:42 WET [2025/02/02 21:52:42 ET]
Table 'Watsonia' 6-max Seat #3 is the button
Seat 1: shootingGRID ($114.32 in chips) 
Seat 2: wiley2025 ($71.24 in chips) 
Seat 3: skars07 ($109.70 in chips) 
Seat 4: XneferX ($139 in chips) 
Seat 5: z00mba ($103 in chips) 
Seat 6: Tibibacsi ($100 in chips) 
XneferX: posts small blind $0.50
z00mba: posts big blind $1
*** HOLE CARDS ***
Tibibacsi: folds 
shootingGRID: raises $1.25 to $2.25
wiley2025: folds 
skars07: folds 
XneferX: folds 
z00mba: raises $9.25 to $11.50
shootingGRID: folds 
Uncalled bet ($9.25) returned to z00mba
z00mba collected $5 from pot
z00mba: doesn't show hand 
*** SUMMARY ***
Total pot $5 | Rake $0 
Seat 1: shootingGRID folded before Flop
Seat 2: wiley2025 folded before Flop (didn't bet)
Seat 3: skars07 (button) folded before Flop (didn't bet)
Seat 4: XneferX (small blind) folded before Flop
Seat 5: z00mba (big blind) collected ($5)
Seat 6: Tibibacsi folded before Flop (didn't bet)



PokerStars Hand #254682640501:  Hold'em No Limit ($0.50/$1.00 USD) - 2025/02/02 2:53:28 WET [2025/02/02 21:53:28 ET]
Table 'Watsonia' 6-max Seat #4 is the button
Seat 1: shootingGRID ($112.07 in chips) 
Seat 2: wiley2025 ($71.24 in chips) 
Seat 3: skars07 ($109.70 in chips) 
Seat 4: XneferX ($138.50 in chips) 
Seat 5: z00mba ($105.75 in chips) 
Seat 6: Tibibacsi ($100 in chips) 
z00mba: posts small blind $0.50
Tibibacsi: posts big blind $1
*** HOLE CARDS ***
shootingGRID: folds 
wiley2025: folds 
skars07: folds 
XneferX: folds 
z00mba: folds 
Uncalled bet ($0.50) returned to Tibibacsi
Tibibacsi collected $1 from pot
Tibibacsi: doesn't show hand 
*** SUMMARY ***
Total pot $1 | Rake $0 
Seat 1: shootingGRID folded before Flop (didn't bet)
Seat 2: wiley2025 folded before Flop (didn't bet)
Seat 3: skars07 folded before Flop (didn't bet)
Seat 4: XneferX (button) folded before Flop (didn't bet)
Seat 5: z00mba (small blind) folded before Flop
Seat 6: Tibibacsi (big blind) collected ($1)



PokerStars Hand #254682643310:  Hold'em No Limit ($0.50/$1.00 USD) - 2025/02/02 2:53:49 WET [2025/02/02 21:53:49 ET]
Table 'Watsonia' 6-max Seat #5 is the button
Seat 1: shootingGRID ($112.07 in chips) 
Seat 2: wiley2025 ($71.24 in chips) 
Seat 3: skars07 ($109.70 in chips) 
Seat 4: XneferX ($138.50 in chips) 
Seat 5: z00mba ($105.25 in chips) 
Seat 6: Tibibacsi ($100.50 in chips) 
Tibibacsi: posts small blind $0.50
shootingGRID: posts big blind $1
*** HOLE CARDS ***
wiley2025: raises $1 to $2
skars07: folds 
XneferX: folds 
z00mba: folds 
Tibibacsi: folds 
shootingGRID: calls $1
*** FLOP *** [5d 7h 4s]
shootingGRID: checks 
wiley2025: checks 
*** TURN *** [5d 7h 4s] [2h]
shootingGRID: bets $3.21
wiley2025: folds 
Uncalled bet ($3.21) returned to shootingGRID
shootingGRID collected $4.28 from pot
*** SUMMARY ***
Total pot $4.50 | Rake $0.22 
Board [5d 7h 4s 2h]
Seat 1: shootingGRID (big blind) collected ($4.28)
Seat 2: wiley2025 folded on the Turn
Seat 3: skars07 folded before Flop (didn't bet)
Seat 4: XneferX folded before Flop (didn't bet)
Seat 5: z00mba (button) folded before Flop (didn't bet)
Seat 6: Tibibacsi (small blind) folded before Flop



PokerStars Hand #254682647297:  Hold'em No Limit ($0.50/$1.00 USD) - 2025/02/02 2:54:19 WET [2025/02/02 21:54:19 ET]
Table 'Watsonia' 6-max Seat #6 is the button
Seat 1: shootingGRID ($114.35 in chips) 
Seat 2: wiley2025 ($69.24 in chips) 
Seat 3: skars07 ($109.70 in chips) 
Seat 4: XneferX ($138.50 in chips) 
Seat 5: z00mba ($105.25 in chips) 
Seat 6: Tibibacsi ($100 in chips) 
shootingGRID: posts small blind $0.50
wiley2025: posts big blind $1
*** HOLE CARDS ***
skars07: folds 
XneferX: folds 
z00mba: folds 
Tibibacsi: folds 
shootingGRID: raises $2 to $3
wiley2025: folds 
Uncalled bet ($2) returned to shootingGRID
shootingGRID collected $2 from pot
*** SUMMARY ***
Total pot $2 | Rake $0 
Seat 1: shootingGRID (small blind) collected ($2)
Seat 2: wiley2025 (big blind) folded before Flop
Seat 3: skars07 folded before Flop (didn't bet)
Seat 4: XneferX folded before Flop (didn't bet)
Seat 5: z00mba folded before Flop (didn't bet)
Seat 6: Tibibacsi (button) folded before Flop (didn't bet)



PokerStars Hand #254682484212:  Hold'em No Limit ($0.50/$1.00 USD) - 2025/02/02 2:34:54 WET [2025/02/02 21:34:54 ET]
Table 'Watsonia' 6-max Seat #3 is the button
Seat 5: z00mba ($100 in chips) is sitting out
Seat 1: shootingGRID ($118.31 in chips) 
Seat 2: wiley2025 ($62.31 in chips) 
Seat 3: skars07 ($101 in chips) 
Seat 4: XneferX ($130.27 in chips) 
Seat 6: Tibibacsi ($100 in chips) 
XneferX: posts small blind $0.50
z00mba: is sitting out 
Tibibacsi: posts big blind $1
*** HOLE CARDS ***
shootingGRID: raises $1.25 to $2.25
wiley2025: folds 
skars07: folds 
XneferX: folds 
Tibibacsi: folds 
Uncalled bet ($1.25) returned to shootingGRID
shootingGRID collected $2.50 from pot
*** SUMMARY ***
Total pot $2.50 | Rake $0 
Seat 5: z00mba
Seat 1: shootingGRID collected ($2.50)
Seat 2: wiley2025 folded before Flop (didn't bet)
Seat 3: skars07 (button) folded before Flop (didn't bet)
Seat 4: XneferX (small blind) folded before Flop
Seat 6: Tibibacsi (big blind) folded before Flop



PokerStars Hand #254682486816:  Hold'em No Limit ($0.50/$1.00 USD) - 2025/02/02 2:35:12 WET [2025/02/02 21:35:12 ET]
Table 'Watsonia' 6-max Seat #4 is the button
Seat 5: z00mba ($100 in chips) is sitting out
Seat 1: shootingGRID ($119.81 in chips) 
Seat 2: wiley2025 ($62.31 in chips) 
Seat 3: skars07 ($101 in chips) 
Seat 4: XneferX ($129.77 in chips) 
Seat 6: Tibibacsi ($100 in chips) 
Tibibacsi: posts small blind $0.50
shootingGRID: posts big blind $1
*** HOLE CARDS ***
wiley2025: folds 
skars07: raises $1.50 to $2.50
XneferX: folds 
Tibibacsi: folds 
shootingGRID: folds 
Uncalled bet ($1.50) returned to skars07
skars07 collected $2.50 from pot
skars07: doesn't show hand 
*** SUMMARY ***
Total pot $2.50 | Rake $0 
Seat 5: z00mba
Seat 1: shootingGRID (big blind) folded before Flop
Seat 2: wiley2025 folded before Flop (didn't bet)
Seat 3: skars07 collected ($2.50)
Seat 4: XneferX (button) folded before Flop (didn't bet)
Seat 6: Tibibacsi (small blind) folded before Flop



PokerStars Hand #254682491693:  Hold'em No Limit ($0.50/$1.00 USD) - 2025/02/02 2:35:46 WET [2025/02/02 21:35:46 ET]
Table 'Watsonia' 6-max Seat #6 is the button
Seat 5: z00mba ($100 in chips) is sitting out
Seat 1: shootingGRID ($118.81 in chips) 
Seat 2: wiley2025 ($62.31 in chips) 
Seat 3: skars07 ($102.50 in chips) 
Seat 4: XneferX ($129.77 in chips) 
Seat 6: Tibibacsi ($100 in chips) 
shootingGRID: posts small blind $0.50
wiley2025: posts big blind $1
*** HOLE CARDS ***
skars07: raises $1.50 to $2.50
XneferX: folds 
Tibibacsi: folds 
shootingGRID: folds 
wiley2025: folds 
Uncalled bet ($1.50) returned to skars07
skars07 collected $2.50 from pot
skars07: doesn't show hand 
*** SUMMARY ***
Total pot $2.50 | Rake $0 
Seat 5: z00mba
Seat 1: shootingGRID (small blind) folded before Flop
Seat 2: wiley2025 (big blind) folded before Flop
Seat 3: skars07 collected ($2.50)
Seat 4: XneferX folded before Flop (didn't bet)
Seat 6: Tibibacsi (button) folded before Flop (didn't bet)



PokerStars Hand #254682495120:  Hold'em No Limit ($0.50/$1.00 USD) - 2025/02/02 2:36:10 WET [2025/02/02 21:36:10 ET]
Table 'Watsonia' 6-max Seat #1 is the button
Seat 5: z00mba ($100 in chips) is sitting out
Seat 1: shootingGRID ($118.31 in chips) 
Seat 2: wiley2025 ($61.31 in chips) 
Seat 3: skars07 ($104 in chips) 
Seat 4: XneferX ($129.77 in chips) 
Seat 6: Tibibacsi ($100 in chips) 
wiley2025: posts small blind $0.50
skars07: posts big blind $1
*** HOLE CARDS ***
XneferX: raises $1.10 to $2.10
Tibibacsi: folds 
shootingGRID: folds 
wiley2025: folds 
skars07: folds 
Uncalled bet ($1.10) returned to XneferX
XneferX collected $2.50 from pot
XneferX: doesn't show hand 
*** SUMMARY ***
Total pot $2.50 | Rake $0 
Seat 5: z00mba
Seat 1: shootingGRID (button) folded before Flop (didn't bet)
Seat 2: wiley2025 (small blind) folded before Flop
Seat 3: skars07 (big blind) folded before Flop
Seat 4: XneferX collected ($2.50)
Seat 6: Tibibacsi folded before Flop (didn't bet)



PokerStars Hand #254682498493:  Hold'em No Limit ($0.50/$1.00 USD) - 2025/02/02 2:36:33 WET [2025/02/02 21:36:33 ET]
Table 'Watsonia' 6-max Seat #2 is the button
Seat 5: z00mba ($100 in chips) is sitting out
Seat 1: shootingGRID ($118.31 in chips) 
Seat 2: wiley2025 ($60.81 in chips) 
Seat 3: skars07 ($103 in chips) 
Seat 4: XneferX ($131.27 in chips) 
Seat 6: Tibibacsi ($100 in chips) 
skars07: posts small blind $0.50
XneferX: posts big blind $1
*** HOLE CARDS ***
Tibibacsi: folds 
shootingGRID: folds 
wiley2025: calls $1
skars07: folds 
XneferX: checks 
*** FLOP *** [Jc As 4d]
XneferX: checks 
wiley2025: bets $1
XneferX: folds 
Uncalled bet ($1) returned to wiley2025
wiley2025 collected $2.38 from pot
*** SUMMARY ***
Total pot $2.50 | Rake $0.12 
Board [Jc As 4d]
Seat 5: z00mba
Seat 1: shootingGRID folded before Flop (didn't bet)
Seat 2: wiley2025 (button) collected ($2.38)
Seat 3: skars07 (small blind) folded before Flop
Seat 4: XneferX (big blind) folded on the Flop
Seat 6: Tibibacsi folded before Flop (didn't bet)



PokerStars Hand #254682503826:  Hold'em No Limit ($0.50/$1.00 USD) - 2025/02/02 2:37:11 WET [2025/02/02 21:37:11 ET]
Table 'Watsonia' 6-max Seat #3 is the button
Seat 5: z00mba ($100 in chips) is sitting out
Seat 1: shootingGRID ($118.31 in chips) 
Seat 2: wiley2025 ($62.19 in chips) 
Seat 3: skars07 ($102.50 in chips) 
Seat 4: XneferX ($130.27 in chips) 
Seat 6: Tibibacsi ($100 in chips) 
XneferX: posts small blind $0.50
Tibibacsi: posts big blind $1
*** HOLE CARDS ***
shootingGRID: raises $1.25 to $2.25
wiley2025: folds 
skars07: folds 
XneferX: folds 
Tibibacsi: folds 
Uncalled bet ($1.25) returned to shootingGRID
shootingGRID collected $2.50 from pot
*** SUMMARY ***
Total pot $2.50 | Rake $0 
Seat 5: z00mba
Seat 1: shootingGRID collected ($2.50)
Seat 2: wiley2025 folded before Flop (didn't bet)
Seat 3: skars07 (button) folded before Flop (didn't bet)
Seat 4: XneferX (small blind) folded before Flop
Seat 6: Tibibacsi (big blind) folded before Flop



PokerStars Hand #254682506984:  Hold'em No Limit ($0.50/$1.00 USD) - 2025/02/02 2:37:32 WET [2025/02/02 21:37:32 ET]
Table 'Watsonia' 6-max Seat #4 is the button
Seat 5: z00mba ($100 in chips) is sitting out
Seat 1: shootingGRID ($119.81 in chips) 
Seat 2: wiley2025 ($62.19 in chips) 
Seat 3: skars07 ($102.50 in chips) 
Seat 4: XneferX ($129.77 in chips) 
Seat 6: Tibibacsi ($100 in chips) 
Tibibacsi: posts small blind $0.50
shootingGRID: posts big blind $1
*** HOLE CARDS ***
wiley2025: calls $1
skars07: raises $3 to $4
XneferX: folds 
Tibibacsi: folds 
shootingGRID: calls $3
wiley2025: calls $3
*** FLOP *** [8h 2s Qc]
shootingGRID: checks 
wiley2025: checks 
skars07: checks 
*** TURN *** [8h 2s Qc] [9s]
shootingGRID: checks 
wiley2025: bets $1
skars07: calls $1
shootingGRID: folds 
*** RIVER *** [8h 2s Qc 9s] [6s]
wiley2025: bets $13.78
skars07: folds 
Uncalled bet ($13.78) returned to wiley2025
wiley2025 collected $13.78 from pot
*** SUMMARY ***
Total pot $14.50 | Rake $0.72 
Board [8h 2s Qc 9s 6s]
Seat 5: z00mba
Seat 1: shootingGRID (big blind) folded on the Turn
Seat 2: wiley2025 collected ($13.78)
Seat 3: skars07 folded on the River
Seat 4: XneferX (button) folded before Flop (didn't bet)
Seat 6: Tibibacsi (small blind) folded before Flop



PokerStars Hand #254682519091:  Hold'em No Limit ($0.50/$1.00 USD) - 2025/02/02 2:38:57 WET [2025/02/02 21:38:57 ET]
Table 'Watsonia' 6-max Seat #6 is the button
Seat 5: z00mba ($100 in chips) is sitting out
Seat 1: shootingGRID ($115.81 in chips) 
Seat 2: wiley2025 ($70.97 in chips) 
Seat 3: skars07 ($100 in chips) 
Seat 4: XneferX ($129.77 in chips) 
Seat 6: Tibibacsi ($100 in chips) 
shootingGRID: posts small blind $0.50
wiley2025: posts big blind $1
z00mba: sits out 
*** HOLE CARDS ***
skars07: folds 
XneferX: folds 
Tibibacsi: folds 
shootingGRID: raises $2 to $3
wiley2025: calls $2
*** FLOP *** [Td Qc 3s]
shootingGRID: checks 
wiley2025: checks 
*** TURN *** [Td Qc 3s] [7s]
shootingGRID: checks 
wiley2025: checks 
*** RIVER *** [Td Qc 3s 7s] [2h]
shootingGRID: checks 
wiley2025: checks 
*** SHOW DOWN ***
shootingGRID: shows [6h 6s] (a pair of Sixes)
wiley2025: mucks hand 
shootingGRID collected $5.70 from pot
*** SUMMARY ***
Total pot $6 | Rake $0.30 
Board [Td Qc 3s 7s 2h]
Seat 5: z00mba
Seat 1: shootingGRID (small blind) showed [6h 6s] and won ($5.70) with a pair of Sixes
Seat 2: wiley2025 (big blind) mucked
Seat 3: skars07 folded before Flop (didn't bet)
Seat 4: XneferX folded before Flop (didn't bet)
Seat 6: Tibibacsi (button) folded before Flop (didn't bet)



PokerStars Hand #254682525233:  Hold'em No Limit ($0.50/$1.00 USD) - 2025/02/02 2:39:40 WET [2025/02/02 21:39:40 ET]
Table 'Watsonia' 6-max Seat #1 is the button
Seat 5: z00mba ($100 in chips) is sitting out
Seat 1: shootingGRID ($118.51 in chips) 
Seat 2: wiley2025 ($67.97 in chips) 
Seat 3: skars07 ($100 in chips) 
Seat 4: XneferX ($129.77 in chips) 
Seat 6: Tibibacsi ($100 in chips) 
wiley2025: posts small blind $0.50
skars07: posts big blind $1
z00mba: sits out 
*** HOLE CARDS ***
XneferX: folds 
Tibibacsi: folds 
shootingGRID: folds 
wiley2025: calls $0.50
skars07: checks 
*** FLOP *** [8d 5h 7h]
wiley2025: checks 
skars07: checks 
*** TURN *** [8d 5h 7h] [Ad]
wiley2025: checks 
skars07: checks 
*** RIVER *** [8d 5h 7h Ad] [Jc]
wiley2025: checks 
skars07: bets $1.43
wiley2025: folds 
Uncalled bet ($1.43) returned to skars07
skars07 collected $1.90 from pot
skars07: doesn't show hand 
*** SUMMARY ***
Total pot $2 | Rake $0.10 
Board [8d 5h 7h Ad Jc]
Seat 5: z00mba
Seat 1: shootingGRID (button) folded before Flop (didn't bet)
Seat 2: wiley2025 (small blind) folded on the River
Seat 3: skars07 (big blind) collected ($1.90)
Seat 4: XneferX folded before Flop (didn't bet)
Seat 6: Tibibacsi folded before Flop (didn't bet)



PokerStars Hand #254682531778:  Hold'em No Limit ($0.50/$1.00 USD) - 2025/02/02 2:40:25 WET [2025/02/02 21:40:25 ET]
Table 'Watsonia' 6-max Seat #2 is the button
Seat 5: z00mba ($100 in chips) is sitting out
Seat 1: shootingGRID ($118.51 in chips) 
Seat 2: wiley2025 ($66.97 in chips) 
Seat 3: skars07 ($100.90 in chips) 
Seat 4: XneferX ($129.77 in chips) 
Seat 6: Tibibacsi ($100 in chips) 
skars07: posts small blind $0.50
XneferX: posts big blind $1
z00mba: sits out 
*** HOLE CARDS ***
Tibibacsi: folds 
shootingGRID: folds 
wiley2025: folds 
skars07: folds 
Uncalled bet ($0.50) returned to XneferX
XneferX collected $1 from pot
XneferX: doesn't show hand 
*** SUMMARY ***
Total pot $1 | Rake $0 
Seat 5: z00mba
Seat 1: shootingGRID folded before Flop (didn't bet)
Seat 2: wiley2025 (button) folded before Flop (didn't bet)
Seat 3: skars07 (small blind) folded before Flop
Seat 4: XneferX (big blind) collected ($1)
Seat 6: Tibibacsi folded before Flop (didn't bet)



PokerStars Hand #254682533057:  Hold'em No Limit ($0.50/$1.00 USD) - 2025/02/02 2:40:35 WET [2025/02/02 21:40:35 ET]
Table 'Watsonia' 6-max Seat #3 is the button
Seat 1: shootingGRID ($118.51 in chips) 
Seat 2: wiley2025 ($66.97 in chips) 
Seat 3: skars07 ($100.40 in chips) 
Seat 4: XneferX ($130.27 in chips) 
Seat 5: z00mba ($100 in chips) 
Seat 6: Tibibacsi ($100 in chips) 
XneferX: posts small blind $0.50
z00mba: posts big blind $1
*** HOLE CARDS ***
Tibibacsi: folds 
shootingGRID: raises $1.25 to $2.25
wiley2025: folds 
skars07: folds 
XneferX: folds 
z00mba: folds 
Uncalled bet ($1.25) returned to shootingGRID
shootingGRID collected $2.50 from pot
*** SUMMARY ***
Total pot $2.50 | Rake $0 
Seat 1: shootingGRID collected ($2.50)
Seat 2: wiley2025 folded before Flop (didn't bet)
Seat 3: skars07 (button) folded before Flop (didn't bet)
Seat 4: XneferX (small blind) folded before Flop
Seat 5: z00mba (big blind) folded before Flop
Seat 6: Tibibacsi folded before Flop (didn't bet)



PokerStars Hand #254682661131:  Hold'em No Limit ($0.50/$1.00 USD) - 2025/02/02 2:56:20 WET [2025/02/02 21:56:20 ET]
Table 'Watsonia' 6-max Seat #2 is the button
Seat 1: shootingGRID ($115.35 in chips) 
Seat 2: wiley2025 ($63.39 in chips) 
Seat 3: skars07 ($107.70 in chips) 
Seat 4: XneferX ($138.50 in chips) 
Seat 5: z00mba ($105.25 in chips) 
Seat 6: Tibibacsi ($106.27 in chips) 
skars07: posts small blind $0.50
XneferX: posts big blind $1
*** HOLE CARDS ***
z00mba: folds 
Tibibacsi: folds 
shootingGRID: folds 
wiley2025: folds 
skars07: folds 
Uncalled bet ($0.50) returned to XneferX
XneferX collected $1 from pot
XneferX: doesn't show hand 
*** SUMMARY ***
Total pot $1 | Rake $0 
Seat 1: shootingGRID folded before Flop (didn't bet)
Seat 2: wiley2025 (button) folded before Flop (didn't bet)
Seat 3: skars07 (small blind) folded before Flop
Seat 4: XneferX (big blind) collected ($1)
Seat 5: z00mba folded before Flop (didn't bet)
Seat 6: Tibibacsi folded before Flop (didn't bet)



PokerStars Hand #254682662271:  Hold'em No Limit ($0.50/$1.00 USD) - 2025/02/02 2:56:30 WET [2025/02/02 21:56:30 ET]
Table 'Watsonia' 6-max Seat #3 is the button
Seat 1: shootingGRID ($115.35 in chips) 
Seat 2: wiley2025 ($63.39 in chips) 
Seat 3: skars07 ($107.20 in chips) 
Seat 4: XneferX ($139 in chips) 
Seat 5: z00mba ($105.25 in chips) 
Seat 6: Tibibacsi ($106.27 in chips) 
XneferX: posts small blind $0.50
z00mba: posts big blind $1
*** HOLE CARDS ***
Tibibacsi: raises $1 to $2
shootingGRID: folds 
wiley2025: folds 
skars07: folds 
XneferX: folds 
z00mba: folds 
Uncalled bet ($1) returned to Tibibacsi
Tibibacsi collected $2.50 from pot
Tibibacsi: doesn't show hand 
*** SUMMARY ***
Total pot $2.50 | Rake $0 
Seat 1: shootingGRID folded before Flop (didn't bet)
Seat 2: wiley2025 folded before Flop (didn't bet)
Seat 3: skars07 (button) folded before Flop (didn't bet)
Seat 4: XneferX (small blind) folded before Flop
Seat 5: z00mba (big blind) folded before Flop
Seat 6: Tibibacsi collected ($2.50)



PokerStars Hand #254682664635:  Hold'em No Limit ($0.50/$1.00 USD) - 2025/02/02 2:56:54 WET [2025/02/02 21:56:54 ET]
Table 'Watsonia' 6-max Seat #4 is the button
Seat 1: shootingGRID ($115.35 in chips) 
Seat 2: wiley2025 ($63.39 in chips) 
Seat 3: skars07 ($107.20 in chips) 
Seat 4: XneferX ($138.50 in chips) 
Seat 5: z00mba ($104.25 in chips) 
Seat 6: Tibibacsi ($107.77 in chips) 
z00mba: posts small blind $0.50
Tibibacsi: posts big blind $1
*** HOLE CARDS ***
shootingGRID: folds 
wiley2025: calls $1
skars07: folds 
XneferX: folds 
z00mba: folds 
Tibibacsi: checks 
*** FLOP *** [2h 7h 5d]
Tibibacsi: checks 
wiley2025: bets $1
Tibibacsi: calls $1
*** TURN *** [2h 7h 5d] [6s]
Tibibacsi: checks 
wiley2025: bets $1
Tibibacsi: calls $1
*** RIVER *** [2h 7h 5d 6s] [Jd]
Tibibacsi: checks 
wiley2025: bets $1
Tibibacsi: calls $1
*** SHOW DOWN ***
wiley2025: shows [6d 4d] (a pair of Sixes)
Tibibacsi: mucks hand 
wiley2025 collected $8.08 from pot
*** SUMMARY ***
Total pot $8.50 | Rake $0.42 
Board [2h 7h 5d 6s Jd]
Seat 1: shootingGRID folded before Flop (didn't bet)
Seat 2: wiley2025 showed [6d 4d] and won ($8.08) with a pair of Sixes
Seat 3: skars07 folded before Flop (didn't bet)
Seat 4: XneferX (button) folded before Flop (didn't bet)
Seat 5: z00mba (small blind) folded before Flop
Seat 6: Tibibacsi (big blind) mucked



PokerStars Hand #254682671302:  Hold'em No Limit ($0.50/$1.00 USD) - 2025/02/02 2:57:58 WET [2025/02/02 21:57:58 ET]
Table 'Watsonia' 6-max Seat #5 is the button
Seat 1: shootingGRID ($115.35 in chips) 
Seat 2: wiley2025 ($67.47 in chips) 
Seat 3: skars07 ($107.20 in chips) 
Seat 4: XneferX ($138.50 in chips) 
Seat 5: z00mba ($103.75 in chips) 
Seat 6: Tibibacsi ($103.77 in chips) 
Tibibacsi: posts small blind $0.50
shootingGRID: posts big blind $1
*** HOLE CARDS ***
wiley2025: folds 
skars07: folds 
XneferX: folds 
z00mba: raises $1.50 to $2.50
Tibibacsi: folds 
shootingGRID: calls $1.50
*** FLOP *** [2s 6h 2h]
shootingGRID: checks 
z00mba: checks 
*** TURN *** [2s 6h 2h] [Qc]
shootingGRID: checks 
z00mba: bets $3.97
shootingGRID: folds 
Uncalled bet ($3.97) returned to z00mba
z00mba collected $5.22 from pot
z00mba: doesn't show hand 
*** SUMMARY ***
Total pot $5.50 | Rake $0.28 
Board [2s 6h 2h Qc]
Seat 1: shootingGRID (big blind) folded on the Turn
Seat 2: wiley2025 folded before Flop (didn't bet)
Seat 3: skars07 folded before Flop (didn't bet)
Seat 4: XneferX folded before Flop (didn't bet)
Seat 5: z00mba (button) collected ($5.22)
Seat 6: Tibibacsi (small blind) folded before Flop



PokerStars Hand #254682677473:  Hold'em No Limit ($0.50/$1.00 USD) - 2025/02/02 2:58:59 WET [2025/02/02 21:58:59 ET]
Table 'Watsonia' 6-max Seat #6 is the button
Seat 1: shootingGRID ($112.85 in chips) 
Seat 2: wiley2025 ($67.47 in chips) 
Seat 3: skars07 ($107.20 in chips) 
Seat 4: XneferX ($138.50 in chips) 
Seat 5: z00mba ($106.47 in chips) 
Seat 6: Tibibacsi ($103.27 in chips) 
shootingGRID: posts small blind $0.50
wiley2025: posts big blind $1
*** HOLE CARDS ***
skars07: folds 
XneferX: raises $1.10 to $2.10
z00mba: folds 
Tibibacsi: folds 
shootingGRID: folds 
wiley2025: folds 
Uncalled bet ($1.10) returned to XneferX
XneferX collected $2.50 from pot
XneferX: doesn't show hand 
*** SUMMARY ***
Total pot $2.50 | Rake $0 
Seat 1: shootingGRID (small blind) folded before Flop
Seat 2: wiley2025 (big blind) folded before Flop
Seat 3: skars07 folded before Flop (didn't bet)
Seat 4: XneferX collected ($2.50)
Seat 5: z00mba folded before Flop (didn't bet)
Seat 6: Tibibacsi (button) folded before Flop (didn't bet)



PokerStars Hand #254682679372:  Hold'em No Limit ($0.50/$1.00 USD) - 2025/02/02 2:59:18 WET [2025/02/02 21:59:18 ET]
Table 'Watsonia' 6-max Seat #1 is the button
Seat 1: shootingGRID ($112.35 in chips) 
Seat 2: wiley2025 ($66.47 in chips) 
Seat 3: skars07 ($107.20 in chips) 
Seat 4: XneferX ($140 in chips) 
Seat 5: z00mba ($106.47 in chips) 
Seat 6: Tibibacsi ($103.27 in chips) 
wiley2025: posts small blind $0.50
skars07: posts big blind $1
*** HOLE CARDS ***
XneferX: folds 
z00mba: folds 
Tibibacsi: raises $1 to $2
shootingGRID: folds 
wiley2025: folds 
skars07: folds 
Uncalled bet ($1) returned to Tibibacsi
Tibibacsi collected $2.50 from pot
Tibibacsi: doesn't show hand 
*** SUMMARY ***
Total pot $2.50 | Rake $0 
Seat 1: shootingGRID (button) folded before Flop (didn't bet)
Seat 2: wiley2025 (small blind) folded before Flop
Seat 3: skars07 (big blind) folded before Flop
Seat 4: XneferX folded before Flop (didn't bet)
Seat 5: z00mba folded before Flop (didn't bet)
Seat 6: Tibibacsi collected ($2.50)



PokerStars Hand #254682682374:  Hold'em No Limit ($0.50/$1.00 USD) - 2025/02/02 2:59:48 WET [2025/02/02 21:59:48 ET]
Table 'Watsonia' 6-max Seat #2 is the button
Seat 1: shootingGRID ($112.35 in chips) 
Seat 2: wiley2025 ($65.97 in chips) 
Seat 3: skars07 ($106.20 in chips) 
Seat 4: XneferX ($140 in chips) 
Seat 5: z00mba ($106.47 in chips) 
Seat 6: Tibibacsi ($104.77 in chips) 
skars07: posts small blind $0.50
XneferX: posts big blind $1
*** HOLE CARDS ***
z00mba: folds 
Tibibacsi: folds 
shootingGRID: folds 
wiley2025: folds 
skars07: folds 
Uncalled bet ($0.50) returned to XneferX
XneferX collected $1 from pot
XneferX: doesn't show hand 
*** SUMMARY ***
Total pot $1 | Rake $0 
Seat 1: shootingGRID folded before Flop (didn't bet)
Seat 2: wiley2025 (button) folded before Flop (didn't bet)
Seat 3: skars07 (small blind) folded before Flop
Seat 4: XneferX (big blind) collected ($1)
Seat 5: z00mba folded before Flop (didn't bet)
Seat 6: Tibibacsi folded before Flop (didn't bet)



PokerStars Hand #254682685070:  Hold'em No Limit ($0.50/$1.00 USD) - 2025/02/02 3:00:14 WET [2025/02/02 22:00:14 ET]
Table 'Watsonia' 6-max Seat #3 is the button
Seat 1: shootingGRID ($112.35 in chips) 
Seat 2: wiley2025 ($65.97 in chips) 
Seat 3: skars07 ($105.70 in chips) 
Seat 4: XneferX ($140.50 in chips) 
Seat 5: z00mba ($106.47 in chips) 
Seat 6: Tibibacsi ($104.77 in chips) 
XneferX: posts small blind $0.50
z00mba: posts big blind $1
*** HOLE CARDS ***
Tibibacsi: folds 
shootingGRID: raises $1.25 to $2.25
wiley2025: calls $2.25
skars07: raises $7.75 to $10
XneferX: folds 
z00mba: folds 
shootingGRID: folds 
wiley2025: folds 
Uncalled bet ($7.75) returned to skars07
skars07 collected $8.25 from pot
skars07: doesn't show hand 
*** SUMMARY ***
Total pot $8.25 | Rake $0 
Seat 1: shootingGRID folded before Flop
Seat 2: wiley2025 folded before Flop
Seat 3: skars07 (button) collected ($8.25)
Seat 4: XneferX (small blind) folded before Flop
Seat 5: z00mba (big blind) folded before Flop
Seat 6: Tibibacsi folded before Flop (didn't bet)



PokerStars Hand #254682690751:  Hold'em No Limit ($0.50/$1.00 USD) - 2025/02/02 3:01:03 WET [2025/02/02 22:01:03 ET]
Table 'Watsonia' 6-max Seat #4 is the button
Seat 1: shootingGRID ($110.10 in chips) 
Seat 2: wiley2025 ($63.72 in chips) 
Seat 3: skars07 ($111.70 in chips) 
Seat 4: XneferX ($140 in chips) 
Seat 5: z00mba ($105.47 in chips) 
Seat 6: Tibibacsi ($104.77 in chips) 
z00mba: posts small blind $0.50
Tibibacsi: posts big blind $1
*** HOLE CARDS ***
shootingGRID: folds 
wiley2025: folds 
skars07: folds 
XneferX: raises $1.77 to $2.77
z00mba: folds 
Tibibacsi: raises $10.23 to $13
XneferX: raises $14 to $27
Tibibacsi: folds 
Uncalled bet ($14) returned to XneferX
XneferX collected $26.50 from pot
XneferX: doesn't show hand 
*** SUMMARY ***
Total pot $26.50 | Rake $0 
Seat 1: shootingGRID folded before Flop (didn't bet)
Seat 2: wiley2025 folded before Flop (didn't bet)
Seat 3: skars07 folded before Flop (didn't bet)
Seat 4: XneferX (button) collected ($26.50)
Seat 5: z00mba (small blind) folded before Flop
Seat 6: Tibibacsi (big blind) folded before Flop



PokerStars Hand #254682699379:  Hold'em No Limit ($0.50/$1.00 USD) - 2025/02/02 3:02:12 WET [2025/02/02 22:02:12 ET]
Table 'Watsonia' 6-max Seat #5 is the button
Seat 1: shootingGRID ($110.10 in chips) 
Seat 2: wiley2025 ($63.72 in chips) 
Seat 3: skars07 ($111.70 in chips) 
Seat 4: XneferX ($153.50 in chips) 
Seat 5: z00mba ($104.97 in chips) 
Seat 6: Tibibacsi ($100 in chips) 
Tibibacsi: posts small blind $0.50
shootingGRID: posts big blind $1
*** HOLE CARDS ***
wiley2025: folds 
skars07: folds 
XneferX: folds 
z00mba: folds 
Tibibacsi: folds 
Uncalled bet ($0.50) returned to shootingGRID
shootingGRID collected $1 from pot
*** SUMMARY ***
Total pot $1 | Rake $0 
Seat 1: shootingGRID (big blind) collected ($1)
Seat 2: wiley2025 folded before Flop (didn't bet)
Seat 3: skars07 folded before Flop (didn't bet)
Seat 4: XneferX folded before Flop (didn't bet)
Seat 5: z00mba (button) folded before Flop (didn't bet)
Seat 6: Tibibacsi (small blind) folded before Flop



PokerStars Hand #254682702608:  Hold'em No Limit ($0.50/$1.00 USD) - 2025/02/02 3:02:37 WET [2025/02/02 22:02:37 ET]
Table 'Watsonia' 6-max Seat #6 is the button
Seat 1: shootingGRID ($110.60 in chips) 
Seat 2: wiley2025 ($63.72 in chips) 
Seat 3: skars07 ($111.70 in chips) 
Seat 4: XneferX ($153.50 in chips) 
Seat 5: z00mba ($104.97 in chips) 
Seat 6: Tibibacsi ($100 in chips) 
shootingGRID: posts small blind $0.50
wiley2025: posts big blind $1
*** HOLE CARDS ***
skars07: folds 
XneferX: folds 
z00mba: folds 
Tibibacsi: folds 
shootingGRID: folds 
Uncalled bet ($0.50) returned to wiley2025
wiley2025 collected $1 from pot
*** SUMMARY ***
Total pot $1 | Rake $0 
Seat 1: shootingGRID (small blind) folded before Flop
Seat 2: wiley2025 (big blind) collected ($1)
Seat 3: skars07 folded before Flop (didn't bet)
Seat 4: XneferX folded before Flop (didn't bet)
Seat 5: z00mba folded before Flop (didn't bet)
Seat 6: Tibibacsi (button) folded before Flop (didn't bet)



PokerStars Hand #254682705516:  Hold'em No Limit ($0.50/$1.00 USD) - 2025/02/02 3:03:00 WET [2025/02/02 22:03:00 ET]
Table 'Watsonia' 6-max Seat #1 is the button
Seat 1: shootingGRID ($110.10 in chips) 
Seat 2: wiley2025 ($64.22 in chips) 
Seat 3: skars07 ($111.70 in chips) 
Seat 4: XneferX ($153.50 in chips) 
Seat 5: z00mba ($104.97 in chips) 
Seat 6: Tibibacsi ($100 in chips) 
wiley2025: posts small blind $0.50
skars07: posts big blind $1
*** HOLE CARDS ***
XneferX: folds 
z00mba: folds 
Tibibacsi: raises $1 to $2
shootingGRID: folds 
wiley2025: folds 
skars07: calls $1
*** FLOP *** [3c Jc Qs]
skars07: checks 
Tibibacsi: bets $3
skars07: calls $3
*** TURN *** [3c Jc Qs] [8s]
skars07: checks 
Tibibacsi: bets $7.49
skars07: folds 
Uncalled bet ($7.49) returned to Tibibacsi
Tibibacsi collected $9.98 from pot
Tibibacsi: doesn't show hand 
*** SUMMARY ***
Total pot $10.50 | Rake $0.52 
Board [3c Jc Qs 8s]
Seat 1: shootingGRID (button) folded before Flop (didn't bet)
Seat 2: wiley2025 (small blind) folded before Flop
Seat 3: skars07 (big blind) folded on the Turn
Seat 4: XneferX folded before Flop (didn't bet)
Seat 5: z00mba folded before Flop (didn't bet)
Seat 6: Tibibacsi collected ($9.98)



PokerStars Hand #254682717527:  Hold'em No Limit ($0.50/$1.00 USD) - 2025/02/02 3:04:31 WET [2025/02/02 22:04:31 ET]
Table 'Watsonia' 6-max Seat #2 is the button
Seat 1: shootingGRID ($110.10 in chips) 
Seat 2: wiley2025 ($63.72 in chips) 
Seat 3: skars07 ($106.70 in chips) 
Seat 4: XneferX ($153.50 in chips) 
Seat 5: z00mba ($104.97 in chips) 
Seat 6: Tibibacsi ($104.98 in chips) 
skars07: posts small blind $0.50
XneferX: posts big blind $1
*** HOLE CARDS ***
z00mba: folds 
Tibibacsi: folds 
shootingGRID: folds 
wiley2025: folds 
skars07: folds 
Uncalled bet ($0.50) returned to XneferX
XneferX collected $1 from pot
XneferX: doesn't show hand 
*** SUMMARY ***
Total pot $1 | Rake $0 
Seat 1: shootingGRID folded before Flop (didn't bet)
Seat 2: wiley2025 (button) folded before Flop (didn't bet)
Seat 3: skars07 (small blind) folded before Flop
Seat 4: XneferX (big blind) collected ($1)
Seat 5: z00mba folded before Flop (didn't bet)
Seat 6: Tibibacsi folded before Flop (didn't bet)



PokerStars Hand #254682722021:  Hold'em No Limit ($0.50/$1.00 USD) - 2025/02/02 3:05:06 WET [2025/02/02 22:05:06 ET]
Table 'Watsonia' 6-max Seat #3 is the button
Seat 1: shootingGRID ($110.10 in chips) 
Seat 2: wiley2025 ($63.72 in chips) 
Seat 3: skars07 ($106.20 in chips) 
Seat 4: XneferX ($154 in chips) 
Seat 5: z00mba ($104.97 in chips) 
Seat 6: Tibibacsi ($104.98 in chips) 
XneferX: posts small blind $0.50
z00mba: posts big blind $1
*** HOLE CARDS ***
Tibibacsi: folds 
shootingGRID: folds 
wiley2025: folds 
skars07: folds 
XneferX: raises $2 to $3
z00mba: folds 
Uncalled bet ($2) returned to XneferX
XneferX collected $2 from pot
XneferX: doesn't show hand 
*** SUMMARY ***
Total pot $2 | Rake $0 
Seat 1: shootingGRID folded before Flop (didn't bet)
Seat 2: wiley2025 folded before Flop (didn't bet)
Seat 3: skars07 (button) folded before Flop (didn't bet)
Seat 4: XneferX (small blind) collected ($2)
Seat 5: z00mba (big blind) folded before Flop
Seat 6: Tibibacsi folded before Flop (didn't bet)



PokerStars Hand #254682724865:  Hold'em No Limit ($0.50/$1.00 USD) - 2025/02/02 3:05:29 WET [2025/02/02 22:05:29 ET]
Table 'Watsonia' 6-max Seat #4 is the button
Seat 1: shootingGRID ($110.10 in chips) 
Seat 2: wiley2025 ($63.72 in chips) 
Seat 3: skars07 ($106.20 in chips) 
Seat 4: XneferX ($155 in chips) 
Seat 5: z00mba ($103.97 in chips) 
Seat 6: Tibibacsi ($104.98 in chips) 
z00mba: posts small blind $0.50
Tibibacsi: posts big blind $1
*** HOLE CARDS ***
shootingGRID: folds 
wiley2025: folds 
skars07: folds 
XneferX: folds 
z00mba: raises $2 to $3
Tibibacsi: folds 
Uncalled bet ($2) returned to z00mba
z00mba collected $2 from pot
z00mba: doesn't show hand 
*** SUMMARY ***
Total pot $2 | Rake $0 
Seat 1: shootingGRID folded before Flop (didn't bet)
Seat 2: wiley2025 folded before Flop (didn't bet)
Seat 3: skars07 folded before Flop (didn't bet)
Seat 4: XneferX (button) folded before Flop (didn't bet)
Seat 5: z00mba (small blind) collected ($2)
Seat 6: Tibibacsi (big blind) folded before Flop



PokerStars Hand #254682726891:  Hold'em No Limit ($0.50/$1.00 USD) - 2025/02/02 3:05:45 WET [2025/02/02 22:05:45 ET]
Table 'Watsonia' 6-max Seat #5 is the button
Seat 1: shootingGRID ($110.10 in chips) 
Seat 2: wiley2025 ($63.72 in chips) 
Seat 3: skars07 ($106.20 in chips) 
Seat 4: XneferX ($155 in chips) 
Seat 5: z00mba ($104.97 in chips) 
Seat 6: Tibibacsi ($103.98 in chips) 
Tibibacsi: posts small blind $0.50
shootingGRID: posts big blind $1
*** HOLE CARDS ***
wiley2025: raises $1 to $2
skars07: folds 
XneferX: folds 
z00mba: folds 
Tibibacsi: folds 
shootingGRID: calls $1
*** FLOP *** [Jh 5h 9d]
shootingGRID: checks 
wiley2025: bets $2.14
shootingGRID: calls $2.14
*** TURN *** [Jh 5h 9d] [Kc]
shootingGRID: checks 
wiley2025: checks 
*** RIVER *** [Jh 5h 9d Kc] [7s]
shootingGRID: checks 
wiley2025: checks 
*** SHOW DOWN ***
shootingGRID: shows [5c 3c] (a pair of Fives)
wiley2025: mucks hand 
shootingGRID collected $8.34 from pot
*** SUMMARY ***
Total pot $8.78 | Rake $0.44 
Board [Jh 5h 9d Kc 7s]
Seat 1: shootingGRID (big blind) showed [5c 3c] and won ($8.34) with a pair of Fives
Seat 2: wiley2025 mucked
Seat 3: skars07 folded before Flop (didn't bet)
Seat 4: XneferX folded before Flop (didn't bet)
Seat 5: z00mba (button) folded before Flop (didn't bet)
Seat 6: Tibibacsi (small blind) folded before Flop



PokerStars Hand #254682732262:  Hold'em No Limit ($0.50/$1.00 USD) - 2025/02/02 3:06:28 WET [2025/02/02 22:06:28 ET]
Table 'Watsonia' 6-max Seat #6 is the button
Seat 1: shootingGRID ($114.30 in chips) 
Seat 2: wiley2025 ($59.58 in chips) 
Seat 3: skars07 ($106.20 in chips) 
Seat 4: XneferX ($155 in chips) 
Seat 5: z00mba ($104.97 in chips) 
Seat 6: Tibibacsi ($103.48 in chips) 
shootingGRID: posts small blind $0.50
wiley2025: posts big blind $1
*** HOLE CARDS ***
skars07: folds 
XneferX: folds 
z00mba: folds 
Tibibacsi: folds 
shootingGRID: folds 
Uncalled bet ($0.50) returned to wiley2025
wiley2025 collected $1 from pot
*** SUMMARY ***
Total pot $1 | Rake $0 
Seat 1: shootingGRID (small blind) folded before Flop
Seat 2: wiley2025 (big blind) collected ($1)
Seat 3: skars07 folded before Flop (didn't bet)
Seat 4: XneferX folded before Flop (didn't bet)
Seat 5: z00mba folded before Flop (didn't bet)
Seat 6: Tibibacsi (button) folded before Flop (didn't bet)



PokerStars Hand #254682733597:  Hold'em No Limit ($0.50/$1.00 USD) - 2025/02/02 3:06:39 WET [2025/02/02 22:06:39 ET]
Table 'Watsonia' 6-max Seat #1 is the button
Seat 1: shootingGRID ($113.80 in chips) 
Seat 2: wiley2025 ($60.08 in chips) 
Seat 3: skars07 ($106.20 in chips) 
Seat 4: XneferX ($155 in chips) 
Seat 5: z00mba ($104.97 in chips) 
Seat 6: Tibibacsi ($103.48 in chips) 
wiley2025: posts small blind $0.50
skars07: posts big blind $1
*** HOLE CARDS ***
XneferX: raises $1.10 to $2.10
z00mba: folds 
Tibibacsi: folds 
shootingGRID: folds 
wiley2025: folds 
skars07: calls $1.10
*** FLOP *** [Qc Ts Jd]
skars07: checks 
XneferX: bets $3.43
skars07: folds 
Uncalled bet ($3.43) returned to XneferX
XneferX collected $4.46 from pot
XneferX: doesn't show hand 
*** SUMMARY ***
Total pot $4.70 | Rake $0.24 
Board [Qc Ts Jd]
Seat 1: shootingGRID (button) folded before Flop (didn't bet)
Seat 2: wiley2025 (small blind) folded before Flop
Seat 3: skars07 (big blind) folded on the Flop
Seat 4: XneferX collected ($4.46)
Seat 5: z00mba folded before Flop (didn't bet)
Seat 6: Tibibacsi folded before Flop (didn't bet)



PokerStars Hand #254682740419:  Hold'em No Limit ($0.50/$1.00 USD) - 2025/02/02 3:07:33 WET [2025/02/02 22:07:33 ET]
Table 'Watsonia' 6-max Seat #2 is the button
Seat 1: shootingGRID ($113.80 in chips) 
Seat 2: wiley2025 ($59.58 in chips) 
Seat 3: skars07 ($104.10 in chips) 
Seat 4: XneferX ($157.36 in chips) 
Seat 5: z00mba ($104.97 in chips) 
Seat 6: Tibibacsi ($103.48 in chips) 
skars07: posts small blind $0.50
XneferX: posts big blind $1
*** HOLE CARDS ***
z00mba: folds 
Tibibacsi: folds 
shootingGRID: raises $1.25 to $2.25
wiley2025: calls $2.25
skars07: folds 
XneferX: folds 
*** FLOP *** [4d 2c Qc]
shootingGRID: checks 
wiley2025: checks 
*** TURN *** [4d 2c Qc] [As]
shootingGRID: checks 
wiley2025: checks 
*** RIVER *** [4d 2c Qc As] [4s]
shootingGRID: checks 
wiley2025: bets $1
shootingGRID: calls $1
*** SHOW DOWN ***
wiley2025: shows [Tc Th] (two pair, Tens and Fours)
shootingGRID: shows [Jc Qh] (two pair, Queens and Fours)
shootingGRID collected $7.60 from pot
*** SUMMARY ***
Total pot $8 | Rake $0.40 
Board [4d 2c Qc As 4s]
Seat 1: shootingGRID showed [Jc Qh] and won ($7.60) with two pair, Queens and Fours
Seat 2: wiley2025 (button) showed [Tc Th] and lost with two pair, Tens and Fours
Seat 3: skars07 (small blind) folded before Flop
Seat 4: XneferX (big blind) folded before Flop
Seat 5: z00mba folded before Flop (didn't bet)
Seat 6: Tibibacsi folded before Flop (didn't bet)



PokerStars Hand #254682746664:  Hold'em No Limit ($0.50/$1.00 USD) - 2025/02/02 3:08:22 WET [2025/02/02 22:08:22 ET]
Table 'Watsonia' 6-max Seat #3 is the button
Seat 1: shootingGRID ($118.15 in chips) 
Seat 2: wiley2025 ($56.33 in chips) 
Seat 3: skars07 ($103.60 in chips) 
Seat 4: XneferX ($156.36 in chips) 
Seat 5: z00mba ($104.97 in chips) 
Seat 6: Tibibacsi ($103.48 in chips) 
XneferX: posts small blind $0.50
z00mba: posts big blind $1
*** HOLE CARDS ***
Tibibacsi: folds 
shootingGRID: folds 
wiley2025: folds 
skars07: raises $1.50 to $2.50
XneferX: raises $9.50 to $12
z00mba: folds 
skars07: calls $9.50
*** FLOP *** [8c 6d Qc]
XneferX: checks 
skars07: bets $7.84
XneferX: calls $7.84
*** TURN *** [8c 6d Qc] [Qh]
XneferX: checks 
skars07: checks 
*** RIVER *** [8c 6d Qc Qh] [9s]
XneferX: bets $13.14
skars07: folds 
Uncalled bet ($13.14) returned to XneferX
XneferX collected $38.65 from pot
XneferX: doesn't show hand 
*** SUMMARY ***
Total pot $40.68 | Rake $2.03 
Board [8c 6d Qc Qh 9s]
Seat 1: shootingGRID folded before Flop (didn't bet)
Seat 2: wiley2025 folded before Flop (didn't bet)
Seat 3: skars07 (button) folded on the River
Seat 4: XneferX (small blind) collected ($38.65)
Seat 5: z00mba (big blind) folded before Flop
Seat 6: Tibibacsi folded before Flop (didn't bet)



PokerStars Hand #254682764162:  Hold'em No Limit ($0.50/$1.00 USD) - 2025/02/02 3:10:42 WET [2025/02/02 22:10:42 ET]
Table 'Watsonia' 6-max Seat #4 is the button
Seat 1: shootingGRID ($118.15 in chips) 
Seat 2: wiley2025 ($56.33 in chips) 
Seat 3: skars07 ($100 in chips) 
Seat 4: XneferX ($175.17 in chips) 
Seat 5: z00mba ($103.97 in chips) 
Seat 6: Tibibacsi ($103.48 in chips) 
z00mba: posts small blind $0.50
Tibibacsi: posts big blind $1
*** HOLE CARDS ***
shootingGRID: folds 
wiley2025: folds 
skars07: folds 
XneferX: folds 
z00mba: raises $2 to $3
Tibibacsi: calls $2
*** FLOP *** [Th 6d 8h]
z00mba: bets $2.79
Tibibacsi: raises $6.21 to $9
z00mba: folds 
Uncalled bet ($6.21) returned to Tibibacsi
Tibibacsi collected $11 from pot
Tibibacsi: doesn't show hand 
*** SUMMARY ***
Total pot $11.58 | Rake $0.58 
Board [Th 6d 8h]
Seat 1: shootingGRID folded before Flop (didn't bet)
Seat 2: wiley2025 folded before Flop (didn't bet)
Seat 3: skars07 folded before Flop (didn't bet)
Seat 4: XneferX (button) folded before Flop (didn't bet)
Seat 5: z00mba (small blind) folded on the Flop
Seat 6: Tibibacsi (big blind) collected ($11)



PokerStars Hand #254682771290:  Hold'em No Limit ($0.50/$1.00 USD) - 2025/02/02 3:11:40 WET [2025/02/02 22:11:40 ET]
Table 'Watsonia' 6-max Seat #5 is the button
Seat 1: shootingGRID ($118.15 in chips) 
Seat 2: wiley2025 ($56.33 in chips) 
Seat 3: skars07 ($100 in chips) 
Seat 4: XneferX ($175.17 in chips) 
Seat 5: z00mba ($100 in chips) 
Seat 6: Tibibacsi ($108.69 in chips) 
Tibibacsi: posts small blind $0.50
shootingGRID: posts big blind $1
*** HOLE CARDS ***
wiley2025: folds 
skars07: folds 
XneferX: folds 
z00mba: raises $1.50 to $2.50
Tibibacsi: folds 
shootingGRID: folds 
Uncalled bet ($1.50) returned to z00mba
z00mba collected $2.50 from pot
z00mba: doesn't show hand 
*** SUMMARY ***
Total pot $2.50 | Rake $0 
Seat 1: shootingGRID (big blind) folded before Flop
Seat 2: wiley2025 folded before Flop (didn't bet)
Seat 3: skars07 folded before Flop (didn't bet)
Seat 4: XneferX folded before Flop (didn't bet)
Seat 5: z00mba (button) collected ($2.50)
Seat 6: Tibibacsi (small blind) folded before Flop



PokerStars Hand #254682773168:  Hold'em No Limit ($0.50/$1.00 USD) - 2025/02/02 3:11:55 WET [2025/02/02 22:11:55 ET]
Table 'Watsonia' 6-max Seat #6 is the button
Seat 1: shootingGRID ($117.15 in chips) 
Seat 2: wiley2025 ($56.33 in chips) 
Seat 3: skars07 ($100 in chips) 
Seat 4: XneferX ($175.17 in chips) 
Seat 5: z00mba ($101.50 in chips) 
Seat 6: Tibibacsi ($108.19 in chips) 
shootingGRID: posts small blind $0.50
wiley2025: posts big blind $1
*** HOLE CARDS ***
skars07: folds 
XneferX: folds 
z00mba: folds 
Tibibacsi: folds 
shootingGRID: raises $2 to $3
wiley2025: calls $2
*** FLOP *** [2h Qs 3d]
shootingGRID: checks 
wiley2025: checks 
*** TURN *** [2h Qs 3d] [Kh]
shootingGRID: checks 
wiley2025: bets $1
shootingGRID: folds 
Uncalled bet ($1) returned to wiley2025
wiley2025 collected $5.70 from pot
*** SUMMARY ***
Total pot $6 | Rake $0.30 
Board [2h Qs 3d Kh]
Seat 1: shootingGRID (small blind) folded on the Turn
Seat 2: wiley2025 (big blind) collected ($5.70)
Seat 3: skars07 folded before Flop (didn't bet)
Seat 4: XneferX folded before Flop (didn't bet)
Seat 5: z00mba folded before Flop (didn't bet)
Seat 6: Tibibacsi (button) folded before Flop (didn't bet)



PokerStars Hand #254682778903:  Hold'em No Limit ($0.50/$1.00 USD) - 2025/02/02 3:12:42 WET [2025/02/02 22:12:42 ET]
Table 'Watsonia' 6-max Seat #1 is the button
Seat 1: shootingGRID ($114.15 in chips) 
Seat 2: wiley2025 ($59.03 in chips) 
Seat 3: skars07 ($100 in chips) 
Seat 4: XneferX ($175.17 in chips) 
Seat 5: z00mba ($101.50 in chips) 
Seat 6: Tibibacsi ($108.19 in chips) 
wiley2025: posts small blind $0.50
skars07: posts big blind $1
*** HOLE CARDS ***
XneferX: folds 
z00mba: folds 
Tibibacsi: folds 
shootingGRID: raises $1.50 to $2.50
wiley2025: folds 
skars07: folds 
Uncalled bet ($1.50) returned to shootingGRID
shootingGRID collected $2.50 from pot
*** SUMMARY ***
Total pot $2.50 | Rake $0 
Seat 1: shootingGRID (button) collected ($2.50)
Seat 2: wiley2025 (small blind) folded before Flop
Seat 3: skars07 (big blind) folded before Flop
Seat 4: XneferX folded before Flop (didn't bet)
Seat 5: z00mba folded before Flop (didn't bet)
Seat 6: Tibibacsi folded before Flop (didn't bet)



PokerStars Hand #254682781441:  Hold'em No Limit ($0.50/$1.00 USD) - 2025/02/02 3:13:03 WET [2025/02/02 22:13:03 ET]
Table 'Watsonia' 6-max Seat #2 is the button
Seat 1: shootingGRID ($115.65 in chips) 
Seat 2: wiley2025 ($58.53 in chips) 
Seat 3: skars07 ($100 in chips) 
Seat 4: XneferX ($175.17 in chips) 
Seat 5: z00mba ($101.50 in chips) 
Seat 6: Tibibacsi ($108.19 in chips) 
skars07: posts small blind $0.50
XneferX: posts big blind $1
*** HOLE CARDS ***
z00mba: raises $1.50 to $2.50
Tibibacsi: folds 
shootingGRID: folds 
wiley2025: folds 
skars07: folds 
XneferX: folds 
Uncalled bet ($1.50) returned to z00mba
z00mba collected $2.50 from pot
z00mba: doesn't show hand 
*** SUMMARY ***
Total pot $2.50 | Rake $0 
Seat 1: shootingGRID folded before Flop (didn't bet)
Seat 2: wiley2025 (button) folded before Flop (didn't bet)
Seat 3: skars07 (small blind) folded before Flop
Seat 4: XneferX (big blind) folded before Flop
Seat 5: z00mba collected ($2.50)
Seat 6: Tibibacsi folded before Flop (didn't bet)



PokerStars Hand #254682785179:  Hold'em No Limit ($0.50/$1.00 USD) - 2025/02/02 3:13:34 WET [2025/02/02 22:13:34 ET]
Table 'Watsonia' 6-max Seat #3 is the button
Seat 1: shootingGRID ($115.65 in chips) 
Seat 2: wiley2025 ($58.53 in chips) 
Seat 3: skars07 ($100 in chips) 
Seat 4: XneferX ($174.17 in chips) 
Seat 5: z00mba ($103 in chips) 
Seat 6: Tibibacsi ($108.19 in chips) 
XneferX: posts small blind $0.50
z00mba: posts big blind $1
*** HOLE CARDS ***
Tibibacsi: folds 
shootingGRID: raises $1.25 to $2.25
wiley2025: calls $2.25
skars07: folds 
XneferX: calls $1.75
z00mba: folds 
*** FLOP *** [As Tc 9h]
XneferX: checks 
shootingGRID: bets $2.43
wiley2025: calls $2.43
XneferX: folds 
*** TURN *** [As Tc 9h] [Td]
shootingGRID: bets $5.99
wiley2025: calls $5.99
*** RIVER *** [As Tc 9h Td] [3s]
shootingGRID: checks 
wiley2025: bets $23.36
shootingGRID: folds 
Uncalled bet ($23.36) returned to wiley2025
wiley2025 collected $23.36 from pot
*** SUMMARY ***
Total pot $24.59 | Rake $1.23 
Board [As Tc 9h Td 3s]
Seat 1: shootingGRID folded on the River
Seat 2: wiley2025 collected ($23.36)
Seat 3: skars07 (button) folded before Flop (didn't bet)
Seat 4: XneferX (small blind) folded on the Flop
Seat 5: z00mba (big blind) folded before Flop
Seat 6: Tibibacsi folded before Flop (didn't bet)



PokerStars Hand #254682796757:  Hold'em No Limit ($0.50/$1.00 USD) - 2025/02/02 3:15:07 WET [2025/02/02 22:15:07 ET]
Table 'Watsonia' 6-max Seat #4 is the button
Seat 1: shootingGRID ($104.98 in chips) 
Seat 2: wiley2025 ($71.22 in chips) 
Seat 3: skars07 ($100 in chips) 
Seat 4: XneferX ($171.92 in chips) 
Seat 5: z00mba ($102 in chips) 
Seat 6: Tibibacsi ($108.19 in chips) 
z00mba: posts small blind $0.50
Tibibacsi: posts big blind $1
*** HOLE CARDS ***
shootingGRID: folds 
wiley2025: calls $1
skars07: raises $3 to $4
XneferX: folds 
z00mba: folds 
Tibibacsi: folds 
wiley2025: folds 
Uncalled bet ($3) returned to skars07
skars07 collected $3.50 from pot
skars07: doesn't show hand 
*** SUMMARY ***
Total pot $3.50 | Rake $0 
Seat 1: shootingGRID folded before Flop (didn't bet)
Seat 2: wiley2025 folded before Flop
Seat 3: skars07 collected ($3.50)
Seat 4: XneferX (button) folded before Flop (didn't bet)
Seat 5: z00mba (small blind) folded before Flop
Seat 6: Tibibacsi (big blind) folded before Flop



PokerStars Hand #254682800607:  Hold'em No Limit ($0.50/$1.00 USD) - 2025/02/02 3:15:38 WET [2025/02/02 22:15:38 ET]
Table 'Watsonia' 6-max Seat #5 is the button
Seat 1: shootingGRID ($104.98 in chips) 
Seat 2: wiley2025 ($70.22 in chips) 
Seat 3: skars07 ($102.50 in chips) 
Seat 4: XneferX ($171.92 in chips) 
Seat 5: z00mba ($101.50 in chips) 
Seat 6: Tibibacsi ($107.19 in chips) 
Tibibacsi: posts small blind $0.50
shootingGRID: posts big blind $1
*** HOLE CARDS ***
wiley2025: raises $1 to $2
skars07: folds 
XneferX: folds 
z00mba: folds 
Tibibacsi: calls $1.50
shootingGRID: folds 
*** FLOP *** [9c Qs 3h]
Tibibacsi: checks 
wiley2025: bets $1
Tibibacsi: raises $4.50 to $5.50
wiley2025: calls $4.50
*** TURN *** [9c Qs 3h] [2d]
Tibibacsi: bets $15
wiley2025: calls $15
*** RIVER *** [9c Qs 3h 2d] [Ah]
Tibibacsi: bets $84.69 and is all-in
wiley2025: folds 
Uncalled bet ($84.69) returned to Tibibacsi
Tibibacsi collected $43.70 from pot
Tibibacsi: doesn't show hand 
*** SUMMARY ***
Total pot $46 | Rake $2.30 
Board [9c Qs 3h 2d Ah]
Seat 1: shootingGRID (big blind) folded before Flop
Seat 2: wiley2025 folded on the River
Seat 3: skars07 folded before Flop (didn't bet)
Seat 4: XneferX folded before Flop (didn't bet)
Seat 5: z00mba (button) folded before Flop (didn't bet)
Seat 6: Tibibacsi (small blind) collected ($43.70)



PokerStars Hand #254682816261:  Hold'em No Limit ($0.50/$1.00 USD) - 2025/02/02 3:17:45 WET [2025/02/02 22:17:45 ET]
Table 'Watsonia' 6-max Seat #6 is the button
Seat 1: shootingGRID ($103.98 in chips) 
Seat 2: wiley2025 ($47.72 in chips) 
Seat 3: skars07 ($102.50 in chips) 
Seat 4: XneferX ($171.92 in chips) 
Seat 5: z00mba ($101.50 in chips) 
Seat 6: Tibibacsi ($128.39 in chips) 
shootingGRID: posts small blind $0.50
wiley2025: posts big blind $1
*** HOLE CARDS ***
skars07: folds 
XneferX: folds 
z00mba: raises $1.50 to $2.50
Tibibacsi: folds 
shootingGRID: folds 
wiley2025: calls $1.50
*** FLOP *** [9d Td 3s]
wiley2025: checks 
z00mba: checks 
*** TURN *** [9d Td 3s] [Th]
wiley2025: checks 
z00mba: checks 
*** RIVER *** [9d Td 3s Th] [Ac]
wiley2025: checks 
z00mba: bets $2.56
wiley2025: folds 
Uncalled bet ($2.56) returned to z00mba
z00mba collected $5.22 from pot
z00mba: doesn't show hand 
*** SUMMARY ***
Total pot $5.50 | Rake $0.28 
Board [9d Td 3s Th Ac]
Seat 1: shootingGRID (small blind) folded before Flop
Seat 2: wiley2025 (big blind) folded on the River
Seat 3: skars07 folded before Flop (didn't bet)
Seat 4: XneferX folded before Flop (didn't bet)
Seat 5: z00mba collected ($5.22)
Seat 6: Tibibacsi (button) folded before Flop (didn't bet)



PokerStars Hand #254682822888:  Hold'em No Limit ($0.50/$1.00 USD) - 2025/02/02 3:18:39 WET [2025/02/02 22:18:39 ET]
Table 'Watsonia' 6-max Seat #1 is the button
Seat 1: shootingGRID ($103.48 in chips) 
Seat 2: wiley2025 ($45.22 in chips) 
Seat 3: skars07 ($102.50 in chips) 
Seat 4: XneferX ($171.92 in chips) 
Seat 5: z00mba ($104.22 in chips) 
Seat 6: Tibibacsi ($128.39 in chips) 
wiley2025: posts small blind $0.50
skars07: posts big blind $1
*** HOLE CARDS ***
XneferX: folds 
z00mba: folds 
Tibibacsi: folds 
shootingGRID: folds 
wiley2025: calls $0.50
skars07: checks 
*** FLOP *** [6d 4h Kd]
wiley2025: bets $1
skars07: folds 
Uncalled bet ($1) returned to wiley2025
wiley2025 collected $1.90 from pot
*** SUMMARY ***
Total pot $2 | Rake $0.10 
Board [6d 4h Kd]
Seat 1: shootingGRID (button) folded before Flop (didn't bet)
Seat 2: wiley2025 (small blind) collected ($1.90)
Seat 3: skars07 (big blind) folded on the Flop
Seat 4: XneferX folded before Flop (didn't bet)
Seat 5: z00mba folded before Flop (didn't bet)
Seat 6: Tibibacsi folded before Flop (didn't bet)



PokerStars Hand #254682827965:  Hold'em No Limit ($0.50/$1.00 USD) - 2025/02/02 3:19:21 WET [2025/02/02 22:19:21 ET]
Table 'Watsonia' 6-max Seat #2 is the button
Seat 1: shootingGRID ($103.48 in chips) 
Seat 2: wiley2025 ($46.12 in chips) 
Seat 3: skars07 ($101.50 in chips) 
Seat 4: XneferX ($171.92 in chips) 
Seat 5: z00mba ($104.22 in chips) 
Seat 6: Tibibacsi ($128.39 in chips) 
skars07: posts small blind $0.50
XneferX: posts big blind $1
*** HOLE CARDS ***
z00mba: raises $1.50 to $2.50
Tibibacsi: folds 
shootingGRID: folds 
wiley2025: folds 
skars07: folds 
XneferX: folds 
Uncalled bet ($1.50) returned to z00mba
z00mba collected $2.50 from pot
z00mba: doesn't show hand 
*** SUMMARY ***
Total pot $2.50 | Rake $0 
Seat 1: shootingGRID folded before Flop (didn't bet)
Seat 2: wiley2025 (button) folded before Flop (didn't bet)
Seat 3: skars07 (small blind) folded before Flop
Seat 4: XneferX (big blind) folded before Flop
Seat 5: z00mba collected ($2.50)
Seat 6: Tibibacsi folded before Flop (didn't bet)



PokerStars Hand #254682833160:  Hold'em No Limit ($0.50/$1.00 USD) - 2025/02/02 3:20:03 WET [2025/02/02 22:20:03 ET]
Table 'Watsonia' 6-max Seat #3 is the button
Seat 5: z00mba ($105.72 in chips) is sitting out
Seat 6: Tibibacsi ($128.39 in chips) is sitting out
Seat 1: shootingGRID ($103.48 in chips) 
Seat 2: wiley2025 ($46.12 in chips) 
Seat 3: skars07 ($101 in chips) 
Seat 4: XneferX ($170.92 in chips) 
XneferX: posts small blind $0.50
z00mba: is sitting out 
Tibibacsi: is sitting out 
shootingGRID: posts big blind $1
*** HOLE CARDS ***
z00mba leaves the table
Tibibacsi leaves the table
wiley2025: raises $1 to $2
LuckyShikari joins the table at seat #6 
skars07: folds 
XneferX: folds 
shootingGRID: calls $1
*** FLOP *** [Ah 3c Kc]
shootingGRID: checks 
wiley2025: bets $2.14
shootingGRID: folds 
Uncalled bet ($2.14) returned to wiley2025
wiley2025 collected $4.28 from pot
*** SUMMARY ***
Total pot $4.50 | Rake $0.22 
Board [Ah 3c Kc]
Seat 5: z00mba
Seat 6: Tibibacsi
Seat 1: shootingGRID (big blind) folded on the Flop
Seat 2: wiley2025 collected ($4.28)
Seat 3: skars07 (button) folded before Flop (didn't bet)
Seat 4: XneferX (small blind) folded before Flop



PokerStars Hand #254682838169:  Hold'em No Limit ($0.50/$1.00 USD) - 2025/02/02 3:20:45 WET [2025/02/02 22:20:45 ET]
Table 'Watsonia' 6-max Seat #4 is the button
Seat 6: LuckyShikari ($100 in chips) is sitting out
Seat 1: shootingGRID ($101.48 in chips) 
Seat 2: wiley2025 ($48.40 in chips) 
Seat 3: skars07 ($101 in chips) 
Seat 4: XneferX ($170.42 in chips) 
shootingGRID: posts small blind $0.50
wiley2025: posts big blind $1
*** HOLE CARDS ***
jacobdabuck joins the table at seat #5 
jacobdabuck is disconnected 
skars07: folds 
XneferX: folds 
shootingGRID: raises $2 to $3
wiley2025: calls $2
*** FLOP *** [8h Kd Qs]
shootingGRID: checks 
wiley2025: checks 
*** TURN *** [8h Kd Qs] [7s]
shootingGRID: checks 
wiley2025: bets $1
shootingGRID: calls $1
*** RIVER *** [8h Kd Qs 7s] [Td]
shootingGRID: checks 
wiley2025: checks 
*** SHOW DOWN ***
shootingGRID: shows [As 7h] (a pair of Sevens)
wiley2025: shows [Jc Qd] (a pair of Queens)
wiley2025 collected $7.60 from pot
*** SUMMARY ***
Total pot $8 | Rake $0.40 
Board [8h Kd Qs 7s Td]
Seat 6: LuckyShikari
Seat 1: shootingGRID (small blind) showed [As 7h] and lost with a pair of Sevens
Seat 2: wiley2025 (big blind) showed [Jc Qd] and won ($7.60) with a pair of Queens
Seat 3: skars07 folded before Flop (didn't bet)
Seat 4: XneferX (button) folded before Flop (didn't bet)



PokerStars Hand #254682846080:  Hold'em No Limit ($0.50/$1.00 USD) - 2025/02/02 3:21:50 WET [2025/02/02 22:21:50 ET]
Table 'Watsonia' 6-max Seat #1 is the button
Seat 6: LuckyShikari ($100 in chips) is sitting out
Seat 1: shootingGRID ($100 in chips) 
Seat 2: wiley2025 ($52 in chips) 
Seat 3: skars07 ($101 in chips) 
Seat 4: XneferX ($170.42 in chips) 
Seat 5: jacobdabuck ($39.37 in chips) 
wiley2025: posts small blind $0.50
skars07: posts big blind $1
jacobdabuck: posts big blind $1
LuckyShikari: sits out 
*** HOLE CARDS ***
XneferX: raises $1.10 to $2.10
jacobdabuck: folds 
shootingGRID: folds 
wiley2025: calls $1.60
skars07: folds 
*** FLOP *** [Qs 7c 4c]
wiley2025: checks 
XneferX: checks 
*** TURN *** [Qs 7c 4c] [Tc]
wiley2025: bets $1
XneferX: calls $1
*** RIVER *** [Qs 7c 4c Tc] [2c]
wiley2025: bets $1
XneferX: raises $6 to $7
wiley2025: folds 
Uncalled bet ($6) returned to XneferX
XneferX collected $9.69 from pot
XneferX: doesn't show hand 
*** SUMMARY ***
Total pot $10.20 | Rake $0.51 
Board [Qs 7c 4c Tc 2c]
Seat 6: LuckyShikari
Seat 1: shootingGRID (button) folded before Flop (didn't bet)
Seat 2: wiley2025 (small blind) folded on the River
Seat 3: skars07 (big blind) folded before Flop
Seat 4: XneferX collected ($9.69)
Seat 5: jacobdabuck folded before Flop (didn't bet)



PokerStars Hand #254682855227:  Hold'em No Limit ($0.50/$1.00 USD) - 2025/02/02 3:23:06 WET [2025/02/02 22:23:06 ET]
Table 'Watsonia' 6-max Seat #2 is the button
Seat 6: LuckyShikari ($100 in chips) is sitting out
Seat 1: shootingGRID ($100 in chips) 
Seat 2: wiley2025 ($47.90 in chips) 
Seat 3: skars07 ($100 in chips) 
Seat 4: XneferX ($176.01 in chips) 
Seat 5: jacobdabuck ($38.37 in chips) 
skars07: posts small blind $0.50
XneferX: posts big blind $1
LuckyShikari: sits out 
*** HOLE CARDS ***
jacobdabuck: raises $2 to $3
shootingGRID: folds 
wiley2025: folds 
skars07: folds 
XneferX: calls $2
*** FLOP *** [2h 8d 7c]
XneferX: checks 
jacobdabuck: checks 
*** TURN *** [2h 8d 7c] [7d]
XneferX: checks 
jacobdabuck: bets $4.09
XneferX: folds 
Uncalled bet ($4.09) returned to jacobdabuck
jacobdabuck collected $6.18 from pot
*** SUMMARY ***
Total pot $6.50 | Rake $0.32 
Board [2h 8d 7c 7d]
Seat 6: LuckyShikari
Seat 1: shootingGRID folded before Flop (didn't bet)
Seat 2: wiley2025 (button) folded before Flop (didn't bet)
Seat 3: skars07 (small blind) folded before Flop
Seat 4: XneferX (big blind) folded on the Turn
Seat 5: jacobdabuck collected ($6.18)



PokerStars Hand #254682863734:  Hold'em No Limit ($0.50/$1.00 USD) - 2025/02/02 3:24:17 WET [2025/02/02 22:24:17 ET]
Table 'Watsonia' 6-max Seat #3 is the button
Seat 6: LuckyShikari ($100 in chips) is sitting out
Seat 1: shootingGRID ($100 in chips) 
Seat 2: wiley2025 ($47.90 in chips) 
Seat 3: skars07 ($100 in chips) 
Seat 4: XneferX ($173.01 in chips) 
Seat 5: jacobdabuck ($41.55 in chips) 
XneferX: posts small blind $0.50
jacobdabuck: posts big blind $1
LuckyShikari: sits out 
*** HOLE CARDS ***
shootingGRID: folds 
wiley2025: folds 
skars07: raises $1.50 to $2.50
XneferX: folds 
jacobdabuck: calls $1.50
*** FLOP *** [Kc 4d 8c]
jacobdabuck: checks 
skars07: bets $1.72
jacobdabuck: raises $4.33 to $6.05
skars07: folds 
Uncalled bet ($4.33) returned to jacobdabuck
jacobdabuck collected $8.49 from pot
*** SUMMARY ***
Total pot $8.94 | Rake $0.45 
Board [Kc 4d 8c]
Seat 6: LuckyShikari
Seat 1: shootingGRID folded before Flop (didn't bet)
Seat 2: wiley2025 folded before Flop (didn't bet)
Seat 3: skars07 (button) folded on the Flop
Seat 4: XneferX (small blind) folded before Flop
Seat 5: jacobdabuck (big blind) collected ($8.49)



PokerStars Hand #254682869135:  Hold'em No Limit ($0.50/$1.00 USD) - 2025/02/02 3:25:03 WET [2025/02/02 22:25:03 ET]
Table 'Watsonia' 6-max Seat #4 is the button
Seat 1: shootingGRID ($100 in chips) 
Seat 2: wiley2025 ($47.90 in chips) 
Seat 3: skars07 ($100 in chips) 
Seat 4: XneferX ($172.51 in chips) 
Seat 5: jacobdabuck ($45.82 in chips) 
Seat 6: LuckyShikari ($100 in chips) 
jacobdabuck: posts small blind $0.50
LuckyShikari: posts big blind $1
*** HOLE CARDS ***
shootingGRID: raises $1.25 to $2.25
wiley2025: calls $2.25
skars07: folds 
XneferX: folds 
jacobdabuck: calls $1.75
LuckyShikari: calls $1.25
*** FLOP *** [5c 2s Qc]
jacobdabuck: bets $4.28
LuckyShikari: folds 
shootingGRID: calls $4.28
wiley2025: folds 
*** TURN *** [5c 2s Qc] [Ah]
jacobdabuck: checks 
shootingGRID: checks 
*** RIVER *** [5c 2s Qc Ah] [8h]
jacobdabuck: checks 
shootingGRID: checks 
*** SHOW DOWN ***
jacobdabuck: shows [Tc Kc] (high card Ace)
shootingGRID: shows [Jh Jd] (a pair of Jacks)
shootingGRID collected $16.68 from pot
*** SUMMARY ***
Total pot $17.56 | Rake $0.88 
Board [5c 2s Qc Ah 8h]
Seat 1: shootingGRID showed [Jh Jd] and won ($16.68) with a pair of Jacks
Seat 2: wiley2025 folded on the Flop
Seat 3: skars07 folded before Flop (didn't bet)
Seat 4: XneferX (button) folded before Flop (didn't bet)
Seat 5: jacobdabuck (small blind) showed [Tc Kc] and lost with high card Ace
Seat 6: LuckyShikari (big blind) folded on the Flop



PokerStars Hand #254682877709:  Hold'em No Limit ($0.50/$1.00 USD) - 2025/02/02 3:26:15 WET [2025/02/02 22:26:15 ET]
Table 'Watsonia' 6-max Seat #5 is the button
Seat 1: shootingGRID ($110.15 in chips) 
Seat 2: wiley2025 ($45.65 in chips) 
Seat 3: skars07 ($100 in chips) 
Seat 4: XneferX ($172.51 in chips) 
Seat 5: jacobdabuck ($39.29 in chips) 
Seat 6: LuckyShikari ($100 in chips) 
LuckyShikari: posts small blind $0.50
shootingGRID: posts big blind $1
*** HOLE CARDS ***
wiley2025: folds 
skars07: folds 
XneferX: folds 
jacobdabuck: calls $1
LuckyShikari: calls $0.50
shootingGRID: raises $4.50 to $5.50
jacobdabuck: folds 
LuckyShikari: folds 
Uncalled bet ($4.50) returned to shootingGRID
shootingGRID collected $3 from pot
*** SUMMARY ***
Total pot $3 | Rake $0 
Seat 1: shootingGRID (big blind) collected ($3)
Seat 2: wiley2025 folded before Flop (didn't bet)
Seat 3: skars07 folded before Flop (didn't bet)
Seat 4: XneferX folded before Flop (didn't bet)
Seat 5: jacobdabuck (button) folded before Flop
Seat 6: LuckyShikari (small blind) folded before Flop



PokerStars Hand #254682882298:  Hold'em No Limit ($0.50/$1.00 USD) - 2025/02/02 3:26:55 WET [2025/02/02 22:26:55 ET]
Table 'Watsonia' 6-max Seat #6 is the button
Seat 1: shootingGRID ($112.15 in chips) 
Seat 2: wiley2025 ($45.65 in chips) 
Seat 3: skars07 ($100 in chips) 
Seat 4: XneferX ($172.51 in chips) 
Seat 5: jacobdabuck ($38.29 in chips) 
Seat 6: LuckyShikari ($100 in chips) 
shootingGRID: posts small blind $0.50
wiley2025: posts big blind $1
*** HOLE CARDS ***
skars07: folds 
XneferX: folds 
jacobdabuck: calls $1
LuckyShikari: folds 
shootingGRID: folds 
wiley2025: checks 
*** FLOP *** [Ad 7s Ah]
wiley2025: checks 
jacobdabuck: checks 
*** TURN *** [Ad 7s Ah] [3d]
wiley2025: bets $1
jacobdabuck: folds 
Uncalled bet ($1) returned to wiley2025
wiley2025 collected $2.38 from pot
*** SUMMARY ***
Total pot $2.50 | Rake $0.12 
Board [Ad 7s Ah 3d]
Seat 1: shootingGRID (small blind) folded before Flop
Seat 2: wiley2025 (big blind) collected ($2.38)
Seat 3: skars07 folded before Flop (didn't bet)
Seat 4: XneferX folded before Flop (didn't bet)
Seat 5: jacobdabuck folded on the Turn
Seat 6: LuckyShikari (button) folded before Flop (didn't bet)



PokerStars Hand #254682887607:  Hold'em No Limit ($0.50/$1.00 USD) - 2025/02/02 3:27:39 WET [2025/02/02 22:27:39 ET]
Table 'Watsonia' 6-max Seat #1 is the button
Seat 1: shootingGRID ($111.65 in chips) 
Seat 2: wiley2025 ($47.03 in chips) 
Seat 3: skars07 ($100 in chips) 
Seat 4: XneferX ($172.51 in chips) 
Seat 5: jacobdabuck ($37.29 in chips) 
Seat 6: LuckyShikari ($100 in chips) 
wiley2025: posts small blind $0.50
skars07: posts big blind $1
*** HOLE CARDS ***
XneferX: folds 
jacobdabuck: folds 
LuckyShikari: folds 
shootingGRID: raises $1.50 to $2.50
wiley2025: calls $2
skars07: folds 
*** FLOP *** [9d 5c Ah]
wiley2025: checks 
shootingGRID: bets $1.88
wiley2025: folds 
Uncalled bet ($1.88) returned to shootingGRID
shootingGRID collected $5.70 from pot
*** SUMMARY ***
Total pot $6 | Rake $0.30 
Board [9d 5c Ah]
Seat 1: shootingGRID (button) collected ($5.70)
Seat 2: wiley2025 (small blind) folded on the Flop
Seat 3: skars07 (big blind) folded before Flop
Seat 4: XneferX folded before Flop (didn't bet)
Seat 5: jacobdabuck folded before Flop (didn't bet)
Seat 6: LuckyShikari folded before Flop (didn't bet)



PokerStars Hand #254682892080:  Hold'em No Limit ($0.50/$1.00 USD) - 2025/02/02 3:28:18 WET [2025/02/02 22:28:18 ET]
Table 'Watsonia' 6-max Seat #2 is the button
Seat 1: shootingGRID ($114.85 in chips) 
Seat 2: wiley2025 ($44.53 in chips) 
Seat 3: skars07 ($100 in chips) 
Seat 4: XneferX ($172.51 in chips) 
Seat 5: jacobdabuck ($37.29 in chips) 
Seat 6: LuckyShikari ($100 in chips) 
skars07: posts small blind $0.50
XneferX: posts big blind $1
*** HOLE CARDS ***
jacobdabuck: calls $1
LuckyShikari: folds 
shootingGRID: raises $2.25 to $3.25
wiley2025: calls $3.25
skars07: folds 
XneferX: folds 
jacobdabuck: folds 
*** FLOP *** [6c 5c Js]
shootingGRID: checks 
wiley2025: bets $1
shootingGRID: calls $1
*** TURN *** [6c 5c Js] [7s]
shootingGRID: checks 
wiley2025: bets $1
shootingGRID: folds 
Uncalled bet ($1) returned to wiley2025
wiley2025 collected $10.45 from pot
*** SUMMARY ***
Total pot $11 | Rake $0.55 
Board [6c 5c Js 7s]
Seat 1: shootingGRID folded on the Turn
Seat 2: wiley2025 (button) collected ($10.45)
Seat 3: skars07 (small blind) folded before Flop
Seat 4: XneferX (big blind) folded before Flop
Seat 5: jacobdabuck folded before Flop
Seat 6: LuckyShikari folded before Flop (didn't bet)



PokerStars Hand #254682899000:  Hold'em No Limit ($0.50/$1.00 USD) - 2025/02/02 3:29:18 WET [2025/02/02 22:29:18 ET]
Table 'Watsonia' 6-max Seat #3 is the button
Seat 1: shootingGRID ($110.60 in chips) 
Seat 2: wiley2025 ($50.73 in chips) 
Seat 3: skars07 ($100 in chips) 
Seat 4: XneferX ($171.51 in chips) 
Seat 5: jacobdabuck ($36.29 in chips) 
Seat 6: LuckyShikari ($100 in chips) 
XneferX: posts small blind $0.50
jacobdabuck: posts big blind $1
*** HOLE CARDS ***
LuckyShikari: raises $1.50 to $2.50
shootingGRID: folds 
wiley2025: folds 
skars07: folds 
XneferX: folds 
jacobdabuck: calls $1.50
*** FLOP *** [7s 3h 2h]
jacobdabuck: checks 
LuckyShikari: checks 
*** TURN *** [7s 3h 2h] [5h]
jacobdabuck: checks 
LuckyShikari: bets $1.10
jacobdabuck: calls $1.10
*** RIVER *** [7s 3h 2h 5h] [Jd]
jacobdabuck: checks 
LuckyShikari: bets $5.50
jacobdabuck: folds 
Uncalled bet ($5.50) returned to LuckyShikari
LuckyShikari collected $7.32 from pot
LuckyShikari: doesn't show hand 
*** SUMMARY ***
Total pot $7.70 | Rake $0.38 
Board [7s 3h 2h 5h Jd]
Seat 1: shootingGRID folded before Flop (didn't bet)
Seat 2: wiley2025 folded before Flop (didn't bet)
Seat 3: skars07 (button) folded before Flop (didn't bet)
Seat 4: XneferX (small blind) folded before Flop
Seat 5: jacobdabuck (big blind) folded on the River
Seat 6: LuckyShikari collected ($7.32)



PokerStars Hand #254682904824:  Hold'em No Limit ($0.50/$1.00 USD) - 2025/02/02 3:30:07 WET [2025/02/02 22:30:07 ET]
Table 'Watsonia' 6-max Seat #4 is the button
Seat 1: shootingGRID ($110.60 in chips) 
Seat 2: wiley2025 ($50.73 in chips) 
Seat 3: skars07 ($100 in chips) 
Seat 4: XneferX ($171.01 in chips) 
Seat 5: jacobdabuck ($32.69 in chips) 
Seat 6: LuckyShikari ($103.72 in chips) 
jacobdabuck: posts small blind $0.50
LuckyShikari: posts big blind $1
*** HOLE CARDS ***
shootingGRID: raises $1.25 to $2.25
wiley2025: folds 
skars07: folds 
XneferX: folds 
jacobdabuck: raises $1.25 to $3.50
LuckyShikari: raises $8.50 to $12
shootingGRID: folds 
jacobdabuck: calls $8.50
*** FLOP *** [8c 6s 3c]
jacobdabuck: checks 
LuckyShikari: bets $5
jacobdabuck: calls $5
*** TURN *** [8c 6s 3c] [Js]
jacobdabuck: checks 
LuckyShikari: bets $34.50
jacobdabuck: calls $15.69 and is all-in
Uncalled bet ($18.81) returned to LuckyShikari
*** RIVER *** [8c 6s 3c Js] [5d]
*** SHOW DOWN ***
jacobdabuck: shows [Kc Kh] (a pair of Kings)
LuckyShikari: shows [Ad As] (a pair of Aces)
LuckyShikari collected $65.13 from pot
*** SUMMARY ***
Total pot $67.63 | Rake $2.50 
Board [8c 6s 3c Js 5d]
Seat 1: shootingGRID folded before Flop
Seat 2: wiley2025 folded before Flop (didn't bet)
Seat 3: skars07 folded before Flop (didn't bet)
Seat 4: XneferX (button) folded before Flop (didn't bet)
Seat 5: jacobdabuck (small blind) showed [Kc Kh] and lost with a pair of Kings
Seat 6: LuckyShikari (big blind) showed [Ad As] and won ($65.13) with a pair of Aces



PokerStars Hand #254682914603:  Hold'em No Limit ($0.50/$1.00 USD) - 2025/02/02 3:31:30 WET [2025/02/02 22:31:30 ET]
Table 'Watsonia' 6-max Seat #6 is the button
Seat 5: jacobdabuck ($0 in chips) is sitting out
Seat 1: shootingGRID ($108.35 in chips) 
Seat 2: wiley2025 ($50.73 in chips) 
Seat 3: skars07 ($100 in chips) 
Seat 4: XneferX ($171.01 in chips) 
Seat 6: LuckyShikari ($136.16 in chips) 
shootingGRID: posts small blind $0.50
wiley2025: posts big blind $1
*** HOLE CARDS ***
skars07: folds 
XneferX: folds 
LuckyShikari: folds 
jacobdabuck leaves the table
shootingGRID: raises $2 to $3
wiley2025: calls $2
*** FLOP *** [5c 7h 2c]
KeR888 joins the table at seat #5 
shootingGRID: checks 
wiley2025: bets $1
shootingGRID: folds 
Uncalled bet ($1) returned to wiley2025
wiley2025 collected $5.70 from pot
*** SUMMARY ***
Total pot $6 | Rake $0.30 
Board [5c 7h 2c]
Seat 5: jacobdabuck
Seat 1: shootingGRID (small blind) folded on the Flop
Seat 2: wiley2025 (big blind) collected ($5.70)
Seat 3: skars07 folded before Flop (didn't bet)
Seat 4: XneferX folded before Flop (didn't bet)
Seat 6: LuckyShikari (button) folded before Flop (didn't bet)



PokerStars Hand #254682918173:  Hold'em No Limit ($0.50/$1.00 USD) - 2025/02/02 3:32:02 WET [2025/02/02 22:32:02 ET]
Table 'Watsonia' 6-max Seat #1 is the button
Seat 3: skars07 ($100 in chips) is sitting out
Seat 5: KeR888 ($100 in chips) is sitting out
Seat 1: shootingGRID ($105.35 in chips) 
Seat 2: wiley2025 ($53.43 in chips) 
Seat 4: XneferX ($171.01 in chips) 
Seat 6: LuckyShikari ($136.16 in chips) 
wiley2025: posts small blind $0.50
skars07: is sitting out 
skars07 leaves the table
XneferX: posts big blind $1
KeR888: sits out 
*** HOLE CARDS ***
LuckyShikari: folds 
joaquin612 joins the table at seat #3 
shootingGRID: raises $1.50 to $2.50
wiley2025: folds 
XneferX: folds 
Uncalled bet ($1.50) returned to shootingGRID
shootingGRID collected $2.50 from pot
*** SUMMARY ***
Total pot $2.50 | Rake $0 
Seat 3: skars07
Seat 5: KeR888
Seat 1: shootingGRID (button) collected ($2.50)
Seat 2: wiley2025 (small blind) folded before Flop
Seat 4: XneferX (big blind) folded before Flop
Seat 6: LuckyShikari folded before Flop (didn't bet)



PokerStars Hand #254682920709:  Hold'em No Limit ($0.50/$1.00 USD) - 2025/02/02 3:32:24 WET [2025/02/02 22:32:24 ET]
Table 'Watsonia' 6-max Seat #2 is the button
Seat 3: joaquin612 ($100 in chips) is sitting out
Seat 1: shootingGRID ($106.85 in chips) 
Seat 2: wiley2025 ($52.93 in chips) 
Seat 4: XneferX ($170.01 in chips) 
Seat 5: KeR888 ($100 in chips) 
Seat 6: LuckyShikari ($136.16 in chips) 
XneferX: posts small blind $0.50
KeR888: posts big blind $1
*** HOLE CARDS ***
LuckyShikari: raises $1 to $2
shootingGRID: folds 
wiley2025: calls $2
XneferX: folds 
KeR888: folds 
*** FLOP *** [6c Ac Ks]
LuckyShikari: checks 
wiley2025: checks 
*** TURN *** [6c Ac Ks] [Qc]
LuckyShikari: checks 
wiley2025: checks 
*** RIVER *** [6c Ac Ks Qc] [2c]
LuckyShikari: checks 
wiley2025: bets $1
LuckyShikari: folds 
Uncalled bet ($1) returned to wiley2025
wiley2025 collected $5.22 from pot
*** SUMMARY ***
Total pot $5.50 | Rake $0.28 
Board [6c Ac Ks Qc 2c]
Seat 3: joaquin612
Seat 1: shootingGRID folded before Flop (didn't bet)
Seat 2: wiley2025 (button) collected ($5.22)
Seat 4: XneferX (small blind) folded before Flop
Seat 5: KeR888 (big blind) folded before Flop
Seat 6: LuckyShikari folded on the River



PokerStars Hand #254682926480:  Hold'em No Limit ($0.50/$1.00 USD) - 2025/02/02 3:33:14 WET [2025/02/02 22:33:14 ET]
Table 'Watsonia' 6-max Seat #4 is the button
Seat 3: joaquin612 ($100 in chips) is sitting out
Seat 1: shootingGRID ($106.85 in chips) 
Seat 2: wiley2025 ($56.15 in chips) 
Seat 4: XneferX ($169.51 in chips) 
Seat 5: KeR888 ($100 in chips) 
Seat 6: LuckyShikari ($134.16 in chips) 
KeR888: posts small blind $0.50
LuckyShikari: posts big blind $1
joaquin612: sits out 
*** HOLE CARDS ***
shootingGRID: folds 
wiley2025: calls $1
XneferX: raises $3 to $4
KeR888: folds 
LuckyShikari: folds 
wiley2025: calls $3
*** FLOP *** [9d 7s 5d]
wiley2025: checks 
XneferX: checks 
*** TURN *** [9d 7s 5d] [Ts]
wiley2025: bets $4.51
XneferX: calls $4.51
*** RIVER *** [9d 7s 5d Ts] [Kd]
wiley2025: checks 
XneferX: bets $13.54
wiley2025: folds 
Uncalled bet ($13.54) returned to XneferX
XneferX collected $17.59 from pot
XneferX: doesn't show hand 
*** SUMMARY ***
Total pot $18.52 | Rake $0.93 
Board [9d 7s 5d Ts Kd]
Seat 3: joaquin612
Seat 1: shootingGRID folded before Flop (didn't bet)
Seat 2: wiley2025 folded on the River
Seat 4: XneferX (button) collected ($17.59)
Seat 5: KeR888 (small blind) folded before Flop
Seat 6: LuckyShikari (big blind) folded before Flop



PokerStars Hand #254682937442:  Hold'em No Limit ($0.50/$1.00 USD) - 2025/02/02 3:34:49 WET [2025/02/02 22:34:49 ET]
Table 'Watsonia' 6-max Seat #5 is the button
Seat 2: wiley2025 ($47.64 in chips) is sitting out
Seat 3: joaquin612 ($100 in chips) is sitting out
Seat 1: shootingGRID ($106.85 in chips) 
Seat 4: XneferX ($178.59 in chips) 
Seat 5: KeR888 ($100 in chips) 
Seat 6: LuckyShikari ($133.16 in chips) 
LuckyShikari: posts small blind $0.50
shootingGRID: posts big blind $1
joaquin612: sits out 
*** HOLE CARDS ***
wiley2025 leaves the table
XneferX: raises $1.30 to $2.30
KeR888: folds 
LuckyShikari: folds 
shootingGRID: folds 
Uncalled bet ($1.30) returned to XneferX
XneferX collected $2.50 from pot
XneferX: doesn't show hand 
*** SUMMARY ***
Total pot $2.50 | Rake $0 
Seat 2: wiley2025
Seat 3: joaquin612
Seat 1: shootingGRID (big blind) folded before Flop
Seat 4: XneferX collected ($2.50)
Seat 5: KeR888 (button) folded before Flop (didn't bet)
Seat 6: LuckyShikari (small blind) folded before Flop



PokerStars Hand #254682649709:  Hold'em No Limit ($0.50/$1.00 USD) - 2025/02/02 2:54:37 WET [2025/02/02 21:54:37 ET]
Table 'Watsonia' 6-max Seat #1 is the button
Seat 1: shootingGRID ($115.35 in chips) 
Seat 2: wiley2025 ($68.24 in chips) 
Seat 3: skars07 ($109.70 in chips) 
Seat 4: XneferX ($138.50 in chips) 
Seat 5: z00mba ($105.25 in chips) 
Seat 6: Tibibacsi ($100 in chips) 
wiley2025: posts small blind $0.50
skars07: posts big blind $1
*** HOLE CARDS ***
XneferX: folds 
z00mba: folds 
Tibibacsi: raises $1 to $2
shootingGRID: folds 
wiley2025: calls $1.50
skars07: calls $1
*** FLOP *** [5d 6s 8d]
wiley2025: checks 
skars07: checks 
Tibibacsi: checks 
*** TURN *** [5d 6s 8d] [2s]
wiley2025: bets $2.85
skars07: folds 
Tibibacsi: calls $2.85
*** RIVER *** [5d 6s 8d 2s] [4s]
wiley2025: checks 
Tibibacsi: bets $12.50
wiley2025: folds 
Uncalled bet ($12.50) returned to Tibibacsi
Tibibacsi collected $11.12 from pot
Tibibacsi: doesn't show hand 
*** SUMMARY ***
Total pot $11.70 | Rake $0.58 
Board [5d 6s 8d 2s 4s]
Seat 1: shootingGRID (button) folded before Flop (didn't bet)
Seat 2: wiley2025 (small blind) folded on the River
Seat 3: skars07 (big blind) folded on the Turn
Seat 4: XneferX folded before Flop (didn't bet)
Seat 5: z00mba folded before Flop (didn't bet)
Seat 6: Tibibacsi collected ($11.12)



