PokerStars Hand #254681127357:  Hold'em No Limit ($0.50/$1.00 USD) - 2025/02/02 1:07:01 WET [2025/02/02 20:07:01 ET]
Table 'Zita' 6-max Seat #1 is the button
Seat 1: Nicedaymybro ($136.88 in chips) 
Seat 2: Rysiff ($100 in chips) 
Seat 3: vadjkeee ($100 in chips) 
Rysiff: posts small blind $0.50
vadjkeee: posts big blind $1
*** HOLE CARDS ***
Nicedaymybro: raises $1.50 to $2.50
Rysiff: folds 
vadjkeee: folds 
Uncalled bet ($1.50) returned to Nicedaymybro
Nicedaymybro collected $2.50 from pot
Nicedaymybro: doesn't show hand 
*** SUMMARY ***
Total pot $2.50 | Rake $0 
Seat 1: Nicedaymybro (button) collected ($2.50)
Seat 2: Rysiff (small blind) folded before Flop
Seat 3: vadjkeee (big blind) folded before Flop



PokerStars Hand #254681129102:  Hold'em No Limit ($0.50/$1.00 USD) - 2025/02/02 1:07:11 WET [2025/02/02 20:07:11 ET]
Table 'Zita' 6-max Seat #2 is the button
Seat 1: Nicedaymybro ($138.38 in chips) 
Seat 2: Rysiff ($100 in chips) 
Seat 3: vadjkeee ($100 in chips) 
vadjkeee: posts small blind $0.50
Nicedaymybro: posts big blind $1
*** HOLE CARDS ***
Rysiff: raises $1.50 to $2.50
vadjkeee: folds 
Nicedaymybro: calls $1.50
*** FLOP *** [Kd 6s 2h]
Nicedaymybro: checks 
Rysiff: bets $1.72
Nicedaymybro: folds 
Uncalled bet ($1.72) returned to Rysiff
Rysiff collected $5.22 from pot
Rysiff: doesn't show hand 
*** SUMMARY ***
Total pot $5.50 | Rake $0.28 
Board [Kd 6s 2h]
Seat 1: Nicedaymybro (big blind) folded on the Flop
Seat 2: Rysiff (button) collected ($5.22)
Seat 3: vadjkeee (small blind) folded before Flop



