PokerStars Hand #254325185645:  Hold'em No Limit ($0.50/$1.00 USD) - 2025/01/11 2:53:18 WET [2025/01/11 21:53:18 ET]
Table 'Mette II' 6-max Seat #4 is the button
Seat 1: equilibrium_tv ($39.50 in chips) 
Seat 2: kekoccc ($100 in chips) 
Seat 3: Rysiff ($100 in chips) 
Seat 4: EasyGamerrr ($100 in chips) 
Seat 5: XneferX ($100 in chips) 
Seat 6: Rahmanator ($58.64 in chips) 
XneferX: posts small blind $0.50
Rahmanator: posts big blind $1
*** HOLE CARDS ***
equilibrium_tv: folds 
kekoccc: folds 
Rysiff: folds 
EasyGamerrr: raises $1.50 to $2.50
XneferX: folds 
Rahmanator: calls $1.50
*** FLOP *** [Ks 6d As]
Rahmanator: checks 
EasyGamerrr: bets $2.51
Rahmanator: folds 
Uncalled bet ($2.51) returned to EasyGamerrr
EasyGamerrr collected $5.22 from pot
EasyGamerrr: doesn't show hand 
*** SUMMARY ***
Total pot $5.50 | Rake $0.28 
Board [Ks 6d As]
Seat 1: equilibrium_tv folded before Flop (didn't bet)
Seat 2: kekoccc folded before Flop (didn't bet)
Seat 3: Rysiff folded before Flop (didn't bet)
Seat 4: EasyGamerrr (button) collected ($5.22)
Seat 5: XneferX (small blind) folded before Flop
Seat 6: Rahmanator (big blind) folded on the Flop



PokerStars Hand #254325191685:  Hold'em No Limit ($0.50/$1.00 USD) - 2025/01/11 2:53:56 WET [2025/01/11 21:53:56 ET]
Table 'Mette II' 6-max Seat #5 is the button
Seat 1: equilibrium_tv ($39.50 in chips) 
Seat 2: kekoccc ($100 in chips) 
Seat 3: Rysiff ($100 in chips) 
Seat 4: EasyGamerrr ($102.72 in chips) 
Seat 5: XneferX ($100 in chips) 
Seat 6: Rahmanator ($56.14 in chips) 
Rahmanator: posts small blind $0.50
equilibrium_tv: posts big blind $1
*** HOLE CARDS ***
kekoccc: folds 
Rysiff: folds 
EasyGamerrr: raises $1.50 to $2.50
XneferX: folds 
Rahmanator: folds 
equilibrium_tv: folds 
Uncalled bet ($1.50) returned to EasyGamerrr
EasyGamerrr collected $2.50 from pot
EasyGamerrr: doesn't show hand 
*** SUMMARY ***
Total pot $2.50 | Rake $0 
Seat 1: equilibrium_tv (big blind) folded before Flop
Seat 2: kekoccc folded before Flop (didn't bet)
Seat 3: Rysiff folded before Flop (didn't bet)
Seat 4: EasyGamerrr collected ($2.50)
Seat 5: XneferX (button) folded before Flop (didn't bet)
Seat 6: Rahmanator (small blind) folded before Flop



PokerStars Hand #254325194843:  Hold'em No Limit ($0.50/$1.00 USD) - 2025/01/11 2:54:16 WET [2025/01/11 21:54:16 ET]
Table 'Mette II' 6-max Seat #6 is the button
Seat 1: equilibrium_tv ($38.50 in chips) 
Seat 2: kekoccc ($100 in chips) 
Seat 3: Rysiff ($100 in chips) 
Seat 4: EasyGamerrr ($104.22 in chips) 
Seat 5: XneferX ($100 in chips) 
Seat 6: Rahmanator ($55.64 in chips) 
equilibrium_tv: posts small blind $0.50
kekoccc: posts big blind $1
*** HOLE CARDS ***
Rysiff: folds 
EasyGamerrr: folds 
XneferX: folds 
Rahmanator: raises $2 to $3
equilibrium_tv: folds 
kekoccc: calls $2
*** FLOP *** [Th 2s Jh]
kekoccc: checks 
Rahmanator: bets $3.09
kekoccc: calls $3.09
*** TURN *** [Th 2s Jh] [7h]
kekoccc: checks 
Rahmanator: bets $6.03
kekoccc: calls $6.03
*** RIVER *** [Th 2s Jh 7h] [4d]
kekoccc: checks 
Rahmanator: bets $23.50
kekoccc: calls $23.50
*** SHOW DOWN ***
Rahmanator: shows [Ah Qh] (a flush, Ace high)
kekoccc: mucks hand 
Rahmanator collected $69.24 from pot
*** SUMMARY ***
Total pot $71.74 | Rake $2.50 
Board [Th 2s Jh 7h 4d]
Seat 1: equilibrium_tv (small blind) folded before Flop
Seat 2: kekoccc (big blind) mucked
Seat 3: Rysiff folded before Flop (didn't bet)
Seat 4: EasyGamerrr folded before Flop (didn't bet)
Seat 5: XneferX folded before Flop (didn't bet)
Seat 6: Rahmanator (button) showed [Ah Qh] and won ($69.24) with a flush, Ace high



PokerStars Hand #254325207502:  Hold'em No Limit ($0.50/$1.00 USD) - 2025/01/11 2:55:50 WET [2025/01/11 21:55:50 ET]
Table 'Mette II' 6-max Seat #1 is the button
Seat 1: equilibrium_tv ($38 in chips) 
Seat 2: kekoccc ($100 in chips) 
Seat 3: Rysiff ($100 in chips) 
Seat 4: EasyGamerrr ($104.22 in chips) 
Seat 5: XneferX ($100 in chips) 
Seat 6: Rahmanator ($89.26 in chips) 
kekoccc: posts small blind $0.50
Rysiff: posts big blind $1
*** HOLE CARDS ***
EasyGamerrr: folds 
XneferX: folds 
Rahmanator: folds 
equilibrium_tv: folds 
kekoccc: raises $2 to $3
Rysiff: calls $2
*** FLOP *** [Ad 8c Kd]
kekoccc: checks 
Rysiff: checks 
*** TURN *** [Ad 8c Kd] [6s]
kekoccc: checks 
Rysiff: checks 
*** RIVER *** [Ad 8c Kd 6s] [As]
kekoccc: bets $4.28
Rysiff: folds 
Uncalled bet ($4.28) returned to kekoccc
kekoccc collected $5.70 from pot
kekoccc: doesn't show hand 
*** SUMMARY ***
Total pot $6 | Rake $0.30 
Board [Ad 8c Kd 6s As]
Seat 1: equilibrium_tv (button) folded before Flop (didn't bet)
Seat 2: kekoccc (small blind) collected ($5.70)
Seat 3: Rysiff (big blind) folded on the River
Seat 4: EasyGamerrr folded before Flop (didn't bet)
Seat 5: XneferX folded before Flop (didn't bet)
Seat 6: Rahmanator folded before Flop (didn't bet)



PokerStars Hand #254325215496:  Hold'em No Limit ($0.50/$1.00 USD) - 2025/01/11 2:56:56 WET [2025/01/11 21:56:56 ET]
Table 'Mette II' 6-max Seat #2 is the button
Seat 1: equilibrium_tv ($38 in chips) 
Seat 2: kekoccc ($102.70 in chips) 
Seat 3: Rysiff ($100 in chips) 
Seat 4: EasyGamerrr ($104.22 in chips) 
Seat 5: XneferX ($100 in chips) 
Seat 6: Rahmanator ($89.26 in chips) 
Rysiff: posts small blind $0.50
EasyGamerrr: posts big blind $1
*** HOLE CARDS ***
XneferX: folds 
Rahmanator: folds 
equilibrium_tv: folds 
kekoccc: folds 
Rysiff: raises $2 to $3
EasyGamerrr: folds 
Uncalled bet ($2) returned to Rysiff
Rysiff collected $2 from pot
Rysiff: doesn't show hand 
*** SUMMARY ***
Total pot $2 | Rake $0 
Seat 1: equilibrium_tv folded before Flop (didn't bet)
Seat 2: kekoccc (button) folded before Flop (didn't bet)
Seat 3: Rysiff (small blind) collected ($2)
Seat 4: EasyGamerrr (big blind) folded before Flop
Seat 5: XneferX folded before Flop (didn't bet)
Seat 6: Rahmanator folded before Flop (didn't bet)



PokerStars Hand #254325217267:  Hold'em No Limit ($0.50/$1.00 USD) - 2025/01/11 2:57:11 WET [2025/01/11 21:57:11 ET]
Table 'Mette II' 6-max Seat #3 is the button
Seat 1: equilibrium_tv ($38 in chips) 
Seat 2: kekoccc ($102.70 in chips) 
Seat 3: Rysiff ($101 in chips) 
Seat 4: EasyGamerrr ($103.22 in chips) 
Seat 5: XneferX ($100 in chips) 
Seat 6: Rahmanator ($89.26 in chips) 
EasyGamerrr: posts small blind $0.50
XneferX: posts big blind $1
*** HOLE CARDS ***
Rahmanator: folds 
equilibrium_tv: folds 
kekoccc: folds 
Rysiff: folds 
EasyGamerrr: raises $2 to $3
XneferX: raises $6 to $9
EasyGamerrr: folds 
Uncalled bet ($6) returned to XneferX
XneferX collected $6 from pot
XneferX: doesn't show hand 
*** SUMMARY ***
Total pot $6 | Rake $0 
Seat 1: equilibrium_tv folded before Flop (didn't bet)
Seat 2: kekoccc folded before Flop (didn't bet)
Seat 3: Rysiff (button) folded before Flop (didn't bet)
Seat 4: EasyGamerrr (small blind) folded before Flop
Seat 5: XneferX (big blind) collected ($6)
Seat 6: Rahmanator folded before Flop (didn't bet)



PokerStars Hand #254325221572:  Hold'em No Limit ($0.50/$1.00 USD) - 2025/01/11 2:57:46 WET [2025/01/11 21:57:46 ET]
Table 'Mette II' 6-max Seat #4 is the button
Seat 1: equilibrium_tv ($38 in chips) 
Seat 2: kekoccc ($102.70 in chips) 
Seat 3: Rysiff ($101 in chips) 
Seat 4: EasyGamerrr ($100.22 in chips) 
Seat 5: XneferX ($103 in chips) 
Seat 6: Rahmanator ($89.26 in chips) 
XneferX: posts small blind $0.50
Rahmanator: posts big blind $1
*** HOLE CARDS ***
equilibrium_tv: raises $1 to $2
kekoccc: folds 
Rysiff: folds 
EasyGamerrr: folds 
XneferX: folds 
Rahmanator: calls $1
*** FLOP *** [4c Kh Qh]
Rahmanator: checks 
equilibrium_tv: bets $1.41
Rahmanator: folds 
Uncalled bet ($1.41) returned to equilibrium_tv
equilibrium_tv collected $4.28 from pot
*** SUMMARY ***
Total pot $4.50 | Rake $0.22 
Board [4c Kh Qh]
Seat 1: equilibrium_tv collected ($4.28)
Seat 2: kekoccc folded before Flop (didn't bet)
Seat 3: Rysiff folded before Flop (didn't bet)
Seat 4: EasyGamerrr (button) folded before Flop (didn't bet)
Seat 5: XneferX (small blind) folded before Flop
Seat 6: Rahmanator (big blind) folded on the Flop



PokerStars Hand #254325225210:  Hold'em No Limit ($0.50/$1.00 USD) - 2025/01/11 2:58:15 WET [2025/01/11 21:58:15 ET]
Table 'Mette II' 6-max Seat #5 is the button
Seat 1: equilibrium_tv ($40.28 in chips) 
Seat 2: kekoccc ($102.70 in chips) 
Seat 3: Rysiff ($101 in chips) 
Seat 4: EasyGamerrr ($100.22 in chips) 
Seat 5: XneferX ($102.50 in chips) 
Seat 6: Rahmanator ($87.26 in chips) 
Rahmanator: posts small blind $0.50
equilibrium_tv: posts big blind $1
*** HOLE CARDS ***
kekoccc: folds 
Rysiff: folds 
EasyGamerrr: folds 
XneferX: folds 
Rahmanator: raises $2 to $3
equilibrium_tv: folds 
Uncalled bet ($2) returned to Rahmanator
Rahmanator collected $2 from pot
*** SUMMARY ***
Total pot $2 | Rake $0 
Seat 1: equilibrium_tv (big blind) folded before Flop
Seat 2: kekoccc folded before Flop (didn't bet)
Seat 3: Rysiff folded before Flop (didn't bet)
Seat 4: EasyGamerrr folded before Flop (didn't bet)
Seat 5: XneferX (button) folded before Flop (didn't bet)
Seat 6: Rahmanator (small blind) collected ($2)



PokerStars Hand #254325227035:  Hold'em No Limit ($0.50/$1.00 USD) - 2025/01/11 2:58:30 WET [2025/01/11 21:58:30 ET]
Table 'Mette II' 6-max Seat #6 is the button
Seat 1: equilibrium_tv ($39.28 in chips) 
Seat 2: kekoccc ($102.70 in chips) 
Seat 3: Rysiff ($101 in chips) 
Seat 4: EasyGamerrr ($100.22 in chips) 
Seat 5: XneferX ($102.50 in chips) 
Seat 6: Rahmanator ($88.26 in chips) 
equilibrium_tv: posts small blind $0.50
kekoccc: posts big blind $1
*** HOLE CARDS ***
Rysiff: folds 
EasyGamerrr: folds 
XneferX: folds 
Rahmanator: raises $1 to $2
equilibrium_tv: raises $5.50 to $7.50
kekoccc: folds 
Rahmanator: folds 
Uncalled bet ($5.50) returned to equilibrium_tv
equilibrium_tv collected $5 from pot
*** SUMMARY ***
Total pot $5 | Rake $0 
Seat 1: equilibrium_tv (small blind) collected ($5)
Seat 2: kekoccc (big blind) folded before Flop
Seat 3: Rysiff folded before Flop (didn't bet)
Seat 4: EasyGamerrr folded before Flop (didn't bet)
Seat 5: XneferX folded before Flop (didn't bet)
Seat 6: Rahmanator (button) folded before Flop



PokerStars Hand #254325230035:  Hold'em No Limit ($0.50/$1.00 USD) - 2025/01/11 2:58:54 WET [2025/01/11 21:58:54 ET]
Table 'Mette II' 6-max Seat #1 is the button
Seat 1: equilibrium_tv ($42.28 in chips) 
Seat 2: kekoccc ($101.70 in chips) 
Seat 3: Rysiff ($101 in chips) 
Seat 4: EasyGamerrr ($100.22 in chips) 
Seat 5: XneferX ($102.50 in chips) 
Seat 6: Rahmanator ($86.26 in chips) 
kekoccc: posts small blind $0.50
Rysiff: posts big blind $1
*** HOLE CARDS ***
EasyGamerrr: folds 
XneferX: folds 
Rahmanator: raises $1 to $2
equilibrium_tv: folds 
kekoccc: folds 
Rysiff: calls $1
*** FLOP *** [5h 5s 2h]
Rysiff: checks 
Rahmanator: checks 
*** TURN *** [5h 5s 2h] [Js]
Rysiff: checks 
Rahmanator: bets $2.14
Rysiff: calls $2.14
*** RIVER *** [5h 5s 2h Js] [2d]
Rysiff: checks 
Rahmanator: bets $4.17
Rysiff: calls $4.17
*** SHOW DOWN ***
Rahmanator: shows [Ad Ts] (two pair, Fives and Deuces)
Rysiff: shows [8h Ac] (two pair, Fives and Deuces)
Rysiff collected $8.13 from pot
Rahmanator collected $8.13 from pot
*** SUMMARY ***
Total pot $17.12 | Rake $0.86 
Board [5h 5s 2h Js 2d]
Seat 1: equilibrium_tv (button) folded before Flop (didn't bet)
Seat 2: kekoccc (small blind) folded before Flop
Seat 3: Rysiff (big blind) showed [8h Ac] and won ($8.13) with two pair, Fives and Deuces
Seat 4: EasyGamerrr folded before Flop (didn't bet)
Seat 5: XneferX folded before Flop (didn't bet)
Seat 6: Rahmanator showed [Ad Ts] and won ($8.13) with two pair, Fives and Deuces



PokerStars Hand #254325235733:  Hold'em No Limit ($0.50/$1.00 USD) - 2025/01/11 2:59:39 WET [2025/01/11 21:59:39 ET]
Table 'Mette II' 6-max Seat #2 is the button
Seat 1: equilibrium_tv ($42.28 in chips) 
Seat 2: kekoccc ($101.20 in chips) 
Seat 3: Rysiff ($100.82 in chips) 
Seat 4: EasyGamerrr ($100.22 in chips) 
Seat 5: XneferX ($102.50 in chips) 
Seat 6: Rahmanator ($86.08 in chips) 
Rysiff: posts small blind $0.50
EasyGamerrr: posts big blind $1
*** HOLE CARDS ***
XneferX: folds 
Rahmanator: folds 
equilibrium_tv: folds 
kekoccc: folds 
Rysiff: raises $2 to $3
EasyGamerrr: folds 
Uncalled bet ($2) returned to Rysiff
Rysiff collected $2 from pot
Rysiff: doesn't show hand 
*** SUMMARY ***
Total pot $2 | Rake $0 
Seat 1: equilibrium_tv folded before Flop (didn't bet)
Seat 2: kekoccc (button) folded before Flop (didn't bet)
Seat 3: Rysiff (small blind) collected ($2)
Seat 4: EasyGamerrr (big blind) folded before Flop
Seat 5: XneferX folded before Flop (didn't bet)
Seat 6: Rahmanator folded before Flop (didn't bet)



PokerStars Hand #254325237711:  Hold'em No Limit ($0.50/$1.00 USD) - 2025/01/11 2:59:55 WET [2025/01/11 21:59:55 ET]
Table 'Mette II' 6-max Seat #3 is the button
Seat 1: equilibrium_tv ($42.28 in chips) 
Seat 2: kekoccc ($101.20 in chips) 
Seat 3: Rysiff ($101.82 in chips) 
Seat 4: EasyGamerrr ($100 in chips) 
Seat 5: XneferX ($102.50 in chips) 
Seat 6: Rahmanator ($86.08 in chips) 
EasyGamerrr: posts small blind $0.50
XneferX: posts big blind $1
*** HOLE CARDS ***
Rahmanator: folds 
equilibrium_tv: folds 
kekoccc: folds 
Rysiff: raises $1.50 to $2.50
EasyGamerrr: folds 
XneferX: folds 
Uncalled bet ($1.50) returned to Rysiff
Rysiff collected $2.50 from pot
Rysiff: doesn't show hand 
*** SUMMARY ***
Total pot $2.50 | Rake $0 
Seat 1: equilibrium_tv folded before Flop (didn't bet)
Seat 2: kekoccc folded before Flop (didn't bet)
Seat 3: Rysiff (button) collected ($2.50)
Seat 4: EasyGamerrr (small blind) folded before Flop
Seat 5: XneferX (big blind) folded before Flop
Seat 6: Rahmanator folded before Flop (didn't bet)



PokerStars Hand #254325240184:  Hold'em No Limit ($0.50/$1.00 USD) - 2025/01/11 3:00:15 WET [2025/01/11 22:00:15 ET]
Table 'Mette II' 6-max Seat #4 is the button
Seat 1: equilibrium_tv ($42.28 in chips) 
Seat 2: kekoccc ($101.20 in chips) 
Seat 3: Rysiff ($103.32 in chips) 
Seat 4: EasyGamerrr ($100 in chips) 
Seat 5: XneferX ($101.50 in chips) 
Seat 6: Rahmanator ($86.08 in chips) 
XneferX: posts small blind $0.50
Rahmanator: posts big blind $1
*** HOLE CARDS ***
equilibrium_tv: folds 
kekoccc: raises $1.50 to $2.50
Rysiff: folds 
EasyGamerrr: folds 
XneferX: folds 
Rahmanator: calls $1.50
*** FLOP *** [Kd 6d 9d]
Rahmanator: checks 
kekoccc: checks 
*** TURN *** [Kd 6d 9d] [Tc]
Rahmanator: checks 
kekoccc: bets $3.48
Rahmanator: calls $3.48
*** RIVER *** [Kd 6d 9d Tc] [6s]
Rahmanator: checks 
kekoccc: checks 
*** SHOW DOWN ***
Rahmanator: shows [Td Qc] (two pair, Tens and Sixes)
kekoccc: shows [7c Kc] (two pair, Kings and Sixes)
kekoccc collected $11.84 from pot
*** SUMMARY ***
Total pot $12.46 | Rake $0.62 
Board [Kd 6d 9d Tc 6s]
Seat 1: equilibrium_tv folded before Flop (didn't bet)
Seat 2: kekoccc showed [7c Kc] and won ($11.84) with two pair, Kings and Sixes
Seat 3: Rysiff folded before Flop (didn't bet)
Seat 4: EasyGamerrr (button) folded before Flop (didn't bet)
Seat 5: XneferX (small blind) folded before Flop
Seat 6: Rahmanator (big blind) showed [Td Qc] and lost with two pair, Tens and Sixes



PokerStars Hand #254325251990:  Hold'em No Limit ($0.50/$1.00 USD) - 2025/01/11 3:01:37 WET [2025/01/11 22:01:37 ET]
Table 'Mette II' 6-max Seat #5 is the button
Seat 1: equilibrium_tv ($42.28 in chips) 
Seat 2: kekoccc ($107.06 in chips) 
Seat 3: Rysiff ($103.32 in chips) 
Seat 4: EasyGamerrr ($100 in chips) 
Seat 5: XneferX ($101 in chips) 
Seat 6: Rahmanator ($80.10 in chips) 
Rahmanator: posts small blind $0.50
equilibrium_tv: posts big blind $1
*** HOLE CARDS ***
kekoccc: folds 
Rysiff: folds 
EasyGamerrr: folds 
XneferX: folds 
Rahmanator: calls $0.50
equilibrium_tv: checks 
*** FLOP *** [9c Jh Js]
Rahmanator: checks 
equilibrium_tv: bets $2
Rahmanator: folds 
Uncalled bet ($2) returned to equilibrium_tv
equilibrium_tv collected $1.90 from pot
*** SUMMARY ***
Total pot $2 | Rake $0.10 
Board [9c Jh Js]
Seat 1: equilibrium_tv (big blind) collected ($1.90)
Seat 2: kekoccc folded before Flop (didn't bet)
Seat 3: Rysiff folded before Flop (didn't bet)
Seat 4: EasyGamerrr folded before Flop (didn't bet)
Seat 5: XneferX (button) folded before Flop (didn't bet)
Seat 6: Rahmanator (small blind) folded on the Flop



PokerStars Hand #254325257147:  Hold'em No Limit ($0.50/$1.00 USD) - 2025/01/11 3:02:12 WET [2025/01/11 22:02:12 ET]
Table 'Mette II' 6-max Seat #6 is the button
Seat 2: kekoccc ($107.06 in chips) is sitting out
Seat 1: equilibrium_tv ($43.18 in chips) 
Seat 3: Rysiff ($103.32 in chips) 
Seat 4: EasyGamerrr ($100 in chips) 
Seat 5: XneferX ($101 in chips) 
Seat 6: Rahmanator ($79.10 in chips) 
equilibrium_tv: posts small blind $0.50
kekoccc: is sitting out 
Rysiff: posts big blind $1
*** HOLE CARDS ***
kekoccc leaves the table
EasyGamerrr: raises $1 to $2
XneferX: folds 
Rahmanator: calls $2
equilibrium_tv: folds 
Rysiff: raises $12 to $14
EasyGamerrr: folds 
Rahmanator: folds 
Uncalled bet ($12) returned to Rysiff
Rysiff collected $6.50 from pot
Rysiff: doesn't show hand 
*** SUMMARY ***
Total pot $6.50 | Rake $0 
Seat 2: kekoccc
Seat 1: equilibrium_tv (small blind) folded before Flop
Seat 3: Rysiff (big blind) collected ($6.50)
Seat 4: EasyGamerrr folded before Flop
Seat 5: XneferX folded before Flop (didn't bet)
Seat 6: Rahmanator (button) folded before Flop



PokerStars Hand #254325263508:  Hold'em No Limit ($0.50/$1.00 USD) - 2025/01/11 3:02:53 WET [2025/01/11 22:02:53 ET]
Table 'Mette II' 6-max Seat #1 is the button
Seat 1: equilibrium_tv ($42.68 in chips) 
Seat 3: Rysiff ($107.82 in chips) 
Seat 4: EasyGamerrr ($100 in chips) 
Seat 5: XneferX ($101 in chips) 
Seat 6: Rahmanator ($77.10 in chips) 
Rysiff: posts small blind $0.50
EasyGamerrr: posts big blind $1
*** HOLE CARDS ***
XneferX: raises $1.20 to $2.20
Rahmanator: folds 
equilibrium_tv: folds 
LuckyShikari joins the table at seat #2 
Rysiff: folds 
EasyGamerrr: folds 
Uncalled bet ($1.20) returned to XneferX
XneferX collected $2.50 from pot
XneferX: doesn't show hand 
*** SUMMARY ***
Total pot $2.50 | Rake $0 
Seat 1: equilibrium_tv (button) folded before Flop (didn't bet)
Seat 3: Rysiff (small blind) folded before Flop
Seat 4: EasyGamerrr (big blind) folded before Flop
Seat 5: XneferX collected ($2.50)
Seat 6: Rahmanator folded before Flop (didn't bet)



PokerStars Hand #254325268303:  Hold'em No Limit ($0.50/$1.00 USD) - 2025/01/11 3:03:24 WET [2025/01/11 22:03:24 ET]
Table 'Mette II' 6-max Seat #3 is the button
Seat 2: LuckyShikari ($100 in chips) is sitting out
Seat 5: XneferX ($102.50 in chips) is sitting out
Seat 1: equilibrium_tv ($42.68 in chips) 
Seat 3: Rysiff ($107.32 in chips) 
Seat 4: EasyGamerrr ($100 in chips) 
Seat 6: Rahmanator ($77.10 in chips) 
EasyGamerrr: posts small blind $0.50
XneferX: is sitting out 
Rahmanator: posts big blind $1
LuckyShikari: sits out 
*** HOLE CARDS ***
equilibrium_tv: folds 
Rysiff: raises $1.50 to $2.50
EasyGamerrr: folds 
Rahmanator: calls $1.50
*** FLOP *** [Js 3s 7s]
Rahmanator: checks 
Rysiff: bets $2.61
Rahmanator: calls $2.61
*** TURN *** [Js 3s 7s] [6s]
Rahmanator: checks 
Rysiff: checks 
*** RIVER *** [Js 3s 7s 6s] [5h]
Rahmanator: checks 
Rysiff: checks 
*** SHOW DOWN ***
Rahmanator: shows [Ts 2d] (a flush, Jack high)
Rysiff: mucks hand 
Rahmanator collected $10.18 from pot
*** SUMMARY ***
Total pot $10.72 | Rake $0.54 
Board [Js 3s 7s 6s 5h]
Seat 2: LuckyShikari
Seat 5: XneferX
Seat 1: equilibrium_tv folded before Flop (didn't bet)
Seat 3: Rysiff (button) mucked
Seat 4: EasyGamerrr (small blind) folded before Flop
Seat 6: Rahmanator (big blind) showed [Ts 2d] and won ($10.18) with a flush, Jack high



PokerStars Hand #254325275636:  Hold'em No Limit ($0.50/$1.00 USD) - 2025/01/11 3:04:14 WET [2025/01/11 22:04:14 ET]
Table 'Mette II' 6-max Seat #4 is the button
Seat 2: LuckyShikari ($100 in chips) is sitting out
Seat 5: XneferX ($102.50 in chips) is sitting out
Seat 1: equilibrium_tv ($42.68 in chips) 
Seat 3: Rysiff ($102.21 in chips) 
Seat 4: EasyGamerrr ($100 in chips) 
Seat 6: Rahmanator ($82.17 in chips) 
Rahmanator: posts small blind $0.50
equilibrium_tv: posts big blind $1
LuckyShikari: sits out 
*** HOLE CARDS ***
Rysiff: folds 
EasyGamerrr: raises $1.50 to $2.50
Rahmanator: folds 
equilibrium_tv: calls $1.50
*** FLOP *** [Ah Kh Qh]
equilibrium_tv: checks 
EasyGamerrr: bets $1.72
equilibrium_tv: folds 
Uncalled bet ($1.72) returned to EasyGamerrr
EasyGamerrr collected $5.22 from pot
EasyGamerrr: doesn't show hand 
*** SUMMARY ***
Total pot $5.50 | Rake $0.28 
Board [Ah Kh Qh]
Seat 2: LuckyShikari
Seat 5: XneferX
Seat 1: equilibrium_tv (big blind) folded on the Flop
Seat 3: Rysiff folded before Flop (didn't bet)
Seat 4: EasyGamerrr (button) collected ($5.22)
Seat 6: Rahmanator (small blind) folded before Flop



PokerStars Hand #254325281810:  Hold'em No Limit ($0.50/$1.00 USD) - 2025/01/11 3:04:55 WET [2025/01/11 22:04:55 ET]
Table 'Mette II' 6-max Seat #6 is the button
Seat 5: XneferX ($102.50 in chips) is sitting out
Seat 1: equilibrium_tv ($40.18 in chips) 
Seat 2: LuckyShikari ($100 in chips) 
Seat 3: Rysiff ($102.21 in chips) 
Seat 4: EasyGamerrr ($102.72 in chips) 
Seat 6: Rahmanator ($81.67 in chips) 
equilibrium_tv: posts small blind $0.50
LuckyShikari: posts big blind $1
*** HOLE CARDS ***
Rysiff: raises $1.50 to $2.50
EasyGamerrr: folds 
Rahmanator: calls $2.50
equilibrium_tv: folds 
LuckyShikari: folds 
*** FLOP *** [8c Qs 6s]
Rysiff: checks 
Rahmanator: checks 
*** TURN *** [8c Qs 6s] [2d]
Rysiff: checks 
Rahmanator: bets $3.09
Rysiff: calls $3.09
*** RIVER *** [8c Qs 6s 2d] [2c]
Rysiff: checks 
Rahmanator: bets $8.03
Rysiff: calls $8.03
*** SHOW DOWN ***
Rahmanator: shows [Jh 5h] (a pair of Deuces)
Rysiff: shows [7h 7c] (two pair, Sevens and Deuces)
Rysiff collected $27.30 from pot
*** SUMMARY ***
Total pot $28.74 | Rake $1.44 
Board [8c Qs 6s 2d 2c]
Seat 5: XneferX
Seat 1: equilibrium_tv (small blind) folded before Flop
Seat 2: LuckyShikari (big blind) folded before Flop
Seat 3: Rysiff showed [7h 7c] and won ($27.30) with two pair, Sevens and Deuces
Seat 4: EasyGamerrr folded before Flop (didn't bet)
Seat 6: Rahmanator (button) showed [Jh 5h] and lost with a pair of Deuces



PokerStars Hand #254325292113:  Hold'em No Limit ($0.50/$1.00 USD) - 2025/01/11 3:06:04 WET [2025/01/11 22:06:04 ET]
Table 'Mette II' 6-max Seat #1 is the button
Seat 5: XneferX ($102.50 in chips) is sitting out
Seat 1: equilibrium_tv ($39.68 in chips) 
Seat 2: LuckyShikari ($100 in chips) 
Seat 3: Rysiff ($115.89 in chips) 
Seat 4: EasyGamerrr ($102.72 in chips) 
Seat 6: Rahmanator ($68.05 in chips) 
LuckyShikari: posts small blind $0.50
Rysiff: posts big blind $1
*** HOLE CARDS ***
EasyGamerrr: folds 
Rahmanator: raises $1 to $2
equilibrium_tv: folds 
LuckyShikari: folds 
Rysiff: folds 
Uncalled bet ($1) returned to Rahmanator
Rahmanator collected $2.50 from pot
*** SUMMARY ***
Total pot $2.50 | Rake $0 
Seat 5: XneferX
Seat 1: equilibrium_tv (button) folded before Flop (didn't bet)
Seat 2: LuckyShikari (small blind) folded before Flop
Seat 3: Rysiff (big blind) folded before Flop
Seat 4: EasyGamerrr folded before Flop (didn't bet)
Seat 6: Rahmanator collected ($2.50)



PokerStars Hand #254325294794:  Hold'em No Limit ($0.50/$1.00 USD) - 2025/01/11 3:06:22 WET [2025/01/11 22:06:22 ET]
Table 'Mette II' 6-max Seat #2 is the button
Seat 5: XneferX ($102.50 in chips) is sitting out
Seat 1: equilibrium_tv ($39.68 in chips) 
Seat 2: LuckyShikari ($100 in chips) 
Seat 3: Rysiff ($114.89 in chips) 
Seat 4: EasyGamerrr ($102.72 in chips) 
Seat 6: Rahmanator ($69.55 in chips) 
Rysiff: posts small blind $0.50
EasyGamerrr: posts big blind $1
*** HOLE CARDS ***
Rahmanator: folds 
equilibrium_tv: folds 
LuckyShikari: folds 
Rysiff: folds 
Uncalled bet ($0.50) returned to EasyGamerrr
EasyGamerrr collected $1 from pot
EasyGamerrr: doesn't show hand 
*** SUMMARY ***
Total pot $1 | Rake $0 
Seat 5: XneferX
Seat 1: equilibrium_tv folded before Flop (didn't bet)
Seat 2: LuckyShikari (button) folded before Flop (didn't bet)
Seat 3: Rysiff (small blind) folded before Flop
Seat 4: EasyGamerrr (big blind) collected ($1)
Seat 6: Rahmanator folded before Flop (didn't bet)



PokerStars Hand #254325296596:  Hold'em No Limit ($0.50/$1.00 USD) - 2025/01/11 3:06:34 WET [2025/01/11 22:06:34 ET]
Table 'Mette II' 6-max Seat #3 is the button
Seat 5: XneferX ($102.50 in chips) is sitting out
Seat 1: equilibrium_tv ($39.68 in chips) 
Seat 2: LuckyShikari ($100 in chips) 
Seat 3: Rysiff ($114.39 in chips) 
Seat 4: EasyGamerrr ($103.22 in chips) 
Seat 6: Rahmanator ($69.55 in chips) 
EasyGamerrr: posts small blind $0.50
Rahmanator: posts big blind $1
*** HOLE CARDS ***
equilibrium_tv: raises $1 to $2
LuckyShikari: folds 
Rysiff: folds 
EasyGamerrr: folds 
Rahmanator: calls $1
*** FLOP *** [4h Qc 4d]
Rahmanator: checks 
equilibrium_tv: checks 
*** TURN *** [4h Qc 4d] [9d]
Rahmanator: bets $2.14
equilibrium_tv: calls $2.14
*** RIVER *** [4h Qc 4d 9d] [Ah]
XneferX leaves the table
Rahmanator: checks 
equilibrium_tv: bets $4.17
Rahmanator: folds 
Uncalled bet ($4.17) returned to equilibrium_tv
abramovich87 joins the table at seat #5 
equilibrium_tv collected $8.34 from pot
*** SUMMARY ***
Total pot $8.78 | Rake $0.44 
Board [4h Qc 4d 9d Ah]
Seat 5: XneferX
Seat 1: equilibrium_tv collected ($8.34)
Seat 2: LuckyShikari folded before Flop (didn't bet)
Seat 3: Rysiff (button) folded before Flop (didn't bet)
Seat 4: EasyGamerrr (small blind) folded before Flop
Seat 6: Rahmanator (big blind) folded on the River



PokerStars Hand #254325304509:  Hold'em No Limit ($0.50/$1.00 USD) - 2025/01/11 3:07:27 WET [2025/01/11 22:07:27 ET]
Table 'Mette II' 6-max Seat #4 is the button
Seat 5: abramovich87 ($100 in chips) is sitting out
Seat 1: equilibrium_tv ($43.88 in chips) 
Seat 2: LuckyShikari ($100 in chips) 
Seat 3: Rysiff ($114.39 in chips) 
Seat 4: EasyGamerrr ($102.72 in chips) 
Seat 6: Rahmanator ($65.41 in chips) 
Rahmanator: posts small blind $0.50
equilibrium_tv: posts big blind $1
*** HOLE CARDS ***
LuckyShikari: folds 
Rysiff: raises $1.50 to $2.50
EasyGamerrr: folds 
Rahmanator: calls $2
equilibrium_tv: folds 
*** FLOP *** [5d Qc 3h]
Rahmanator: checks 
Rysiff: bets $4.56
Rahmanator: folds 
Uncalled bet ($4.56) returned to Rysiff
Rysiff collected $5.70 from pot
Rysiff: doesn't show hand 
*** SUMMARY ***
Total pot $6 | Rake $0.30 
Board [5d Qc 3h]
Seat 5: abramovich87
Seat 1: equilibrium_tv (big blind) folded before Flop
Seat 2: LuckyShikari folded before Flop (didn't bet)
Seat 3: Rysiff collected ($5.70)
Seat 4: EasyGamerrr (button) folded before Flop (didn't bet)
Seat 6: Rahmanator (small blind) folded on the Flop



PokerStars Hand #254325310584:  Hold'em No Limit ($0.50/$1.00 USD) - 2025/01/11 3:08:08 WET [2025/01/11 22:08:08 ET]
Table 'Mette II' 6-max Seat #6 is the button
Seat 5: abramovich87 ($100 in chips) is sitting out
Seat 1: equilibrium_tv ($42.88 in chips) 
Seat 2: LuckyShikari ($100 in chips) 
Seat 3: Rysiff ($117.59 in chips) 
Seat 4: EasyGamerrr ($102.72 in chips) 
Seat 6: Rahmanator ($62.91 in chips) 
equilibrium_tv: posts small blind $0.50
LuckyShikari: posts big blind $1
abramovich87: sits out 
*** HOLE CARDS ***
Rysiff: folds 
EasyGamerrr: folds 
Rahmanator: calls $1
equilibrium_tv: raises $3 to $4
LuckyShikari: calls $3
Rahmanator: calls $3
*** FLOP *** [Js 3s 9s]
equilibrium_tv: bets $3.76
LuckyShikari: calls $3.76
Rahmanator: folds 
*** TURN *** [Js 3s 9s] [Qh]
equilibrium_tv: checks 
LuckyShikari: bets $2.50
equilibrium_tv: calls $2.50
*** RIVER *** [Js 3s 9s Qh] [5c]
equilibrium_tv: checks 
LuckyShikari: bets $2.50
equilibrium_tv: calls $2.50
*** SHOW DOWN ***
LuckyShikari: shows [9d 9h] (three of a kind, Nines)
equilibrium_tv: mucks hand 
LuckyShikari collected $28.04 from pot
*** SUMMARY ***
Total pot $29.52 | Rake $1.48 
Board [Js 3s 9s Qh 5c]
Seat 5: abramovich87
Seat 1: equilibrium_tv (small blind) mucked
Seat 2: LuckyShikari (big blind) showed [9d 9h] and won ($28.04) with three of a kind, Nines
Seat 3: Rysiff folded before Flop (didn't bet)
Seat 4: EasyGamerrr folded before Flop (didn't bet)
Seat 6: Rahmanator (button) folded on the Flop



PokerStars Hand #254325318896:  Hold'em No Limit ($0.50/$1.00 USD) - 2025/01/11 3:09:04 WET [2025/01/11 22:09:04 ET]
Table 'Mette II' 6-max Seat #1 is the button
Seat 5: abramovich87 ($100 in chips) is sitting out
Seat 1: equilibrium_tv ($30.12 in chips) 
Seat 2: LuckyShikari ($115.28 in chips) 
Seat 3: Rysiff ($117.59 in chips) 
Seat 4: EasyGamerrr ($102.72 in chips) 
Seat 6: Rahmanator ($58.91 in chips) 
LuckyShikari: posts small blind $0.50
Rysiff: posts big blind $1
abramovich87: sits out 
*** HOLE CARDS ***
EasyGamerrr: folds 
Rahmanator: folds 
equilibrium_tv: raises $1 to $2
LuckyShikari: calls $1.50
Rysiff: calls $1
*** FLOP *** [Kd Qh 2h]
LuckyShikari: checks 
Rysiff: checks 
equilibrium_tv: bets $1.88
LuckyShikari: folds 
Rysiff: calls $1.88
*** TURN *** [Kd Qh 2h] [Th]
Rysiff: checks 
equilibrium_tv: bets $6.95
Rysiff: folds 
Uncalled bet ($6.95) returned to equilibrium_tv
equilibrium_tv collected $9.27 from pot
*** SUMMARY ***
Total pot $9.76 | Rake $0.49 
Board [Kd Qh 2h Th]
Seat 5: abramovich87
Seat 1: equilibrium_tv (button) collected ($9.27)
Seat 2: LuckyShikari (small blind) folded on the Flop
Seat 3: Rysiff (big blind) folded on the Turn
Seat 4: EasyGamerrr folded before Flop (didn't bet)
Seat 6: Rahmanator folded before Flop (didn't bet)



PokerStars Hand #254325326576:  Hold'em No Limit ($0.50/$1.00 USD) - 2025/01/11 3:09:55 WET [2025/01/11 22:09:55 ET]
Table 'Mette II' 6-max Seat #2 is the button
Seat 5: abramovich87 ($100 in chips) is sitting out
Seat 1: equilibrium_tv ($45.39 in chips) 
Seat 2: LuckyShikari ($113.28 in chips) 
Seat 3: Rysiff ($113.71 in chips) 
Seat 4: EasyGamerrr ($102.72 in chips) 
Seat 6: Rahmanator ($58.91 in chips) 
Rysiff: posts small blind $0.50
EasyGamerrr: posts big blind $1
abramovich87: sits out 
*** HOLE CARDS ***
Rahmanator: folds 
equilibrium_tv: folds 
LuckyShikari: folds 
Rysiff: folds 
Uncalled bet ($0.50) returned to EasyGamerrr
EasyGamerrr collected $1 from pot
EasyGamerrr: doesn't show hand 
*** SUMMARY ***
Total pot $1 | Rake $0 
Seat 5: abramovich87
Seat 1: equilibrium_tv folded before Flop (didn't bet)
Seat 2: LuckyShikari (button) folded before Flop (didn't bet)
Seat 3: Rysiff (small blind) folded before Flop
Seat 4: EasyGamerrr (big blind) collected ($1)
Seat 6: Rahmanator folded before Flop (didn't bet)



PokerStars Hand #254325328180:  Hold'em No Limit ($0.50/$1.00 USD) - 2025/01/11 3:10:06 WET [2025/01/11 22:10:06 ET]
Table 'Mette II' 6-max Seat #3 is the button
Seat 1: equilibrium_tv ($45.39 in chips) 
Seat 2: LuckyShikari ($113.28 in chips) 
Seat 3: Rysiff ($113.21 in chips) 
Seat 4: EasyGamerrr ($103.22 in chips) 
Seat 5: abramovich87 ($100 in chips) 
Seat 6: Rahmanator ($58.91 in chips) 
EasyGamerrr: posts small blind $0.50
abramovich87: posts big blind $1
*** HOLE CARDS ***
Rahmanator: raises $1 to $2
equilibrium_tv: folds 
LuckyShikari: calls $2
Rysiff: folds 
EasyGamerrr: folds 
abramovich87: folds 
*** FLOP *** [Qd Jc 2h]
Rahmanator: bets $2.61
LuckyShikari: raises $2.61 to $5.22
Rahmanator: calls $2.61
*** TURN *** [Qd Jc 2h] [9d]
Rahmanator: checks 
LuckyShikari: bets $2.50
Rahmanator: calls $2.50
*** RIVER *** [Qd Jc 2h 9d] [Ad]
Rahmanator: bets $7.95
LuckyShikari: calls $7.95
*** SHOW DOWN ***
Rahmanator: shows [8s Qc] (a pair of Queens)
LuckyShikari: shows [Ac 8c] (a pair of Aces)
LuckyShikari collected $35 from pot
*** SUMMARY ***
Total pot $36.84 | Rake $1.84 
Board [Qd Jc 2h 9d Ad]
Seat 1: equilibrium_tv folded before Flop (didn't bet)
Seat 2: LuckyShikari showed [Ac 8c] and won ($35) with a pair of Aces
Seat 3: Rysiff (button) folded before Flop (didn't bet)
Seat 4: EasyGamerrr (small blind) folded before Flop
Seat 5: abramovich87 (big blind) folded before Flop
Seat 6: Rahmanator showed [8s Qc] and lost with a pair of Queens



PokerStars Hand #254325336312:  Hold'em No Limit ($0.50/$1.00 USD) - 2025/01/11 3:11:02 WET [2025/01/11 22:11:02 ET]
Table 'Mette II' 6-max Seat #4 is the button
Seat 1: equilibrium_tv ($45.39 in chips) 
Seat 2: LuckyShikari ($130.61 in chips) 
Seat 3: Rysiff ($113.21 in chips) 
Seat 4: EasyGamerrr ($102.72 in chips) 
Seat 5: abramovich87 ($100 in chips) 
Seat 6: Rahmanator ($41.24 in chips) 
abramovich87: posts small blind $0.50
Rahmanator: posts big blind $1
*** HOLE CARDS ***
equilibrium_tv: folds 
LuckyShikari: folds 
Rysiff: folds 
EasyGamerrr: folds 
abramovich87: folds 
Uncalled bet ($0.50) returned to Rahmanator
Rahmanator collected $1 from pot
*** SUMMARY ***
Total pot $1 | Rake $0 
Seat 1: equilibrium_tv folded before Flop (didn't bet)
Seat 2: LuckyShikari folded before Flop (didn't bet)
Seat 3: Rysiff folded before Flop (didn't bet)
Seat 4: EasyGamerrr (button) folded before Flop (didn't bet)
Seat 5: abramovich87 (small blind) folded before Flop
Seat 6: Rahmanator (big blind) collected ($1)



PokerStars Hand #254325338890:  Hold'em No Limit ($0.50/$1.00 USD) - 2025/01/11 3:11:19 WET [2025/01/11 22:11:19 ET]
Table 'Mette II' 6-max Seat #5 is the button
Seat 1: equilibrium_tv ($45.39 in chips) 
Seat 2: LuckyShikari ($130.61 in chips) 
Seat 3: Rysiff ($113.21 in chips) 
Seat 4: EasyGamerrr ($102.72 in chips) 
Seat 5: abramovich87 ($100 in chips) 
Seat 6: Rahmanator ($41.74 in chips) 
Rahmanator: posts small blind $0.50
equilibrium_tv: posts big blind $1
*** HOLE CARDS ***
LuckyShikari: folds 
Rysiff: folds 
EasyGamerrr: folds 
abramovich87: raises $2 to $3
Rahmanator: calls $2.50
equilibrium_tv: folds 
*** FLOP *** [Qs 6c 2h]
Rahmanator: checks 
abramovich87: bets $2.19
Rahmanator: calls $2.19
*** TURN *** [Qs 6c 2h] [Ad]
Rahmanator: checks 
abramovich87: bets $4.32
Rahmanator: folds 
Uncalled bet ($4.32) returned to abramovich87
abramovich87 collected $10.81 from pot
abramovich87: doesn't show hand 
*** SUMMARY ***
Total pot $11.38 | Rake $0.57 
Board [Qs 6c 2h Ad]
Seat 1: equilibrium_tv (big blind) folded before Flop
Seat 2: LuckyShikari folded before Flop (didn't bet)
Seat 3: Rysiff folded before Flop (didn't bet)
Seat 4: EasyGamerrr folded before Flop (didn't bet)
Seat 5: abramovich87 (button) collected ($10.81)
Seat 6: Rahmanator (small blind) folded on the Turn



PokerStars Hand #254325344422:  Hold'em No Limit ($0.50/$1.00 USD) - 2025/01/11 3:11:57 WET [2025/01/11 22:11:57 ET]
Table 'Mette II' 6-max Seat #6 is the button
Seat 1: equilibrium_tv ($44.39 in chips) 
Seat 2: LuckyShikari ($130.61 in chips) 
Seat 3: Rysiff ($113.21 in chips) 
Seat 4: EasyGamerrr ($102.72 in chips) 
Seat 5: abramovich87 ($105.62 in chips) 
Seat 6: Rahmanator ($36.55 in chips) 
equilibrium_tv: posts small blind $0.50
LuckyShikari: posts big blind $1
*** HOLE CARDS ***
Rysiff: folds 
EasyGamerrr: folds 
abramovich87: folds 
Rahmanator: raises $2 to $3
equilibrium_tv: folds 
LuckyShikari: folds 
Uncalled bet ($2) returned to Rahmanator
Rahmanator collected $2.50 from pot
*** SUMMARY ***
Total pot $2.50 | Rake $0 
Seat 1: equilibrium_tv (small blind) folded before Flop
Seat 2: LuckyShikari (big blind) folded before Flop
Seat 3: Rysiff folded before Flop (didn't bet)
Seat 4: EasyGamerrr folded before Flop (didn't bet)
Seat 5: abramovich87 folded before Flop (didn't bet)
Seat 6: Rahmanator (button) collected ($2.50)



PokerStars Hand #254325347639:  Hold'em No Limit ($0.50/$1.00 USD) - 2025/01/11 3:12:19 WET [2025/01/11 22:12:19 ET]
Table 'Mette II' 6-max Seat #1 is the button
Seat 1: equilibrium_tv ($43.89 in chips) 
Seat 2: LuckyShikari ($129.61 in chips) 
Seat 3: Rysiff ($113.21 in chips) 
Seat 4: EasyGamerrr ($102.72 in chips) 
Seat 5: abramovich87 ($105.62 in chips) 
Seat 6: Rahmanator ($38.05 in chips) 
LuckyShikari: posts small blind $0.50
Rysiff: posts big blind $1
*** HOLE CARDS ***
EasyGamerrr: folds 
abramovich87: folds 
Rahmanator: calls $1
equilibrium_tv: folds 
LuckyShikari: calls $0.50
Rysiff: checks 
*** FLOP *** [5h 2h 7h]
LuckyShikari: checks 
Rysiff: checks 
Rahmanator: bets $2.85
LuckyShikari: folds 
Rysiff: calls $2.85
*** TURN *** [5h 2h 7h] [3d]
Rysiff: checks 
Rahmanator: bets $4.13
Rysiff: raises $4.13 to $8.26
Rahmanator: raises $25.94 to $34.20 and is all-in
Rysiff: folds 
Uncalled bet ($25.94) returned to Rahmanator
Rahmanator collected $23.96 from pot
*** SUMMARY ***
Total pot $25.22 | Rake $1.26 
Board [5h 2h 7h 3d]
Seat 1: equilibrium_tv (button) folded before Flop (didn't bet)
Seat 2: LuckyShikari (small blind) folded on the Flop
Seat 3: Rysiff (big blind) folded on the Turn
Seat 4: EasyGamerrr folded before Flop (didn't bet)
Seat 5: abramovich87 folded before Flop (didn't bet)
Seat 6: Rahmanator collected ($23.96)



PokerStars Hand #254325359214:  Hold'em No Limit ($0.50/$1.00 USD) - 2025/01/11 3:13:39 WET [2025/01/11 22:13:39 ET]
Table 'Mette II' 6-max Seat #2 is the button
Seat 1: equilibrium_tv ($43.89 in chips) 
Seat 2: LuckyShikari ($128.61 in chips) 
Seat 3: Rysiff ($101.10 in chips) 
Seat 4: EasyGamerrr ($102.72 in chips) 
Seat 5: abramovich87 ($105.62 in chips) 
Seat 6: Rahmanator ($49.90 in chips) 
Rysiff: posts small blind $0.50
EasyGamerrr: posts big blind $1
*** HOLE CARDS ***
abramovich87: folds 
Rahmanator: calls $1
equilibrium_tv: folds 
LuckyShikari: folds 
Rysiff: calls $0.50
EasyGamerrr: raises $7 to $8
Rahmanator: folds 
Rysiff: folds 
Uncalled bet ($7) returned to EasyGamerrr
EasyGamerrr collected $3 from pot
EasyGamerrr: doesn't show hand 
*** SUMMARY ***
Total pot $3 | Rake $0 
Seat 1: equilibrium_tv folded before Flop (didn't bet)
Seat 2: LuckyShikari (button) folded before Flop (didn't bet)
Seat 3: Rysiff (small blind) folded before Flop
Seat 4: EasyGamerrr (big blind) collected ($3)
Seat 5: abramovich87 folded before Flop (didn't bet)
Seat 6: Rahmanator folded before Flop



PokerStars Hand #254325363242:  Hold'em No Limit ($0.50/$1.00 USD) - 2025/01/11 3:14:07 WET [2025/01/11 22:14:07 ET]
Table 'Mette II' 6-max Seat #3 is the button
Seat 1: equilibrium_tv ($43.89 in chips) 
Seat 2: LuckyShikari ($128.61 in chips) 
Seat 3: Rysiff ($100.10 in chips) 
Seat 4: EasyGamerrr ($104.72 in chips) 
Seat 5: abramovich87 ($105.62 in chips) 
Seat 6: Rahmanator ($48.90 in chips) 
EasyGamerrr: posts small blind $0.50
abramovich87: posts big blind $1
*** HOLE CARDS ***
Rahmanator: calls $1
equilibrium_tv: raises $3 to $4
LuckyShikari: folds 
Rysiff: raises $8 to $12
EasyGamerrr: folds 
abramovich87: folds 
Rahmanator: folds 
equilibrium_tv: raises $31.89 to $43.89 and is all-in
Rysiff: folds 
Uncalled bet ($31.89) returned to equilibrium_tv
equilibrium_tv collected $26.50 from pot
*** SUMMARY ***
Total pot $26.50 | Rake $0 
Seat 1: equilibrium_tv collected ($26.50)
Seat 2: LuckyShikari folded before Flop (didn't bet)
Seat 3: Rysiff (button) folded before Flop
Seat 4: EasyGamerrr (small blind) folded before Flop
Seat 5: abramovich87 (big blind) folded before Flop
Seat 6: Rahmanator folded before Flop



PokerStars Hand #254325368013:  Hold'em No Limit ($0.50/$1.00 USD) - 2025/01/11 3:14:39 WET [2025/01/11 22:14:39 ET]
Table 'Mette II' 6-max Seat #4 is the button
Seat 1: equilibrium_tv ($58.39 in chips) 
Seat 2: LuckyShikari ($128.61 in chips) 
Seat 3: Rysiff ($100 in chips) 
Seat 4: EasyGamerrr ($104.22 in chips) 
Seat 5: abramovich87 ($104.62 in chips) 
Seat 6: Rahmanator ($47.90 in chips) 
abramovich87: posts small blind $0.50
Rahmanator: posts big blind $1
*** HOLE CARDS ***
equilibrium_tv: folds 
LuckyShikari: folds 
Rysiff: folds 
EasyGamerrr: folds 
abramovich87: raises $2 to $3
Rahmanator: calls $2
*** FLOP *** [8s 4s Tc]
abramovich87: checks 
Rahmanator: checks 
*** TURN *** [8s 4s Tc] [Js]
abramovich87: checks 
Rahmanator: checks 
*** RIVER *** [8s 4s Tc Js] [Qc]
abramovich87: checks 
Rahmanator: bets $5.70
abramovich87: calls $5.70
*** SHOW DOWN ***
Rahmanator: shows [9h Td] (a straight, Eight to Queen)
abramovich87: shows [9s Ah] (a straight, Eight to Queen)
abramovich87 collected $8.27 from pot
Rahmanator collected $8.26 from pot
*** SUMMARY ***
Total pot $17.40 | Rake $0.87 
Board [8s 4s Tc Js Qc]
Seat 1: equilibrium_tv folded before Flop (didn't bet)
Seat 2: LuckyShikari folded before Flop (didn't bet)
Seat 3: Rysiff folded before Flop (didn't bet)
Seat 4: EasyGamerrr (button) folded before Flop (didn't bet)
Seat 5: abramovich87 (small blind) showed [9s Ah] and won ($8.27) with a straight, Eight to Queen
Seat 6: Rahmanator (big blind) showed [9h Td] and won ($8.26) with a straight, Eight to Queen



PokerStars Hand #254325372789:  Hold'em No Limit ($0.50/$1.00 USD) - 2025/01/11 3:15:12 WET [2025/01/11 22:15:12 ET]
Table 'Mette II' 6-max Seat #5 is the button
Seat 1: equilibrium_tv ($58.39 in chips) 
Seat 2: LuckyShikari ($128.61 in chips) 
Seat 3: Rysiff ($100 in chips) 
Seat 4: EasyGamerrr ($104.22 in chips) 
Seat 5: abramovich87 ($104.19 in chips) 
Seat 6: Rahmanator ($47.46 in chips) 
Rahmanator: posts small blind $0.50
equilibrium_tv: posts big blind $1
*** HOLE CARDS ***
LuckyShikari: folds 
Rysiff: raises $1.50 to $2.50
EasyGamerrr: folds 
abramovich87: folds 
Rahmanator: folds 
equilibrium_tv: folds 
Uncalled bet ($1.50) returned to Rysiff
Rysiff collected $2.50 from pot
Rysiff: doesn't show hand 
*** SUMMARY ***
Total pot $2.50 | Rake $0 
Seat 1: equilibrium_tv (big blind) folded before Flop
Seat 2: LuckyShikari folded before Flop (didn't bet)
Seat 3: Rysiff collected ($2.50)
Seat 4: EasyGamerrr folded before Flop (didn't bet)
Seat 5: abramovich87 (button) folded before Flop (didn't bet)
Seat 6: Rahmanator (small blind) folded before Flop



PokerStars Hand #254325375987:  Hold'em No Limit ($0.50/$1.00 USD) - 2025/01/11 3:15:33 WET [2025/01/11 22:15:33 ET]
Table 'Mette II' 6-max Seat #6 is the button
Seat 1: equilibrium_tv ($57.39 in chips) 
Seat 2: LuckyShikari ($128.61 in chips) 
Seat 3: Rysiff ($101.50 in chips) 
Seat 4: EasyGamerrr ($104.22 in chips) 
Seat 5: abramovich87 ($104.19 in chips) 
Seat 6: Rahmanator ($46.96 in chips) 
equilibrium_tv: posts small blind $0.50
LuckyShikari: posts big blind $1
*** HOLE CARDS ***
Rysiff: folds 
EasyGamerrr: folds 
abramovich87: folds 
Rahmanator: folds 
equilibrium_tv: folds 
Uncalled bet ($0.50) returned to LuckyShikari
LuckyShikari collected $1 from pot
LuckyShikari: doesn't show hand 
*** SUMMARY ***
Total pot $1 | Rake $0 
Seat 1: equilibrium_tv (small blind) folded before Flop
Seat 2: LuckyShikari (big blind) collected ($1)
Seat 3: Rysiff folded before Flop (didn't bet)
Seat 4: EasyGamerrr folded before Flop (didn't bet)
Seat 5: abramovich87 folded before Flop (didn't bet)
Seat 6: Rahmanator (button) folded before Flop (didn't bet)



PokerStars Hand #254325377495:  Hold'em No Limit ($0.50/$1.00 USD) - 2025/01/11 3:15:44 WET [2025/01/11 22:15:44 ET]
Table 'Mette II' 6-max Seat #1 is the button
Seat 1: equilibrium_tv ($56.89 in chips) 
Seat 2: LuckyShikari ($129.11 in chips) 
Seat 3: Rysiff ($101.50 in chips) 
Seat 4: EasyGamerrr ($104.22 in chips) 
Seat 5: abramovich87 ($104.19 in chips) 
Seat 6: Rahmanator ($46.96 in chips) 
LuckyShikari: posts small blind $0.50
Rysiff: posts big blind $1
*** HOLE CARDS ***
EasyGamerrr: folds 
abramovich87: folds 
Rahmanator: folds 
equilibrium_tv: raises $1 to $2
LuckyShikari: folds 
Rysiff: raises $8 to $10
equilibrium_tv: folds 
Uncalled bet ($8) returned to Rysiff
Rysiff collected $4.50 from pot
Rysiff: doesn't show hand 
*** SUMMARY ***
Total pot $4.50 | Rake $0 
Seat 1: equilibrium_tv (button) folded before Flop
Seat 2: LuckyShikari (small blind) folded before Flop
Seat 3: Rysiff (big blind) collected ($4.50)
Seat 4: EasyGamerrr folded before Flop (didn't bet)
Seat 5: abramovich87 folded before Flop (didn't bet)
Seat 6: Rahmanator folded before Flop (didn't bet)



PokerStars Hand #254325381235:  Hold'em No Limit ($0.50/$1.00 USD) - 2025/01/11 3:16:09 WET [2025/01/11 22:16:09 ET]
Table 'Mette II' 6-max Seat #2 is the button
Seat 1: equilibrium_tv ($54.89 in chips) 
Seat 2: LuckyShikari ($128.61 in chips) 
Seat 3: Rysiff ($104 in chips) 
Seat 4: EasyGamerrr ($104.22 in chips) 
Seat 5: abramovich87 ($104.19 in chips) 
Seat 6: Rahmanator ($46.96 in chips) 
Rysiff: posts small blind $0.50
EasyGamerrr: posts big blind $1
*** HOLE CARDS ***
abramovich87: folds 
Rahmanator: calls $1
equilibrium_tv: folds 
LuckyShikari: folds 
Rysiff: folds 
EasyGamerrr: checks 
*** FLOP *** [Jh 8s 5c]
EasyGamerrr: checks 
Rahmanator: checks 
*** TURN *** [Jh 8s 5c] [9h]
EasyGamerrr: bets $1.24
Rahmanator: folds 
Uncalled bet ($1.24) returned to EasyGamerrr
EasyGamerrr collected $2.38 from pot
EasyGamerrr: doesn't show hand 
*** SUMMARY ***
Total pot $2.50 | Rake $0.12 
Board [Jh 8s 5c 9h]
Seat 1: equilibrium_tv folded before Flop (didn't bet)
Seat 2: LuckyShikari (button) folded before Flop (didn't bet)
Seat 3: Rysiff (small blind) folded before Flop
Seat 4: EasyGamerrr (big blind) collected ($2.38)
Seat 5: abramovich87 folded before Flop (didn't bet)
Seat 6: Rahmanator folded on the Turn



PokerStars Hand #254325384918:  Hold'em No Limit ($0.50/$1.00 USD) - 2025/01/11 3:16:35 WET [2025/01/11 22:16:35 ET]
Table 'Mette II' 6-max Seat #3 is the button
Seat 1: equilibrium_tv ($54.89 in chips) 
Seat 2: LuckyShikari ($128.61 in chips) 
Seat 3: Rysiff ($103.50 in chips) 
Seat 4: EasyGamerrr ($105.60 in chips) 
Seat 5: abramovich87 ($104.19 in chips) 
Seat 6: Rahmanator ($45.96 in chips) 
EasyGamerrr: posts small blind $0.50
abramovich87: posts big blind $1
*** HOLE CARDS ***
Rahmanator: folds 
equilibrium_tv: folds 
LuckyShikari: folds 
Rysiff: raises $1.50 to $2.50
EasyGamerrr: folds 
abramovich87: folds 
Uncalled bet ($1.50) returned to Rysiff
Rysiff collected $2.50 from pot
Rysiff: doesn't show hand 
*** SUMMARY ***
Total pot $2.50 | Rake $0 
Seat 1: equilibrium_tv folded before Flop (didn't bet)
Seat 2: LuckyShikari folded before Flop (didn't bet)
Seat 3: Rysiff (button) collected ($2.50)
Seat 4: EasyGamerrr (small blind) folded before Flop
Seat 5: abramovich87 (big blind) folded before Flop
Seat 6: Rahmanator folded before Flop (didn't bet)



PokerStars Hand #254325388030:  Hold'em No Limit ($0.50/$1.00 USD) - 2025/01/11 3:16:57 WET [2025/01/11 22:16:57 ET]
Table 'Mette II' 6-max Seat #4 is the button
Seat 1: equilibrium_tv ($54.89 in chips) 
Seat 2: LuckyShikari ($128.61 in chips) 
Seat 3: Rysiff ($105 in chips) 
Seat 4: EasyGamerrr ($105.10 in chips) 
Seat 5: abramovich87 ($103.19 in chips) 
Seat 6: Rahmanator ($45.96 in chips) 
abramovich87: posts small blind $0.50
Rahmanator: posts big blind $1
*** HOLE CARDS ***
equilibrium_tv: folds 
LuckyShikari: folds 
Rysiff: raises $1.50 to $2.50
EasyGamerrr: folds 
abramovich87: folds 
Rahmanator: calls $1.50
*** FLOP *** [Jc 4s 3c]
Rahmanator: checks 
Rysiff: checks 
*** TURN *** [Jc 4s 3c] [Qc]
Rahmanator: checks 
Rysiff: bets $4.18
Rahmanator: calls $4.18
*** RIVER *** [Jc 4s 3c Qc] [8h]
Rahmanator: checks 
Rysiff: bets $10.54
Rahmanator: folds 
Uncalled bet ($10.54) returned to Rysiff
Rysiff collected $13.17 from pot
Rysiff: doesn't show hand 
*** SUMMARY ***
Total pot $13.86 | Rake $0.69 
Board [Jc 4s 3c Qc 8h]
Seat 1: equilibrium_tv folded before Flop (didn't bet)
Seat 2: LuckyShikari folded before Flop (didn't bet)
Seat 3: Rysiff collected ($13.17)
Seat 4: EasyGamerrr (button) folded before Flop (didn't bet)
Seat 5: abramovich87 (small blind) folded before Flop
Seat 6: Rahmanator (big blind) folded on the River



PokerStars Hand #254325396960:  Hold'em No Limit ($0.50/$1.00 USD) - 2025/01/11 3:17:59 WET [2025/01/11 22:17:59 ET]
Table 'Mette II' 6-max Seat #5 is the button
Seat 1: equilibrium_tv ($54.89 in chips) 
Seat 2: LuckyShikari ($128.61 in chips) 
Seat 3: Rysiff ($111.49 in chips) 
Seat 4: EasyGamerrr ($105.10 in chips) 
Seat 5: abramovich87 ($102.69 in chips) 
Seat 6: Rahmanator ($39.28 in chips) 
Rahmanator: posts small blind $0.50
equilibrium_tv: posts big blind $1
*** HOLE CARDS ***
LuckyShikari: folds 
Rysiff: raises $1.50 to $2.50
EasyGamerrr: folds 
abramovich87: folds 
Rahmanator: calls $2
equilibrium_tv: folds 
*** FLOP *** [5s 3s Ac]
Rahmanator: checks 
Rysiff: bets $2.85
Rahmanator: calls $2.85
*** TURN *** [5s 3s Ac] [Td]
Rahmanator: checks 
Rysiff: bets $8.90
Rahmanator: folds 
Uncalled bet ($8.90) returned to Rysiff
Rysiff collected $11.12 from pot
Rysiff: doesn't show hand 
*** SUMMARY ***
Total pot $11.70 | Rake $0.58 
Board [5s 3s Ac Td]
Seat 1: equilibrium_tv (big blind) folded before Flop
Seat 2: LuckyShikari folded before Flop (didn't bet)
Seat 3: Rysiff collected ($11.12)
Seat 4: EasyGamerrr folded before Flop (didn't bet)
Seat 5: abramovich87 (button) folded before Flop (didn't bet)
Seat 6: Rahmanator (small blind) folded on the Turn



PokerStars Hand #254325401992:  Hold'em No Limit ($0.50/$1.00 USD) - 2025/01/11 3:18:33 WET [2025/01/11 22:18:33 ET]
Table 'Mette II' 6-max Seat #6 is the button
Seat 1: equilibrium_tv ($53.89 in chips) 
Seat 2: LuckyShikari ($128.61 in chips) 
Seat 3: Rysiff ($117.26 in chips) 
Seat 4: EasyGamerrr ($105.10 in chips) 
Seat 5: abramovich87 ($102.69 in chips) 
Seat 6: Rahmanator ($33.93 in chips) 
equilibrium_tv: posts small blind $0.50
LuckyShikari: posts big blind $1
*** HOLE CARDS ***
Rysiff: folds 
EasyGamerrr: raises $1 to $2
abramovich87: folds 
Rahmanator: calls $2
equilibrium_tv: folds 
LuckyShikari: folds 
*** FLOP *** [Td Js Jc]
EasyGamerrr: bets $1.72
Rahmanator: calls $1.72
*** TURN *** [Td Js Jc] [8c]
EasyGamerrr: bets $11.46
Rahmanator: folds 
Uncalled bet ($11.46) returned to EasyGamerrr
EasyGamerrr collected $8.49 from pot
EasyGamerrr: doesn't show hand 
*** SUMMARY ***
Total pot $8.94 | Rake $0.45 
Board [Td Js Jc 8c]
Seat 1: equilibrium_tv (small blind) folded before Flop
Seat 2: LuckyShikari (big blind) folded before Flop
Seat 3: Rysiff folded before Flop (didn't bet)
Seat 4: EasyGamerrr collected ($8.49)
Seat 5: abramovich87 folded before Flop (didn't bet)
Seat 6: Rahmanator (button) folded on the Turn



PokerStars Hand #254325408735:  Hold'em No Limit ($0.50/$1.00 USD) - 2025/01/11 3:19:21 WET [2025/01/11 22:19:21 ET]
Table 'Mette II' 6-max Seat #1 is the button
Seat 1: equilibrium_tv ($53.39 in chips) 
Seat 2: LuckyShikari ($127.61 in chips) 
Seat 3: Rysiff ($117.26 in chips) 
Seat 4: EasyGamerrr ($109.87 in chips) 
Seat 5: abramovich87 ($102.69 in chips) 
Seat 6: Rahmanator ($30.21 in chips) 
LuckyShikari: posts small blind $0.50
Rysiff: posts big blind $1
*** HOLE CARDS ***
EasyGamerrr: folds 
abramovich87: folds 
Rahmanator: folds 
equilibrium_tv: folds 
LuckyShikari: folds 
Uncalled bet ($0.50) returned to Rysiff
Rysiff collected $1 from pot
Rysiff: doesn't show hand 
*** SUMMARY ***
Total pot $1 | Rake $0 
Seat 1: equilibrium_tv (button) folded before Flop (didn't bet)
Seat 2: LuckyShikari (small blind) folded before Flop
Seat 3: Rysiff (big blind) collected ($1)
Seat 4: EasyGamerrr folded before Flop (didn't bet)
Seat 5: abramovich87 folded before Flop (didn't bet)
Seat 6: Rahmanator folded before Flop (didn't bet)



PokerStars Hand #254325411833:  Hold'em No Limit ($0.50/$1.00 USD) - 2025/01/11 3:19:43 WET [2025/01/11 22:19:43 ET]
Table 'Mette II' 6-max Seat #2 is the button
Seat 1: equilibrium_tv ($53.39 in chips) 
Seat 2: LuckyShikari ($127.11 in chips) 
Seat 3: Rysiff ($117.76 in chips) 
Seat 4: EasyGamerrr ($109.87 in chips) 
Seat 5: abramovich87 ($102.69 in chips) 
Seat 6: Rahmanator ($30.21 in chips) 
Rysiff: posts small blind $0.50
EasyGamerrr: posts big blind $1
*** HOLE CARDS ***
abramovich87: folds 
Rahmanator: raises $1 to $2
equilibrium_tv: raises $4 to $6
LuckyShikari: folds 
Rysiff: folds 
EasyGamerrr: folds 
Rahmanator: calls $4
*** FLOP *** [5h Js 9h]
Rahmanator: checks 
equilibrium_tv: bets $3.21
Rahmanator: calls $3.21
*** TURN *** [5h Js 9h] [2d]
Rahmanator: checks 
equilibrium_tv: checks 
*** RIVER *** [5h Js 9h 2d] [Jh]
Rahmanator: checks 
equilibrium_tv: checks 
*** SHOW DOWN ***
Rahmanator: shows [5c 7s] (two pair, Jacks and Fives)
equilibrium_tv: mucks hand 
Rahmanator collected $18.92 from pot
*** SUMMARY ***
Total pot $19.92 | Rake $1 
Board [5h Js 9h 2d Jh]
Seat 1: equilibrium_tv mucked
Seat 2: LuckyShikari (button) folded before Flop (didn't bet)
Seat 3: Rysiff (small blind) folded before Flop
Seat 4: EasyGamerrr (big blind) folded before Flop
Seat 5: abramovich87 folded before Flop (didn't bet)
Seat 6: Rahmanator showed [5c 7s] and won ($18.92) with two pair, Jacks and Fives



PokerStars Hand #254325419049:  Hold'em No Limit ($0.50/$1.00 USD) - 2025/01/11 3:20:32 WET [2025/01/11 22:20:32 ET]
Table 'Mette II' 6-max Seat #3 is the button
Seat 1: equilibrium_tv ($44.18 in chips) 
Seat 2: LuckyShikari ($127.11 in chips) 
Seat 3: Rysiff ($117.26 in chips) 
Seat 4: EasyGamerrr ($108.87 in chips) 
Seat 5: abramovich87 ($102.69 in chips) 
Seat 6: Rahmanator ($39.92 in chips) 
EasyGamerrr: posts small blind $0.50
abramovich87: posts big blind $1
*** HOLE CARDS ***
Rahmanator: calls $1
equilibrium_tv: raises $3 to $4
LuckyShikari: folds 
Rysiff: folds 
EasyGamerrr: folds 
abramovich87: folds 
Rahmanator: calls $3
*** FLOP *** [Td 4d 4s]
Rahmanator: checks 
equilibrium_tv: bets $2.98
Rahmanator: raises $3.98 to $6.96
equilibrium_tv: calls $3.98
*** TURN *** [Td 4d 4s] [7c]
Rahmanator: bets $28.96 and is all-in
equilibrium_tv: folds 
Uncalled bet ($28.96) returned to Rahmanator
Rahmanator collected $22.25 from pot
*** SUMMARY ***
Total pot $23.42 | Rake $1.17 
Board [Td 4d 4s 7c]
Seat 1: equilibrium_tv folded on the Turn
Seat 2: LuckyShikari folded before Flop (didn't bet)
Seat 3: Rysiff (button) folded before Flop (didn't bet)
Seat 4: EasyGamerrr (small blind) folded before Flop
Seat 5: abramovich87 (big blind) folded before Flop
Seat 6: Rahmanator collected ($22.25)



PokerStars Hand #254325425663:  Hold'em No Limit ($0.50/$1.00 USD) - 2025/01/11 3:21:19 WET [2025/01/11 22:21:19 ET]
Table 'Mette II' 6-max Seat #4 is the button
Seat 1: equilibrium_tv ($57.22 in chips) 
Seat 2: LuckyShikari ($127.11 in chips) 
Seat 3: Rysiff ($117.26 in chips) 
Seat 4: EasyGamerrr ($108.37 in chips) 
Seat 5: abramovich87 ($101.69 in chips) 
Seat 6: Rahmanator ($51.21 in chips) 
abramovich87: posts small blind $0.50
Rahmanator: posts big blind $1
*** HOLE CARDS ***
equilibrium_tv: folds 
LuckyShikari: raises $1.50 to $2.50
Rysiff: raises $4.50 to $7
EasyGamerrr: folds 
abramovich87: folds 
Rahmanator: folds 
LuckyShikari: raises $15.50 to $22.50
Rysiff: raises $94.76 to $117.26 and is all-in
LuckyShikari: folds 
Uncalled bet ($94.76) returned to Rysiff
Rysiff collected $46.50 from pot
Rysiff: doesn't show hand 
*** SUMMARY ***
Total pot $46.50 | Rake $0 
Seat 1: equilibrium_tv folded before Flop (didn't bet)
Seat 2: LuckyShikari folded before Flop
Seat 3: Rysiff collected ($46.50)
Seat 4: EasyGamerrr (button) folded before Flop (didn't bet)
Seat 5: abramovich87 (small blind) folded before Flop
Seat 6: Rahmanator (big blind) folded before Flop



PokerStars Hand #254325431715:  Hold'em No Limit ($0.50/$1.00 USD) - 2025/01/11 3:22:00 WET [2025/01/11 22:22:00 ET]
Table 'Mette II' 6-max Seat #5 is the button
Seat 1: equilibrium_tv ($57.22 in chips) 
Seat 2: LuckyShikari ($104.61 in chips) 
Seat 3: Rysiff ($141.26 in chips) 
Seat 4: EasyGamerrr ($108.37 in chips) 
Seat 5: abramovich87 ($101.19 in chips) 
Seat 6: Rahmanator ($50.21 in chips) 
Rahmanator: posts small blind $0.50
equilibrium_tv: posts big blind $1
*** HOLE CARDS ***
LuckyShikari: raises $1.50 to $2.50
Rysiff: folds 
EasyGamerrr: folds 
abramovich87: folds 
Rahmanator: calls $2
equilibrium_tv: raises $7.50 to $10
LuckyShikari: folds 
Rahmanator: folds 
Uncalled bet ($7.50) returned to equilibrium_tv
equilibrium_tv collected $7.50 from pot
*** SUMMARY ***
Total pot $7.50 | Rake $0 
Seat 1: equilibrium_tv (big blind) collected ($7.50)
Seat 2: LuckyShikari folded before Flop
Seat 3: Rysiff folded before Flop (didn't bet)
Seat 4: EasyGamerrr folded before Flop (didn't bet)
Seat 5: abramovich87 (button) folded before Flop (didn't bet)
Seat 6: Rahmanator (small blind) folded before Flop



PokerStars Hand #254325436758:  Hold'em No Limit ($0.50/$1.00 USD) - 2025/01/11 3:22:35 WET [2025/01/11 22:22:35 ET]
Table 'Mette II' 6-max Seat #6 is the button
Seat 1: equilibrium_tv ($62.22 in chips) 
Seat 2: LuckyShikari ($102.11 in chips) 
Seat 3: Rysiff ($141.26 in chips) 
Seat 4: EasyGamerrr ($108.37 in chips) 
Seat 5: abramovich87 ($101.19 in chips) 
Seat 6: Rahmanator ($47.71 in chips) 
equilibrium_tv: posts small blind $0.50
LuckyShikari: posts big blind $1
*** HOLE CARDS ***
Rysiff: folds 
EasyGamerrr: folds 
abramovich87: folds 
Rahmanator: folds 
equilibrium_tv: folds 
Uncalled bet ($0.50) returned to LuckyShikari
LuckyShikari collected $1 from pot
LuckyShikari: doesn't show hand 
*** SUMMARY ***
Total pot $1 | Rake $0 
Seat 1: equilibrium_tv (small blind) folded before Flop
Seat 2: LuckyShikari (big blind) collected ($1)
Seat 3: Rysiff folded before Flop (didn't bet)
Seat 4: EasyGamerrr folded before Flop (didn't bet)
Seat 5: abramovich87 folded before Flop (didn't bet)
Seat 6: Rahmanator (button) folded before Flop (didn't bet)



PokerStars Hand #254325437961:  Hold'em No Limit ($0.50/$1.00 USD) - 2025/01/11 3:22:43 WET [2025/01/11 22:22:43 ET]
Table 'Mette II' 6-max Seat #1 is the button
Seat 1: equilibrium_tv ($61.72 in chips) 
Seat 2: LuckyShikari ($102.61 in chips) 
Seat 3: Rysiff ($141.26 in chips) 
Seat 4: EasyGamerrr ($108.37 in chips) 
Seat 5: abramovich87 ($101.19 in chips) 
Seat 6: Rahmanator ($47.71 in chips) 
LuckyShikari: posts small blind $0.50
Rysiff: posts big blind $1
*** HOLE CARDS ***
EasyGamerrr: folds 
abramovich87: folds 
Rahmanator: folds 
equilibrium_tv: folds 
LuckyShikari: raises $2 to $3
Rysiff: calls $2
*** FLOP *** [8h 7h 9d]
LuckyShikari: bets $3
Rysiff: calls $3
*** TURN *** [8h 7h 9d] [3c]
LuckyShikari: bets $3
Rysiff: calls $3
*** RIVER *** [8h 7h 9d 3c] [Qd]
LuckyShikari: bets $3
Rysiff: folds 
Uncalled bet ($3) returned to LuckyShikari
LuckyShikari collected $17.10 from pot
LuckyShikari: doesn't show hand 
*** SUMMARY ***
Total pot $18 | Rake $0.90 
Board [8h 7h 9d 3c Qd]
Seat 1: equilibrium_tv (button) folded before Flop (didn't bet)
Seat 2: LuckyShikari (small blind) collected ($17.10)
Seat 3: Rysiff (big blind) folded on the River
Seat 4: EasyGamerrr folded before Flop (didn't bet)
Seat 5: abramovich87 folded before Flop (didn't bet)
Seat 6: Rahmanator folded before Flop (didn't bet)



PokerStars Hand #254325445407:  Hold'em No Limit ($0.50/$1.00 USD) - 2025/01/11 3:23:36 WET [2025/01/11 22:23:36 ET]
Table 'Mette II' 6-max Seat #2 is the button
Seat 1: equilibrium_tv ($61.72 in chips) 
Seat 2: LuckyShikari ($110.71 in chips) 
Seat 3: Rysiff ($132.26 in chips) 
Seat 4: EasyGamerrr ($108.37 in chips) 
Seat 5: abramovich87 ($101.19 in chips) 
Seat 6: Rahmanator ($47.71 in chips) 
Rysiff: posts small blind $0.50
EasyGamerrr: posts big blind $1
*** HOLE CARDS ***
abramovich87: folds 
Rahmanator: raises $1 to $2
equilibrium_tv: folds 
LuckyShikari: folds 
Rysiff: folds 
EasyGamerrr: calls $1
*** FLOP *** [7h Tc 3h]
EasyGamerrr: checks 
Rahmanator: checks 
*** TURN *** [7h Tc 3h] [4s]
EasyGamerrr: bets $2.87
Rahmanator: folds 
Uncalled bet ($2.87) returned to EasyGamerrr
EasyGamerrr collected $4.28 from pot
EasyGamerrr: doesn't show hand 
*** SUMMARY ***
Total pot $4.50 | Rake $0.22 
Board [7h Tc 3h 4s]
Seat 1: equilibrium_tv folded before Flop (didn't bet)
Seat 2: LuckyShikari (button) folded before Flop (didn't bet)
Seat 3: Rysiff (small blind) folded before Flop
Seat 4: EasyGamerrr (big blind) collected ($4.28)
Seat 5: abramovich87 folded before Flop (didn't bet)
Seat 6: Rahmanator folded on the Turn



PokerStars Hand #254325452135:  Hold'em No Limit ($0.50/$1.00 USD) - 2025/01/11 3:24:24 WET [2025/01/11 22:24:24 ET]
Table 'Mette II' 6-max Seat #3 is the button
Seat 1: equilibrium_tv ($61.72 in chips) 
Seat 2: LuckyShikari ($110.71 in chips) 
Seat 3: Rysiff ($131.76 in chips) 
Seat 4: EasyGamerrr ($110.65 in chips) 
Seat 5: abramovich87 ($101.19 in chips) 
Seat 6: Rahmanator ($45.71 in chips) 
EasyGamerrr: posts small blind $0.50
abramovich87: posts big blind $1
*** HOLE CARDS ***
Rahmanator: calls $1
equilibrium_tv: raises $3 to $4
LuckyShikari: raises $10 to $14
Rysiff: folds 
EasyGamerrr: folds 
abramovich87: folds 
Rahmanator: folds 
equilibrium_tv: folds 
Uncalled bet ($10) returned to LuckyShikari
LuckyShikari collected $10.50 from pot
LuckyShikari: doesn't show hand 
*** SUMMARY ***
Total pot $10.50 | Rake $0 
Seat 1: equilibrium_tv folded before Flop
Seat 2: LuckyShikari collected ($10.50)
Seat 3: Rysiff (button) folded before Flop (didn't bet)
Seat 4: EasyGamerrr (small blind) folded before Flop
Seat 5: abramovich87 (big blind) folded before Flop
Seat 6: Rahmanator folded before Flop



PokerStars Hand #254325455142:  Hold'em No Limit ($0.50/$1.00 USD) - 2025/01/11 3:24:46 WET [2025/01/11 22:24:46 ET]
Table 'Mette II' 6-max Seat #4 is the button
Seat 1: equilibrium_tv ($57.72 in chips) 
Seat 2: LuckyShikari ($117.21 in chips) 
Seat 3: Rysiff ($131.76 in chips) 
Seat 4: EasyGamerrr ($110.15 in chips) 
Seat 5: abramovich87 ($100.19 in chips) 
Seat 6: Rahmanator ($44.71 in chips) 
abramovich87: posts small blind $0.50
Rahmanator: posts big blind $1
*** HOLE CARDS ***
equilibrium_tv: folds 
LuckyShikari: raises $2 to $3
Rysiff: folds 
EasyGamerrr: folds 
abramovich87: folds 
Rahmanator: calls $2
*** FLOP *** [4d 3s As]
Rahmanator: checks 
LuckyShikari: bets $3
Rahmanator: raises $3 to $6
LuckyShikari: raises $10 to $16
Rahmanator: raises $25.71 to $41.71 and is all-in
LuckyShikari: calls $25.71
*** TURN *** [4d 3s As] [Js]
*** RIVER *** [4d 3s As Js] [Jh]
*** SHOW DOWN ***
Rahmanator: shows [Ah 8s] (two pair, Aces and Jacks)
LuckyShikari: shows [Ac 4h] (two pair, Aces and Jacks - lower kicker)
Rahmanator collected $87.42 from pot
*** SUMMARY ***
Total pot $89.92 | Rake $2.50 
Board [4d 3s As Js Jh]
Seat 1: equilibrium_tv folded before Flop (didn't bet)
Seat 2: LuckyShikari showed [Ac 4h] and lost with two pair, Aces and Jacks
Seat 3: Rysiff folded before Flop (didn't bet)
Seat 4: EasyGamerrr (button) folded before Flop (didn't bet)
Seat 5: abramovich87 (small blind) folded before Flop
Seat 6: Rahmanator (big blind) showed [Ah 8s] and won ($87.42) with two pair, Aces and Jacks



PokerStars Hand #254325463026:  Hold'em No Limit ($0.50/$1.00 USD) - 2025/01/11 3:25:42 WET [2025/01/11 22:25:42 ET]
Table 'Mette II' 6-max Seat #5 is the button
Seat 1: equilibrium_tv ($57.72 in chips) 
Seat 2: LuckyShikari ($100 in chips) 
Seat 3: Rysiff ($131.76 in chips) 
Seat 4: EasyGamerrr ($110.15 in chips) 
Seat 5: abramovich87 ($100 in chips) 
Seat 6: Rahmanator ($87.42 in chips) 
Rahmanator: posts small blind $0.50
equilibrium_tv: posts big blind $1
*** HOLE CARDS ***
LuckyShikari: raises $2 to $3
Rysiff: folds 
EasyGamerrr: folds 
abramovich87: folds 
Rahmanator: folds 
equilibrium_tv: folds 
Uncalled bet ($2) returned to LuckyShikari
LuckyShikari collected $2.50 from pot
LuckyShikari: doesn't show hand 
*** SUMMARY ***
Total pot $2.50 | Rake $0 
Seat 1: equilibrium_tv (big blind) folded before Flop
Seat 2: LuckyShikari collected ($2.50)
Seat 3: Rysiff folded before Flop (didn't bet)
Seat 4: EasyGamerrr folded before Flop (didn't bet)
Seat 5: abramovich87 (button) folded before Flop (didn't bet)
Seat 6: Rahmanator (small blind) folded before Flop



PokerStars Hand #254325465736:  Hold'em No Limit ($0.50/$1.00 USD) - 2025/01/11 3:26:01 WET [2025/01/11 22:26:01 ET]
Table 'Mette II' 6-max Seat #6 is the button
Seat 1: equilibrium_tv ($56.72 in chips) 
Seat 2: LuckyShikari ($101.50 in chips) 
Seat 3: Rysiff ($131.76 in chips) 
Seat 4: EasyGamerrr ($110.15 in chips) 
Seat 5: abramovich87 ($100 in chips) 
Seat 6: Rahmanator ($86.92 in chips) 
equilibrium_tv: posts small blind $0.50
LuckyShikari: posts big blind $1
*** HOLE CARDS ***
Rysiff: folds 
EasyGamerrr: folds 
abramovich87: raises $2 to $3
Rahmanator: folds 
equilibrium_tv: folds 
LuckyShikari: calls $2
*** FLOP *** [Qc 6s Td]
LuckyShikari: bets $3
abramovich87: calls $3
*** TURN *** [Qc 6s Td] [Jd]
LuckyShikari: bets $3
abramovich87: calls $3
*** RIVER *** [Qc 6s Td Jd] [Jc]
LuckyShikari: bets $3
abramovich87: raises $3 to $6
LuckyShikari: calls $3
*** SHOW DOWN ***
abramovich87: shows [Kd Qs] (two pair, Queens and Jacks)
LuckyShikari: mucks hand 
abramovich87 collected $28.98 from pot
*** SUMMARY ***
Total pot $30.50 | Rake $1.52 
Board [Qc 6s Td Jd Jc]
Seat 1: equilibrium_tv (small blind) folded before Flop
Seat 2: LuckyShikari (big blind) mucked
Seat 3: Rysiff folded before Flop (didn't bet)
Seat 4: EasyGamerrr folded before Flop (didn't bet)
Seat 5: abramovich87 showed [Kd Qs] and won ($28.98) with two pair, Queens and Jacks
Seat 6: Rahmanator (button) folded before Flop (didn't bet)



PokerStars Hand #254325472436:  Hold'em No Limit ($0.50/$1.00 USD) - 2025/01/11 3:26:49 WET [2025/01/11 22:26:49 ET]
Table 'Mette II' 6-max Seat #1 is the button
Seat 1: equilibrium_tv ($56.22 in chips) 
Seat 2: LuckyShikari ($100 in chips) 
Seat 3: Rysiff ($131.76 in chips) 
Seat 4: EasyGamerrr ($110.15 in chips) 
Seat 5: abramovich87 ($113.98 in chips) 
Seat 6: Rahmanator ($86.92 in chips) 
LuckyShikari: posts small blind $0.50
Rysiff: posts big blind $1
*** HOLE CARDS ***
EasyGamerrr: raises $1 to $2
abramovich87: folds 
Rahmanator: calls $2
equilibrium_tv: folds 
LuckyShikari: calls $1.50
Rysiff: folds 
*** FLOP *** [3d 8d 5d]
LuckyShikari: bets $3
EasyGamerrr: raises $6 to $9
Rahmanator: folds 
LuckyShikari: raises $36.98 to $45.98
EasyGamerrr: folds 
Uncalled bet ($36.98) returned to LuckyShikari
LuckyShikari collected $23.75 from pot
LuckyShikari: doesn't show hand 
*** SUMMARY ***
Total pot $25 | Rake $1.25 
Board [3d 8d 5d]
Seat 1: equilibrium_tv (button) folded before Flop (didn't bet)
Seat 2: LuckyShikari (small blind) collected ($23.75)
Seat 3: Rysiff (big blind) folded before Flop
Seat 4: EasyGamerrr folded on the Flop
Seat 5: abramovich87 folded before Flop (didn't bet)
Seat 6: Rahmanator folded on the Flop



PokerStars Hand #254325478051:  Hold'em No Limit ($0.50/$1.00 USD) - 2025/01/11 3:27:28 WET [2025/01/11 22:27:28 ET]
Table 'Mette II' 6-max Seat #2 is the button
Seat 1: equilibrium_tv ($56.22 in chips) 
Seat 2: LuckyShikari ($112.75 in chips) 
Seat 3: Rysiff ($130.76 in chips) 
Seat 4: EasyGamerrr ($100 in chips) 
Seat 5: abramovich87 ($113.98 in chips) 
Seat 6: Rahmanator ($84.92 in chips) 
Rysiff: posts small blind $0.50
EasyGamerrr: posts big blind $1
*** HOLE CARDS ***
abramovich87: folds 
Rahmanator: calls $1
equilibrium_tv: folds 
LuckyShikari: folds 
Rysiff: raises $3 to $4
EasyGamerrr: raises $8 to $12
Rahmanator: folds 
Rysiff: folds 
Uncalled bet ($8) returned to EasyGamerrr
EasyGamerrr collected $9 from pot
EasyGamerrr: doesn't show hand 
*** SUMMARY ***
Total pot $9 | Rake $0 
Seat 1: equilibrium_tv folded before Flop (didn't bet)
Seat 2: LuckyShikari (button) folded before Flop (didn't bet)
Seat 3: Rysiff (small blind) folded before Flop
Seat 4: EasyGamerrr (big blind) collected ($9)
Seat 5: abramovich87 folded before Flop (didn't bet)
Seat 6: Rahmanator folded before Flop



PokerStars Hand #254325480934:  Hold'em No Limit ($0.50/$1.00 USD) - 2025/01/11 3:27:49 WET [2025/01/11 22:27:49 ET]
Table 'Mette II' 6-max Seat #3 is the button
Seat 1: equilibrium_tv ($56.22 in chips) 
Seat 2: LuckyShikari ($112.75 in chips) 
Seat 3: Rysiff ($126.76 in chips) 
Seat 4: EasyGamerrr ($105 in chips) 
Seat 5: abramovich87 ($113.98 in chips) 
Seat 6: Rahmanator ($83.92 in chips) 
EasyGamerrr: posts small blind $0.50
abramovich87: posts big blind $1
*** HOLE CARDS ***
Rahmanator: calls $1
equilibrium_tv: folds 
LuckyShikari: folds 
Rysiff: raises $3 to $4
EasyGamerrr: folds 
abramovich87: folds 
Rahmanator: calls $3
*** FLOP *** [Kc Jh Ad]
Rahmanator: checks 
Rysiff: checks 
*** TURN *** [Kc Jh Ad] [Jc]
Rahmanator: bets $4.51
Rysiff: calls $4.51
*** RIVER *** [Kc Jh Ad Jc] [2d]
Rahmanator: checks 
Rysiff: checks 
*** SHOW DOWN ***
Rahmanator: shows [Ac 4c] (two pair, Aces and Jacks)
Rysiff: mucks hand 
Rahmanator collected $17.59 from pot
*** SUMMARY ***
Total pot $18.52 | Rake $0.93 
Board [Kc Jh Ad Jc 2d]
Seat 1: equilibrium_tv folded before Flop (didn't bet)
Seat 2: LuckyShikari folded before Flop (didn't bet)
Seat 3: Rysiff (button) mucked
Seat 4: EasyGamerrr (small blind) folded before Flop
Seat 5: abramovich87 (big blind) folded before Flop
Seat 6: Rahmanator showed [Ac 4c] and won ($17.59) with two pair, Aces and Jacks



PokerStars Hand #254325487881:  Hold'em No Limit ($0.50/$1.00 USD) - 2025/01/11 3:28:38 WET [2025/01/11 22:28:38 ET]
Table 'Mette II' 6-max Seat #4 is the button
Seat 1: equilibrium_tv ($56.22 in chips) 
Seat 2: LuckyShikari ($112.75 in chips) 
Seat 3: Rysiff ($118.25 in chips) 
Seat 4: EasyGamerrr ($104.50 in chips) 
Seat 5: abramovich87 ($112.98 in chips) 
Seat 6: Rahmanator ($93 in chips) 
abramovich87: posts small blind $0.50
Rahmanator: posts big blind $1
*** HOLE CARDS ***
equilibrium_tv: folds 
LuckyShikari: raises $2 to $3
Rysiff: folds 
EasyGamerrr: folds 
abramovich87: folds 
Rahmanator: calls $2
*** FLOP *** [Td Ac 8d]
Rahmanator: checks 
LuckyShikari: bets $3
Rahmanator: calls $3
*** TURN *** [Td Ac 8d] [5h]
Rahmanator: checks 
LuckyShikari: bets $11.88
Rahmanator: folds 
Uncalled bet ($11.88) returned to LuckyShikari
LuckyShikari collected $11.88 from pot
LuckyShikari: doesn't show hand 
*** SUMMARY ***
Total pot $12.50 | Rake $0.62 
Board [Td Ac 8d 5h]
Seat 1: equilibrium_tv folded before Flop (didn't bet)
Seat 2: LuckyShikari collected ($11.88)
Seat 3: Rysiff folded before Flop (didn't bet)
Seat 4: EasyGamerrr (button) folded before Flop (didn't bet)
Seat 5: abramovich87 (small blind) folded before Flop
Seat 6: Rahmanator (big blind) folded on the Turn



PokerStars Hand #254325495419:  Hold'em No Limit ($0.50/$1.00 USD) - 2025/01/11 3:29:32 WET [2025/01/11 22:29:32 ET]
Table 'Mette II' 6-max Seat #5 is the button
Seat 1: equilibrium_tv ($56.22 in chips) 
Seat 2: LuckyShikari ($118.63 in chips) 
Seat 3: Rysiff ($118.25 in chips) 
Seat 4: EasyGamerrr ($104.50 in chips) 
Seat 5: abramovich87 ($112.48 in chips) 
Seat 6: Rahmanator ($87 in chips) 
Rahmanator: posts small blind $0.50
equilibrium_tv: posts big blind $1
*** HOLE CARDS ***
LuckyShikari: folds 
Rysiff: folds 
EasyGamerrr: folds 
abramovich87: folds 
Rahmanator: calls $0.50
equilibrium_tv: checks 
*** FLOP *** [As Th Js]
Rahmanator: bets $1
equilibrium_tv: calls $1
*** TURN *** [As Th Js] [4h]
Rahmanator: bets $1
equilibrium_tv: calls $1
*** RIVER *** [As Th Js 4h] [6s]
Rahmanator: bets $1
equilibrium_tv: calls $1
*** SHOW DOWN ***
Rahmanator: shows [8h Ad] (a pair of Aces)
equilibrium_tv: mucks hand 
Rahmanator collected $7.60 from pot
*** SUMMARY ***
Total pot $8 | Rake $0.40 
Board [As Th Js 4h 6s]
Seat 1: equilibrium_tv (big blind) mucked
Seat 2: LuckyShikari folded before Flop (didn't bet)
Seat 3: Rysiff folded before Flop (didn't bet)
Seat 4: EasyGamerrr folded before Flop (didn't bet)
Seat 5: abramovich87 (button) folded before Flop (didn't bet)
Seat 6: Rahmanator (small blind) showed [8h Ad] and won ($7.60) with a pair of Aces



PokerStars Hand #254325501554:  Hold'em No Limit ($0.50/$1.00 USD) - 2025/01/11 3:30:15 WET [2025/01/11 22:30:15 ET]
Table 'Mette II' 6-max Seat #6 is the button
Seat 1: equilibrium_tv ($52.22 in chips) 
Seat 2: LuckyShikari ($118.63 in chips) 
Seat 3: Rysiff ($118.25 in chips) 
Seat 4: EasyGamerrr ($104.50 in chips) 
Seat 5: abramovich87 ($112.48 in chips) 
Seat 6: Rahmanator ($90.60 in chips) 
equilibrium_tv: posts small blind $0.50
LuckyShikari: posts big blind $1
*** HOLE CARDS ***
Rysiff: raises $1.50 to $2.50
EasyGamerrr: raises $5 to $7.50
abramovich87: folds 
Rahmanator: folds 
equilibrium_tv: folds 
LuckyShikari: folds 
Rysiff: calls $5
*** FLOP *** [8c Jc 4s]
Rysiff: checks 
EasyGamerrr: bets $5.64
Rysiff: calls $5.64
*** TURN *** [8c Jc 4s] [7s]
Rysiff: checks 
EasyGamerrr: checks 
*** RIVER *** [8c Jc 4s 7s] [6h]
Rysiff: checks 
EasyGamerrr: checks 
*** SHOW DOWN ***
Rysiff: shows [Tc Th] (a pair of Tens)
EasyGamerrr: mucks hand 
Rysiff collected $26.39 from pot
*** SUMMARY ***
Total pot $27.78 | Rake $1.39 
Board [8c Jc 4s 7s 6h]
Seat 1: equilibrium_tv (small blind) folded before Flop
Seat 2: LuckyShikari (big blind) folded before Flop
Seat 3: Rysiff showed [Tc Th] and won ($26.39) with a pair of Tens
Seat 4: EasyGamerrr mucked
Seat 5: abramovich87 folded before Flop (didn't bet)
Seat 6: Rahmanator (button) folded before Flop (didn't bet)



PokerStars Hand #254325512469:  Hold'em No Limit ($0.50/$1.00 USD) - 2025/01/11 3:31:34 WET [2025/01/11 22:31:34 ET]
Table 'Mette II' 6-max Seat #1 is the button
Seat 1: equilibrium_tv ($51.72 in chips) 
Seat 2: LuckyShikari ($117.63 in chips) 
Seat 3: Rysiff ($131.50 in chips) 
Seat 4: EasyGamerrr ($100 in chips) 
Seat 5: abramovich87 ($112.48 in chips) 
Seat 6: Rahmanator ($90.60 in chips) 
LuckyShikari: posts small blind $0.50
Rysiff: posts big blind $1
*** HOLE CARDS ***
EasyGamerrr: folds 
abramovich87: folds 
Rahmanator: calls $1
equilibrium_tv: raises $3 to $4
LuckyShikari: raises $12 to $16
Rysiff: folds 
Rahmanator: folds 
equilibrium_tv: folds 
Uncalled bet ($12) returned to LuckyShikari
LuckyShikari collected $10 from pot
LuckyShikari: doesn't show hand 
*** SUMMARY ***
Total pot $10 | Rake $0 
Seat 1: equilibrium_tv (button) folded before Flop
Seat 2: LuckyShikari (small blind) collected ($10)
Seat 3: Rysiff (big blind) folded before Flop
Seat 4: EasyGamerrr folded before Flop (didn't bet)
Seat 5: abramovich87 folded before Flop (didn't bet)
Seat 6: Rahmanator folded before Flop



PokerStars Hand #254325515727:  Hold'em No Limit ($0.50/$1.00 USD) - 2025/01/11 3:31:58 WET [2025/01/11 22:31:58 ET]
Table 'Mette II' 6-max Seat #2 is the button
Seat 1: equilibrium_tv ($47.72 in chips) 
Seat 2: LuckyShikari ($123.63 in chips) 
Seat 3: Rysiff ($130.50 in chips) 
Seat 4: EasyGamerrr ($100 in chips) 
Seat 5: abramovich87 ($112.48 in chips) 
Seat 6: Rahmanator ($89.60 in chips) 
Rysiff: posts small blind $0.50
EasyGamerrr: posts big blind $1
*** HOLE CARDS ***
abramovich87: folds 
Rahmanator: folds 
equilibrium_tv: folds 
LuckyShikari: raises $2 to $3
Rysiff: folds 
EasyGamerrr: folds 
Uncalled bet ($2) returned to LuckyShikari
LuckyShikari collected $2.50 from pot
LuckyShikari: doesn't show hand 
*** SUMMARY ***
Total pot $2.50 | Rake $0 
Seat 1: equilibrium_tv folded before Flop (didn't bet)
Seat 2: LuckyShikari (button) collected ($2.50)
Seat 3: Rysiff (small blind) folded before Flop
Seat 4: EasyGamerrr (big blind) folded before Flop
Seat 5: abramovich87 folded before Flop (didn't bet)
Seat 6: Rahmanator folded before Flop (didn't bet)



PokerStars Hand #254325517613:  Hold'em No Limit ($0.50/$1.00 USD) - 2025/01/11 3:32:13 WET [2025/01/11 22:32:13 ET]
Table 'Mette II' 6-max Seat #3 is the button
Seat 1: equilibrium_tv ($47.72 in chips) 
Seat 2: LuckyShikari ($125.13 in chips) 
Seat 3: Rysiff ($130 in chips) 
Seat 4: EasyGamerrr ($100 in chips) 
Seat 5: abramovich87 ($112.48 in chips) 
Seat 6: Rahmanator ($89.60 in chips) 
EasyGamerrr: posts small blind $0.50
abramovich87: posts big blind $1
*** HOLE CARDS ***
Rahmanator: calls $1
equilibrium_tv: folds 
LuckyShikari: folds 
Rysiff: folds 
EasyGamerrr: folds 
abramovich87: checks 
*** FLOP *** [8h Qh 6h]
abramovich87: checks 
Rahmanator: checks 
*** TURN *** [8h Qh 6h] [Td]
abramovich87: bets $2
Rahmanator: calls $2
*** RIVER *** [8h Qh 6h Td] [9d]
abramovich87: checks 
Rahmanator: bets $3.09
abramovich87: calls $3.09
*** SHOW DOWN ***
Rahmanator: shows [8c 6c] (two pair, Eights and Sixes)
abramovich87: shows [Qs Th] (two pair, Queens and Tens)
abramovich87 collected $12.05 from pot
*** SUMMARY ***
Total pot $12.68 | Rake $0.63 
Board [8h Qh 6h Td 9d]
Seat 1: equilibrium_tv folded before Flop (didn't bet)
Seat 2: LuckyShikari folded before Flop (didn't bet)
Seat 3: Rysiff (button) folded before Flop (didn't bet)
Seat 4: EasyGamerrr (small blind) folded before Flop
Seat 5: abramovich87 (big blind) showed [Qs Th] and won ($12.05) with two pair, Queens and Tens
Seat 6: Rahmanator showed [8c 6c] and lost with two pair, Eights and Sixes



PokerStars Hand #254325524013:  Hold'em No Limit ($0.50/$1.00 USD) - 2025/01/11 3:32:59 WET [2025/01/11 22:32:59 ET]
Table 'Mette II' 6-max Seat #4 is the button
Seat 1: equilibrium_tv ($47.72 in chips) 
Seat 2: LuckyShikari ($125.13 in chips) 
Seat 3: Rysiff ($130 in chips) 
Seat 4: EasyGamerrr ($100 in chips) 
Seat 5: abramovich87 ($118.44 in chips) 
Seat 6: Rahmanator ($83.51 in chips) 
abramovich87: posts small blind $0.50
Rahmanator: posts big blind $1
*** HOLE CARDS ***
equilibrium_tv: folds 
LuckyShikari: folds 
Rysiff: folds 
EasyGamerrr: folds 
abramovich87: raises $2 to $3
Rahmanator: calls $2
*** FLOP *** [8c 3d 8d]
abramovich87: checks 
Rahmanator: checks 
*** TURN *** [8c 3d 8d] [Qh]
abramovich87: checks 
Rahmanator: checks 
*** RIVER *** [8c 3d 8d Qh] [Qs]
abramovich87: checks 
Rahmanator: checks 
*** SHOW DOWN ***
abramovich87: shows [Jd Ac] (two pair, Queens and Eights)
Rahmanator: mucks hand 
abramovich87 collected $5.70 from pot
*** SUMMARY ***
Total pot $6 | Rake $0.30 
Board [8c 3d 8d Qh Qs]
Seat 1: equilibrium_tv folded before Flop (didn't bet)
Seat 2: LuckyShikari folded before Flop (didn't bet)
Seat 3: Rysiff folded before Flop (didn't bet)
Seat 4: EasyGamerrr (button) folded before Flop (didn't bet)
Seat 5: abramovich87 (small blind) showed [Jd Ac] and won ($5.70) with two pair, Queens and Eights
Seat 6: Rahmanator (big blind) mucked



PokerStars Hand #254325528246:  Hold'em No Limit ($0.50/$1.00 USD) - 2025/01/11 3:33:30 WET [2025/01/11 22:33:30 ET]
Table 'Mette II' 6-max Seat #5 is the button
Seat 1: equilibrium_tv ($47.72 in chips) 
Seat 2: LuckyShikari ($125.13 in chips) 
Seat 3: Rysiff ($130 in chips) 
Seat 4: EasyGamerrr ($100 in chips) 
Seat 5: abramovich87 ($121.14 in chips) 
Seat 6: Rahmanator ($80.51 in chips) 
Rahmanator: posts small blind $0.50
equilibrium_tv: posts big blind $1
*** HOLE CARDS ***
LuckyShikari: folds 
Rysiff: folds 
EasyGamerrr: folds 
abramovich87: folds 
Rahmanator: raises $2 to $3
equilibrium_tv: folds 
Uncalled bet ($2) returned to Rahmanator
Rahmanator collected $2 from pot
*** SUMMARY ***
Total pot $2 | Rake $0 
Seat 1: equilibrium_tv (big blind) folded before Flop
Seat 2: LuckyShikari folded before Flop (didn't bet)
Seat 3: Rysiff folded before Flop (didn't bet)
Seat 4: EasyGamerrr folded before Flop (didn't bet)
Seat 5: abramovich87 (button) folded before Flop (didn't bet)
Seat 6: Rahmanator (small blind) collected ($2)



PokerStars Hand #254325530844:  Hold'em No Limit ($0.50/$1.00 USD) - 2025/01/11 3:33:49 WET [2025/01/11 22:33:49 ET]
Table 'Mette II' 6-max Seat #6 is the button
Seat 1: equilibrium_tv ($46.72 in chips) 
Seat 2: LuckyShikari ($125.13 in chips) 
Seat 3: Rysiff ($130 in chips) 
Seat 4: EasyGamerrr ($100 in chips) 
Seat 5: abramovich87 ($121.14 in chips) 
Seat 6: Rahmanator ($81.51 in chips) 
equilibrium_tv: posts small blind $0.50
LuckyShikari: posts big blind $1
*** HOLE CARDS ***
Rysiff: folds 
EasyGamerrr: folds 
abramovich87: folds 
Rahmanator: raises $2 to $3
equilibrium_tv: folds 
LuckyShikari: folds 
Uncalled bet ($2) returned to Rahmanator
Rahmanator collected $2.50 from pot
*** SUMMARY ***
Total pot $2.50 | Rake $0 
Seat 1: equilibrium_tv (small blind) folded before Flop
Seat 2: LuckyShikari (big blind) folded before Flop
Seat 3: Rysiff folded before Flop (didn't bet)
Seat 4: EasyGamerrr folded before Flop (didn't bet)
Seat 5: abramovich87 folded before Flop (didn't bet)
Seat 6: Rahmanator (button) collected ($2.50)



PokerStars Hand #254325533398:  Hold'em No Limit ($0.50/$1.00 USD) - 2025/01/11 3:34:08 WET [2025/01/11 22:34:08 ET]
Table 'Mette II' 6-max Seat #1 is the button
Seat 1: equilibrium_tv ($46.22 in chips) 
Seat 2: LuckyShikari ($124.13 in chips) 
Seat 3: Rysiff ($130 in chips) 
Seat 4: EasyGamerrr ($100 in chips) 
Seat 5: abramovich87 ($121.14 in chips) 
Seat 6: Rahmanator ($83.01 in chips) 
LuckyShikari: posts small blind $0.50
Rysiff: posts big blind $1
*** HOLE CARDS ***
EasyGamerrr: folds 
abramovich87: folds 
Rahmanator: folds 
equilibrium_tv: folds 
LuckyShikari: folds 
Uncalled bet ($0.50) returned to Rysiff
Rysiff collected $1 from pot
Rysiff: doesn't show hand 
*** SUMMARY ***
Total pot $1 | Rake $0 
Seat 1: equilibrium_tv (button) folded before Flop (didn't bet)
Seat 2: LuckyShikari (small blind) folded before Flop
Seat 3: Rysiff (big blind) collected ($1)
Seat 4: EasyGamerrr folded before Flop (didn't bet)
Seat 5: abramovich87 folded before Flop (didn't bet)
Seat 6: Rahmanator folded before Flop (didn't bet)



PokerStars Hand #254325534872:  Hold'em No Limit ($0.50/$1.00 USD) - 2025/01/11 3:34:20 WET [2025/01/11 22:34:20 ET]
Table 'Mette II' 6-max Seat #2 is the button
Seat 1: equilibrium_tv ($46.22 in chips) 
Seat 2: LuckyShikari ($123.63 in chips) 
Seat 3: Rysiff ($130.50 in chips) 
Seat 4: EasyGamerrr ($100 in chips) 
Seat 5: abramovich87 ($121.14 in chips) 
Seat 6: Rahmanator ($83.01 in chips) 
Rysiff: posts small blind $0.50
EasyGamerrr: posts big blind $1
*** HOLE CARDS ***
abramovich87: folds 
Rahmanator: raises $1 to $2
equilibrium_tv: folds 
LuckyShikari: raises $1 to $3
Rysiff: folds 
EasyGamerrr: folds 
Rahmanator: calls $1
*** FLOP *** [2c Jd Qs]
Rahmanator: checks 
LuckyShikari: bets $3
Rahmanator: calls $3
*** TURN *** [2c Jd Qs] [Jc]
Rahmanator: checks 
LuckyShikari: bets $3
Rahmanator: calls $3
*** RIVER *** [2c Jd Qs Jc] [Js]
Rahmanator: bets $9.26
LuckyShikari: raises $12.22 to $21.48
Rahmanator: folds 
Uncalled bet ($12.22) returned to LuckyShikari
LuckyShikari collected $36.12 from pot
LuckyShikari: doesn't show hand 
*** SUMMARY ***
Total pot $38.02 | Rake $1.90 
Board [2c Jd Qs Jc Js]
Seat 1: equilibrium_tv folded before Flop (didn't bet)
Seat 2: LuckyShikari (button) collected ($36.12)
Seat 3: Rysiff (small blind) folded before Flop
Seat 4: EasyGamerrr (big blind) folded before Flop
Seat 5: abramovich87 folded before Flop (didn't bet)
Seat 6: Rahmanator folded on the River



PokerStars Hand #254325542594:  Hold'em No Limit ($0.50/$1.00 USD) - 2025/01/11 3:35:16 WET [2025/01/11 22:35:16 ET]
Table 'Mette II' 6-max Seat #3 is the button
Seat 1: equilibrium_tv ($46.22 in chips) 
Seat 2: LuckyShikari ($141.49 in chips) 
Seat 3: Rysiff ($130 in chips) 
Seat 4: EasyGamerrr ($100 in chips) 
Seat 5: abramovich87 ($121.14 in chips) 
Seat 6: Rahmanator ($64.75 in chips) 
EasyGamerrr: posts small blind $0.50
abramovich87: posts big blind $1
*** HOLE CARDS ***
Rahmanator: folds 
equilibrium_tv: folds 
LuckyShikari: raises $2 to $3
Rysiff: folds 
EasyGamerrr: folds 
abramovich87: folds 
Uncalled bet ($2) returned to LuckyShikari
LuckyShikari collected $2.50 from pot
LuckyShikari: doesn't show hand 
*** SUMMARY ***
Total pot $2.50 | Rake $0 
Seat 1: equilibrium_tv folded before Flop (didn't bet)
Seat 2: LuckyShikari collected ($2.50)
Seat 3: Rysiff (button) folded before Flop (didn't bet)
Seat 4: EasyGamerrr (small blind) folded before Flop
Seat 5: abramovich87 (big blind) folded before Flop
Seat 6: Rahmanator folded before Flop (didn't bet)



PokerStars Hand #254325545386:  Hold'em No Limit ($0.50/$1.00 USD) - 2025/01/11 3:35:36 WET [2025/01/11 22:35:36 ET]
Table 'Mette II' 6-max Seat #4 is the button
Seat 1: equilibrium_tv ($46.22 in chips) 
Seat 2: LuckyShikari ($142.99 in chips) 
Seat 3: Rysiff ($130 in chips) 
Seat 4: EasyGamerrr ($100 in chips) 
Seat 5: abramovich87 ($120.14 in chips) 
Seat 6: Rahmanator ($64.75 in chips) 
abramovich87: posts small blind $0.50
Rahmanator: posts big blind $1
*** HOLE CARDS ***
equilibrium_tv: folds 
LuckyShikari: folds 
Rysiff: raises $1.50 to $2.50
EasyGamerrr: folds 
abramovich87: folds 
Rahmanator: calls $1.50
*** FLOP *** [Jh 5h Js]
Rahmanator: checks 
Rysiff: bets $2.61
Rahmanator: folds 
Uncalled bet ($2.61) returned to Rysiff
Rysiff collected $5.22 from pot
Rysiff: doesn't show hand 
*** SUMMARY ***
Total pot $5.50 | Rake $0.28 
Board [Jh 5h Js]
Seat 1: equilibrium_tv folded before Flop (didn't bet)
Seat 2: LuckyShikari folded before Flop (didn't bet)
Seat 3: Rysiff collected ($5.22)
Seat 4: EasyGamerrr (button) folded before Flop (didn't bet)
Seat 5: abramovich87 (small blind) folded before Flop
Seat 6: Rahmanator (big blind) folded on the Flop



PokerStars Hand #254325548860:  Hold'em No Limit ($0.50/$1.00 USD) - 2025/01/11 3:36:02 WET [2025/01/11 22:36:02 ET]
Table 'Mette II' 6-max Seat #5 is the button
Seat 1: equilibrium_tv ($46.22 in chips) 
Seat 2: LuckyShikari ($142.99 in chips) 
Seat 3: Rysiff ($132.72 in chips) 
Seat 4: EasyGamerrr ($100 in chips) 
Seat 5: abramovich87 ($119.64 in chips) 
Seat 6: Rahmanator ($62.25 in chips) 
Rahmanator: posts small blind $0.50
equilibrium_tv: posts big blind $1
*** HOLE CARDS ***
LuckyShikari: raises $2 to $3
Rysiff: folds 
EasyGamerrr: folds 
abramovich87: folds 
Rahmanator: raises $4 to $7
equilibrium_tv: folds 
LuckyShikari: calls $4
*** FLOP *** [Js Jh 4d]
Rahmanator: checks 
LuckyShikari: checks 
*** TURN *** [Js Jh 4d] [Ac]
Rahmanator: checks 
LuckyShikari: checks 
*** RIVER *** [Js Jh 4d Ac] [Kd]
Rahmanator: checks 
LuckyShikari: bets $3
Rahmanator: calls $3
*** SHOW DOWN ***
LuckyShikari: shows [Ad Qc] (two pair, Aces and Jacks)
Rahmanator: mucks hand 
LuckyShikari collected $19.95 from pot
*** SUMMARY ***
Total pot $21 | Rake $1.05 
Board [Js Jh 4d Ac Kd]
Seat 1: equilibrium_tv (big blind) folded before Flop
Seat 2: LuckyShikari showed [Ad Qc] and won ($19.95) with two pair, Aces and Jacks
Seat 3: Rysiff folded before Flop (didn't bet)
Seat 4: EasyGamerrr folded before Flop (didn't bet)
Seat 5: abramovich87 (button) folded before Flop (didn't bet)
Seat 6: Rahmanator (small blind) mucked



PokerStars Hand #254325554502:  Hold'em No Limit ($0.50/$1.00 USD) - 2025/01/11 3:36:43 WET [2025/01/11 22:36:43 ET]
Table 'Mette II' 6-max Seat #6 is the button
Seat 1: equilibrium_tv ($45.22 in chips) 
Seat 2: LuckyShikari ($152.94 in chips) 
Seat 3: Rysiff ($132.72 in chips) 
Seat 4: EasyGamerrr ($100 in chips) 
Seat 5: abramovich87 ($119.64 in chips) 
Seat 6: Rahmanator ($52.25 in chips) 
equilibrium_tv: posts small blind $0.50
LuckyShikari: posts big blind $1
*** HOLE CARDS ***
Rysiff: raises $1.50 to $2.50
EasyGamerrr: folds 
abramovich87: folds 
Rahmanator: calls $2.50
equilibrium_tv: raises $7 to $9.50
LuckyShikari: folds 
Rysiff: folds 
Rahmanator: folds 
Uncalled bet ($7) returned to equilibrium_tv
equilibrium_tv collected $8.50 from pot
*** SUMMARY ***
Total pot $8.50 | Rake $0 
Seat 1: equilibrium_tv (small blind) collected ($8.50)
Seat 2: LuckyShikari (big blind) folded before Flop
Seat 3: Rysiff folded before Flop
Seat 4: EasyGamerrr folded before Flop (didn't bet)
Seat 5: abramovich87 folded before Flop (didn't bet)
Seat 6: Rahmanator (button) folded before Flop



PokerStars Hand #254325558838:  Hold'em No Limit ($0.50/$1.00 USD) - 2025/01/11 3:37:15 WET [2025/01/11 22:37:15 ET]
Table 'Mette II' 6-max Seat #1 is the button
Seat 1: equilibrium_tv ($51.22 in chips) 
Seat 2: LuckyShikari ($151.94 in chips) 
Seat 3: Rysiff ($130.22 in chips) 
Seat 4: EasyGamerrr ($100 in chips) 
Seat 5: abramovich87 ($119.64 in chips) 
Seat 6: Rahmanator ($49.75 in chips) 
LuckyShikari: posts small blind $0.50
Rysiff: posts big blind $1
*** HOLE CARDS ***
EasyGamerrr: folds 
abramovich87: folds 
Rahmanator: raises $2 to $3
equilibrium_tv: folds 
LuckyShikari: folds 
Rysiff: calls $2
*** FLOP *** [Qs Kc 3s]
Rysiff: checks 
Rahmanator: checks 
*** TURN *** [Qs Kc 3s] [8c]
Rysiff: checks 
Rahmanator: checks 
*** RIVER *** [Qs Kc 3s 8c] [Jh]
Rysiff: bets $4.94
Rahmanator: folds 
Uncalled bet ($4.94) returned to Rysiff
Rysiff collected $6.18 from pot
Rysiff: doesn't show hand 
*** SUMMARY ***
Total pot $6.50 | Rake $0.32 
Board [Qs Kc 3s 8c Jh]
Seat 1: equilibrium_tv (button) folded before Flop (didn't bet)
Seat 2: LuckyShikari (small blind) folded before Flop
Seat 3: Rysiff (big blind) collected ($6.18)
Seat 4: EasyGamerrr folded before Flop (didn't bet)
Seat 5: abramovich87 folded before Flop (didn't bet)
Seat 6: Rahmanator folded on the River



PokerStars Hand #254325563597:  Hold'em No Limit ($0.50/$1.00 USD) - 2025/01/11 3:37:50 WET [2025/01/11 22:37:50 ET]
Table 'Mette II' 6-max Seat #2 is the button
Seat 1: equilibrium_tv ($51.22 in chips) 
Seat 2: LuckyShikari ($151.44 in chips) 
Seat 3: Rysiff ($133.40 in chips) 
Seat 4: EasyGamerrr ($100 in chips) 
Seat 5: abramovich87 ($119.64 in chips) 
Seat 6: Rahmanator ($46.75 in chips) 
Rysiff: posts small blind $0.50
EasyGamerrr: posts big blind $1
*** HOLE CARDS ***
abramovich87: folds 
Rahmanator: raises $2 to $3
equilibrium_tv: folds 
LuckyShikari: folds 
Rysiff: folds 
EasyGamerrr: folds 
Uncalled bet ($2) returned to Rahmanator
Rahmanator collected $2.50 from pot
*** SUMMARY ***
Total pot $2.50 | Rake $0 
Seat 1: equilibrium_tv folded before Flop (didn't bet)
Seat 2: LuckyShikari (button) folded before Flop (didn't bet)
Seat 3: Rysiff (small blind) folded before Flop
Seat 4: EasyGamerrr (big blind) folded before Flop
Seat 5: abramovich87 folded before Flop (didn't bet)
Seat 6: Rahmanator collected ($2.50)



PokerStars Hand #254325565687:  Hold'em No Limit ($0.50/$1.00 USD) - 2025/01/11 3:38:05 WET [2025/01/11 22:38:05 ET]
Table 'Mette II' 6-max Seat #3 is the button
Seat 1: equilibrium_tv ($51.22 in chips) 
Seat 2: LuckyShikari ($151.44 in chips) 
Seat 3: Rysiff ($132.90 in chips) 
Seat 4: EasyGamerrr ($100 in chips) 
Seat 5: abramovich87 ($119.64 in chips) 
Seat 6: Rahmanator ($48.25 in chips) 
EasyGamerrr: posts small blind $0.50
abramovich87: posts big blind $1
*** HOLE CARDS ***
Rahmanator: calls $1
equilibrium_tv: raises $3 to $4
LuckyShikari: folds 
Rysiff: folds 
EasyGamerrr: folds 
abramovich87: folds 
Rahmanator: calls $3
*** FLOP *** [3c Td 7c]
Rahmanator: checks 
equilibrium_tv: checks 
*** TURN *** [3c Td 7c] [Ks]
Rahmanator: bets $4.51
equilibrium_tv: calls $4.51
*** RIVER *** [3c Td 7c Ks] [4s]
Rahmanator: checks 
equilibrium_tv: bets $8.80
Rahmanator: folds 
Uncalled bet ($8.80) returned to equilibrium_tv
equilibrium_tv collected $17.59 from pot
*** SUMMARY ***
Total pot $18.52 | Rake $0.93 
Board [3c Td 7c Ks 4s]
Seat 1: equilibrium_tv collected ($17.59)
Seat 2: LuckyShikari folded before Flop (didn't bet)
Seat 3: Rysiff (button) folded before Flop (didn't bet)
Seat 4: EasyGamerrr (small blind) folded before Flop
Seat 5: abramovich87 (big blind) folded before Flop
Seat 6: Rahmanator folded on the River



PokerStars Hand #254325576986:  Hold'em No Limit ($0.50/$1.00 USD) - 2025/01/11 3:39:29 WET [2025/01/11 22:39:29 ET]
Table 'Mette II' 6-max Seat #4 is the button
Seat 1: equilibrium_tv ($60.30 in chips) 
Seat 2: LuckyShikari ($151.44 in chips) 
Seat 3: Rysiff ($132.90 in chips) 
Seat 4: EasyGamerrr ($100 in chips) 
Seat 5: abramovich87 ($118.64 in chips) 
Seat 6: Rahmanator ($39.74 in chips) 
abramovich87: posts small blind $0.50
Rahmanator: posts big blind $1
*** HOLE CARDS ***
equilibrium_tv: folds 
LuckyShikari: raises $2 to $3
Rysiff: folds 
EasyGamerrr: folds 
abramovich87: folds 
Rahmanator: folds 
Uncalled bet ($2) returned to LuckyShikari
Rahmanator leaves the table
LuckyShikari collected $2.50 from pot
LuckyShikari: doesn't show hand 
*** SUMMARY ***
Total pot $2.50 | Rake $0 
Seat 1: equilibrium_tv folded before Flop (didn't bet)
Seat 2: LuckyShikari collected ($2.50)
Seat 3: Rysiff folded before Flop (didn't bet)
Seat 4: EasyGamerrr (button) folded before Flop (didn't bet)
Seat 5: abramovich87 (small blind) folded before Flop
Seat 6: Rahmanator (big blind) folded before Flop



PokerStars Hand #254325580859:  Hold'em No Limit ($0.50/$1.00 USD) - 2025/01/11 3:39:58 WET [2025/01/11 22:39:58 ET]
Table 'Mette II' 6-max Seat #2 is the button
Seat 1: equilibrium_tv ($60.30 in chips) is sitting out
Seat 3: Rysiff ($132.90 in chips) is sitting out
Seat 4: EasyGamerrr ($100 in chips) is sitting out
Seat 2: LuckyShikari ($152.94 in chips) 
Seat 5: abramovich87 ($118.14 in chips) 
LuckyShikari: posts small blind $0.50
Rysiff: is sitting out 
EasyGamerrr: is sitting out 
abramovich87: posts big blind $1
*** HOLE CARDS ***
equilibrium_tv leaves the table
LuckyShikari: raises $2 to $3
EasyGamerrr leaves the table
Rysiff leaves the table
abramovich87: calls $2
*** FLOP *** [3d Js Qs]
abramovich87: checks 
LuckyShikari: checks 
*** TURN *** [3d Js Qs] [9h]
abramovich87: checks 
LuckyShikari: bets $3
abramovich87: calls $3
*** RIVER *** [3d Js Qs 9h] [Tc]
abramovich87: checks 
LuckyShikari: checks 
*** SHOW DOWN ***
abramovich87: shows [Jd Kc] (a straight, Nine to King)
LuckyShikari: mucks hand 
abramovich87 collected $11.40 from pot
*** SUMMARY ***
Total pot $12 | Rake $0.60 
Board [3d Js Qs 9h Tc]
Seat 1: equilibrium_tv
Seat 3: Rysiff
Seat 4: EasyGamerrr
Seat 2: LuckyShikari (button) (small blind) mucked
Seat 5: abramovich87 (big blind) showed [Jd Kc] and won ($11.40) with a straight, Nine to King



PokerStars Hand #254325590983:  Hold'em No Limit ($0.50/$1.00 USD) - 2025/01/11 3:41:14 WET [2025/01/11 22:41:14 ET]
Table 'Mette II' 6-max Seat #5 is the button
Seat 2: LuckyShikari ($146.94 in chips) 
Seat 5: abramovich87 ($123.54 in chips) 
abramovich87: posts small blind $0.50
LuckyShikari: posts big blind $1
*** HOLE CARDS ***
abramovich87: raises $2 to $3
LuckyShikari: calls $2
*** FLOP *** [Th 9h Td]
LuckyShikari: checks 
abramovich87: checks 
*** TURN *** [Th 9h Td] [9c]
LuckyShikari: bets $3
abramovich87: folds 
Uncalled bet ($3) returned to LuckyShikari
LuckyShikari collected $5.70 from pot
abramovich87 leaves the table
LuckyShikari: doesn't show hand 
*** SUMMARY ***
Total pot $6 | Rake $0.30 
Board [Th 9h Td 9c]
Seat 2: LuckyShikari (big blind) collected ($5.70)
Seat 5: abramovich87 (button) (small blind) folded on the Turn



PokerStars Hand #254325635802:  Hold'em No Limit ($0.50/$1.00 USD) - 2025/01/11 3:46:55 WET [2025/01/11 22:46:55 ET]
Table 'Mette II' 6-max Seat #6 is the button
Seat 1: Rysiff ($132.90 in chips) 
Seat 2: B1GBankroll ($100 in chips) 
Seat 3: SW Friesheim ($44.43 in chips) 
Seat 4: EasyGamerrr ($100 in chips) 
Seat 5: Manifestorr ($100 in chips) 
Seat 6: 4ihKZ ($100 in chips) 
Rysiff: posts small blind $0.50
B1GBankroll: posts big blind $1
*** HOLE CARDS ***
SW Friesheim: calls $1
EasyGamerrr: folds 
Manifestorr: raises $4 to $5
4ihKZ: calls $5
Rysiff: folds 
B1GBankroll: folds 
SW Friesheim: folds 
*** FLOP *** [8h 9h Ts]
Manifestorr: checks 
4ihKZ: checks 
*** TURN *** [8h 9h Ts] [9s]
Manifestorr: bets $5.94
4ihKZ: folds 
Uncalled bet ($5.94) returned to Manifestorr
Manifestorr collected $11.88 from pot
*** SUMMARY ***
Total pot $12.50 | Rake $0.62 
Board [8h 9h Ts 9s]
Seat 1: Rysiff (small blind) folded before Flop
Seat 2: B1GBankroll (big blind) folded before Flop
Seat 3: SW Friesheim folded before Flop
Seat 4: EasyGamerrr folded before Flop (didn't bet)
Seat 5: Manifestorr collected ($11.88)
Seat 6: 4ihKZ (button) folded on the Turn



PokerStars Hand #254325642953:  Hold'em No Limit ($0.50/$1.00 USD) - 2025/01/11 3:47:49 WET [2025/01/11 22:47:49 ET]
Table 'Mette II' 6-max Seat #1 is the button
Seat 1: Rysiff ($132.40 in chips) 
Seat 2: B1GBankroll ($100 in chips) 
Seat 3: SW Friesheim ($43.43 in chips) 
Seat 4: EasyGamerrr ($100 in chips) 
Seat 5: Manifestorr ($106.88 in chips) 
Seat 6: 4ihKZ ($100 in chips) 
B1GBankroll: posts small blind $0.50
SW Friesheim: posts big blind $1
*** HOLE CARDS ***
EasyGamerrr: folds 
Manifestorr: folds 
4ihKZ: folds 
Rysiff: folds 
B1GBankroll: folds 
Uncalled bet ($0.50) returned to SW Friesheim
SW Friesheim collected $1 from pot
*** SUMMARY ***
Total pot $1 | Rake $0 
Seat 1: Rysiff (button) folded before Flop (didn't bet)
Seat 2: B1GBankroll (small blind) folded before Flop
Seat 3: SW Friesheim (big blind) collected ($1)
Seat 4: EasyGamerrr folded before Flop (didn't bet)
Seat 5: Manifestorr folded before Flop (didn't bet)
Seat 6: 4ihKZ folded before Flop (didn't bet)



PokerStars Hand #254325645478:  Hold'em No Limit ($0.50/$1.00 USD) - 2025/01/11 3:48:09 WET [2025/01/11 22:48:09 ET]
Table 'Mette II' 6-max Seat #2 is the button
Seat 1: Rysiff ($132.40 in chips) 
Seat 2: B1GBankroll ($100 in chips) 
Seat 3: SW Friesheim ($43.93 in chips) 
Seat 4: EasyGamerrr ($100 in chips) 
Seat 5: Manifestorr ($106.88 in chips) 
Seat 6: 4ihKZ ($100 in chips) 
SW Friesheim: posts small blind $0.50
EasyGamerrr: posts big blind $1
*** HOLE CARDS ***
Manifestorr: raises $1.20 to $2.20
4ihKZ: folds 
Rysiff: folds 
B1GBankroll: folds 
SW Friesheim: calls $1.70
EasyGamerrr: folds 
*** FLOP *** [Ad As 4c]
SW Friesheim: checks 
Manifestorr: bets $1.69
SW Friesheim: calls $1.69
*** TURN *** [Ad As 4c] [6d]
SW Friesheim: checks 
Manifestorr: bets $6.25
SW Friesheim: folds 
Uncalled bet ($6.25) returned to Manifestorr
Manifestorr collected $8.34 from pot
*** SUMMARY ***
Total pot $8.78 | Rake $0.44 
Board [Ad As 4c 6d]
Seat 1: Rysiff folded before Flop (didn't bet)
Seat 2: B1GBankroll (button) folded before Flop (didn't bet)
Seat 3: SW Friesheim (small blind) folded on the Turn
Seat 4: EasyGamerrr (big blind) folded before Flop
Seat 5: Manifestorr collected ($8.34)
Seat 6: 4ihKZ folded before Flop (didn't bet)



PokerStars Hand #254325648713:  Hold'em No Limit ($0.50/$1.00 USD) - 2025/01/11 3:48:34 WET [2025/01/11 22:48:34 ET]
Table 'Mette II' 6-max Seat #3 is the button
Seat 1: Rysiff ($132.40 in chips) 
Seat 2: B1GBankroll ($100 in chips) 
Seat 3: SW Friesheim ($40.04 in chips) 
Seat 4: EasyGamerrr ($100 in chips) 
Seat 5: Manifestorr ($111.33 in chips) 
Seat 6: 4ihKZ ($100 in chips) 
EasyGamerrr: posts small blind $0.50
Manifestorr: posts big blind $1
*** HOLE CARDS ***
4ihKZ: folds 
Rysiff: folds 
B1GBankroll: raises $1.50 to $2.50
SW Friesheim: folds 
EasyGamerrr: raises $8.50 to $11
Manifestorr: folds 
B1GBankroll: raises $12.50 to $23.50
EasyGamerrr: folds 
Uncalled bet ($12.50) returned to B1GBankroll
B1GBankroll collected $23 from pot
B1GBankroll: doesn't show hand 
*** SUMMARY ***
Total pot $23 | Rake $0 
Seat 1: Rysiff folded before Flop (didn't bet)
Seat 2: B1GBankroll collected ($23)
Seat 3: SW Friesheim (button) folded before Flop (didn't bet)
Seat 4: EasyGamerrr (small blind) folded before Flop
Seat 5: Manifestorr (big blind) folded before Flop
Seat 6: 4ihKZ folded before Flop (didn't bet)



PokerStars Hand #254325654583:  Hold'em No Limit ($0.50/$1.00 USD) - 2025/01/11 3:49:20 WET [2025/01/11 22:49:20 ET]
Table 'Mette II' 6-max Seat #4 is the button
Seat 1: Rysiff ($132.40 in chips) 
Seat 2: B1GBankroll ($112 in chips) 
Seat 3: SW Friesheim ($40.04 in chips) 
Seat 4: EasyGamerrr ($100 in chips) 
Seat 5: Manifestorr ($110.33 in chips) 
Seat 6: 4ihKZ ($100 in chips) 
Manifestorr: posts small blind $0.50
4ihKZ: posts big blind $1
*** HOLE CARDS ***
Rysiff: folds 
B1GBankroll: folds 
SW Friesheim: folds 
EasyGamerrr: folds 
Manifestorr: raises $2 to $3
4ihKZ: raises $6 to $9
Manifestorr: calls $6
*** FLOP *** [5c 5d 6h]
Manifestorr: checks 
4ihKZ: checks 
*** TURN *** [5c 5d 6h] [Td]
Manifestorr: checks 
4ihKZ: bets $8.72
Manifestorr: folds 
Uncalled bet ($8.72) returned to 4ihKZ
4ihKZ collected $17.10 from pot
4ihKZ: doesn't show hand 
*** SUMMARY ***
Total pot $18 | Rake $0.90 
Board [5c 5d 6h Td]
Seat 1: Rysiff folded before Flop (didn't bet)
Seat 2: B1GBankroll folded before Flop (didn't bet)
Seat 3: SW Friesheim folded before Flop (didn't bet)
Seat 4: EasyGamerrr (button) folded before Flop (didn't bet)
Seat 5: Manifestorr (small blind) folded on the Turn
Seat 6: 4ihKZ (big blind) collected ($17.10)



PokerStars Hand #254325666595:  Hold'em No Limit ($0.50/$1.00 USD) - 2025/01/11 3:50:52 WET [2025/01/11 22:50:52 ET]
Table 'Mette II' 6-max Seat #5 is the button
Seat 1: Rysiff ($132.40 in chips) 
Seat 2: B1GBankroll ($112 in chips) 
Seat 3: SW Friesheim ($40.04 in chips) 
Seat 4: EasyGamerrr ($100 in chips) 
Seat 5: Manifestorr ($101.33 in chips) 
Seat 6: 4ihKZ ($108.10 in chips) 
4ihKZ: posts small blind $0.50
Rysiff: posts big blind $1
*** HOLE CARDS ***
B1GBankroll: folds 
SW Friesheim: calls $1
EasyGamerrr: folds 
Manifestorr: raises $3 to $4
4ihKZ: folds 
Rysiff: calls $3
SW Friesheim: calls $3
*** FLOP *** [Kh 3s 6s]
Rysiff: checks 
SW Friesheim: bets $4
Manifestorr: folds 
Rysiff: folds 
Uncalled bet ($4) returned to SW Friesheim
SW Friesheim collected $11.72 from pot
*** SUMMARY ***
Total pot $12.50 | Rake $0.78 
Board [Kh 3s 6s]
Seat 1: Rysiff (big blind) folded on the Flop
Seat 2: B1GBankroll folded before Flop (didn't bet)
Seat 3: SW Friesheim collected ($11.72)
Seat 4: EasyGamerrr folded before Flop (didn't bet)
Seat 5: Manifestorr (button) folded on the Flop
Seat 6: 4ihKZ (small blind) folded before Flop



PokerStars Hand #254325670027:  Hold'em No Limit ($0.50/$1.00 USD) - 2025/01/11 3:51:18 WET [2025/01/11 22:51:18 ET]
Table 'Mette II' 6-max Seat #6 is the button
Seat 1: Rysiff ($128.40 in chips) 
Seat 2: B1GBankroll ($112 in chips) 
Seat 3: SW Friesheim ($47.76 in chips) 
Seat 4: EasyGamerrr ($100 in chips) 
Seat 5: Manifestorr ($100 in chips) 
Seat 6: 4ihKZ ($107.60 in chips) 
Rysiff: posts small blind $0.50
B1GBankroll: posts big blind $1
*** HOLE CARDS ***
SW Friesheim: calls $1
EasyGamerrr: raises $2.50 to $3.50
Manifestorr: folds 
4ihKZ: folds 
Rysiff: folds 
B1GBankroll: folds 
SW Friesheim: calls $2.50
*** FLOP *** [Td 8c Kd]
SW Friesheim: checks 
EasyGamerrr: bets $3.88
SW Friesheim: folds 
Uncalled bet ($3.88) returned to EasyGamerrr
EasyGamerrr collected $8.08 from pot
EasyGamerrr: doesn't show hand 
*** SUMMARY ***
Total pot $8.50 | Rake $0.42 
Board [Td 8c Kd]
Seat 1: Rysiff (small blind) folded before Flop
Seat 2: B1GBankroll (big blind) folded before Flop
Seat 3: SW Friesheim folded on the Flop
Seat 4: EasyGamerrr collected ($8.08)
Seat 5: Manifestorr folded before Flop (didn't bet)
Seat 6: 4ihKZ (button) folded before Flop (didn't bet)



PokerStars Hand #254325676059:  Hold'em No Limit ($0.50/$1.00 USD) - 2025/01/11 3:52:05 WET [2025/01/11 22:52:05 ET]
Table 'Mette II' 6-max Seat #1 is the button
Seat 1: Rysiff ($127.90 in chips) 
Seat 2: B1GBankroll ($111 in chips) 
Seat 3: SW Friesheim ($44.26 in chips) 
Seat 4: EasyGamerrr ($104.58 in chips) 
Seat 5: Manifestorr ($100 in chips) 
Seat 6: 4ihKZ ($107.60 in chips) 
B1GBankroll: posts small blind $0.50
SW Friesheim: posts big blind $1
*** HOLE CARDS ***
EasyGamerrr: folds 
Manifestorr: folds 
4ihKZ: folds 
Rysiff: folds 
B1GBankroll: raises $2 to $3
SW Friesheim: raises $4 to $7
B1GBankroll: raises $51 to $58
SW Friesheim: calls $37.26 and is all-in
Uncalled bet ($13.74) returned to B1GBankroll
*** FLOP *** [7h 2d 6d]
*** TURN *** [7h 2d 6d] [3d]
*** RIVER *** [7h 2d 6d 3d] [4c]
*** SHOW DOWN ***
B1GBankroll: shows [Ac Jc] (high card Ace)
SW Friesheim: shows [Jh Ad] (high card Ace)
B1GBankroll collected $43.01 from pot
SW Friesheim collected $42.70 from pot
*** SUMMARY ***
Total pot $88.52 | Rake $2.81 
Board [7h 2d 6d 3d 4c]
Seat 1: Rysiff (button) folded before Flop (didn't bet)
Seat 2: B1GBankroll (small blind) showed [Ac Jc] and won ($43.01) with high card Ace
Seat 3: SW Friesheim (big blind) showed [Jh Ad] and won ($42.70) with high card Ace
Seat 4: EasyGamerrr folded before Flop (didn't bet)
Seat 5: Manifestorr folded before Flop (didn't bet)
Seat 6: 4ihKZ folded before Flop (didn't bet)



PokerStars Hand #254325681299:  Hold'em No Limit ($0.50/$1.00 USD) - 2025/01/11 3:52:46 WET [2025/01/11 22:52:46 ET]
Table 'Mette II' 6-max Seat #2 is the button
Seat 1: Rysiff ($127.90 in chips) 
Seat 2: B1GBankroll ($109.75 in chips) 
Seat 3: SW Friesheim ($42.70 in chips) 
Seat 4: EasyGamerrr ($104.58 in chips) 
Seat 5: Manifestorr ($100 in chips) 
Seat 6: 4ihKZ ($107.60 in chips) 
SW Friesheim: posts small blind $0.50
EasyGamerrr: posts big blind $1
*** HOLE CARDS ***
Manifestorr: folds 
4ihKZ: folds 
Rysiff: folds 
B1GBankroll: folds 
SW Friesheim: calls $0.50
EasyGamerrr: checks 
*** FLOP *** [Ad 3s 8d]
SW Friesheim: bets $4
EasyGamerrr: folds 
Uncalled bet ($4) returned to SW Friesheim
SW Friesheim collected $1.88 from pot
*** SUMMARY ***
Total pot $2 | Rake $0.12 
Board [Ad 3s 8d]
Seat 1: Rysiff folded before Flop (didn't bet)
Seat 2: B1GBankroll (button) folded before Flop (didn't bet)
Seat 3: SW Friesheim (small blind) collected ($1.88)
Seat 4: EasyGamerrr (big blind) folded on the Flop
Seat 5: Manifestorr folded before Flop (didn't bet)
Seat 6: 4ihKZ folded before Flop (didn't bet)



PokerStars Hand #254325685017:  Hold'em No Limit ($0.50/$1.00 USD) - 2025/01/11 3:53:16 WET [2025/01/11 22:53:16 ET]
Table 'Mette II' 6-max Seat #3 is the button
Seat 1: Rysiff ($127.90 in chips) 
Seat 2: B1GBankroll ($109.75 in chips) 
Seat 3: SW Friesheim ($43.58 in chips) 
Seat 4: EasyGamerrr ($103.58 in chips) 
Seat 5: Manifestorr ($100 in chips) 
Seat 6: 4ihKZ ($107.60 in chips) 
EasyGamerrr: posts small blind $0.50
Manifestorr: posts big blind $1
*** HOLE CARDS ***
4ihKZ: folds 
Rysiff: raises $1.50 to $2.50
B1GBankroll: raises $5.50 to $8
SW Friesheim: folds 
EasyGamerrr: folds 
Manifestorr: folds 
Rysiff: raises $14 to $22
B1GBankroll: calls $14
*** FLOP *** [3s 8d Th]
Rysiff: bets $14.26
B1GBankroll: calls $14.26
*** TURN *** [3s 8d Th] [9d]
Rysiff: checks 
B1GBankroll: bets $73.49 and is all-in
Rysiff: calls $73.49
*** RIVER *** [3s 8d Th 9d] [3c]
*** SHOW DOWN ***
Rysiff: shows [Qc Tc] (two pair, Tens and Threes)
B1GBankroll: shows [4d Ad] (a pair of Threes)
Rysiff collected $218.50 from pot
*** SUMMARY ***
Total pot $221 | Rake $2.50 
Board [3s 8d Th 9d 3c]
Seat 1: Rysiff showed [Qc Tc] and won ($218.50) with two pair, Tens and Threes
Seat 2: B1GBankroll showed [4d Ad] and lost with a pair of Threes
Seat 3: SW Friesheim (button) folded before Flop (didn't bet)
Seat 4: EasyGamerrr (small blind) folded before Flop
Seat 5: Manifestorr (big blind) folded before Flop
Seat 6: 4ihKZ folded before Flop (didn't bet)



