PokerStars Hand #254314302528:  Hold'em No Limit ($0.50/$1.00 USD) - 2025/01/11 15:50:32 WET [2025/01/11 10:50:32 ET]
Table 'Alnath III' 6-max Seat #4 is the button
Seat 1: CichiChanMarian ($100 in chips) is sitting out
Seat 2: Rysiff ($100 in chips) 
Seat 3: ReVeu710 ($100 in chips) 
Seat 4: SteigiSimon92$ ($54 in chips) 
Seat 5: Evelexy1 ($106.55 in chips) 
Seat 6: Maximysss85 ($132.17 in chips) 
Evelexy1: posts small blind $0.50
Maximysss85: posts big blind $1
*** HOLE CARDS ***
Rysiff: folds 
ReVeu710: folds 
SteigiSimon92$: raises $3.50 to $4.50
Evelexy1: folds 
Maximysss85: folds 
Uncalled bet ($3.50) returned to SteigiSimon92$
SteigiSimon92$ collected $2.50 from pot
*** SUMMARY ***
Total pot $2.50 | Rake $0 
Seat 1: CichiChanMarian
Seat 2: Rysiff folded before Flop (didn't bet)
Seat 3: ReVeu710 folded before Flop (didn't bet)
Seat 4: SteigiSimon92$ (button) collected ($2.50)
Seat 5: Evelexy1 (small blind) folded before Flop
Seat 6: Maximysss85 (big blind) folded before Flop



PokerStars Hand #254314306049:  Hold'em No Limit ($0.50/$1.00 USD) - 2025/01/11 15:50:45 WET [2025/01/11 10:50:45 ET]
Table 'Alnath III' 6-max Seat #5 is the button
Seat 1: CichiChanMarian ($100 in chips) is sitting out
Seat 2: Rysiff ($100 in chips) 
Seat 3: ReVeu710 ($100 in chips) 
Seat 4: SteigiSimon92$ ($55.50 in chips) 
Seat 5: Evelexy1 ($106.05 in chips) 
Seat 6: Maximysss85 ($131.17 in chips) 
Maximysss85: posts small blind $0.50
Rysiff: posts big blind $1
*** HOLE CARDS ***
ReVeu710: folds 
SteigiSimon92$: raises $3.80 to $4.80
Evelexy1: folds 
Maximysss85: folds 
Rysiff: folds 
Uncalled bet ($3.80) returned to SteigiSimon92$
SteigiSimon92$ collected $2.50 from pot
*** SUMMARY ***
Total pot $2.50 | Rake $0 
Seat 1: CichiChanMarian
Seat 2: Rysiff (big blind) folded before Flop
Seat 3: ReVeu710 folded before Flop (didn't bet)
Seat 4: SteigiSimon92$ collected ($2.50)
Seat 5: Evelexy1 (button) folded before Flop (didn't bet)
Seat 6: Maximysss85 (small blind) folded before Flop



PokerStars Hand #254314309605:  Hold'em No Limit ($0.50/$1.00 USD) - 2025/01/11 15:50:59 WET [2025/01/11 10:50:59 ET]
Table 'Alnath III' 6-max Seat #6 is the button
Seat 1: CichiChanMarian ($100 in chips) is sitting out
Seat 2: Rysiff ($100 in chips) 
Seat 3: ReVeu710 ($100 in chips) 
Seat 4: SteigiSimon92$ ($57 in chips) 
Seat 5: Evelexy1 ($106.05 in chips) 
Seat 6: Maximysss85 ($130.67 in chips) 
Rysiff: posts small blind $0.50
ReVeu710: posts big blind $1
*** HOLE CARDS ***
SteigiSimon92$: folds 
Evelexy1: folds 
Maximysss85: folds 
Rysiff: folds 
Uncalled bet ($0.50) returned to ReVeu710
ReVeu710 collected $1 from pot
ReVeu710: doesn't show hand 
*** SUMMARY ***
Total pot $1 | Rake $0 
Seat 1: CichiChanMarian
Seat 2: Rysiff (small blind) folded before Flop
Seat 3: ReVeu710 (big blind) collected ($1)
Seat 4: SteigiSimon92$ folded before Flop (didn't bet)
Seat 5: Evelexy1 folded before Flop (didn't bet)
Seat 6: Maximysss85 (button) folded before Flop (didn't bet)



PokerStars Hand #254314311781:  Hold'em No Limit ($0.50/$1.00 USD) - 2025/01/11 15:51:08 WET [2025/01/11 10:51:08 ET]
Table 'Alnath III' 6-max Seat #2 is the button
Seat 1: CichiChanMarian ($100 in chips) is sitting out
Seat 2: Rysiff ($100 in chips) 
Seat 3: ReVeu710 ($100.50 in chips) 
Seat 4: SteigiSimon92$ ($57 in chips) 
Seat 5: Evelexy1 ($106.05 in chips) 
Seat 6: Maximysss85 ($130.67 in chips) 
ReVeu710: posts small blind $0.50
SteigiSimon92$: posts big blind $1
CichiChanMarian: sits out 
*** HOLE CARDS ***
Evelexy1: folds 
Maximysss85: folds 
Rysiff: folds 
ReVeu710: folds 
Uncalled bet ($0.50) returned to SteigiSimon92$
SteigiSimon92$ collected $1 from pot
*** SUMMARY ***
Total pot $1 | Rake $0 
Seat 1: CichiChanMarian
Seat 2: Rysiff (button) folded before Flop (didn't bet)
Seat 3: ReVeu710 (small blind) folded before Flop
Seat 4: SteigiSimon92$ (big blind) collected ($1)
Seat 5: Evelexy1 folded before Flop (didn't bet)
Seat 6: Maximysss85 folded before Flop (didn't bet)



PokerStars Hand #254314315305:  Hold'em No Limit ($0.50/$1.00 USD) - 2025/01/11 15:51:21 WET [2025/01/11 10:51:21 ET]
Table 'Alnath III' 6-max Seat #3 is the button
Seat 1: CichiChanMarian ($100 in chips) is sitting out
Seat 2: Rysiff ($100 in chips) 
Seat 3: ReVeu710 ($100 in chips) 
Seat 4: SteigiSimon92$ ($57.50 in chips) 
Seat 5: Evelexy1 ($106.05 in chips) 
Seat 6: Maximysss85 ($130.67 in chips) 
SteigiSimon92$: posts small blind $0.50
Evelexy1: posts big blind $1
CichiChanMarian: sits out 
*** HOLE CARDS ***
Maximysss85: folds 
Rysiff: folds 
ReVeu710: folds 
SteigiSimon92$: folds 
Uncalled bet ($0.50) returned to Evelexy1
Evelexy1 collected $1 from pot
Evelexy1: doesn't show hand 
*** SUMMARY ***
Total pot $1 | Rake $0 
Seat 1: CichiChanMarian
Seat 2: Rysiff folded before Flop (didn't bet)
Seat 3: ReVeu710 (button) folded before Flop (didn't bet)
Seat 4: SteigiSimon92$ (small blind) folded before Flop
Seat 5: Evelexy1 (big blind) collected ($1)
Seat 6: Maximysss85 folded before Flop (didn't bet)



PokerStars Hand #254314318321:  Hold'em No Limit ($0.50/$1.00 USD) - 2025/01/11 15:51:33 WET [2025/01/11 10:51:33 ET]
Table 'Alnath III' 6-max Seat #4 is the button
Seat 1: CichiChanMarian ($100 in chips) is sitting out
Seat 2: Rysiff ($100 in chips) 
Seat 3: ReVeu710 ($100 in chips) 
Seat 4: SteigiSimon92$ ($57 in chips) 
Seat 5: Evelexy1 ($106.55 in chips) 
Seat 6: Maximysss85 ($130.67 in chips) 
Evelexy1: posts small blind $0.50
Maximysss85: posts big blind $1
CichiChanMarian: sits out 
*** HOLE CARDS ***
Rysiff: folds 
ReVeu710: raises $1.30 to $2.30
SteigiSimon92$: folds 
Evelexy1: folds 
Maximysss85: folds 
Uncalled bet ($1.30) returned to ReVeu710
ReVeu710 collected $2.50 from pot
ReVeu710: doesn't show hand 
*** SUMMARY ***
Total pot $2.50 | Rake $0 
Seat 1: CichiChanMarian
Seat 2: Rysiff folded before Flop (didn't bet)
Seat 3: ReVeu710 collected ($2.50)
Seat 4: SteigiSimon92$ (button) folded before Flop (didn't bet)
Seat 5: Evelexy1 (small blind) folded before Flop
Seat 6: Maximysss85 (big blind) folded before Flop



PokerStars Hand #254314320635:  Hold'em No Limit ($0.50/$1.00 USD) - 2025/01/11 15:51:43 WET [2025/01/11 10:51:43 ET]
Table 'Alnath III' 6-max Seat #5 is the button
Seat 1: CichiChanMarian ($100 in chips) 
Seat 2: Rysiff ($100 in chips) 
Seat 3: ReVeu710 ($101.50 in chips) 
Seat 4: SteigiSimon92$ ($57 in chips) 
Seat 5: Evelexy1 ($106.05 in chips) 
Seat 6: Maximysss85 ($129.67 in chips) 
Maximysss85: posts small blind $0.50
CichiChanMarian: posts big blind $1
*** HOLE CARDS ***
Rysiff: raises $1.50 to $2.50
ReVeu710: folds 
SteigiSimon92$: folds 
Evelexy1: folds 
Maximysss85: folds 
CichiChanMarian: folds 
Uncalled bet ($1.50) returned to Rysiff
Rysiff collected $2.50 from pot
Rysiff: doesn't show hand 
*** SUMMARY ***
Total pot $2.50 | Rake $0 
Seat 1: CichiChanMarian (big blind) folded before Flop
Seat 2: Rysiff collected ($2.50)
Seat 3: ReVeu710 folded before Flop (didn't bet)
Seat 4: SteigiSimon92$ folded before Flop (didn't bet)
Seat 5: Evelexy1 (button) folded before Flop (didn't bet)
Seat 6: Maximysss85 (small blind) folded before Flop



PokerStars Hand #254314323730:  Hold'em No Limit ($0.50/$1.00 USD) - 2025/01/11 15:51:55 WET [2025/01/11 10:51:55 ET]
Table 'Alnath III' 6-max Seat #6 is the button
Seat 1: CichiChanMarian ($100 in chips) 
Seat 2: Rysiff ($101.50 in chips) 
Seat 3: ReVeu710 ($101.50 in chips) 
Seat 4: SteigiSimon92$ ($57 in chips) 
Seat 5: Evelexy1 ($106.05 in chips) 
Seat 6: Maximysss85 ($129.17 in chips) 
CichiChanMarian: posts small blind $0.50
Rysiff: posts big blind $1
*** HOLE CARDS ***
ReVeu710: folds 
SteigiSimon92$: folds 
Evelexy1: raises $1.50 to $2.50
Maximysss85: folds 
CichiChanMarian: folds 
Rysiff: folds 
Uncalled bet ($1.50) returned to Evelexy1
Evelexy1 collected $2.50 from pot
Evelexy1: doesn't show hand 
*** SUMMARY ***
Total pot $2.50 | Rake $0 
Seat 1: CichiChanMarian (small blind) folded before Flop
Seat 2: Rysiff (big blind) folded before Flop
Seat 3: ReVeu710 folded before Flop (didn't bet)
Seat 4: SteigiSimon92$ folded before Flop (didn't bet)
Seat 5: Evelexy1 collected ($2.50)
Seat 6: Maximysss85 (button) folded before Flop (didn't bet)



PokerStars Hand #254314326744:  Hold'em No Limit ($0.50/$1.00 USD) - 2025/01/11 15:52:07 WET [2025/01/11 10:52:07 ET]
Table 'Alnath III' 6-max Seat #1 is the button
Seat 1: CichiChanMarian ($100 in chips) 
Seat 2: Rysiff ($100.50 in chips) 
Seat 3: ReVeu710 ($101.50 in chips) 
Seat 4: SteigiSimon92$ ($57 in chips) 
Seat 5: Evelexy1 ($107.55 in chips) 
Seat 6: Maximysss85 ($129.17 in chips) 
Rysiff: posts small blind $0.50
ReVeu710: posts big blind $1
*** HOLE CARDS ***
SteigiSimon92$: folds 
Evelexy1: folds 
Maximysss85: folds 
CichiChanMarian: raises $1.50 to $2.50
Rysiff: folds 
ReVeu710: folds 
Uncalled bet ($1.50) returned to CichiChanMarian
CichiChanMarian collected $2.50 from pot
CichiChanMarian: doesn't show hand 
*** SUMMARY ***
Total pot $2.50 | Rake $0 
Seat 1: CichiChanMarian (button) collected ($2.50)
Seat 2: Rysiff (small blind) folded before Flop
Seat 3: ReVeu710 (big blind) folded before Flop
Seat 4: SteigiSimon92$ folded before Flop (didn't bet)
Seat 5: Evelexy1 folded before Flop (didn't bet)
Seat 6: Maximysss85 folded before Flop (didn't bet)



PokerStars Hand #254314329949:  Hold'em No Limit ($0.50/$1.00 USD) - 2025/01/11 15:52:20 WET [2025/01/11 10:52:20 ET]
Table 'Alnath III' 6-max Seat #2 is the button
Seat 1: CichiChanMarian ($101.50 in chips) 
Seat 2: Rysiff ($100 in chips) 
Seat 3: ReVeu710 ($100.50 in chips) 
Seat 4: SteigiSimon92$ ($57 in chips) 
Seat 5: Evelexy1 ($107.55 in chips) 
Seat 6: Maximysss85 ($129.17 in chips) 
ReVeu710: posts small blind $0.50
SteigiSimon92$: posts big blind $1
*** HOLE CARDS ***
Evelexy1: raises $1 to $2
Maximysss85: folds 
CichiChanMarian: folds 
Rysiff: folds 
ReVeu710: folds 
SteigiSimon92$: folds 
Uncalled bet ($1) returned to Evelexy1
Evelexy1 collected $2.50 from pot
Evelexy1: doesn't show hand 
*** SUMMARY ***
Total pot $2.50 | Rake $0 
Seat 1: CichiChanMarian folded before Flop (didn't bet)
Seat 2: Rysiff (button) folded before Flop (didn't bet)
Seat 3: ReVeu710 (small blind) folded before Flop
Seat 4: SteigiSimon92$ (big blind) folded before Flop
Seat 5: Evelexy1 collected ($2.50)
Seat 6: Maximysss85 folded before Flop (didn't bet)



PokerStars Hand #254314334579:  Hold'em No Limit ($0.50/$1.00 USD) - 2025/01/11 15:52:38 WET [2025/01/11 10:52:38 ET]
Table 'Alnath III' 6-max Seat #3 is the button
Seat 1: CichiChanMarian ($101.50 in chips) 
Seat 2: Rysiff ($100 in chips) 
Seat 3: ReVeu710 ($100 in chips) 
Seat 4: SteigiSimon92$ ($56 in chips) 
Seat 5: Evelexy1 ($109.05 in chips) 
Seat 6: Maximysss85 ($129.17 in chips) 
SteigiSimon92$: posts small blind $0.50
Evelexy1: posts big blind $1
*** HOLE CARDS ***
Maximysss85: folds 
CichiChanMarian: folds 
Rysiff: raises $1.50 to $2.50
ReVeu710: calls $2.50
SteigiSimon92$: raises $6 to $8.50
Evelexy1: folds 
Rysiff: calls $6
ReVeu710: calls $6
*** FLOP *** [6c 8c 8h]
SteigiSimon92$: bets $5.50
Rysiff: calls $5.50
ReVeu710: calls $5.50
*** TURN *** [6c 8c 8h] [9h]
SteigiSimon92$: bets $9
Rysiff: calls $9
ReVeu710: raises $77 to $86 and is all-in
SteigiSimon92$: folds 
Rysiff: folds 
Uncalled bet ($77) returned to ReVeu710
ReVeu710 collected $67.50 from pot
ReVeu710: doesn't show hand 
*** SUMMARY ***
Total pot $70 | Rake $2.50 
Board [6c 8c 8h 9h]
Seat 1: CichiChanMarian folded before Flop (didn't bet)
Seat 2: Rysiff folded on the Turn
Seat 3: ReVeu710 (button) collected ($67.50)
Seat 4: SteigiSimon92$ (small blind) folded on the Turn
Seat 5: Evelexy1 (big blind) folded before Flop
Seat 6: Maximysss85 folded before Flop (didn't bet)



PokerStars Hand #254314354568:  Hold'em No Limit ($0.50/$1.00 USD) - 2025/01/11 15:53:56 WET [2025/01/11 10:53:56 ET]
Table 'Alnath III' 6-max Seat #4 is the button
Seat 1: CichiChanMarian ($101.50 in chips) 
Seat 2: Rysiff ($100 in chips) 
Seat 3: ReVeu710 ($144.50 in chips) 
Seat 4: SteigiSimon92$ ($33 in chips) 
Seat 5: Evelexy1 ($108.05 in chips) 
Seat 6: Maximysss85 ($129.17 in chips) 
Evelexy1: posts small blind $0.50
Maximysss85: posts big blind $1
*** HOLE CARDS ***
CichiChanMarian: folds 
Rysiff: folds 
ReVeu710: folds 
SteigiSimon92$: folds 
Evelexy1: raises $1.50 to $2.50
Maximysss85: folds 
Uncalled bet ($1.50) returned to Evelexy1
Evelexy1 collected $2 from pot
Evelexy1: doesn't show hand 
*** SUMMARY ***
Total pot $2 | Rake $0 
Seat 1: CichiChanMarian folded before Flop (didn't bet)
Seat 2: Rysiff folded before Flop (didn't bet)
Seat 3: ReVeu710 folded before Flop (didn't bet)
Seat 4: SteigiSimon92$ (button) folded before Flop (didn't bet)
Seat 5: Evelexy1 (small blind) collected ($2)
Seat 6: Maximysss85 (big blind) folded before Flop



PokerStars Hand #254314358889:  Hold'em No Limit ($0.50/$1.00 USD) - 2025/01/11 15:54:13 WET [2025/01/11 10:54:13 ET]
Table 'Alnath III' 6-max Seat #5 is the button
Seat 1: CichiChanMarian ($101.50 in chips) 
Seat 2: Rysiff ($100 in chips) 
Seat 3: ReVeu710 ($144.50 in chips) 
Seat 4: SteigiSimon92$ ($33 in chips) 
Seat 5: Evelexy1 ($109.05 in chips) 
Seat 6: Maximysss85 ($128.17 in chips) 
Maximysss85: posts small blind $0.50
CichiChanMarian: posts big blind $1
*** HOLE CARDS ***
Rysiff: folds 
ReVeu710: folds 
SteigiSimon92$: raises $2 to $3
Evelexy1: folds 
Maximysss85: folds 
CichiChanMarian: calls $2
*** FLOP *** [Td 9h Jc]
CichiChanMarian: checks 
SteigiSimon92$: bets $4.88
CichiChanMarian: calls $4.88
*** TURN *** [Td 9h Jc] [Qs]
CichiChanMarian: checks 
SteigiSimon92$: checks 
*** RIVER *** [Td 9h Jc Qs] [5d]
CichiChanMarian: bets $11.59
SteigiSimon92$: calls $11.59
*** SHOW DOWN ***
CichiChanMarian: shows [8s 8d] (a straight, Eight to Queen)
SteigiSimon92$: mucks hand 
CichiChanMarian collected $37.47 from pot
*** SUMMARY ***
Total pot $39.44 | Rake $1.97 
Board [Td 9h Jc Qs 5d]
Seat 1: CichiChanMarian (big blind) showed [8s 8d] and won ($37.47) with a straight, Eight to Queen
Seat 2: Rysiff folded before Flop (didn't bet)
Seat 3: ReVeu710 folded before Flop (didn't bet)
Seat 4: SteigiSimon92$ mucked
Seat 5: Evelexy1 (button) folded before Flop (didn't bet)
Seat 6: Maximysss85 (small blind) folded before Flop



PokerStars Hand #254314373844:  Hold'em No Limit ($0.50/$1.00 USD) - 2025/01/11 15:55:15 WET [2025/01/11 10:55:15 ET]
Table 'Alnath III' 6-max Seat #6 is the button
Seat 1: CichiChanMarian ($119.50 in chips) 
Seat 2: Rysiff ($100 in chips) 
Seat 3: ReVeu710 ($144.50 in chips) 
Seat 4: SteigiSimon92$ ($13.53 in chips) 
Seat 5: Evelexy1 ($109.05 in chips) 
Seat 6: Maximysss85 ($127.67 in chips) 
CichiChanMarian: posts small blind $0.50
Rysiff: posts big blind $1
*** HOLE CARDS ***
ReVeu710: folds 
SteigiSimon92$: raises $2 to $3
Evelexy1: folds 
Maximysss85: folds 
CichiChanMarian: folds 
Rysiff: folds 
Uncalled bet ($2) returned to SteigiSimon92$
SteigiSimon92$ collected $2.50 from pot
*** SUMMARY ***
Total pot $2.50 | Rake $0 
Seat 1: CichiChanMarian (small blind) folded before Flop
Seat 2: Rysiff (big blind) folded before Flop
Seat 3: ReVeu710 folded before Flop (didn't bet)
Seat 4: SteigiSimon92$ collected ($2.50)
Seat 5: Evelexy1 folded before Flop (didn't bet)
Seat 6: Maximysss85 (button) folded before Flop (didn't bet)



PokerStars Hand #254314376829:  Hold'em No Limit ($0.50/$1.00 USD) - 2025/01/11 15:55:31 WET [2025/01/11 10:55:31 ET]
Table 'Alnath III' 6-max Seat #1 is the button
Seat 1: CichiChanMarian ($119 in chips) 
Seat 2: Rysiff ($100 in chips) 
Seat 3: ReVeu710 ($144.50 in chips) 
Seat 4: SteigiSimon92$ ($15.03 in chips) 
Seat 5: Evelexy1 ($109.05 in chips) 
Seat 6: Maximysss85 ($127.67 in chips) 
Rysiff: posts small blind $0.50
ReVeu710: posts big blind $1
*** HOLE CARDS ***
SteigiSimon92$: folds 
Evelexy1: raises $1 to $2
Maximysss85: folds 
CichiChanMarian: folds 
Rysiff: raises $8 to $10
ReVeu710: folds 
Evelexy1: folds 
Uncalled bet ($8) returned to Rysiff
Rysiff collected $5 from pot
Rysiff: doesn't show hand 
*** SUMMARY ***
Total pot $5 | Rake $0 
Seat 1: CichiChanMarian (button) folded before Flop (didn't bet)
Seat 2: Rysiff (small blind) collected ($5)
Seat 3: ReVeu710 (big blind) folded before Flop
Seat 4: SteigiSimon92$ folded before Flop (didn't bet)
Seat 5: Evelexy1 folded before Flop
Seat 6: Maximysss85 folded before Flop (didn't bet)



PokerStars Hand #254314380318:  Hold'em No Limit ($0.50/$1.00 USD) - 2025/01/11 15:55:50 WET [2025/01/11 10:55:50 ET]
Table 'Alnath III' 6-max Seat #2 is the button
Seat 1: CichiChanMarian ($119 in chips) 
Seat 2: Rysiff ($103 in chips) 
Seat 3: ReVeu710 ($143.50 in chips) 
Seat 4: SteigiSimon92$ ($15.03 in chips) 
Seat 5: Evelexy1 ($107.05 in chips) 
Seat 6: Maximysss85 ($127.67 in chips) 
ReVeu710: posts small blind $0.50
SteigiSimon92$: posts big blind $1
*** HOLE CARDS ***
Evelexy1: folds 
Maximysss85: folds 
CichiChanMarian: raises $1.50 to $2.50
Rysiff: folds 
ReVeu710: folds 
SteigiSimon92$: folds 
Uncalled bet ($1.50) returned to CichiChanMarian
CichiChanMarian collected $2.50 from pot
CichiChanMarian: doesn't show hand 
*** SUMMARY ***
Total pot $2.50 | Rake $0 
Seat 1: CichiChanMarian collected ($2.50)
Seat 2: Rysiff (button) folded before Flop (didn't bet)
Seat 3: ReVeu710 (small blind) folded before Flop
Seat 4: SteigiSimon92$ (big blind) folded before Flop
Seat 5: Evelexy1 folded before Flop (didn't bet)
Seat 6: Maximysss85 folded before Flop (didn't bet)



PokerStars Hand #254314383766:  Hold'em No Limit ($0.50/$1.00 USD) - 2025/01/11 15:56:08 WET [2025/01/11 10:56:08 ET]
Table 'Alnath III' 6-max Seat #3 is the button
Seat 1: CichiChanMarian ($120.50 in chips) 
Seat 2: Rysiff ($103 in chips) 
Seat 3: ReVeu710 ($143 in chips) 
Seat 4: SteigiSimon92$ ($14.03 in chips) 
Seat 5: Evelexy1 ($107.05 in chips) 
Seat 6: Maximysss85 ($127.67 in chips) 
SteigiSimon92$: posts small blind $0.50
Evelexy1: posts big blind $1
*** HOLE CARDS ***
Maximysss85: raises $1.50 to $2.50
CichiChanMarian: folds 
Rysiff: folds 
ReVeu710: folds 
SteigiSimon92$: raises $1.50 to $4
Evelexy1: folds 
Maximysss85: calls $1.50
*** FLOP *** [8h Td Jh]
SteigiSimon92$: checks 
Rysiff leaves the table
Maximysss85: bets $10.69
SteigiSimon92$: calls $10.03 and is all-in
Uncalled bet ($0.66) returned to Maximysss85
*** TURN *** [8h Td Jh] [5h]
*** RIVER *** [8h Td Jh 5h] [2s]
*** SHOW DOWN ***
SteigiSimon92$: shows [Ts Js] (two pair, Jacks and Tens)
Maximysss85: shows [9c Kc] (high card King)
SteigiSimon92$ collected $27.61 from pot
*** SUMMARY ***
Total pot $29.06 | Rake $1.45 
Board [8h Td Jh 5h 2s]
Seat 1: CichiChanMarian folded before Flop (didn't bet)
Seat 2: Rysiff folded before Flop (didn't bet)
Seat 3: ReVeu710 (button) folded before Flop (didn't bet)
Seat 4: SteigiSimon92$ (small blind) showed [Ts Js] and won ($27.61) with two pair, Jacks and Tens
Seat 5: Evelexy1 (big blind) folded before Flop
Seat 6: Maximysss85 showed [9c Kc] and lost with high card King



PokerStars Hand #254314392123:  Hold'em No Limit ($0.50/$1.00 USD) - 2025/01/11 15:56:53 WET [2025/01/11 10:56:53 ET]
Table 'Alnath III' 6-max Seat #4 is the button
Seat 1: CichiChanMarian ($120.50 in chips) 
Seat 3: ReVeu710 ($143 in chips) 
Seat 4: SteigiSimon92$ ($27.61 in chips) 
Seat 5: Evelexy1 ($106.05 in chips) 
Seat 6: Maximysss85 ($113.64 in chips) 
Evelexy1: posts small blind $0.50
Maximysss85: posts big blind $1
*** HOLE CARDS ***
CichiChanMarian: folds 
ReVeu710: folds 
SteigiSimon92$: calls $1
Evelexy1: calls $0.50
Maximysss85: checks 
*** FLOP *** [6h Ts Td]
Evelexy1: checks 
gig.gyty joins the table at seat #2 
Maximysss85: checks 
SteigiSimon92$: checks 
*** TURN *** [6h Ts Td] [Ah]
Evelexy1: checks 
Maximysss85: checks 
SteigiSimon92$: checks 
*** RIVER *** [6h Ts Td Ah] [7c]
Evelexy1: checks 
Maximysss85: checks 
SteigiSimon92$: checks 
*** SHOW DOWN ***
Evelexy1: shows [7h 4h] (two pair, Tens and Sevens)
Maximysss85: mucks hand 
SteigiSimon92$: shows [4s 7s] (two pair, Tens and Sevens)
Evelexy1 collected $1.43 from pot
SteigiSimon92$ collected $1.42 from pot
*** SUMMARY ***
Total pot $3 | Rake $0.15 
Board [6h Ts Td Ah 7c]
Seat 1: CichiChanMarian folded before Flop (didn't bet)
Seat 3: ReVeu710 folded before Flop (didn't bet)
Seat 4: SteigiSimon92$ (button) showed [4s 7s] and won ($1.42) with two pair, Tens and Sevens
Seat 5: Evelexy1 (small blind) showed [7h 4h] and won ($1.43) with two pair, Tens and Sevens
Seat 6: Maximysss85 (big blind) mucked



PokerStars Hand #254314403297:  Hold'em No Limit ($0.50/$1.00 USD) - 2025/01/11 15:57:52 WET [2025/01/11 10:57:52 ET]
Table 'Alnath III' 6-max Seat #5 is the button
Seat 2: gig.gyty ($100 in chips) is sitting out
Seat 1: CichiChanMarian ($120.50 in chips) 
Seat 3: ReVeu710 ($143 in chips) 
Seat 4: SteigiSimon92$ ($28.03 in chips) 
Seat 5: Evelexy1 ($106.48 in chips) 
Seat 6: Maximysss85 ($112.64 in chips) 
Maximysss85: posts small blind $0.50
CichiChanMarian: posts big blind $1
gig.gyty: sits out 
*** HOLE CARDS ***
ReVeu710: raises $1 to $2
SteigiSimon92$: raises $3 to $5
Evelexy1: folds 
Maximysss85: folds 
CichiChanMarian: folds 
ReVeu710: calls $3
*** FLOP *** [Qd 6d 8c]
ReVeu710: checks 
SteigiSimon92$: bets $5.46
ReVeu710: folds 
Uncalled bet ($5.46) returned to SteigiSimon92$
SteigiSimon92$ collected $10.92 from pot
*** SUMMARY ***
Total pot $11.50 | Rake $0.58 
Board [Qd 6d 8c]
Seat 2: gig.gyty
Seat 1: CichiChanMarian (big blind) folded before Flop
Seat 3: ReVeu710 folded on the Flop
Seat 4: SteigiSimon92$ collected ($10.92)
Seat 5: Evelexy1 (button) folded before Flop (didn't bet)
Seat 6: Maximysss85 (small blind) folded before Flop



PokerStars Hand #254314409033:  Hold'em No Limit ($0.50/$1.00 USD) - 2025/01/11 15:58:23 WET [2025/01/11 10:58:23 ET]
Table 'Alnath III' 6-max Seat #6 is the button
Seat 1: CichiChanMarian ($119.50 in chips) 
Seat 2: gig.gyty ($100 in chips) 
Seat 3: ReVeu710 ($138 in chips) 
Seat 4: SteigiSimon92$ ($33.95 in chips) 
Seat 5: Evelexy1 ($106.48 in chips) 
Seat 6: Maximysss85 ($112.14 in chips) 
CichiChanMarian: posts small blind $0.50
gig.gyty: posts big blind $1
*** HOLE CARDS ***
ReVeu710: folds 
SteigiSimon92$: raises $2.50 to $3.50
Evelexy1: folds 
Maximysss85: folds 
CichiChanMarian: folds 
gig.gyty: calls $2.50
*** FLOP *** [6h Qs 3d]
gig.gyty: checks 
SteigiSimon92$: bets $3.56
gig.gyty: folds 
Uncalled bet ($3.56) returned to SteigiSimon92$
SteigiSimon92$ collected $7.12 from pot
*** SUMMARY ***
Total pot $7.50 | Rake $0.38 
Board [6h Qs 3d]
Seat 1: CichiChanMarian (small blind) folded before Flop
Seat 2: gig.gyty (big blind) folded on the Flop
Seat 3: ReVeu710 folded before Flop (didn't bet)
Seat 4: SteigiSimon92$ collected ($7.12)
Seat 5: Evelexy1 folded before Flop (didn't bet)
Seat 6: Maximysss85 (button) folded before Flop (didn't bet)



PokerStars Hand #254314415225:  Hold'em No Limit ($0.50/$1.00 USD) - 2025/01/11 15:58:56 WET [2025/01/11 10:58:56 ET]
Table 'Alnath III' 6-max Seat #1 is the button
Seat 1: CichiChanMarian ($119 in chips) 
Seat 2: gig.gyty ($100 in chips) 
Seat 3: ReVeu710 ($138 in chips) 
Seat 4: SteigiSimon92$ ($37.57 in chips) 
Seat 5: Evelexy1 ($106.48 in chips) 
Seat 6: Maximysss85 ($112.14 in chips) 
gig.gyty: posts small blind $0.50
ReVeu710: posts big blind $1
*** HOLE CARDS ***
SteigiSimon92$: folds 
Evelexy1: folds 
Maximysss85: folds 
CichiChanMarian: folds 
gig.gyty: folds 
Uncalled bet ($0.50) returned to ReVeu710
ReVeu710 collected $1 from pot
ReVeu710: doesn't show hand 
*** SUMMARY ***
Total pot $1 | Rake $0 
Seat 1: CichiChanMarian (button) folded before Flop (didn't bet)
Seat 2: gig.gyty (small blind) folded before Flop
Seat 3: ReVeu710 (big blind) collected ($1)
Seat 4: SteigiSimon92$ folded before Flop (didn't bet)
Seat 5: Evelexy1 folded before Flop (didn't bet)
Seat 6: Maximysss85 folded before Flop (didn't bet)



PokerStars Hand #254314561921:  Hold'em No Limit ($0.50/$1.00 USD) - 2025/01/11 16:08:54 WET [2025/01/11 11:08:54 ET]
Table 'Alnath III' 6-max Seat #3 is the button
Seat 1: HarryBeast420 ($71.13 in chips) 
Seat 2: Gfoer ($110.75 in chips) 
Seat 3: whlzor ($110 in chips) 
Seat 4: b2k-Snick ($100 in chips) 
Seat 5: ReVeu710 ($100 in chips) 
Seat 6: Maximysss85 ($102.50 in chips) 
b2k-Snick: posts small blind $0.50
ReVeu710: posts big blind $1
*** HOLE CARDS ***
Maximysss85: folds 
HarryBeast420: folds 
Gfoer: raises $1.20 to $2.20
whlzor: folds 
b2k-Snick: folds 
ReVeu710: calls $1.20
*** FLOP *** [Ts 4d Td]
ReVeu710: checks 
Gfoer: bets $1.55
ReVeu710: calls $1.55
*** TURN *** [Ts 4d Td] [8s]
ReVeu710: checks 
Gfoer: bets $2.32
ReVeu710: folds 
Uncalled bet ($2.32) returned to Gfoer
Gfoer collected $7.60 from pot
Gfoer: doesn't show hand 
*** SUMMARY ***
Total pot $8 | Rake $0.40 
Board [Ts 4d Td 8s]
Seat 1: HarryBeast420 folded before Flop (didn't bet)
Seat 2: Gfoer collected ($7.60)
Seat 3: whlzor (button) folded before Flop (didn't bet)
Seat 4: b2k-Snick (small blind) folded before Flop
Seat 5: ReVeu710 (big blind) folded on the Turn
Seat 6: Maximysss85 folded before Flop (didn't bet)



PokerStars Hand #254314574298:  Hold'em No Limit ($0.50/$1.00 USD) - 2025/01/11 16:09:41 WET [2025/01/11 11:09:41 ET]
Table 'Alnath III' 6-max Seat #4 is the button
Seat 1: HarryBeast420 ($71.13 in chips) 
Seat 2: Gfoer ($114.60 in chips) 
Seat 3: whlzor ($110 in chips) 
Seat 4: b2k-Snick ($100 in chips) 
Seat 5: ReVeu710 ($100 in chips) 
Seat 6: Maximysss85 ($102.50 in chips) 
ReVeu710: posts small blind $0.50
Maximysss85: posts big blind $1
*** HOLE CARDS ***
HarryBeast420: calls $1
Gfoer: folds 
whlzor: raises $4 to $5
b2k-Snick: folds 
ReVeu710: folds 
Maximysss85: calls $4
HarryBeast420: calls $4
*** FLOP *** [4c 7c 8s]
Maximysss85: checks 
HarryBeast420: checks 
whlzor: checks 
*** TURN *** [4c 7c 8s] [Ac]
Maximysss85: checks 
HarryBeast420: checks 
whlzor: bets $7.36
Maximysss85: folds 
HarryBeast420: raises $58.77 to $66.13 and is all-in
whlzor: folds 
Uncalled bet ($58.77) returned to HarryBeast420
HarryBeast420 collected $28.71 from pot
HarryBeast420: doesn't show hand 
*** SUMMARY ***
Total pot $30.22 | Rake $1.51 
Board [4c 7c 8s Ac]
Seat 1: HarryBeast420 collected ($28.71)
Seat 2: Gfoer folded before Flop (didn't bet)
Seat 3: whlzor folded on the Turn
Seat 4: b2k-Snick (button) folded before Flop (didn't bet)
Seat 5: ReVeu710 (small blind) folded before Flop
Seat 6: Maximysss85 (big blind) folded on the Turn



PokerStars Hand #254314596732:  Hold'em No Limit ($0.50/$1.00 USD) - 2025/01/11 16:11:07 WET [2025/01/11 11:11:07 ET]
Table 'Alnath III' 6-max Seat #5 is the button
Seat 1: HarryBeast420 ($87.48 in chips) 
Seat 2: Gfoer ($114.60 in chips) 
Seat 3: whlzor ($100 in chips) 
Seat 4: b2k-Snick ($100 in chips) 
Seat 5: ReVeu710 ($100 in chips) 
Seat 6: Maximysss85 ($100 in chips) 
Maximysss85: posts small blind $0.50
HarryBeast420: posts big blind $1
*** HOLE CARDS ***
Gfoer: folds 
whlzor: folds 
b2k-Snick: raises $1.50 to $2.50
ReVeu710: folds 
Maximysss85: folds 
HarryBeast420: calls $1.50
*** FLOP *** [2s 9d Ac]
HarryBeast420: bets $5
b2k-Snick: folds 
Uncalled bet ($5) returned to HarryBeast420
HarryBeast420 collected $5.22 from pot
HarryBeast420: doesn't show hand 
*** SUMMARY ***
Total pot $5.50 | Rake $0.28 
Board [2s 9d Ac]
Seat 1: HarryBeast420 (big blind) collected ($5.22)
Seat 2: Gfoer folded before Flop (didn't bet)
Seat 3: whlzor folded before Flop (didn't bet)
Seat 4: b2k-Snick folded on the Flop
Seat 5: ReVeu710 (button) folded before Flop (didn't bet)
Seat 6: Maximysss85 (small blind) folded before Flop



PokerStars Hand #254314607098:  Hold'em No Limit ($0.50/$1.00 USD) - 2025/01/11 16:11:47 WET [2025/01/11 11:11:47 ET]
Table 'Alnath III' 6-max Seat #6 is the button
Seat 1: HarryBeast420 ($90.20 in chips) 
Seat 2: Gfoer ($114.60 in chips) 
Seat 3: whlzor ($100 in chips) 
Seat 4: b2k-Snick ($100 in chips) 
Seat 5: ReVeu710 ($100 in chips) 
Seat 6: Maximysss85 ($100 in chips) 
HarryBeast420: posts small blind $0.50
Gfoer: posts big blind $1
*** HOLE CARDS ***
whlzor: raises $1.50 to $2.50
b2k-Snick: folds 
ReVeu710: raises $5 to $7.50
Maximysss85: folds 
HarryBeast420: folds 
Gfoer: folds 
whlzor: raises $14.50 to $22
ReVeu710: calls $14.50
*** FLOP *** [9s 5d 2c]
whlzor: checks 
ReVeu710: checks 
*** TURN *** [9s 5d 2c] [Kd]
whlzor: bets $14.26
ReVeu710: folds 
Uncalled bet ($14.26) returned to whlzor
whlzor collected $43.22 from pot
whlzor: doesn't show hand 
*** SUMMARY ***
Total pot $45.50 | Rake $2.28 
Board [9s 5d 2c Kd]
Seat 1: HarryBeast420 (small blind) folded before Flop
Seat 2: Gfoer (big blind) folded before Flop
Seat 3: whlzor collected ($43.22)
Seat 4: b2k-Snick folded before Flop (didn't bet)
Seat 5: ReVeu710 folded on the Turn
Seat 6: Maximysss85 (button) folded before Flop (didn't bet)



PokerStars Hand #254314625963:  Hold'em No Limit ($0.50/$1.00 USD) - 2025/01/11 16:12:58 WET [2025/01/11 11:12:58 ET]
Table 'Alnath III' 6-max Seat #1 is the button
Seat 1: HarryBeast420 ($89.70 in chips) 
Seat 2: Gfoer ($113.60 in chips) 
Seat 3: whlzor ($121.22 in chips) 
Seat 4: b2k-Snick ($100 in chips) 
Seat 5: ReVeu710 ($100 in chips) 
Seat 6: Maximysss85 ($100 in chips) 
Gfoer: posts small blind $0.50
whlzor: posts big blind $1
*** HOLE CARDS ***
b2k-Snick: folds 
ReVeu710: folds 
Maximysss85: folds 
HarryBeast420: calls $1
Gfoer: calls $0.50
whlzor: raises $5 to $6
HarryBeast420: folds 
Gfoer: folds 
Uncalled bet ($5) returned to whlzor
whlzor collected $3 from pot
whlzor: doesn't show hand 
*** SUMMARY ***
Total pot $3 | Rake $0 
Seat 1: HarryBeast420 (button) folded before Flop
Seat 2: Gfoer (small blind) folded before Flop
Seat 3: whlzor (big blind) collected ($3)
Seat 4: b2k-Snick folded before Flop (didn't bet)
Seat 5: ReVeu710 folded before Flop (didn't bet)
Seat 6: Maximysss85 folded before Flop (didn't bet)



PokerStars Hand #254314633875:  Hold'em No Limit ($0.50/$1.00 USD) - 2025/01/11 16:13:28 WET [2025/01/11 11:13:28 ET]
Table 'Alnath III' 6-max Seat #2 is the button
Seat 1: HarryBeast420 ($88.70 in chips) 
Seat 2: Gfoer ($112.60 in chips) 
Seat 3: whlzor ($123.22 in chips) 
Seat 4: b2k-Snick ($100 in chips) 
Seat 5: ReVeu710 ($100 in chips) 
Seat 6: Maximysss85 ($100 in chips) 
whlzor: posts small blind $0.50
b2k-Snick: posts big blind $1
*** HOLE CARDS ***
ReVeu710: folds 
ReVeu710 leaves the table
Maximysss85: folds 
jeilsons joins the table at seat #5 
HarryBeast420: calls $1
Gfoer: folds 
whlzor: raises $4 to $5
b2k-Snick: raises $8.50 to $13.50
HarryBeast420: calls $12.50
whlzor: folds 
*** FLOP *** [7c 8h 6c]
b2k-Snick: checks 
HarryBeast420: checks 
*** TURN *** [7c 8h 6c] [Js]
b2k-Snick: bets $13.38
HarryBeast420: raises $13.38 to $26.76
b2k-Snick: calls $13.38
*** RIVER *** [7c 8h 6c Js] [7s]
b2k-Snick: checks 
HarryBeast420: bets $48.44 and is all-in
b2k-Snick: folds 
Uncalled bet ($48.44) returned to HarryBeast420
HarryBeast420 collected $83.02 from pot
HarryBeast420: doesn't show hand 
*** SUMMARY ***
Total pot $85.52 | Rake $2.50 
Board [7c 8h 6c Js 7s]
Seat 1: HarryBeast420 collected ($83.02)
Seat 2: Gfoer (button) folded before Flop (didn't bet)
Seat 3: whlzor (small blind) folded before Flop
Seat 4: b2k-Snick (big blind) folded on the River
Seat 5: ReVeu710 folded before Flop (didn't bet)
Seat 6: Maximysss85 folded before Flop (didn't bet)



PokerStars Hand #254314657920:  Hold'em No Limit ($0.50/$1.00 USD) - 2025/01/11 16:14:57 WET [2025/01/11 11:14:57 ET]
Table 'Alnath III' 6-max Seat #3 is the button
Seat 1: HarryBeast420 ($131.46 in chips) 
Seat 2: Gfoer ($112.60 in chips) 
Seat 3: whlzor ($118.22 in chips) 
Seat 4: b2k-Snick ($100 in chips) 
Seat 5: jeilsons ($100 in chips) 
Seat 6: Maximysss85 ($100 in chips) 
b2k-Snick: posts small blind $0.50
jeilsons: posts big blind $1
*** HOLE CARDS ***
Maximysss85 has timed out
Maximysss85: folds 
HarryBeast420: calls $1
Gfoer: folds 
whlzor: folds 
b2k-Snick: folds 
jeilsons: checks 
*** FLOP *** [5h Td 5c]
jeilsons: checks 
HarryBeast420: checks 
*** TURN *** [5h Td 5c] [2s]
jeilsons: bets $1.78
HarryBeast420: folds 
Uncalled bet ($1.78) returned to jeilsons
jeilsons collected $2.38 from pot
jeilsons: doesn't show hand 
*** SUMMARY ***
Total pot $2.50 | Rake $0.12 
Board [5h Td 5c 2s]
Seat 1: HarryBeast420 folded on the Turn
Seat 2: Gfoer folded before Flop (didn't bet)
Seat 3: whlzor (button) folded before Flop (didn't bet)
Seat 4: b2k-Snick (small blind) folded before Flop
Seat 5: jeilsons (big blind) collected ($2.38)
Seat 6: Maximysss85 folded before Flop (didn't bet)



PokerStars Hand #254314668742:  Hold'em No Limit ($0.50/$1.00 USD) - 2025/01/11 16:15:38 WET [2025/01/11 11:15:38 ET]
Table 'Alnath III' 6-max Seat #4 is the button
Seat 1: HarryBeast420 ($130.46 in chips) 
Seat 2: Gfoer ($112.60 in chips) 
Seat 3: whlzor ($118.22 in chips) 
Seat 4: b2k-Snick ($100 in chips) 
Seat 5: jeilsons ($101.38 in chips) 
Seat 6: Maximysss85 ($100 in chips) 
jeilsons: posts small blind $0.50
Maximysss85: posts big blind $1
*** HOLE CARDS ***
HarryBeast420: calls $1
Gfoer: folds 
whlzor: folds 
b2k-Snick: raises $4 to $5
jeilsons: folds 
Maximysss85: folds 
HarryBeast420: folds 
Uncalled bet ($4) returned to b2k-Snick
b2k-Snick collected $3.50 from pot
b2k-Snick: doesn't show hand 
*** SUMMARY ***
Total pot $3.50 | Rake $0 
Seat 1: HarryBeast420 folded before Flop
Seat 2: Gfoer folded before Flop (didn't bet)
Seat 3: whlzor folded before Flop (didn't bet)
Seat 4: b2k-Snick (button) collected ($3.50)
Seat 5: jeilsons (small blind) folded before Flop
Seat 6: Maximysss85 (big blind) folded before Flop



PokerStars Hand #254314673826:  Hold'em No Limit ($0.50/$1.00 USD) - 2025/01/11 16:15:57 WET [2025/01/11 11:15:57 ET]
Table 'Alnath III' 6-max Seat #5 is the button
Seat 1: HarryBeast420 ($129.46 in chips) 
Seat 2: Gfoer ($112.60 in chips) 
Seat 3: whlzor ($118.22 in chips) 
Seat 4: b2k-Snick ($102.50 in chips) 
Seat 5: jeilsons ($100.88 in chips) 
Seat 6: Maximysss85 ($100 in chips) 
Maximysss85: posts small blind $0.50
HarryBeast420: posts big blind $1
*** HOLE CARDS ***
Gfoer: folds 
whlzor: folds 
b2k-Snick: folds 
jeilsons: folds 
Maximysss85: folds 
Uncalled bet ($0.50) returned to HarryBeast420
HarryBeast420 collected $1 from pot
HarryBeast420: doesn't show hand 
*** SUMMARY ***
Total pot $1 | Rake $0 
Seat 1: HarryBeast420 (big blind) collected ($1)
Seat 2: Gfoer folded before Flop (didn't bet)
Seat 3: whlzor folded before Flop (didn't bet)
Seat 4: b2k-Snick folded before Flop (didn't bet)
Seat 5: jeilsons (button) folded before Flop (didn't bet)
Seat 6: Maximysss85 (small blind) folded before Flop



PokerStars Hand #254314676252:  Hold'em No Limit ($0.50/$1.00 USD) - 2025/01/11 16:16:06 WET [2025/01/11 11:16:06 ET]
Table 'Alnath III' 6-max Seat #6 is the button
Seat 1: HarryBeast420 ($129.96 in chips) 
Seat 2: Gfoer ($112.60 in chips) 
Seat 3: whlzor ($118.22 in chips) 
Seat 4: b2k-Snick ($102.50 in chips) 
Seat 5: jeilsons ($100.88 in chips) 
Seat 6: Maximysss85 ($100 in chips) 
HarryBeast420: posts small blind $0.50
Gfoer: posts big blind $1
*** HOLE CARDS ***
whlzor: folds 
b2k-Snick: folds 
jeilsons: raises $1.30 to $2.30
Maximysss85: folds 
HarryBeast420: folds 
Gfoer: calls $1.30
*** FLOP *** [5d 4d 8d]
Gfoer: checks 
jeilsons: checks 
*** TURN *** [5d 4d 8d] [6s]
Gfoer: checks 
jeilsons: bets $2.42
Gfoer: folds 
Uncalled bet ($2.42) returned to jeilsons
jeilsons collected $4.84 from pot
jeilsons: doesn't show hand 
*** SUMMARY ***
Total pot $5.10 | Rake $0.26 
Board [5d 4d 8d 6s]
Seat 1: HarryBeast420 (small blind) folded before Flop
Seat 2: Gfoer (big blind) folded on the Turn
Seat 3: whlzor folded before Flop (didn't bet)
Seat 4: b2k-Snick folded before Flop (didn't bet)
Seat 5: jeilsons collected ($4.84)
Seat 6: Maximysss85 (button) folded before Flop (didn't bet)



PokerStars Hand #254314689244:  Hold'em No Limit ($0.50/$1.00 USD) - 2025/01/11 16:16:54 WET [2025/01/11 11:16:54 ET]
Table 'Alnath III' 6-max Seat #1 is the button
Seat 1: HarryBeast420 ($129.46 in chips) 
Seat 2: Gfoer ($110.30 in chips) 
Seat 3: whlzor ($118.22 in chips) 
Seat 4: b2k-Snick ($102.50 in chips) 
Seat 5: jeilsons ($103.42 in chips) 
Seat 6: Maximysss85 ($100 in chips) 
Gfoer: posts small blind $0.50
whlzor: posts big blind $1
*** HOLE CARDS ***
b2k-Snick: folds 
jeilsons: folds 
Maximysss85: folds 
HarryBeast420: raises $3 to $4
Gfoer: folds 
whlzor: folds 
Uncalled bet ($3) returned to HarryBeast420
HarryBeast420 collected $2.50 from pot
HarryBeast420: doesn't show hand 
*** SUMMARY ***
Total pot $2.50 | Rake $0 
Seat 1: HarryBeast420 (button) collected ($2.50)
Seat 2: Gfoer (small blind) folded before Flop
Seat 3: whlzor (big blind) folded before Flop
Seat 4: b2k-Snick folded before Flop (didn't bet)
Seat 5: jeilsons folded before Flop (didn't bet)
Seat 6: Maximysss85 folded before Flop (didn't bet)



PokerStars Hand #254314693733:  Hold'em No Limit ($0.50/$1.00 USD) - 2025/01/11 16:17:11 WET [2025/01/11 11:17:11 ET]
Table 'Alnath III' 6-max Seat #2 is the button
Seat 1: HarryBeast420 ($130.96 in chips) 
Seat 2: Gfoer ($109.80 in chips) 
Seat 3: whlzor ($117.22 in chips) 
Seat 4: b2k-Snick ($102.50 in chips) 
Seat 5: jeilsons ($103.42 in chips) 
Seat 6: Maximysss85 ($100 in chips) 
whlzor: posts small blind $0.50
b2k-Snick: posts big blind $1
*** HOLE CARDS ***
jeilsons: folds 
Maximysss85: folds 
HarryBeast420: folds 
Gfoer: folds 
whlzor: folds 
Uncalled bet ($0.50) returned to b2k-Snick
b2k-Snick collected $1 from pot
b2k-Snick: doesn't show hand 
*** SUMMARY ***
Total pot $1 | Rake $0 
Seat 1: HarryBeast420 folded before Flop (didn't bet)
Seat 2: Gfoer (button) folded before Flop (didn't bet)
Seat 3: whlzor (small blind) folded before Flop
Seat 4: b2k-Snick (big blind) collected ($1)
Seat 5: jeilsons folded before Flop (didn't bet)
Seat 6: Maximysss85 folded before Flop (didn't bet)



PokerStars Hand #254314698146:  Hold'em No Limit ($0.50/$1.00 USD) - 2025/01/11 16:17:27 WET [2025/01/11 11:17:27 ET]
Table 'Alnath III' 6-max Seat #3 is the button
Seat 1: HarryBeast420 ($130.96 in chips) 
Seat 2: Gfoer ($109.80 in chips) 
Seat 3: whlzor ($116.72 in chips) 
Seat 4: b2k-Snick ($103 in chips) 
Seat 5: jeilsons ($103.42 in chips) 
Seat 6: Maximysss85 ($100 in chips) 
b2k-Snick: posts small blind $0.50
jeilsons: posts big blind $1
*** HOLE CARDS ***
Maximysss85: folds 
HarryBeast420: raises $1 to $2
Gfoer: raises $6 to $8
whlzor: folds 
b2k-Snick: folds 
jeilsons: folds 
HarryBeast420: calls $6
*** FLOP *** [7d Kh 3s]
HarryBeast420: checks 
Gfoer: bets $4.99
HarryBeast420: calls $4.99
*** TURN *** [7d Kh 3s] [6h]
HarryBeast420: checks 
Gfoer: checks 
*** RIVER *** [7d Kh 3s 6h] [9c]
HarryBeast420: bets $117.97 and is all-in
Gfoer: folds 
Uncalled bet ($117.97) returned to HarryBeast420
HarryBeast420 collected $26.11 from pot
HarryBeast420: doesn't show hand 
*** SUMMARY ***
Total pot $27.48 | Rake $1.37 
Board [7d Kh 3s 6h 9c]
Seat 1: HarryBeast420 collected ($26.11)
Seat 2: Gfoer folded on the River
Seat 3: whlzor (button) folded before Flop (didn't bet)
Seat 4: b2k-Snick (small blind) folded before Flop
Seat 5: jeilsons (big blind) folded before Flop
Seat 6: Maximysss85 folded before Flop (didn't bet)



PokerStars Hand #254314715170:  Hold'em No Limit ($0.50/$1.00 USD) - 2025/01/11 16:18:30 WET [2025/01/11 11:18:30 ET]
Table 'Alnath III' 6-max Seat #4 is the button
Seat 1: HarryBeast420 ($144.08 in chips) 
Seat 2: Gfoer ($100 in chips) 
Seat 3: whlzor ($116.72 in chips) 
Seat 4: b2k-Snick ($102.50 in chips) 
Seat 5: jeilsons ($102.42 in chips) 
Seat 6: Maximysss85 ($100 in chips) 
jeilsons: posts small blind $0.50
Maximysss85: posts big blind $1
*** HOLE CARDS ***
HarryBeast420 has timed out
HarryBeast420: folds 
Gfoer: raises $1.20 to $2.20
whlzor: folds 
b2k-Snick: raises $5.30 to $7.50
jeilsons: folds 
Maximysss85: folds 
Gfoer: folds 
Uncalled bet ($5.30) returned to b2k-Snick
b2k-Snick collected $5.90 from pot
b2k-Snick: doesn't show hand 
*** SUMMARY ***
Total pot $5.90 | Rake $0 
Seat 1: HarryBeast420 folded before Flop (didn't bet)
Seat 2: Gfoer folded before Flop
Seat 3: whlzor folded before Flop (didn't bet)
Seat 4: b2k-Snick (button) collected ($5.90)
Seat 5: jeilsons (small blind) folded before Flop
Seat 6: Maximysss85 (big blind) folded before Flop



PokerStars Hand #254314726380:  Hold'em No Limit ($0.50/$1.00 USD) - 2025/01/11 16:19:11 WET [2025/01/11 11:19:11 ET]
Table 'Alnath III' 6-max Seat #5 is the button
Seat 1: HarryBeast420 ($144.08 in chips) 
Seat 2: Gfoer ($100 in chips) 
Seat 3: whlzor ($116.72 in chips) 
Seat 4: b2k-Snick ($106.20 in chips) 
Seat 5: jeilsons ($101.92 in chips) 
Seat 6: Maximysss85 ($100 in chips) 
Maximysss85: posts small blind $0.50
HarryBeast420: posts big blind $1
*** HOLE CARDS ***
Gfoer: folds 
whlzor: folds 
b2k-Snick: raises $1.50 to $2.50
jeilsons: folds 
Maximysss85: folds 
HarryBeast420: calls $1.50
*** FLOP *** [4d Td 5h]
HarryBeast420: checks 
b2k-Snick: checks 
*** TURN *** [4d Td 5h] [Tc]
HarryBeast420: checks 
b2k-Snick: checks 
*** RIVER *** [4d Td 5h Tc] [2c]
HarryBeast420: checks 
b2k-Snick: checks 
*** SHOW DOWN ***
HarryBeast420: shows [Ad 7s] (a pair of Tens)
b2k-Snick: mucks hand 
HarryBeast420 collected $5.22 from pot
*** SUMMARY ***
Total pot $5.50 | Rake $0.28 
Board [4d Td 5h Tc 2c]
Seat 1: HarryBeast420 (big blind) showed [Ad 7s] and won ($5.22) with a pair of Tens
Seat 2: Gfoer folded before Flop (didn't bet)
Seat 3: whlzor folded before Flop (didn't bet)
Seat 4: b2k-Snick mucked
Seat 5: jeilsons (button) folded before Flop (didn't bet)
Seat 6: Maximysss85 (small blind) folded before Flop



PokerStars Hand #254314737105:  Hold'em No Limit ($0.50/$1.00 USD) - 2025/01/11 16:19:51 WET [2025/01/11 11:19:51 ET]
Table 'Alnath III' 6-max Seat #6 is the button
Seat 1: HarryBeast420 ($146.80 in chips) 
Seat 2: Gfoer ($100 in chips) 
Seat 3: whlzor ($116.72 in chips) 
Seat 4: b2k-Snick ($103.70 in chips) 
Seat 5: jeilsons ($101.92 in chips) 
Seat 6: Maximysss85 ($100 in chips) 
HarryBeast420: posts small blind $0.50
Gfoer: posts big blind $1
*** HOLE CARDS ***
whlzor: folds 
b2k-Snick: folds 
jeilsons: folds 
Maximysss85: folds 
HarryBeast420: calls $0.50
Gfoer: checks 
*** FLOP *** [9d 6h 8s]
HarryBeast420: bets $2
Gfoer: folds 
Uncalled bet ($2) returned to HarryBeast420
HarryBeast420 collected $1.90 from pot
HarryBeast420: doesn't show hand 
*** SUMMARY ***
Total pot $2 | Rake $0.10 
Board [9d 6h 8s]
Seat 1: HarryBeast420 (small blind) collected ($1.90)
Seat 2: Gfoer (big blind) folded on the Flop
Seat 3: whlzor folded before Flop (didn't bet)
Seat 4: b2k-Snick folded before Flop (didn't bet)
Seat 5: jeilsons folded before Flop (didn't bet)
Seat 6: Maximysss85 (button) folded before Flop (didn't bet)



PokerStars Hand #254314746427:  Hold'em No Limit ($0.50/$1.00 USD) - 2025/01/11 16:20:25 WET [2025/01/11 11:20:25 ET]
Table 'Alnath III' 6-max Seat #1 is the button
Seat 1: HarryBeast420 ($147.70 in chips) 
Seat 2: Gfoer ($100 in chips) 
Seat 3: whlzor ($116.72 in chips) 
Seat 4: b2k-Snick ($103.70 in chips) 
Seat 5: jeilsons ($101.92 in chips) 
Seat 6: Maximysss85 ($100 in chips) 
Gfoer: posts small blind $0.50
whlzor: posts big blind $1
*** HOLE CARDS ***
b2k-Snick: folds 
jeilsons: folds 
Maximysss85: folds 
HarryBeast420: calls $1
Gfoer: folds 
whlzor: raises $3 to $4
HarryBeast420: calls $3
*** FLOP *** [Jc 9d 3d]
whlzor: bets $4.04
HarryBeast420: folds 
Uncalled bet ($4.04) returned to whlzor
whlzor collected $8.08 from pot
whlzor: doesn't show hand 
*** SUMMARY ***
Total pot $8.50 | Rake $0.42 
Board [Jc 9d 3d]
Seat 1: HarryBeast420 (button) folded on the Flop
Seat 2: Gfoer (small blind) folded before Flop
Seat 3: whlzor (big blind) collected ($8.08)
Seat 4: b2k-Snick folded before Flop (didn't bet)
Seat 5: jeilsons folded before Flop (didn't bet)
Seat 6: Maximysss85 folded before Flop (didn't bet)



PokerStars Hand #254314757369:  Hold'em No Limit ($0.50/$1.00 USD) - 2025/01/11 16:21:07 WET [2025/01/11 11:21:07 ET]
Table 'Alnath III' 6-max Seat #2 is the button
Seat 1: HarryBeast420 ($143.70 in chips) 
Seat 2: Gfoer ($100 in chips) 
Seat 3: whlzor ($120.80 in chips) 
Seat 4: b2k-Snick ($103.70 in chips) 
Seat 5: jeilsons ($101.92 in chips) 
Seat 6: Maximysss85 ($100 in chips) 
whlzor: posts small blind $0.50
b2k-Snick: posts big blind $1
*** HOLE CARDS ***
jeilsons: folds 
Maximysss85: raises $1.50 to $2.50
HarryBeast420: folds 
Gfoer: folds 
whlzor: folds 
b2k-Snick: raises $8.50 to $11
Maximysss85: raises $12 to $23
b2k-Snick: folds 
Uncalled bet ($12) returned to Maximysss85
Maximysss85 collected $22.50 from pot
Maximysss85: doesn't show hand 
*** SUMMARY ***
Total pot $22.50 | Rake $0 
Seat 1: HarryBeast420 folded before Flop (didn't bet)
Seat 2: Gfoer (button) folded before Flop (didn't bet)
Seat 3: whlzor (small blind) folded before Flop
Seat 4: b2k-Snick (big blind) folded before Flop
Seat 5: jeilsons folded before Flop (didn't bet)
Seat 6: Maximysss85 collected ($22.50)



PokerStars Hand #254314767958:  Hold'em No Limit ($0.50/$1.00 USD) - 2025/01/11 16:21:47 WET [2025/01/11 11:21:47 ET]
Table 'Alnath III' 6-max Seat #3 is the button
Seat 1: HarryBeast420 ($143.70 in chips) 
Seat 2: Gfoer ($100 in chips) 
Seat 3: whlzor ($120.30 in chips) 
Seat 4: b2k-Snick ($100 in chips) 
Seat 5: jeilsons ($101.92 in chips) 
Seat 6: Maximysss85 ($111.50 in chips) 
b2k-Snick: posts small blind $0.50
jeilsons: posts big blind $1
*** HOLE CARDS ***
Maximysss85: folds 
HarryBeast420 has timed out
HarryBeast420: folds 
Gfoer: folds 
whlzor: folds 
b2k-Snick: raises $2 to $3
jeilsons: raises $7.50 to $10.50
b2k-Snick: raises $89.50 to $100 and is all-in
jeilsons: folds 
Uncalled bet ($89.50) returned to b2k-Snick
b2k-Snick collected $21 from pot
b2k-Snick: doesn't show hand 
*** SUMMARY ***
Total pot $21 | Rake $0 
Seat 1: HarryBeast420 folded before Flop (didn't bet)
Seat 2: Gfoer folded before Flop (didn't bet)
Seat 3: whlzor (button) folded before Flop (didn't bet)
Seat 4: b2k-Snick (small blind) collected ($21)
Seat 5: jeilsons (big blind) folded before Flop
Seat 6: Maximysss85 folded before Flop (didn't bet)



PokerStars Hand #254314776653:  Hold'em No Limit ($0.50/$1.00 USD) - 2025/01/11 16:22:20 WET [2025/01/11 11:22:20 ET]
Table 'Alnath III' 6-max Seat #4 is the button
Seat 1: HarryBeast420 ($143.70 in chips) 
Seat 2: Gfoer ($100 in chips) 
Seat 3: whlzor ($120.30 in chips) 
Seat 4: b2k-Snick ($110.50 in chips) 
Seat 5: jeilsons ($100 in chips) 
Seat 6: Maximysss85 ($111.50 in chips) 
jeilsons: posts small blind $0.50
Maximysss85: posts big blind $1
*** HOLE CARDS ***
HarryBeast420: folds 
Gfoer: raises $1.20 to $2.20
whlzor: folds 
b2k-Snick: folds 
jeilsons: folds 
Maximysss85: folds 
Uncalled bet ($1.20) returned to Gfoer
Gfoer collected $2.50 from pot
Gfoer: doesn't show hand 
*** SUMMARY ***
Total pot $2.50 | Rake $0 
Seat 1: HarryBeast420 folded before Flop (didn't bet)
Seat 2: Gfoer collected ($2.50)
Seat 3: whlzor folded before Flop (didn't bet)
Seat 4: b2k-Snick (button) folded before Flop (didn't bet)
Seat 5: jeilsons (small blind) folded before Flop
Seat 6: Maximysss85 (big blind) folded before Flop



PokerStars Hand #254314783124:  Hold'em No Limit ($0.50/$1.00 USD) - 2025/01/11 16:22:44 WET [2025/01/11 11:22:44 ET]
Table 'Alnath III' 6-max Seat #5 is the button
Seat 1: HarryBeast420 ($143.70 in chips) 
Seat 2: Gfoer ($101.50 in chips) 
Seat 3: whlzor ($120.30 in chips) 
Seat 4: b2k-Snick ($110.50 in chips) 
Seat 5: jeilsons ($100 in chips) 
Seat 6: Maximysss85 ($110.50 in chips) 
Maximysss85: posts small blind $0.50
HarryBeast420: posts big blind $1
*** HOLE CARDS ***
Gfoer: raises $1.20 to $2.20
whlzor: folds 
b2k-Snick: folds 
jeilsons: folds 
Maximysss85: folds 
HarryBeast420: calls $1.20
*** FLOP *** [6h 4s Tc]
HarryBeast420: checks 
Gfoer: bets $3.50
HarryBeast420: folds 
Uncalled bet ($3.50) returned to Gfoer
Gfoer collected $4.66 from pot
Gfoer: doesn't show hand 
*** SUMMARY ***
Total pot $4.90 | Rake $0.24 
Board [6h 4s Tc]
Seat 1: HarryBeast420 (big blind) folded on the Flop
Seat 2: Gfoer collected ($4.66)
Seat 3: whlzor folded before Flop (didn't bet)
Seat 4: b2k-Snick folded before Flop (didn't bet)
Seat 5: jeilsons (button) folded before Flop (didn't bet)
Seat 6: Maximysss85 (small blind) folded before Flop



PokerStars Hand #254314790215:  Hold'em No Limit ($0.50/$1.00 USD) - 2025/01/11 16:23:11 WET [2025/01/11 11:23:11 ET]
Table 'Alnath III' 6-max Seat #6 is the button
Seat 1: HarryBeast420 ($141.50 in chips) 
Seat 2: Gfoer ($103.96 in chips) 
Seat 3: whlzor ($120.30 in chips) 
Seat 4: b2k-Snick ($110.50 in chips) 
Seat 5: jeilsons ($100 in chips) 
Seat 6: Maximysss85 ($110 in chips) 
HarryBeast420: posts small blind $0.50
Gfoer: posts big blind $1
*** HOLE CARDS ***
whlzor: folds 
b2k-Snick: raises $1.50 to $2.50
jeilsons: folds 
Maximysss85: folds 
HarryBeast420: folds 
Gfoer: folds 
Uncalled bet ($1.50) returned to b2k-Snick
b2k-Snick collected $2.50 from pot
b2k-Snick: doesn't show hand 
*** SUMMARY ***
Total pot $2.50 | Rake $0 
Seat 1: HarryBeast420 (small blind) folded before Flop
Seat 2: Gfoer (big blind) folded before Flop
Seat 3: whlzor folded before Flop (didn't bet)
Seat 4: b2k-Snick collected ($2.50)
Seat 5: jeilsons folded before Flop (didn't bet)
Seat 6: Maximysss85 (button) folded before Flop (didn't bet)



PokerStars Hand #254314795154:  Hold'em No Limit ($0.50/$1.00 USD) - 2025/01/11 16:23:30 WET [2025/01/11 11:23:30 ET]
Table 'Alnath III' 6-max Seat #1 is the button
Seat 1: HarryBeast420 ($141 in chips) 
Seat 2: Gfoer ($102.96 in chips) 
Seat 3: whlzor ($120.30 in chips) 
Seat 4: b2k-Snick ($112 in chips) 
Seat 5: jeilsons ($100 in chips) 
Seat 6: Maximysss85 ($110 in chips) 
Gfoer: posts small blind $0.50
whlzor: posts big blind $1
*** HOLE CARDS ***
b2k-Snick: folds 
jeilsons: folds 
Maximysss85: folds 
HarryBeast420: calls $1
Gfoer: raises $4 to $5
whlzor: folds 
HarryBeast420: folds 
Uncalled bet ($4) returned to Gfoer
Gfoer collected $3 from pot
Gfoer: doesn't show hand 
*** SUMMARY ***
Total pot $3 | Rake $0 
Seat 1: HarryBeast420 (button) folded before Flop
Seat 2: Gfoer (small blind) collected ($3)
Seat 3: whlzor (big blind) folded before Flop
Seat 4: b2k-Snick folded before Flop (didn't bet)
Seat 5: jeilsons folded before Flop (didn't bet)
Seat 6: Maximysss85 folded before Flop (didn't bet)



PokerStars Hand #254314802409:  Hold'em No Limit ($0.50/$1.00 USD) - 2025/01/11 16:23:57 WET [2025/01/11 11:23:57 ET]
Table 'Alnath III' 6-max Seat #2 is the button
Seat 1: HarryBeast420 ($140 in chips) 
Seat 2: Gfoer ($104.96 in chips) 
Seat 3: whlzor ($119.30 in chips) 
Seat 4: b2k-Snick ($112 in chips) 
Seat 5: jeilsons ($100 in chips) 
Seat 6: Maximysss85 ($110 in chips) 
whlzor: posts small blind $0.50
b2k-Snick: posts big blind $1
*** HOLE CARDS ***
jeilsons: folds 
Maximysss85: folds 
HarryBeast420 has timed out
HarryBeast420: folds 
Gfoer: folds 
whlzor: folds 
Uncalled bet ($0.50) returned to b2k-Snick
b2k-Snick collected $1 from pot
b2k-Snick: doesn't show hand 
*** SUMMARY ***
Total pot $1 | Rake $0 
Seat 1: HarryBeast420 folded before Flop (didn't bet)
Seat 2: Gfoer (button) folded before Flop (didn't bet)
Seat 3: whlzor (small blind) folded before Flop
Seat 4: b2k-Snick (big blind) collected ($1)
Seat 5: jeilsons folded before Flop (didn't bet)
Seat 6: Maximysss85 folded before Flop (didn't bet)



PokerStars Hand #254314806943:  Hold'em No Limit ($0.50/$1.00 USD) - 2025/01/11 16:24:14 WET [2025/01/11 11:24:14 ET]
Table 'Alnath III' 6-max Seat #3 is the button
Seat 1: HarryBeast420 ($140 in chips) 
Seat 2: Gfoer ($104.96 in chips) 
Seat 3: whlzor ($118.80 in chips) 
Seat 4: b2k-Snick ($112.50 in chips) 
Seat 5: jeilsons ($100 in chips) 
Seat 6: Maximysss85 ($110 in chips) 
b2k-Snick: posts small blind $0.50
jeilsons: posts big blind $1
*** HOLE CARDS ***
Maximysss85: folds 
HarryBeast420: folds 
Gfoer: folds 
whlzor: folds 
b2k-Snick: folds 
Uncalled bet ($0.50) returned to jeilsons
jeilsons collected $1 from pot
jeilsons: doesn't show hand 
*** SUMMARY ***
Total pot $1 | Rake $0 
Seat 1: HarryBeast420 folded before Flop (didn't bet)
Seat 2: Gfoer folded before Flop (didn't bet)
Seat 3: whlzor (button) folded before Flop (didn't bet)
Seat 4: b2k-Snick (small blind) folded before Flop
Seat 5: jeilsons (big blind) collected ($1)
Seat 6: Maximysss85 folded before Flop (didn't bet)



PokerStars Hand #254314810322:  Hold'em No Limit ($0.50/$1.00 USD) - 2025/01/11 16:24:26 WET [2025/01/11 11:24:26 ET]
Table 'Alnath III' 6-max Seat #4 is the button
Seat 1: HarryBeast420 ($140 in chips) 
Seat 2: Gfoer ($104.96 in chips) 
Seat 3: whlzor ($118.80 in chips) 
Seat 4: b2k-Snick ($112 in chips) 
Seat 5: jeilsons ($100.50 in chips) 
Seat 6: Maximysss85 ($110 in chips) 
jeilsons: posts small blind $0.50
Maximysss85: posts big blind $1
*** HOLE CARDS ***
HarryBeast420: calls $1
Gfoer: folds 
whlzor: folds 
b2k-Snick: raises $3 to $4
jeilsons: raises $10 to $14
Maximysss85: folds 
HarryBeast420: folds 
b2k-Snick: folds 
Uncalled bet ($10) returned to jeilsons
jeilsons collected $10 from pot
jeilsons: doesn't show hand 
*** SUMMARY ***
Total pot $10 | Rake $0 
Seat 1: HarryBeast420 folded before Flop
Seat 2: Gfoer folded before Flop (didn't bet)
Seat 3: whlzor folded before Flop (didn't bet)
Seat 4: b2k-Snick (button) folded before Flop
Seat 5: jeilsons (small blind) collected ($10)
Seat 6: Maximysss85 (big blind) folded before Flop



PokerStars Hand #254314821410:  Hold'em No Limit ($0.50/$1.00 USD) - 2025/01/11 16:25:08 WET [2025/01/11 11:25:08 ET]
Table 'Alnath III' 6-max Seat #5 is the button
Seat 1: HarryBeast420 ($139 in chips) 
Seat 2: Gfoer ($104.96 in chips) 
Seat 3: whlzor ($118.80 in chips) 
Seat 4: b2k-Snick ($108 in chips) 
Seat 5: jeilsons ($106.50 in chips) 
Seat 6: Maximysss85 ($109 in chips) 
Maximysss85: posts small blind $0.50
HarryBeast420: posts big blind $1
*** HOLE CARDS ***
Gfoer: folds 
whlzor: folds 
b2k-Snick: folds 
jeilsons: raises $1.50 to $2.50
Maximysss85: raises $7.50 to $10
HarryBeast420: folds 
jeilsons: folds 
Uncalled bet ($7.50) returned to Maximysss85
Maximysss85 collected $6 from pot
Maximysss85: doesn't show hand 
*** SUMMARY ***
Total pot $6 | Rake $0 
Seat 1: HarryBeast420 (big blind) folded before Flop
Seat 2: Gfoer folded before Flop (didn't bet)
Seat 3: whlzor folded before Flop (didn't bet)
Seat 4: b2k-Snick folded before Flop (didn't bet)
Seat 5: jeilsons (button) folded before Flop
Seat 6: Maximysss85 (small blind) collected ($6)



PokerStars Hand #254314826470:  Hold'em No Limit ($0.50/$1.00 USD) - 2025/01/11 16:25:27 WET [2025/01/11 11:25:27 ET]
Table 'Alnath III' 6-max Seat #6 is the button
Seat 1: HarryBeast420 ($138 in chips) 
Seat 2: Gfoer ($104.96 in chips) 
Seat 3: whlzor ($118.80 in chips) 
Seat 4: b2k-Snick ($108 in chips) 
Seat 5: jeilsons ($104 in chips) 
Seat 6: Maximysss85 ($112.50 in chips) 
HarryBeast420: posts small blind $0.50
Gfoer: posts big blind $1
*** HOLE CARDS ***
whlzor: folds 
b2k-Snick: folds 
jeilsons: folds 
Maximysss85: raises $1.50 to $2.50
HarryBeast420: calls $2
Gfoer: folds 
*** FLOP *** [5s Th 7c]
HarryBeast420: checks 
Maximysss85: checks 
*** TURN *** [5s Th 7c] [9s]
HarryBeast420: checks 
Maximysss85: bets $3.82
HarryBeast420: folds 
Uncalled bet ($3.82) returned to Maximysss85
Maximysss85 collected $5.70 from pot
Maximysss85: doesn't show hand 
*** SUMMARY ***
Total pot $6 | Rake $0.30 
Board [5s Th 7c 9s]
Seat 1: HarryBeast420 (small blind) folded on the Turn
Seat 2: Gfoer (big blind) folded before Flop
Seat 3: whlzor folded before Flop (didn't bet)
Seat 4: b2k-Snick folded before Flop (didn't bet)
Seat 5: jeilsons folded before Flop (didn't bet)
Seat 6: Maximysss85 (button) collected ($5.70)



PokerStars Hand #254314836613:  Hold'em No Limit ($0.50/$1.00 USD) - 2025/01/11 16:26:05 WET [2025/01/11 11:26:05 ET]
Table 'Alnath III' 6-max Seat #1 is the button
Seat 1: HarryBeast420 ($135.50 in chips) 
Seat 2: Gfoer ($103.96 in chips) 
Seat 3: whlzor ($118.80 in chips) 
Seat 4: b2k-Snick ($108 in chips) 
Seat 5: jeilsons ($104 in chips) 
Seat 6: Maximysss85 ($115.70 in chips) 
Gfoer: posts small blind $0.50
whlzor: posts big blind $1
*** HOLE CARDS ***
b2k-Snick: folds 
jeilsons: folds 
Maximysss85: folds 
HarryBeast420: calls $1
Gfoer: folds 
whlzor: checks 
*** FLOP *** [Qc 7d 4h]
whlzor: bets $1.57
HarryBeast420: folds 
Uncalled bet ($1.57) returned to whlzor
whlzor collected $2.38 from pot
whlzor: doesn't show hand 
*** SUMMARY ***
Total pot $2.50 | Rake $0.12 
Board [Qc 7d 4h]
Seat 1: HarryBeast420 (button) folded on the Flop
Seat 2: Gfoer (small blind) folded before Flop
Seat 3: whlzor (big blind) collected ($2.38)
Seat 4: b2k-Snick folded before Flop (didn't bet)
Seat 5: jeilsons folded before Flop (didn't bet)
Seat 6: Maximysss85 folded before Flop (didn't bet)



PokerStars Hand #254314847671:  Hold'em No Limit ($0.50/$1.00 USD) - 2025/01/11 16:26:47 WET [2025/01/11 11:26:47 ET]
Table 'Alnath III' 6-max Seat #2 is the button
Seat 1: HarryBeast420 ($134.50 in chips) 
Seat 2: Gfoer ($103.46 in chips) 
Seat 3: whlzor ($120.18 in chips) 
Seat 4: b2k-Snick ($108 in chips) 
Seat 5: jeilsons ($104 in chips) 
Seat 6: Maximysss85 ($115.70 in chips) 
whlzor: posts small blind $0.50
b2k-Snick: posts big blind $1
*** HOLE CARDS ***
jeilsons: folds 
Maximysss85: folds 
HarryBeast420: calls $1
Gfoer: folds 
whlzor: folds 
b2k-Snick: checks 
*** FLOP *** [Jh Qh As]
b2k-Snick: checks 
HarryBeast420: checks 
*** TURN *** [Jh Qh As] [Jc]
b2k-Snick: bets $2.50
HarryBeast420: folds 
Uncalled bet ($2.50) returned to b2k-Snick
b2k-Snick collected $2.38 from pot
b2k-Snick: doesn't show hand 
*** SUMMARY ***
Total pot $2.50 | Rake $0.12 
Board [Jh Qh As Jc]
Seat 1: HarryBeast420 folded on the Turn
Seat 2: Gfoer (button) folded before Flop (didn't bet)
Seat 3: whlzor (small blind) folded before Flop
Seat 4: b2k-Snick (big blind) collected ($2.38)
Seat 5: jeilsons folded before Flop (didn't bet)
Seat 6: Maximysss85 folded before Flop (didn't bet)



PokerStars Hand #254314863383:  Hold'em No Limit ($0.50/$1.00 USD) - 2025/01/11 16:27:46 WET [2025/01/11 11:27:46 ET]
Table 'Alnath III' 6-max Seat #3 is the button
Seat 1: HarryBeast420 ($133.50 in chips) 
Seat 2: Gfoer ($103.46 in chips) 
Seat 3: whlzor ($119.68 in chips) 
Seat 4: b2k-Snick ($109.38 in chips) 
Seat 5: jeilsons ($104 in chips) 
Seat 6: Maximysss85 ($115.70 in chips) 
b2k-Snick: posts small blind $0.50
jeilsons: posts big blind $1
*** HOLE CARDS ***
Maximysss85: folds 
HarryBeast420: calls $1
Gfoer: raises $3.50 to $4.50
whlzor: folds 
b2k-Snick: folds 
jeilsons: calls $3.50
HarryBeast420: calls $3.50
*** FLOP *** [Tc As 2c]
jeilsons: checks 
HarryBeast420: bets $10
Gfoer: raises $10 to $20
jeilsons: folds 
HarryBeast420: raises $10 to $30
Gfoer: folds 
Uncalled bet ($10) returned to HarryBeast420
HarryBeast420 collected $51.50 from pot
HarryBeast420: doesn't show hand 
*** SUMMARY ***
Total pot $54 | Rake $2.50 
Board [Tc As 2c]
Seat 1: HarryBeast420 collected ($51.50)
Seat 2: Gfoer folded on the Flop
Seat 3: whlzor (button) folded before Flop (didn't bet)
Seat 4: b2k-Snick (small blind) folded before Flop
Seat 5: jeilsons (big blind) folded on the Flop
Seat 6: Maximysss85 folded before Flop (didn't bet)



PokerStars Hand #254314884501:  Hold'em No Limit ($0.50/$1.00 USD) - 2025/01/11 16:29:06 WET [2025/01/11 11:29:06 ET]
Table 'Alnath III' 6-max Seat #4 is the button
Seat 1: HarryBeast420 ($160.50 in chips) 
Seat 2: Gfoer ($100 in chips) 
Seat 3: whlzor ($119.68 in chips) 
Seat 4: b2k-Snick ($108.88 in chips) 
Seat 5: jeilsons ($100 in chips) 
Seat 6: Maximysss85 ($115.70 in chips) 
jeilsons: posts small blind $0.50
Maximysss85: posts big blind $1
*** HOLE CARDS ***
HarryBeast420 has timed out
HarryBeast420: folds 
Gfoer: folds 
whlzor: folds 
b2k-Snick: raises $1.50 to $2.50
jeilsons: folds 
Maximysss85: raises $9.50 to $12
b2k-Snick: folds 
Uncalled bet ($9.50) returned to Maximysss85
Maximysss85 collected $5.50 from pot
Maximysss85: doesn't show hand 
*** SUMMARY ***
Total pot $5.50 | Rake $0 
Seat 1: HarryBeast420 folded before Flop (didn't bet)
Seat 2: Gfoer folded before Flop (didn't bet)
Seat 3: whlzor folded before Flop (didn't bet)
Seat 4: b2k-Snick (button) folded before Flop
Seat 5: jeilsons (small blind) folded before Flop
Seat 6: Maximysss85 (big blind) collected ($5.50)



PokerStars Hand #254314894850:  Hold'em No Limit ($0.50/$1.00 USD) - 2025/01/11 16:29:45 WET [2025/01/11 11:29:45 ET]
Table 'Alnath III' 6-max Seat #5 is the button
Seat 1: HarryBeast420 ($160.50 in chips) 
Seat 2: Gfoer ($100 in chips) 
Seat 3: whlzor ($119.68 in chips) 
Seat 4: b2k-Snick ($106.38 in chips) 
Seat 5: jeilsons ($100 in chips) 
Seat 6: Maximysss85 ($118.70 in chips) 
Maximysss85: posts small blind $0.50
HarryBeast420: posts big blind $1
*** HOLE CARDS ***
Gfoer: folds 
whlzor: raises $2 to $3
b2k-Snick: folds 
jeilsons: folds 
Maximysss85: folds 
HarryBeast420: calls $2
*** FLOP *** [6s 2d 5h]
HarryBeast420: checks 
whlzor: bets $2.04
HarryBeast420: folds 
Uncalled bet ($2.04) returned to whlzor
whlzor collected $6.18 from pot
whlzor: doesn't show hand 
*** SUMMARY ***
Total pot $6.50 | Rake $0.32 
Board [6s 2d 5h]
Seat 1: HarryBeast420 (big blind) folded on the Flop
Seat 2: Gfoer folded before Flop (didn't bet)
Seat 3: whlzor collected ($6.18)
Seat 4: b2k-Snick folded before Flop (didn't bet)
Seat 5: jeilsons (button) folded before Flop (didn't bet)
Seat 6: Maximysss85 (small blind) folded before Flop



PokerStars Hand #254314901982:  Hold'em No Limit ($0.50/$1.00 USD) - 2025/01/11 16:30:09 WET [2025/01/11 11:30:09 ET]
Table 'Alnath III' 6-max Seat #6 is the button
Seat 1: HarryBeast420 ($157.50 in chips) 
Seat 2: Gfoer ($100 in chips) 
Seat 3: whlzor ($122.86 in chips) 
Seat 4: b2k-Snick ($106.38 in chips) 
Seat 5: jeilsons ($100 in chips) 
Seat 6: Maximysss85 ($118.20 in chips) 
HarryBeast420: posts small blind $0.50
Gfoer: posts big blind $1
*** HOLE CARDS ***
whlzor: folds 
b2k-Snick: folds 
whlzor leaves the table
jeilsons: folds 
Maximysss85: raises $1.50 to $2.50
HarryBeast420: calls $2
Gfoer: folds 
*** FLOP *** [6d 4d Ts]
gig.gyty joins the table at seat #3 
HarryBeast420: bets $3
Maximysss85: calls $3
*** TURN *** [6d 4d Ts] [Kc]
HarryBeast420: bets $10
Maximysss85: calls $10
*** RIVER *** [6d 4d Ts Kc] [As]
HarryBeast420: bets $142 and is all-in
Maximysss85: calls $102.70 and is all-in
Uncalled bet ($39.30) returned to HarryBeast420
*** SHOW DOWN ***
HarryBeast420: shows [4h 4c] (three of a kind, Fours)
Maximysss85: shows [Ks Ah] (two pair, Aces and Kings)
HarryBeast420 collected $234.90 from pot
*** SUMMARY ***
Total pot $237.40 | Rake $2.50 
Board [6d 4d Ts Kc As]
Seat 1: HarryBeast420 (small blind) showed [4h 4c] and won ($234.90) with three of a kind, Fours
Seat 2: Gfoer (big blind) folded before Flop
Seat 3: whlzor folded before Flop (didn't bet)
Seat 4: b2k-Snick folded before Flop (didn't bet)
Seat 5: jeilsons folded before Flop (didn't bet)
Seat 6: Maximysss85 (button) showed [Ks Ah] and lost with two pair, Aces and Kings



PokerStars Hand #254314918381:  Hold'em No Limit ($0.50/$1.00 USD) - 2025/01/11 16:31:09 WET [2025/01/11 11:31:09 ET]
Table 'Alnath III' 6-max Seat #1 is the button
Seat 1: HarryBeast420 ($274.20 in chips) 
Seat 2: Gfoer ($100 in chips) 
Seat 3: gig.gyty ($100 in chips) 
Seat 4: b2k-Snick ($106.38 in chips) 
Seat 5: jeilsons ($100 in chips) 
Seat 6: Maximysss85 ($100 in chips) 
Gfoer: posts small blind $0.50
gig.gyty: posts big blind $1
*** HOLE CARDS ***
b2k-Snick: folds 
jeilsons: folds 
Maximysss85: folds 
HarryBeast420: raises $1 to $2
Gfoer: folds 
gig.gyty: folds 
Uncalled bet ($1) returned to HarryBeast420
HarryBeast420 collected $2.50 from pot
HarryBeast420: doesn't show hand 
*** SUMMARY ***
Total pot $2.50 | Rake $0 
Seat 1: HarryBeast420 (button) collected ($2.50)
Seat 2: Gfoer (small blind) folded before Flop
Seat 3: gig.gyty (big blind) folded before Flop
Seat 4: b2k-Snick folded before Flop (didn't bet)
Seat 5: jeilsons folded before Flop (didn't bet)
Seat 6: Maximysss85 folded before Flop (didn't bet)



PokerStars Hand #254314923060:  Hold'em No Limit ($0.50/$1.00 USD) - 2025/01/11 16:31:27 WET [2025/01/11 11:31:27 ET]
Table 'Alnath III' 6-max Seat #2 is the button
Seat 1: HarryBeast420 ($275.70 in chips) 
Seat 2: Gfoer ($100 in chips) 
Seat 3: gig.gyty ($100 in chips) 
Seat 4: b2k-Snick ($106.38 in chips) 
Seat 5: jeilsons ($100 in chips) 
Seat 6: Maximysss85 ($100 in chips) 
gig.gyty: posts small blind $0.50
b2k-Snick: posts big blind $1
*** HOLE CARDS ***
jeilsons: folds 
Maximysss85: folds 
HarryBeast420 has timed out
HarryBeast420: folds 
Gfoer: folds 
gig.gyty: folds 
Uncalled bet ($0.50) returned to b2k-Snick
b2k-Snick collected $1 from pot
b2k-Snick: doesn't show hand 
*** SUMMARY ***
Total pot $1 | Rake $0 
Seat 1: HarryBeast420 folded before Flop (didn't bet)
Seat 2: Gfoer (button) folded before Flop (didn't bet)
Seat 3: gig.gyty (small blind) folded before Flop
Seat 4: b2k-Snick (big blind) collected ($1)
Seat 5: jeilsons folded before Flop (didn't bet)
Seat 6: Maximysss85 folded before Flop (didn't bet)



PokerStars Hand #254314930109:  Hold'em No Limit ($0.50/$1.00 USD) - 2025/01/11 16:31:52 WET [2025/01/11 11:31:52 ET]
Table 'Alnath III' 6-max Seat #3 is the button
Seat 1: HarryBeast420 ($275.70 in chips) 
Seat 2: Gfoer ($100 in chips) 
Seat 3: gig.gyty ($100 in chips) 
Seat 4: b2k-Snick ($106.88 in chips) 
Seat 5: jeilsons ($100 in chips) 
Seat 6: Maximysss85 ($100 in chips) 
b2k-Snick: posts small blind $0.50
jeilsons: posts big blind $1
*** HOLE CARDS ***
Maximysss85: raises $1.50 to $2.50
HarryBeast420: folds 
Gfoer: folds 
gig.gyty: folds 
b2k-Snick: folds 
jeilsons: calls $1.50
*** FLOP *** [Ac 7h Ah]
jeilsons: checks 
Maximysss85: bets $2.09
jeilsons: calls $2.09
*** TURN *** [Ac 7h Ah] [Jh]
jeilsons: checks 
Maximysss85: checks 
*** RIVER *** [Ac 7h Ah Jh] [Td]
jeilsons: checks 
Maximysss85: bets $11.50
jeilsons: folds 
Uncalled bet ($11.50) returned to Maximysss85
Maximysss85 collected $9.20 from pot
Maximysss85: doesn't show hand 
*** SUMMARY ***
Total pot $9.68 | Rake $0.48 
Board [Ac 7h Ah Jh Td]
Seat 1: HarryBeast420 folded before Flop (didn't bet)
Seat 2: Gfoer folded before Flop (didn't bet)
Seat 3: gig.gyty (button) folded before Flop (didn't bet)
Seat 4: b2k-Snick (small blind) folded before Flop
Seat 5: jeilsons (big blind) folded on the River
Seat 6: Maximysss85 collected ($9.20)



PokerStars Hand #254314942073:  Hold'em No Limit ($0.50/$1.00 USD) - 2025/01/11 16:32:35 WET [2025/01/11 11:32:35 ET]
Table 'Alnath III' 6-max Seat #4 is the button
Seat 6: Maximysss85 ($104.61 in chips) is sitting out
Seat 1: HarryBeast420 ($275.70 in chips) 
Seat 2: Gfoer ($100 in chips) 
Seat 3: gig.gyty ($100 in chips) 
Seat 4: b2k-Snick ($106.38 in chips) 
Seat 5: jeilsons ($100 in chips) 
jeilsons: posts small blind $0.50
Maximysss85: is sitting out 
Maximysss85 leaves the table
HarryBeast420: posts big blind $1
*** HOLE CARDS ***
Gfoer: folds 
gig.gyty: raises $1.25 to $2.25
b2k-Snick: folds 
jeilsons: calls $1.75
oneduo joins the table at seat #6 
HarryBeast420: calls $1.25
*** FLOP *** [Ad Tc Jd]
jeilsons: checks 
HarryBeast420: bets $1
gig.gyty: folds 
jeilsons: calls $1
*** TURN *** [Ad Tc Jd] [Jh]
jeilsons: checks 
HarryBeast420: bets $1
jeilsons: folds 
Uncalled bet ($1) returned to HarryBeast420
HarryBeast420 collected $8.31 from pot
HarryBeast420: doesn't show hand 
*** SUMMARY ***
Total pot $8.75 | Rake $0.44 
Board [Ad Tc Jd Jh]
Seat 6: Maximysss85
Seat 1: HarryBeast420 (big blind) collected ($8.31)
Seat 2: Gfoer folded before Flop (didn't bet)
Seat 3: gig.gyty folded on the Flop
Seat 4: b2k-Snick (button) folded before Flop (didn't bet)
Seat 5: jeilsons (small blind) folded on the Turn



PokerStars Hand #254314952670:  Hold'em No Limit ($0.50/$1.00 USD) - 2025/01/11 16:33:13 WET [2025/01/11 11:33:13 ET]
Table 'Alnath III' 6-max Seat #5 is the button
Seat 6: oneduo ($100 in chips) is sitting out
Seat 1: HarryBeast420 ($280.76 in chips) 
Seat 2: Gfoer ($100 in chips) 
Seat 3: gig.gyty ($100 in chips) 
Seat 4: b2k-Snick ($106.38 in chips) 
Seat 5: jeilsons ($100 in chips) 
HarryBeast420: posts small blind $0.50
Gfoer: posts big blind $1
*** HOLE CARDS ***
gig.gyty: raises $1.25 to $2.25
b2k-Snick: folds 
jeilsons: folds 
HarryBeast420: calls $1.75
Gfoer: folds 
*** FLOP *** [2s Th Qh]
HarryBeast420: checks 
gig.gyty: bets $1.72
HarryBeast420: folds 
Uncalled bet ($1.72) returned to gig.gyty
gig.gyty collected $5.22 from pot
gig.gyty: doesn't show hand 
*** SUMMARY ***
Total pot $5.50 | Rake $0.28 
Board [2s Th Qh]
Seat 6: oneduo
Seat 1: HarryBeast420 (small blind) folded on the Flop
Seat 2: Gfoer (big blind) folded before Flop
Seat 3: gig.gyty collected ($5.22)
Seat 4: b2k-Snick folded before Flop (didn't bet)
Seat 5: jeilsons (button) folded before Flop (didn't bet)



PokerStars Hand #254314964610:  Hold'em No Limit ($0.50/$1.00 USD) - 2025/01/11 16:33:57 WET [2025/01/11 11:33:57 ET]
Table 'Alnath III' 6-max Seat #1 is the button
Seat 6: oneduo ($100 in chips) is sitting out
Seat 1: HarryBeast420 ($278.51 in chips) 
Seat 2: Gfoer ($100 in chips) 
Seat 3: gig.gyty ($102.97 in chips) 
Seat 4: b2k-Snick ($106.38 in chips) 
Seat 5: jeilsons ($100 in chips) 
Gfoer: posts small blind $0.50
gig.gyty: posts big blind $1
oneduo: sits out 
*** HOLE CARDS ***
b2k-Snick: folds 
jeilsons: folds 
HarryBeast420: folds 
Gfoer: raises $1.50 to $2.50
gig.gyty: folds 
Uncalled bet ($1.50) returned to Gfoer
Gfoer collected $2 from pot
Gfoer: doesn't show hand 
*** SUMMARY ***
Total pot $2 | Rake $0 
Seat 6: oneduo
Seat 1: HarryBeast420 (button) folded before Flop (didn't bet)
Seat 2: Gfoer (small blind) collected ($2)
Seat 3: gig.gyty (big blind) folded before Flop
Seat 4: b2k-Snick folded before Flop (didn't bet)
Seat 5: jeilsons folded before Flop (didn't bet)



PokerStars Hand #254314970307:  Hold'em No Limit ($0.50/$1.00 USD) - 2025/01/11 16:34:18 WET [2025/01/11 11:34:18 ET]
Table 'Alnath III' 6-max Seat #2 is the button
Seat 6: oneduo ($100 in chips) is sitting out
Seat 1: HarryBeast420 ($278.51 in chips) 
Seat 2: Gfoer ($101 in chips) 
Seat 3: gig.gyty ($101.97 in chips) 
Seat 4: b2k-Snick ($106.38 in chips) 
Seat 5: jeilsons ($100 in chips) 
gig.gyty: posts small blind $0.50
b2k-Snick: posts big blind $1
oneduo: sits out 
*** HOLE CARDS ***
jeilsons: folds 
HarryBeast420: calls $1
Gfoer: folds 
gig.gyty: folds 
b2k-Snick: checks 
*** FLOP *** [4h 7s Jd]
b2k-Snick: checks 
HarryBeast420: checks 
*** TURN *** [4h 7s Jd] [6h]
b2k-Snick: checks 
HarryBeast420: checks 
*** RIVER *** [4h 7s Jd 6h] [6d]
b2k-Snick: checks 
HarryBeast420: bets $10
b2k-Snick: raises $95.38 to $105.38 and is all-in
HarryBeast420: calls $95.38
*** SHOW DOWN ***
b2k-Snick: shows [5h 8c] (a straight, Four to Eight)
HarryBeast420: shows [3s 6c] (three of a kind, Sixes)
b2k-Snick collected $210.76 from pot
*** SUMMARY ***
Total pot $213.26 | Rake $2.50 
Board [4h 7s Jd 6h 6d]
Seat 6: oneduo
Seat 1: HarryBeast420 showed [3s 6c] and lost with three of a kind, Sixes
Seat 2: Gfoer (button) folded before Flop (didn't bet)
Seat 3: gig.gyty (small blind) folded before Flop
Seat 4: b2k-Snick (big blind) showed [5h 8c] and won ($210.76) with a straight, Four to Eight
Seat 5: jeilsons folded before Flop (didn't bet)



PokerStars Hand #254314994036:  Hold'em No Limit ($0.50/$1.00 USD) - 2025/01/11 16:35:43 WET [2025/01/11 11:35:43 ET]
Table 'Alnath III' 6-max Seat #3 is the button
Seat 6: oneduo ($100 in chips) is sitting out
Seat 1: HarryBeast420 ($172.13 in chips) 
Seat 2: Gfoer ($101 in chips) 
Seat 3: gig.gyty ($101.47 in chips) 
Seat 4: b2k-Snick ($210.76 in chips) 
Seat 5: jeilsons ($100 in chips) 
b2k-Snick: posts small blind $0.50
jeilsons: posts big blind $1
oneduo: sits out 
*** HOLE CARDS ***
HarryBeast420: calls $1
Gfoer: folds 
gig.gyty: raises $2.50 to $3.50
b2k-Snick: folds 
jeilsons: folds 
HarryBeast420: calls $2.50
*** FLOP *** [7c 8c Ks]
HarryBeast420: bets $10
gig.gyty: raises $87.97 to $97.97 and is all-in
HarryBeast420: calls $87.97
HarryBeast420 has timed out
*** TURN *** [7c 8c Ks] [Js]
*** RIVER *** [7c 8c Ks Js] [7s]
*** SHOW DOWN ***
HarryBeast420: shows [Kc Ad] (two pair, Kings and Sevens)
gig.gyty: shows [Kh Jd] (two pair, Kings and Jacks)
gig.gyty collected $201.94 from pot
*** SUMMARY ***
Total pot $204.44 | Rake $2.50 
Board [7c 8c Ks Js 7s]
Seat 6: oneduo
Seat 1: HarryBeast420 showed [Kc Ad] and lost with two pair, Kings and Sevens
Seat 2: Gfoer folded before Flop (didn't bet)
Seat 3: gig.gyty (button) showed [Kh Jd] and won ($201.94) with two pair, Kings and Jacks
Seat 4: b2k-Snick (small blind) folded before Flop
Seat 5: jeilsons (big blind) folded before Flop



PokerStars Hand #254315014163:  Hold'em No Limit ($0.50/$1.00 USD) - 2025/01/11 16:36:56 WET [2025/01/11 11:36:56 ET]
Table 'Alnath III' 6-max Seat #4 is the button
Seat 1: HarryBeast420 ($70.66 in chips) 
Seat 2: Gfoer ($101 in chips) 
Seat 3: gig.gyty ($201.94 in chips) 
Seat 4: b2k-Snick ($210.26 in chips) 
Seat 5: jeilsons ($100 in chips) 
Seat 6: oneduo ($100 in chips) 
jeilsons: posts small blind $0.50
oneduo: posts big blind $1
*** HOLE CARDS ***
HarryBeast420: calls $1
Gfoer: folds 
gig.gyty: raises $2.50 to $3.50
b2k-Snick: folds 
jeilsons: folds 
oneduo: folds 
HarryBeast420: calls $2.50
*** FLOP *** [4s 7d 6c]
HarryBeast420: bets $1
gig.gyty: raises $5.04 to $6.04
HarryBeast420: raises $61.12 to $67.16 and is all-in
gig.gyty: folds 
Uncalled bet ($61.12) returned to HarryBeast420
HarryBeast420 collected $19.55 from pot
HarryBeast420: doesn't show hand 
*** SUMMARY ***
Total pot $20.58 | Rake $1.03 
Board [4s 7d 6c]
Seat 1: HarryBeast420 collected ($19.55)
Seat 2: Gfoer folded before Flop (didn't bet)
Seat 3: gig.gyty folded on the Flop
Seat 4: b2k-Snick (button) folded before Flop (didn't bet)
Seat 5: jeilsons (small blind) folded before Flop
Seat 6: oneduo (big blind) folded before Flop



PokerStars Hand #254315026542:  Hold'em No Limit ($0.50/$1.00 USD) - 2025/01/11 16:37:41 WET [2025/01/11 11:37:41 ET]
Table 'Alnath III' 6-max Seat #5 is the button
Seat 1: HarryBeast420 ($80.67 in chips) 
Seat 2: Gfoer ($101 in chips) 
Seat 3: gig.gyty ($192.40 in chips) 
Seat 4: b2k-Snick ($210.26 in chips) 
Seat 5: jeilsons ($100 in chips) 
Seat 6: oneduo ($100 in chips) 
oneduo: posts small blind $0.50
HarryBeast420: posts big blind $1
*** HOLE CARDS ***
Gfoer: folds 
gig.gyty: folds 
b2k-Snick: folds 
jeilsons: folds 
oneduo: raises $1.80 to $2.80
HarryBeast420: folds 
Uncalled bet ($1.80) returned to oneduo
oneduo collected $2 from pot
oneduo: doesn't show hand 
*** SUMMARY ***
Total pot $2 | Rake $0 
Seat 1: HarryBeast420 (big blind) folded before Flop
Seat 2: Gfoer folded before Flop (didn't bet)
Seat 3: gig.gyty folded before Flop (didn't bet)
Seat 4: b2k-Snick folded before Flop (didn't bet)
Seat 5: jeilsons (button) folded before Flop (didn't bet)
Seat 6: oneduo (small blind) collected ($2)



PokerStars Hand #254315031714:  Hold'em No Limit ($0.50/$1.00 USD) - 2025/01/11 16:38:00 WET [2025/01/11 11:38:00 ET]
Table 'Alnath III' 6-max Seat #6 is the button
Seat 1: HarryBeast420 ($79.67 in chips) 
Seat 2: Gfoer ($101 in chips) 
Seat 3: gig.gyty ($192.40 in chips) 
Seat 4: b2k-Snick ($210.26 in chips) 
Seat 5: jeilsons ($100 in chips) 
Seat 6: oneduo ($101 in chips) 
HarryBeast420: posts small blind $0.50
Gfoer: posts big blind $1
*** HOLE CARDS ***
gig.gyty: folds 
b2k-Snick: folds 
jeilsons: raises $1.30 to $2.30
oneduo: folds 
HarryBeast420: calls $1.80
Gfoer: folds 
*** FLOP *** [7h 3h 2h]
HarryBeast420: checks 
jeilsons: bets $2.66
HarryBeast420: folds 
Uncalled bet ($2.66) returned to jeilsons
jeilsons collected $5.32 from pot
jeilsons: doesn't show hand 
*** SUMMARY ***
Total pot $5.60 | Rake $0.28 
Board [7h 3h 2h]
Seat 1: HarryBeast420 (small blind) folded on the Flop
Seat 2: Gfoer (big blind) folded before Flop
Seat 3: gig.gyty folded before Flop (didn't bet)
Seat 4: b2k-Snick folded before Flop (didn't bet)
Seat 5: jeilsons collected ($5.32)
Seat 6: oneduo (button) folded before Flop (didn't bet)



PokerStars Hand #254315044065:  Hold'em No Limit ($0.50/$1.00 USD) - 2025/01/11 16:38:45 WET [2025/01/11 11:38:45 ET]
Table 'Alnath III' 6-max Seat #1 is the button
Seat 1: HarryBeast420 ($77.37 in chips) 
Seat 2: Gfoer ($100 in chips) 
Seat 3: gig.gyty ($192.40 in chips) 
Seat 4: b2k-Snick ($210.26 in chips) 
Seat 5: jeilsons ($103.02 in chips) 
Seat 6: oneduo ($101 in chips) 
Gfoer: posts small blind $0.50
gig.gyty: posts big blind $1
*** HOLE CARDS ***
b2k-Snick: folds 
jeilsons: raises $1 to $2
oneduo: folds 
HarryBeast420: raises $3 to $5
Gfoer: folds 
gig.gyty: folds 
jeilsons: calls $3
*** FLOP *** [Js Ah Jc]
jeilsons: checks 
HarryBeast420: bets $72.37 and is all-in
jeilsons: calls $72.37
*** TURN *** [Js Ah Jc] [6h]
*** RIVER *** [Js Ah Jc 6h] [4h]
*** SHOW DOWN ***
jeilsons: shows [Th As] (two pair, Aces and Jacks)
HarryBeast420: shows [5d Kd] (a pair of Jacks)
jeilsons collected $153.74 from pot
*** SUMMARY ***
Total pot $156.24 | Rake $2.50 
Board [Js Ah Jc 6h 4h]
Seat 1: HarryBeast420 (button) showed [5d Kd] and lost with a pair of Jacks
Seat 2: Gfoer (small blind) folded before Flop
Seat 3: gig.gyty (big blind) folded before Flop
Seat 4: b2k-Snick folded before Flop (didn't bet)
Seat 5: jeilsons showed [Th As] and won ($153.74) with two pair, Aces and Jacks
Seat 6: oneduo folded before Flop (didn't bet)



PokerStars Hand #254315055621:  Hold'em No Limit ($0.50/$1.00 USD) - 2025/01/11 16:39:27 WET [2025/01/11 11:39:27 ET]
Table 'Alnath III' 6-max Seat #2 is the button
Seat 1: HarryBeast420 ($0 in chips) is sitting out
Seat 2: Gfoer ($100 in chips) 
Seat 3: gig.gyty ($191.40 in chips) 
Seat 4: b2k-Snick ($210.26 in chips) 
Seat 5: jeilsons ($179.39 in chips) 
Seat 6: oneduo ($101 in chips) 
gig.gyty: posts small blind $0.50
b2k-Snick: posts big blind $1
*** HOLE CARDS ***
jeilsons: folds 
oneduo: folds 
Gfoer: folds 
HarryBeast420 leaves the table
gig.gyty: folds 
Uncalled bet ($0.50) returned to b2k-Snick
b2k-Snick collected $1 from pot
b2k-Snick: doesn't show hand 
*** SUMMARY ***
Total pot $1 | Rake $0 
Seat 1: HarryBeast420
Seat 2: Gfoer (button) folded before Flop (didn't bet)
Seat 3: gig.gyty (small blind) folded before Flop
Seat 4: b2k-Snick (big blind) collected ($1)
Seat 5: jeilsons folded before Flop (didn't bet)
Seat 6: oneduo folded before Flop (didn't bet)



PokerStars Hand #254315059279:  Hold'em No Limit ($0.50/$1.00 USD) - 2025/01/11 16:39:41 WET [2025/01/11 11:39:41 ET]
Table 'Alnath III' 6-max Seat #3 is the button
Seat 2: Gfoer ($100 in chips) 
Seat 3: gig.gyty ($190.90 in chips) 
Seat 4: b2k-Snick ($210.76 in chips) 
Seat 5: jeilsons ($179.39 in chips) 
Seat 6: oneduo ($101 in chips) 
b2k-Snick: posts small blind $0.50
jeilsons: posts big blind $1
*** HOLE CARDS ***
oneduo: folds 
Gfoer: folds 
gig.gyty: raises $1.50 to $2.50
b2k-Snick: folds 
jeilsons: folds 
Uncalled bet ($1.50) returned to gig.gyty
gig.gyty collected $2.50 from pot
gig.gyty: doesn't show hand 
*** SUMMARY ***
Total pot $2.50 | Rake $0 
Seat 2: Gfoer folded before Flop (didn't bet)
Seat 3: gig.gyty (button) collected ($2.50)
Seat 4: b2k-Snick (small blind) folded before Flop
Seat 5: jeilsons (big blind) folded before Flop
Seat 6: oneduo folded before Flop (didn't bet)



