PokerStars Hand #254317268081:  Hold'em No Limit ($0.50/$1.00 USD) - 2025/01/11 18:46:19 WET [2025/01/11 13:46:19 ET]
Table 'Schorria II' 6-max Seat #2 is the button
Seat 1: Baton1307 ($49.38 in chips) 
Seat 2: Diamondplaces ($12.30 in chips) 
Seat 3: Dr. Fvinagre ($33.74 in chips) 
Seat 4: EyzRED ($101 in chips) 
Seat 5: JUANS2 ($101.50 in chips) 
Seat 6: EAroca ($101 in chips) 
Dr. Fvinagre: posts small blind $0.50
EyzRED: posts big blind $1
Baton1307: posts big blind $1
*** HOLE CARDS ***
JUANS2: raises $3 to $4
EAroca: folds 
Baton1307: calls $3
Diamondplaces: folds 
Dr. Fvinagre: folds 
EyzRED: folds 
*** FLOP *** [Tc Jh 7c]
JUANS2: bets $4
Baton1307: folds 
Uncalled bet ($4) returned to JUANS2
JUANS2 collected $9.02 from pot
JUANS2: doesn't show hand 
*** SUMMARY ***
Total pot $9.50 | Rake $0.48 
Board [Tc Jh 7c]
Seat 1: Baton1307 folded on the Flop
Seat 2: Diamondplaces (button) folded before Flop (didn't bet)
Seat 3: Dr. Fvinagre (small blind) folded before Flop
Seat 4: EyzRED (big blind) folded before Flop
Seat 5: JUANS2 collected ($9.02)
Seat 6: EAroca folded before Flop (didn't bet)



PokerStars Hand #254317287343:  Hold'em No Limit ($0.50/$1.00 USD) - 2025/01/11 18:47:17 WET [2025/01/11 13:47:17 ET]
Table 'Schorria II' 6-max Seat #3 is the button
Seat 1: Baton1307 ($45.38 in chips) 
Seat 2: Diamondplaces ($12.30 in chips) 
Seat 3: Dr. Fvinagre ($33.24 in chips) 
Seat 4: EyzRED ($100 in chips) 
Seat 5: JUANS2 ($106.52 in chips) 
Seat 6: EAroca ($101 in chips) 
EyzRED: posts small blind $0.50
JUANS2: posts big blind $1
*** HOLE CARDS ***
EAroca: raises $1.20 to $2.20
Baton1307: raises $1.20 to $3.40
Diamondplaces: folds 
Dr. Fvinagre: folds 
EyzRED: folds 
JUANS2: folds 
EAroca: calls $1.20
*** FLOP *** [9h 9d 7h]
EAroca: checks 
Baton1307: checks 
*** TURN *** [9h 9d 7h] [8c]
EAroca: bets $2.60
Baton1307: folds 
Uncalled bet ($2.60) returned to EAroca
EAroca collected $7.88 from pot
EAroca: doesn't show hand 
*** SUMMARY ***
Total pot $8.30 | Rake $0.42 
Board [9h 9d 7h 8c]
Seat 1: Baton1307 folded on the Turn
Seat 2: Diamondplaces folded before Flop (didn't bet)
Seat 3: Dr. Fvinagre (button) folded before Flop (didn't bet)
Seat 4: EyzRED (small blind) folded before Flop
Seat 5: JUANS2 (big blind) folded before Flop
Seat 6: EAroca collected ($7.88)



PokerStars Hand #254317303789:  Hold'em No Limit ($0.50/$1.00 USD) - 2025/01/11 18:48:05 WET [2025/01/11 13:48:05 ET]
Table 'Schorria II' 6-max Seat #4 is the button
Seat 1: Baton1307 ($41.98 in chips) 
Seat 2: Diamondplaces ($12.30 in chips) 
Seat 3: Dr. Fvinagre ($33.24 in chips) 
Seat 4: EyzRED ($100 in chips) 
Seat 5: JUANS2 ($105.52 in chips) 
Seat 6: EAroca ($105.48 in chips) 
JUANS2: posts small blind $0.50
EAroca: posts big blind $1
*** HOLE CARDS ***
Baton1307: raises $1 to $2
Diamondplaces: folds 
Dr. Fvinagre: folds 
EyzRED: raises $4.50 to $6.50
JUANS2: raises $11 to $17.50
EAroca: folds 
Baton1307: raises $24.48 to $41.98 and is all-in
EyzRED: raises $58.02 to $100 and is all-in
JUANS2: folds 
Uncalled bet ($58.02) returned to EyzRED
*** FLOP *** [6d Jd 9d]
*** TURN *** [6d Jd 9d] [7c]
*** RIVER *** [6d Jd 9d 7c] [4h]
*** SHOW DOWN ***
Baton1307: shows [Qh Kc] (high card King)
EyzRED: shows [Ad Ks] (high card Ace)
EyzRED collected $99.96 from pot
*** SUMMARY ***
Total pot $102.46 | Rake $2.50 
Board [6d Jd 9d 7c 4h]
Seat 1: Baton1307 showed [Qh Kc] and lost with high card King
Seat 2: Diamondplaces folded before Flop (didn't bet)
Seat 3: Dr. Fvinagre folded before Flop (didn't bet)
Seat 4: EyzRED (button) showed [Ad Ks] and won ($99.96) with high card Ace
Seat 5: JUANS2 (small blind) folded before Flop
Seat 6: EAroca (big blind) folded before Flop



PokerStars Hand #254317324246:  Hold'em No Limit ($0.50/$1.00 USD) - 2025/01/11 18:49:06 WET [2025/01/11 13:49:06 ET]
Table 'Schorria II' 6-max Seat #5 is the button
Seat 1: Baton1307 ($0 in chips) is sitting out
Seat 2: Diamondplaces ($12.30 in chips) 
Seat 3: Dr. Fvinagre ($33.24 in chips) 
Seat 4: EyzRED ($157.98 in chips) 
Seat 5: JUANS2 ($100 in chips) 
Seat 6: EAroca ($104.48 in chips) 
EAroca: posts small blind $0.50
Diamondplaces: posts big blind $1
*** HOLE CARDS ***
Baton1307 is disconnected 
Dr. Fvinagre: raises $1.50 to $2.50
EyzRED: folds 
JUANS2: raises $5 to $7.50
EAroca: folds 
Diamondplaces: folds 
Dr. Fvinagre: calls $5
*** FLOP *** [2c 5s As]
Diamondplaces leaves the table
Evelexy1 joins the table at seat #2 
Dr. Fvinagre: checks 
JUANS2: checks 
*** TURN *** [2c 5s As] [9h]
Dr. Fvinagre: checks 
JUANS2: checks 
*** RIVER *** [2c 5s As 9h] [9d]
Dr. Fvinagre: checks 
JUANS2: bets $4
Dr. Fvinagre: calls $4
*** SHOW DOWN ***
JUANS2: shows [Kh Ks] (two pair, Kings and Nines)
Dr. Fvinagre: mucks hand 
JUANS2 collected $23.28 from pot
*** SUMMARY ***
Total pot $24.50 | Rake $1.22 
Board [2c 5s As 9h 9d]
Seat 1: Baton1307
Seat 2: Diamondplaces (big blind) folded before Flop
Seat 3: Dr. Fvinagre mucked
Seat 4: EyzRED folded before Flop (didn't bet)
Seat 5: JUANS2 (button) showed [Kh Ks] and won ($23.28) with two pair, Kings and Nines
Seat 6: EAroca (small blind) folded before Flop



PokerStars Hand #254317349750:  Hold'em No Limit ($0.50/$1.00 USD) - 2025/01/11 18:50:23 WET [2025/01/11 13:50:23 ET]
Table 'Schorria II' 6-max Seat #6 is the button
Seat 1: Baton1307 ($0 in chips) is sitting out
Seat 2: Evelexy1 ($10 in chips) is sitting out
Seat 4: EyzRED ($157.98 in chips) is sitting out
Seat 3: Dr. Fvinagre ($21.74 in chips) 
Seat 5: JUANS2 ($111.78 in chips) 
Seat 6: EAroca ($103.98 in chips) 
Dr. Fvinagre: posts small blind $0.50
EyzRED: is sitting out 
JUANS2: posts big blind $1
*** HOLE CARDS ***
EAroca: raises $1.50 to $2.50
Dr. Fvinagre has timed out
Dr. Fvinagre: folds 
JUANS2: raises $9 to $11.50
EAroca: calls $9
*** FLOP *** [Jc Tc 9c]
JUANS2: checks 
EAroca: checks 
*** TURN *** [Jc Tc 9c] [Js]
JUANS2: checks 
EAroca: checks 
*** RIVER *** [Jc Tc 9c Js] [Kh]
JUANS2: checks 
EAroca: bets $15.08
JUANS2: folds 
Uncalled bet ($15.08) returned to EAroca
EAroca collected $22.50 from pot
EAroca: doesn't show hand 
*** SUMMARY ***
Total pot $23.50 | Rake $1 
Board [Jc Tc 9c Js Kh]
Seat 1: Baton1307
Seat 2: Evelexy1
Seat 4: EyzRED
Seat 3: Dr. Fvinagre (small blind) folded before Flop
Seat 5: JUANS2 (big blind) folded on the River
Seat 6: EAroca (button) collected ($22.50)



PokerStars Hand #254317403447:  Hold'em No Limit ($0.50/$1.00 USD) - 2025/01/11 18:53:05 WET [2025/01/11 13:53:05 ET]
Table 'Schorria II' 6-max Seat #3 is the button
Seat 1: Baton1307 ($0 in chips) is sitting out
Seat 2: Evelexy1 ($100 in chips) is sitting out
Seat 4: EyzRED ($157.98 in chips) is sitting out
Seat 3: Dr. Fvinagre ($21.24 in chips) 
Seat 5: JUANS2 ($100.28 in chips) 
Seat 6: EAroca ($114.98 in chips) 
JUANS2: posts small blind $0.50
EAroca: posts big blind $1
Evelexy1: sits out 
*** HOLE CARDS ***
Dr. Fvinagre: folds 
JUANS2: folds 
Uncalled bet ($0.50) returned to EAroca
EAroca collected $1 from pot
EAroca: doesn't show hand 
*** SUMMARY ***
Total pot $1 | Rake $0 
Seat 1: Baton1307
Seat 2: Evelexy1
Seat 4: EyzRED
Seat 3: Dr. Fvinagre (button) folded before Flop (didn't bet)
Seat 5: JUANS2 (small blind) folded before Flop
Seat 6: EAroca (big blind) collected ($1)



PokerStars Hand #254317406595:  Hold'em No Limit ($0.50/$1.00 USD) - 2025/01/11 18:53:15 WET [2025/01/11 13:53:15 ET]
Table 'Schorria II' 6-max Seat #5 is the button
Seat 1: Baton1307 ($0 in chips) is sitting out
Seat 4: EyzRED ($157.98 in chips) is sitting out
Seat 2: Evelexy1 ($100 in chips) 
Seat 3: Dr. Fvinagre ($21.24 in chips) 
Seat 5: JUANS2 ($100 in chips) 
Seat 6: EAroca ($115.48 in chips) 
EAroca: posts small blind $0.50
Evelexy1: posts big blind $1
*** HOLE CARDS ***
Dr. Fvinagre has timed out
Dr. Fvinagre: folds 
JUANS2: folds 
EAroca: folds 
Uncalled bet ($0.50) returned to Evelexy1
Evelexy1 collected $1 from pot
Evelexy1: doesn't show hand 
*** SUMMARY ***
Total pot $1 | Rake $0 
Seat 1: Baton1307
Seat 4: EyzRED
Seat 2: Evelexy1 (big blind) collected ($1)
Seat 3: Dr. Fvinagre folded before Flop (didn't bet)
Seat 5: JUANS2 (button) folded before Flop (didn't bet)
Seat 6: EAroca (small blind) folded before Flop



PokerStars Hand #254317412302:  Hold'em No Limit ($0.50/$1.00 USD) - 2025/01/11 18:53:32 WET [2025/01/11 13:53:32 ET]
Table 'Schorria II' 6-max Seat #2 is the button
Seat 1: Baton1307 ($0 in chips) is sitting out
Seat 3: Dr. Fvinagre ($21.24 in chips) is sitting out
Seat 4: EyzRED ($157.98 in chips) is sitting out
Seat 5: JUANS2 ($100 in chips) is sitting out
Seat 2: Evelexy1 ($100.50 in chips) 
Seat 6: EAroca ($114.98 in chips) 
Evelexy1: posts small blind $0.50
JUANS2: is sitting out 
EAroca: posts big blind $1
*** HOLE CARDS ***
Evelexy1: folds 
Uncalled bet ($0.50) returned to EAroca
EAroca collected $1 from pot
EAroca: doesn't show hand 
*** SUMMARY ***
Total pot $1 | Rake $0 
Seat 1: Baton1307
Seat 3: Dr. Fvinagre
Seat 4: EyzRED
Seat 5: JUANS2
Seat 2: Evelexy1 (button) (small blind) folded before Flop
Seat 6: EAroca (big blind) collected ($1)



PokerStars Hand #254317414720:  Hold'em No Limit ($0.50/$1.00 USD) - 2025/01/11 18:53:39 WET [2025/01/11 13:53:39 ET]
Table 'Schorria II' 6-max Seat #6 is the button
Seat 1: Baton1307 ($0 in chips) is sitting out
Seat 3: Dr. Fvinagre ($21.24 in chips) is sitting out
Seat 4: EyzRED ($157.98 in chips) is sitting out
Seat 2: Evelexy1 ($100 in chips) 
Seat 6: EAroca ($115.48 in chips) 
JUANS2 leaves the table
EAroca: posts small blind $0.50
Evelexy1: posts big blind $1
*** HOLE CARDS ***
EAroca: raises $1.30 to $2.30
Evelexy1: folds 
Uncalled bet ($1.30) returned to EAroca
EAroca collected $2 from pot
EAroca: doesn't show hand 
*** SUMMARY ***
Total pot $2 | Rake $0 
Seat 1: Baton1307
Seat 3: Dr. Fvinagre
Seat 4: EyzRED
Seat 2: Evelexy1 (big blind) folded before Flop
Seat 6: EAroca (button) (small blind) collected ($2)



PokerStars Hand #254317418408:  Hold'em No Limit ($0.50/$1.00 USD) - 2025/01/11 18:53:50 WET [2025/01/11 13:53:50 ET]
Table 'Schorria II' 6-max Seat #2 is the button
Seat 1: Baton1307 ($0 in chips) is sitting out
Seat 3: Dr. Fvinagre ($21.24 in chips) is sitting out
Seat 4: EyzRED ($157.98 in chips) is sitting out
Seat 2: Evelexy1 ($100 in chips) 
Seat 6: EAroca ($116.48 in chips) 
Evelexy1: posts small blind $0.50
EAroca: posts big blind $1
*** HOLE CARDS ***
Evelexy1: raises $1.50 to $2.50
EAroca: folds 
Uncalled bet ($1.50) returned to Evelexy1
Evelexy1 collected $2 from pot
Evelexy1: doesn't show hand 
*** SUMMARY ***
Total pot $2 | Rake $0 
Seat 1: Baton1307
Seat 3: Dr. Fvinagre
Seat 4: EyzRED
Seat 2: Evelexy1 (button) (small blind) collected ($2)
Seat 6: EAroca (big blind) folded before Flop



PokerStars Hand #254317421472:  Hold'em No Limit ($0.50/$1.00 USD) - 2025/01/11 18:54:00 WET [2025/01/11 13:54:00 ET]
Table 'Schorria II' 6-max Seat #6 is the button
Seat 1: Baton1307 ($0 in chips) is sitting out
Seat 3: Dr. Fvinagre ($21.24 in chips) is sitting out
Seat 4: EyzRED ($157.98 in chips) is sitting out
Seat 2: Evelexy1 ($101 in chips) 
Seat 6: EAroca ($115.48 in chips) 
EAroca: posts small blind $0.50
Evelexy1: posts big blind $1
*** HOLE CARDS ***
IREQO joins the table at seat #5 
EAroca: folds 
Uncalled bet ($0.50) returned to Evelexy1
Evelexy1 collected $1 from pot
Baton1307 leaves the table
Evelexy1: doesn't show hand 
*** SUMMARY ***
Total pot $1 | Rake $0 
Seat 1: Baton1307
Seat 3: Dr. Fvinagre
Seat 4: EyzRED
Seat 2: Evelexy1 (big blind) collected ($1)
Seat 6: EAroca (button) (small blind) folded before Flop



PokerStars Hand #254317424933:  Hold'em No Limit ($0.50/$1.00 USD) - 2025/01/11 18:54:10 WET [2025/01/11 13:54:10 ET]
Table 'Schorria II' 6-max Seat #2 is the button
Seat 3: Dr. Fvinagre ($21.24 in chips) is sitting out
Seat 4: EyzRED ($157.98 in chips) is sitting out
Seat 5: IREQO ($100 in chips) is sitting out
Seat 2: Evelexy1 ($101.50 in chips) 
Seat 6: EAroca ($114.98 in chips) 
Evelexy1: posts small blind $0.50
IREQO: is sitting out 
EAroca: posts big blind $1
*** HOLE CARDS ***
Evelexy1: raises $1.50 to $2.50
Dr. Fvinagre is disconnected 
EAroca: folds 
Uncalled bet ($1.50) returned to Evelexy1
Evelexy1 collected $2 from pot
EyzRED leaves the table
Evelexy1: doesn't show hand 
IREQO leaves the table
*** SUMMARY ***
Total pot $2 | Rake $0 
Seat 3: Dr. Fvinagre
Seat 4: EyzRED
Seat 5: IREQO
Seat 2: Evelexy1 (button) (small blind) collected ($2)
Seat 6: EAroca (big blind) folded before Flop



