PokerStars Hand #254309961670:  Hold'em No Limit ($0.50/$1.00 USD) - 2025/01/11 8:09:56 WET [2025/01/11 3:09:56 ET]
Table 'Navi II' 6-max Seat #3 is the button
Seat 1: woodmasterer ($53.54 in chips) 
Seat 2: B1GBankroll ($127.75 in chips) 
Seat 3: Nurlanstar92 ($100 in chips) 
Seat 4: avlee1 ($100 in chips) 
Seat 5: KarP93 ($100 in chips) 
Seat 6: Emily_GetMan ($113.22 in chips) 
avlee1: posts small blind $0.50
KarP93: posts big blind $1
*** HOLE CARDS ***
Emily_GetMan: folds 
woodmasterer: calls $1
B1GBankroll: folds 
Nurlanstar92: folds 
avlee1: folds 
KarP93: checks 
*** FLOP *** [Jh Th 7s]
KarP93: checks 
woodmasterer: checks 
*** TURN *** [Jh Th 7s] [Jc]
KarP93: checks 
woodmasterer: checks 
*** RIVER *** [Jh Th 7s Jc] [4h]
KarP93: bets $2.38
woodmasterer: raises $2.38 to $4.76
KarP93: folds 
Uncalled bet ($2.38) returned to woodmasterer
woodmasterer collected $6.90 from pot
woodmasterer: doesn't show hand 
*** SUMMARY ***
Total pot $7.26 | Rake $0.36 
Board [Jh Th 7s Jc 4h]
Seat 1: woodmasterer collected ($6.90)
Seat 2: B1GBankroll folded before Flop (didn't bet)
Seat 3: Nurlanstar92 (button) folded before Flop (didn't bet)
Seat 4: avlee1 (small blind) folded before Flop
Seat 5: KarP93 (big blind) folded on the River
Seat 6: Emily_GetMan folded before Flop (didn't bet)



PokerStars Hand #254309965652:  Hold'em No Limit ($0.50/$1.00 USD) - 2025/01/11 8:10:42 WET [2025/01/11 3:10:42 ET]
Table 'Navi II' 6-max Seat #4 is the button
Seat 1: woodmasterer ($57.06 in chips) 
Seat 2: B1GBankroll ($127.75 in chips) 
Seat 3: Nurlanstar92 ($100 in chips) 
Seat 4: avlee1 ($100 in chips) 
Seat 5: KarP93 ($100 in chips) 
Seat 6: Emily_GetMan ($113.22 in chips) 
KarP93: posts small blind $0.50
Emily_GetMan: posts big blind $1
*** HOLE CARDS ***
woodmasterer: calls $1
B1GBankroll: folds 
Nurlanstar92: folds 
avlee1: folds 
KarP93: calls $0.50
Emily_GetMan: checks 
*** FLOP *** [3s Ts Ks]
KarP93: checks 
Emily_GetMan: bets $1
woodmasterer: folds 
KarP93: folds 
Uncalled bet ($1) returned to Emily_GetMan
Emily_GetMan collected $2.85 from pot
Emily_GetMan: doesn't show hand 
*** SUMMARY ***
Total pot $3 | Rake $0.15 
Board [3s Ts Ks]
Seat 1: woodmasterer folded on the Flop
Seat 2: B1GBankroll folded before Flop (didn't bet)
Seat 3: Nurlanstar92 folded before Flop (didn't bet)
Seat 4: avlee1 (button) folded before Flop (didn't bet)
Seat 5: KarP93 (small blind) folded on the Flop
Seat 6: Emily_GetMan (big blind) collected ($2.85)



PokerStars Hand #254309968423:  Hold'em No Limit ($0.50/$1.00 USD) - 2025/01/11 8:11:14 WET [2025/01/11 3:11:14 ET]
Table 'Navi II' 6-max Seat #5 is the button
Seat 1: woodmasterer ($56.06 in chips) 
Seat 2: B1GBankroll ($127.75 in chips) 
Seat 3: Nurlanstar92 ($100 in chips) 
Seat 4: avlee1 ($100 in chips) 
Seat 5: KarP93 ($100 in chips) 
Seat 6: Emily_GetMan ($115.07 in chips) 
Emily_GetMan: posts small blind $0.50
woodmasterer: posts big blind $1
*** HOLE CARDS ***
B1GBankroll: folds 
Nurlanstar92: raises $1 to $2
avlee1: folds 
KarP93: folds 
Emily_GetMan: folds 
woodmasterer: calls $1
*** FLOP *** [Jh 5h 7c]
woodmasterer: checks 
Nurlanstar92: bets $1.41
woodmasterer: calls $1.41
*** TURN *** [Jh 5h 7c] [Jc]
woodmasterer: checks 
Nurlanstar92: bets $5.21
woodmasterer: folds 
Uncalled bet ($5.21) returned to Nurlanstar92
Nurlanstar92 collected $6.95 from pot
Nurlanstar92: doesn't show hand 
*** SUMMARY ***
Total pot $7.32 | Rake $0.37 
Board [Jh 5h 7c Jc]
Seat 1: woodmasterer (big blind) folded on the Turn
Seat 2: B1GBankroll folded before Flop (didn't bet)
Seat 3: Nurlanstar92 collected ($6.95)
Seat 4: avlee1 folded before Flop (didn't bet)
Seat 5: KarP93 (button) folded before Flop (didn't bet)
Seat 6: Emily_GetMan (small blind) folded before Flop



PokerStars Hand #254309971236:  Hold'em No Limit ($0.50/$1.00 USD) - 2025/01/11 8:11:46 WET [2025/01/11 3:11:46 ET]
Table 'Navi II' 6-max Seat #6 is the button
Seat 1: woodmasterer ($52.65 in chips) 
Seat 2: B1GBankroll ($127.75 in chips) 
Seat 3: Nurlanstar92 ($103.54 in chips) 
Seat 4: avlee1 ($100 in chips) 
Seat 5: KarP93 ($100 in chips) 
Seat 6: Emily_GetMan ($114.57 in chips) 
woodmasterer: posts small blind $0.50
B1GBankroll: posts big blind $1
*** HOLE CARDS ***
Nurlanstar92: folds 
avlee1: raises $1.50 to $2.50
KarP93: folds 
Emily_GetMan: folds 
woodmasterer: calls $2
B1GBankroll: folds 
*** FLOP *** [3d Ac 2s]
woodmasterer: checks 
avlee1: checks 
*** TURN *** [3d Ac 2s] [9h]
woodmasterer: checks 
avlee1: checks 
*** RIVER *** [3d Ac 2s 9h] [2c]
woodmasterer: bets $3
avlee1: calls $3
*** SHOW DOWN ***
woodmasterer: shows [Ad 6d] (two pair, Aces and Deuces)
avlee1: mucks hand 
woodmasterer collected $11.40 from pot
*** SUMMARY ***
Total pot $12 | Rake $0.60 
Board [3d Ac 2s 9h 2c]
Seat 1: woodmasterer (small blind) showed [Ad 6d] and won ($11.40) with two pair, Aces and Deuces
Seat 2: B1GBankroll (big blind) folded before Flop
Seat 3: Nurlanstar92 folded before Flop (didn't bet)
Seat 4: avlee1 mucked
Seat 5: KarP93 folded before Flop (didn't bet)
Seat 6: Emily_GetMan (button) folded before Flop (didn't bet)



PokerStars Hand #254309975682:  Hold'em No Limit ($0.50/$1.00 USD) - 2025/01/11 8:12:37 WET [2025/01/11 3:12:37 ET]
Table 'Navi II' 6-max Seat #1 is the button
Seat 1: woodmasterer ($58.55 in chips) 
Seat 2: B1GBankroll ($126.75 in chips) 
Seat 3: Nurlanstar92 ($103.54 in chips) 
Seat 4: avlee1 ($100 in chips) 
Seat 5: KarP93 ($100 in chips) 
Seat 6: Emily_GetMan ($114.57 in chips) 
B1GBankroll: posts small blind $0.50
Nurlanstar92: posts big blind $1
*** HOLE CARDS ***
avlee1: raises $1.50 to $2.50
KarP93: folds 
Emily_GetMan: folds 
woodmasterer: folds 
B1GBankroll: folds 
Nurlanstar92: calls $1.50
*** FLOP *** [4c 2c 5h]
Nurlanstar92: checks 
avlee1: checks 
*** TURN *** [4c 2c 5h] [6c]
Nurlanstar92: bets $7
avlee1: folds 
Uncalled bet ($7) returned to Nurlanstar92
Nurlanstar92 collected $5.22 from pot
Nurlanstar92: doesn't show hand 
*** SUMMARY ***
Total pot $5.50 | Rake $0.28 
Board [4c 2c 5h 6c]
Seat 1: woodmasterer (button) folded before Flop (didn't bet)
Seat 2: B1GBankroll (small blind) folded before Flop
Seat 3: Nurlanstar92 (big blind) collected ($5.22)
Seat 4: avlee1 folded on the Turn
Seat 5: KarP93 folded before Flop (didn't bet)
Seat 6: Emily_GetMan folded before Flop (didn't bet)



PokerStars Hand #254309978936:  Hold'em No Limit ($0.50/$1.00 USD) - 2025/01/11 8:13:14 WET [2025/01/11 3:13:14 ET]
Table 'Navi II' 6-max Seat #2 is the button
Seat 1: woodmasterer ($58.55 in chips) 
Seat 2: B1GBankroll ($126.25 in chips) 
Seat 3: Nurlanstar92 ($106.26 in chips) 
Seat 4: avlee1 ($100 in chips) 
Seat 5: KarP93 ($100 in chips) 
Seat 6: Emily_GetMan ($114.57 in chips) 
Nurlanstar92: posts small blind $0.50
avlee1: posts big blind $1
*** HOLE CARDS ***
KarP93: folds 
Emily_GetMan: folds 
woodmasterer: calls $1
B1GBankroll: folds 
Nurlanstar92: folds 
avlee1: checks 
*** FLOP *** [8c 3h Jh]
avlee1: checks 
woodmasterer: checks 
*** TURN *** [8c 3h Jh] [8d]
avlee1: bets $1.57
woodmasterer: folds 
Uncalled bet ($1.57) returned to avlee1
avlee1 collected $2.38 from pot
avlee1: doesn't show hand 
*** SUMMARY ***
Total pot $2.50 | Rake $0.12 
Board [8c 3h Jh 8d]
Seat 1: woodmasterer folded on the Turn
Seat 2: B1GBankroll (button) folded before Flop (didn't bet)
Seat 3: Nurlanstar92 (small blind) folded before Flop
Seat 4: avlee1 (big blind) collected ($2.38)
Seat 5: KarP93 folded before Flop (didn't bet)
Seat 6: Emily_GetMan folded before Flop (didn't bet)



PokerStars Hand #254309981114:  Hold'em No Limit ($0.50/$1.00 USD) - 2025/01/11 8:13:39 WET [2025/01/11 3:13:39 ET]
Table 'Navi II' 6-max Seat #3 is the button
Seat 1: woodmasterer ($57.55 in chips) 
Seat 2: B1GBankroll ($126.25 in chips) 
Seat 3: Nurlanstar92 ($105.76 in chips) 
Seat 4: avlee1 ($101.38 in chips) 
Seat 5: KarP93 ($100 in chips) 
Seat 6: Emily_GetMan ($114.57 in chips) 
avlee1: posts small blind $0.50
KarP93: posts big blind $1
*** HOLE CARDS ***
Emily_GetMan: folds 
woodmasterer: calls $1
B1GBankroll: raises $3 to $4
Nurlanstar92: folds 
avlee1: folds 
KarP93: folds 
woodmasterer: calls $3
*** FLOP *** [3s Qc Jc]
woodmasterer: checks 
B1GBankroll: bets $4.42
woodmasterer: calls $4.42
*** TURN *** [3s Qc Jc] [8d]
woodmasterer: checks 
B1GBankroll: bets $12.89
woodmasterer: folds 
Uncalled bet ($12.89) returned to B1GBankroll
B1GBankroll collected $17.42 from pot
B1GBankroll: doesn't show hand 
*** SUMMARY ***
Total pot $18.34 | Rake $0.92 
Board [3s Qc Jc 8d]
Seat 1: woodmasterer folded on the Turn
Seat 2: B1GBankroll collected ($17.42)
Seat 3: Nurlanstar92 (button) folded before Flop (didn't bet)
Seat 4: avlee1 (small blind) folded before Flop
Seat 5: KarP93 (big blind) folded before Flop
Seat 6: Emily_GetMan folded before Flop (didn't bet)



PokerStars Hand #254309985798:  Hold'em No Limit ($0.50/$1.00 USD) - 2025/01/11 8:14:31 WET [2025/01/11 3:14:31 ET]
Table 'Navi II' 6-max Seat #4 is the button
Seat 1: woodmasterer ($49.13 in chips) 
Seat 2: B1GBankroll ($135.25 in chips) 
Seat 3: Nurlanstar92 ($105.76 in chips) 
Seat 4: avlee1 ($100.88 in chips) 
Seat 5: KarP93 ($100 in chips) 
Seat 6: Emily_GetMan ($114.57 in chips) 
KarP93: posts small blind $0.50
Emily_GetMan: posts big blind $1
*** HOLE CARDS ***
woodmasterer: folds 
B1GBankroll: folds 
Nurlanstar92: folds 
avlee1: raises $1.50 to $2.50
KarP93: raises $8 to $10.50
Emily_GetMan: folds 
avlee1: folds 
Uncalled bet ($8) returned to KarP93
KarP93 collected $6 from pot
KarP93: doesn't show hand 
*** SUMMARY ***
Total pot $6 | Rake $0 
Seat 1: woodmasterer folded before Flop (didn't bet)
Seat 2: B1GBankroll folded before Flop (didn't bet)
Seat 3: Nurlanstar92 folded before Flop (didn't bet)
Seat 4: avlee1 (button) folded before Flop
Seat 5: KarP93 (small blind) collected ($6)
Seat 6: Emily_GetMan (big blind) folded before Flop



PokerStars Hand #254309987453:  Hold'em No Limit ($0.50/$1.00 USD) - 2025/01/11 8:14:49 WET [2025/01/11 3:14:49 ET]
Table 'Navi II' 6-max Seat #5 is the button
Seat 1: woodmasterer ($49.13 in chips) 
Seat 2: B1GBankroll ($135.25 in chips) 
Seat 3: Nurlanstar92 ($105.76 in chips) 
Seat 4: avlee1 ($100 in chips) 
Seat 5: KarP93 ($103.50 in chips) 
Seat 6: Emily_GetMan ($113.57 in chips) 
Emily_GetMan: posts small blind $0.50
woodmasterer: posts big blind $1
*** HOLE CARDS ***
B1GBankroll: folds 
Nurlanstar92: folds 
avlee1: folds 
KarP93: raises $1.50 to $2.50
Emily_GetMan: folds 
woodmasterer: calls $1.50
*** FLOP *** [Ac 4d Kc]
woodmasterer: checks 
KarP93: checks 
*** TURN *** [Ac 4d Kc] [Qs]
woodmasterer: checks 
KarP93: bets $3.92
woodmasterer: calls $3.92
*** RIVER *** [Ac 4d Kc Qs] [4h]
woodmasterer: checks 
KarP93: bets $12.67
woodmasterer: calls $12.67
*** SHOW DOWN ***
KarP93: shows [5h 7h] (a pair of Fours)
woodmasterer: shows [6s Ad] (two pair, Aces and Fours)
woodmasterer collected $36.75 from pot
*** SUMMARY ***
Total pot $38.68 | Rake $1.93 
Board [Ac 4d Kc Qs 4h]
Seat 1: woodmasterer (big blind) showed [6s Ad] and won ($36.75) with two pair, Aces and Fours
Seat 2: B1GBankroll folded before Flop (didn't bet)
Seat 3: Nurlanstar92 folded before Flop (didn't bet)
Seat 4: avlee1 folded before Flop (didn't bet)
Seat 5: KarP93 (button) showed [5h 7h] and lost with a pair of Fours
Seat 6: Emily_GetMan (small blind) folded before Flop



PokerStars Hand #254309993440:  Hold'em No Limit ($0.50/$1.00 USD) - 2025/01/11 8:15:55 WET [2025/01/11 3:15:55 ET]
Table 'Navi II' 6-max Seat #6 is the button
Seat 1: woodmasterer ($66.79 in chips) 
Seat 2: B1GBankroll ($135.25 in chips) 
Seat 3: Nurlanstar92 ($105.76 in chips) 
Seat 4: avlee1 ($100 in chips) 
Seat 5: KarP93 ($100 in chips) 
Seat 6: Emily_GetMan ($113.07 in chips) 
woodmasterer: posts small blind $0.50
B1GBankroll: posts big blind $1
*** HOLE CARDS ***
Nurlanstar92: folds 
avlee1: raises $1.50 to $2.50
KarP93: folds 
Emily_GetMan: folds 
woodmasterer: folds 
B1GBankroll: folds 
Uncalled bet ($1.50) returned to avlee1
avlee1 collected $2.50 from pot
avlee1: doesn't show hand 
*** SUMMARY ***
Total pot $2.50 | Rake $0 
Seat 1: woodmasterer (small blind) folded before Flop
Seat 2: B1GBankroll (big blind) folded before Flop
Seat 3: Nurlanstar92 folded before Flop (didn't bet)
Seat 4: avlee1 collected ($2.50)
Seat 5: KarP93 folded before Flop (didn't bet)
Seat 6: Emily_GetMan (button) folded before Flop (didn't bet)



PokerStars Hand #254309995875:  Hold'em No Limit ($0.50/$1.00 USD) - 2025/01/11 8:16:22 WET [2025/01/11 3:16:22 ET]
Table 'Navi II' 6-max Seat #1 is the button
Seat 1: woodmasterer ($66.29 in chips) 
Seat 2: B1GBankroll ($134.25 in chips) 
Seat 3: Nurlanstar92 ($105.76 in chips) 
Seat 4: avlee1 ($101.50 in chips) 
Seat 5: KarP93 ($100 in chips) 
Seat 6: Emily_GetMan ($113.07 in chips) 
B1GBankroll: posts small blind $0.50
Nurlanstar92: posts big blind $1
*** HOLE CARDS ***
avlee1: folds 
KarP93: folds 
Emily_GetMan: raises $1 to $2
woodmasterer: calls $2
B1GBankroll: folds 
Nurlanstar92: raises $12 to $14
Emily_GetMan: folds 
woodmasterer: folds 
Uncalled bet ($12) returned to Nurlanstar92
Nurlanstar92 collected $6.50 from pot
Nurlanstar92: doesn't show hand 
*** SUMMARY ***
Total pot $6.50 | Rake $0 
Seat 1: woodmasterer (button) folded before Flop
Seat 2: B1GBankroll (small blind) folded before Flop
Seat 3: Nurlanstar92 (big blind) collected ($6.50)
Seat 4: avlee1 folded before Flop (didn't bet)
Seat 5: KarP93 folded before Flop (didn't bet)
Seat 6: Emily_GetMan folded before Flop



PokerStars Hand #254309998524:  Hold'em No Limit ($0.50/$1.00 USD) - 2025/01/11 8:16:51 WET [2025/01/11 3:16:51 ET]
Table 'Navi II' 6-max Seat #2 is the button
Seat 1: woodmasterer ($64.29 in chips) 
Seat 2: B1GBankroll ($133.75 in chips) 
Seat 3: Nurlanstar92 ($110.26 in chips) 
Seat 4: avlee1 ($101.50 in chips) 
Seat 5: KarP93 ($100 in chips) 
Seat 6: Emily_GetMan ($111.07 in chips) 
Nurlanstar92: posts small blind $0.50
avlee1: posts big blind $1
*** HOLE CARDS ***
KarP93: folds 
Emily_GetMan: raises $1 to $2
woodmasterer: folds 
B1GBankroll: folds 
Nurlanstar92: folds 
avlee1: calls $1
*** FLOP *** [9c 3d Jc]
avlee1: checks 
Emily_GetMan: bets $5.56
avlee1: folds 
Uncalled bet ($5.56) returned to Emily_GetMan
Emily_GetMan collected $4.28 from pot
Emily_GetMan: doesn't show hand 
*** SUMMARY ***
Total pot $4.50 | Rake $0.22 
Board [9c 3d Jc]
Seat 1: woodmasterer folded before Flop (didn't bet)
Seat 2: B1GBankroll (button) folded before Flop (didn't bet)
Seat 3: Nurlanstar92 (small blind) folded before Flop
Seat 4: avlee1 (big blind) folded on the Flop
Seat 5: KarP93 folded before Flop (didn't bet)
Seat 6: Emily_GetMan collected ($4.28)



PokerStars Hand #254310001118:  Hold'em No Limit ($0.50/$1.00 USD) - 2025/01/11 8:17:20 WET [2025/01/11 3:17:20 ET]
Table 'Navi II' 6-max Seat #3 is the button
Seat 1: woodmasterer ($64.29 in chips) 
Seat 2: B1GBankroll ($133.75 in chips) 
Seat 3: Nurlanstar92 ($109.76 in chips) 
Seat 4: avlee1 ($100 in chips) 
Seat 5: KarP93 ($100 in chips) 
Seat 6: Emily_GetMan ($113.35 in chips) 
avlee1: posts small blind $0.50
KarP93: posts big blind $1
*** HOLE CARDS ***
Emily_GetMan: folds 
woodmasterer: folds 
B1GBankroll: folds 
Nurlanstar92: folds 
avlee1: folds 
Uncalled bet ($0.50) returned to KarP93
KarP93 collected $1 from pot
KarP93: doesn't show hand 
*** SUMMARY ***
Total pot $1 | Rake $0 
Seat 1: woodmasterer folded before Flop (didn't bet)
Seat 2: B1GBankroll folded before Flop (didn't bet)
Seat 3: Nurlanstar92 (button) folded before Flop (didn't bet)
Seat 4: avlee1 (small blind) folded before Flop
Seat 5: KarP93 (big blind) collected ($1)
Seat 6: Emily_GetMan folded before Flop (didn't bet)



PokerStars Hand #254310002236:  Hold'em No Limit ($0.50/$1.00 USD) - 2025/01/11 8:17:31 WET [2025/01/11 3:17:31 ET]
Table 'Navi II' 6-max Seat #4 is the button
Seat 1: woodmasterer ($64.29 in chips) 
Seat 2: B1GBankroll ($133.75 in chips) 
Seat 3: Nurlanstar92 ($109.76 in chips) 
Seat 4: avlee1 ($100 in chips) 
Seat 5: KarP93 ($100.50 in chips) 
Seat 6: Emily_GetMan ($113.35 in chips) 
KarP93: posts small blind $0.50
Emily_GetMan: posts big blind $1
*** HOLE CARDS ***
woodmasterer: calls $1
B1GBankroll: folds 
Nurlanstar92: folds 
avlee1: folds 
KarP93: raises $4 to $5
Emily_GetMan: folds 
woodmasterer: calls $4
*** FLOP *** [8s Jh 5c]
KarP93: checks 
woodmasterer: checks 
*** TURN *** [8s Jh 5c] [7s]
KarP93: checks 
woodmasterer: checks 
*** RIVER *** [8s Jh 5c 7s] [6s]
KarP93: checks 
woodmasterer: bets $3
KarP93: folds 
Uncalled bet ($3) returned to woodmasterer
woodmasterer collected $10.45 from pot
woodmasterer: doesn't show hand 
*** SUMMARY ***
Total pot $11 | Rake $0.55 
Board [8s Jh 5c 7s 6s]
Seat 1: woodmasterer collected ($10.45)
Seat 2: B1GBankroll folded before Flop (didn't bet)
Seat 3: Nurlanstar92 folded before Flop (didn't bet)
Seat 4: avlee1 (button) folded before Flop (didn't bet)
Seat 5: KarP93 (small blind) folded on the River
Seat 6: Emily_GetMan (big blind) folded before Flop



PokerStars Hand #254310011063:  Hold'em No Limit ($0.50/$1.00 USD) - 2025/01/11 8:19:09 WET [2025/01/11 3:19:09 ET]
Table 'Navi II' 6-max Seat #5 is the button
Seat 1: woodmasterer ($69.74 in chips) 
Seat 2: B1GBankroll ($133.75 in chips) 
Seat 3: Nurlanstar92 ($109.76 in chips) 
Seat 4: avlee1 ($100 in chips) 
Seat 5: KarP93 ($100 in chips) 
Seat 6: Emily_GetMan ($112.35 in chips) 
Emily_GetMan: posts small blind $0.50
woodmasterer: posts big blind $1
*** HOLE CARDS ***
B1GBankroll: folds 
Nurlanstar92: folds 
avlee1: folds 
KarP93: raises $1.50 to $2.50
Emily_GetMan: folds 
woodmasterer: calls $1.50
*** FLOP *** [Ks 3s 7d]
woodmasterer: checks 
KarP93: checks 
*** TURN *** [Ks 3s 7d] [Ah]
woodmasterer: checks 
KarP93: bets $2.61
woodmasterer: calls $2.61
*** RIVER *** [Ks 3s 7d Ah] [4c]
woodmasterer: checks 
KarP93: bets $7.64
woodmasterer: folds 
Uncalled bet ($7.64) returned to KarP93
KarP93 collected $10.18 from pot
KarP93: doesn't show hand 
*** SUMMARY ***
Total pot $10.72 | Rake $0.54 
Board [Ks 3s 7d Ah 4c]
Seat 1: woodmasterer (big blind) folded on the River
Seat 2: B1GBankroll folded before Flop (didn't bet)
Seat 3: Nurlanstar92 folded before Flop (didn't bet)
Seat 4: avlee1 folded before Flop (didn't bet)
Seat 5: KarP93 (button) collected ($10.18)
Seat 6: Emily_GetMan (small blind) folded before Flop



PokerStars Hand #254310014733:  Hold'em No Limit ($0.50/$1.00 USD) - 2025/01/11 8:19:49 WET [2025/01/11 3:19:49 ET]
Table 'Navi II' 6-max Seat #6 is the button
Seat 1: woodmasterer ($64.63 in chips) 
Seat 2: B1GBankroll ($133.75 in chips) 
Seat 3: Nurlanstar92 ($109.76 in chips) 
Seat 4: avlee1 ($100 in chips) 
Seat 5: KarP93 ($105.07 in chips) 
Seat 6: Emily_GetMan ($111.85 in chips) 
woodmasterer: posts small blind $0.50
B1GBankroll: posts big blind $1
*** HOLE CARDS ***
Nurlanstar92: folds 
avlee1: folds 
KarP93: raises $1.50 to $2.50
Emily_GetMan: folds 
woodmasterer: calls $2
B1GBankroll: folds 
*** FLOP *** [9s 6d Ks]
woodmasterer: checks 
KarP93: checks 
*** TURN *** [9s 6d Ks] [Qs]
woodmasterer: bets $1
KarP93: folds 
Uncalled bet ($1) returned to woodmasterer
woodmasterer collected $5.70 from pot
woodmasterer: doesn't show hand 
*** SUMMARY ***
Total pot $6 | Rake $0.30 
Board [9s 6d Ks Qs]
Seat 1: woodmasterer (small blind) collected ($5.70)
Seat 2: B1GBankroll (big blind) folded before Flop
Seat 3: Nurlanstar92 folded before Flop (didn't bet)
Seat 4: avlee1 folded before Flop (didn't bet)
Seat 5: KarP93 folded on the Turn
Seat 6: Emily_GetMan (button) folded before Flop (didn't bet)



PokerStars Hand #254310019477:  Hold'em No Limit ($0.50/$1.00 USD) - 2025/01/11 8:20:42 WET [2025/01/11 3:20:42 ET]
Table 'Navi II' 6-max Seat #1 is the button
Seat 1: woodmasterer ($67.83 in chips) 
Seat 2: B1GBankroll ($132.75 in chips) 
Seat 3: Nurlanstar92 ($109.76 in chips) 
Seat 4: avlee1 ($100 in chips) 
Seat 5: KarP93 ($102.57 in chips) 
Seat 6: Emily_GetMan ($111.85 in chips) 
B1GBankroll: posts small blind $0.50
Nurlanstar92: posts big blind $1
*** HOLE CARDS ***
avlee1: folds 
KarP93: folds 
Emily_GetMan: folds 
woodmasterer: calls $1
B1GBankroll: folds 
Nurlanstar92: checks 
*** FLOP *** [7c 2h 9h]
Nurlanstar92: checks 
woodmasterer: bets $1
Nurlanstar92: folds 
Uncalled bet ($1) returned to woodmasterer
woodmasterer collected $2.38 from pot
woodmasterer: doesn't show hand 
*** SUMMARY ***
Total pot $2.50 | Rake $0.12 
Board [7c 2h 9h]
Seat 1: woodmasterer (button) collected ($2.38)
Seat 2: B1GBankroll (small blind) folded before Flop
Seat 3: Nurlanstar92 (big blind) folded on the Flop
Seat 4: avlee1 folded before Flop (didn't bet)
Seat 5: KarP93 folded before Flop (didn't bet)
Seat 6: Emily_GetMan folded before Flop (didn't bet)



PokerStars Hand #254310020450:  Hold'em No Limit ($0.50/$1.00 USD) - 2025/01/11 8:20:52 WET [2025/01/11 3:20:52 ET]
Table 'Navi II' 6-max Seat #2 is the button
Seat 1: woodmasterer ($69.21 in chips) 
Seat 2: B1GBankroll ($132.25 in chips) 
Seat 3: Nurlanstar92 ($108.76 in chips) 
Seat 4: avlee1 ($100 in chips) 
Seat 5: KarP93 ($102.57 in chips) 
Seat 6: Emily_GetMan ($111.85 in chips) 
Nurlanstar92: posts small blind $0.50
avlee1: posts big blind $1
*** HOLE CARDS ***
KarP93: raises $1.50 to $2.50
Emily_GetMan: raises $5 to $7.50
woodmasterer: folds 
B1GBankroll: folds 
Nurlanstar92: folds 
avlee1: folds 
KarP93: calls $5
*** FLOP *** [6c 5s Kc]
KarP93: checks 
Emily_GetMan: bets $5.17
KarP93: folds 
Uncalled bet ($5.17) returned to Emily_GetMan
Emily_GetMan collected $15.68 from pot
Emily_GetMan: doesn't show hand 
*** SUMMARY ***
Total pot $16.50 | Rake $0.82 
Board [6c 5s Kc]
Seat 1: woodmasterer folded before Flop (didn't bet)
Seat 2: B1GBankroll (button) folded before Flop (didn't bet)
Seat 3: Nurlanstar92 (small blind) folded before Flop
Seat 4: avlee1 (big blind) folded before Flop
Seat 5: KarP93 folded on the Flop
Seat 6: Emily_GetMan collected ($15.68)



PokerStars Hand #254310024891:  Hold'em No Limit ($0.50/$1.00 USD) - 2025/01/11 8:21:42 WET [2025/01/11 3:21:42 ET]
Table 'Navi II' 6-max Seat #3 is the button
Seat 1: woodmasterer ($69.21 in chips) 
Seat 2: B1GBankroll ($132.25 in chips) 
Seat 3: Nurlanstar92 ($108.26 in chips) 
Seat 4: avlee1 ($100 in chips) 
Seat 5: KarP93 ($100 in chips) 
Seat 6: Emily_GetMan ($120.03 in chips) 
avlee1: posts small blind $0.50
KarP93: posts big blind $1
*** HOLE CARDS ***
Emily_GetMan: folds 
woodmasterer: calls $1
B1GBankroll: folds 
Nurlanstar92: raises $3 to $4
avlee1: folds 
KarP93: folds 
woodmasterer: calls $3
*** FLOP *** [Kh 5c Th]
woodmasterer: checks 
Nurlanstar92: bets $6.77
woodmasterer: calls $6.77
*** TURN *** [Kh 5c Th] [7s]
woodmasterer: checks 
Nurlanstar92: checks 
*** RIVER *** [Kh 5c Th 7s] [8c]
woodmasterer: checks 
Nurlanstar92: checks 
*** SHOW DOWN ***
woodmasterer: shows [3c 5s] (a pair of Fives)
Nurlanstar92: mucks hand 
woodmasterer collected $21.89 from pot
*** SUMMARY ***
Total pot $23.04 | Rake $1.15 
Board [Kh 5c Th 7s 8c]
Seat 1: woodmasterer showed [3c 5s] and won ($21.89) with a pair of Fives
Seat 2: B1GBankroll folded before Flop (didn't bet)
Seat 3: Nurlanstar92 (button) mucked
Seat 4: avlee1 (small blind) folded before Flop
Seat 5: KarP93 (big blind) folded before Flop
Seat 6: Emily_GetMan folded before Flop (didn't bet)



PokerStars Hand #254310029667:  Hold'em No Limit ($0.50/$1.00 USD) - 2025/01/11 8:22:34 WET [2025/01/11 3:22:34 ET]
Table 'Navi II' 6-max Seat #4 is the button
Seat 1: woodmasterer ($80.33 in chips) 
Seat 2: B1GBankroll ($132.25 in chips) 
Seat 3: Nurlanstar92 ($100 in chips) 
Seat 4: avlee1 ($100 in chips) 
Seat 5: KarP93 ($100 in chips) 
Seat 6: Emily_GetMan ($120.03 in chips) 
KarP93: posts small blind $0.50
Emily_GetMan: posts big blind $1
*** HOLE CARDS ***
woodmasterer: folds 
B1GBankroll: folds 
Nurlanstar92: raises $1.30 to $2.30
avlee1: folds 
KarP93: folds 
Emily_GetMan: raises $10.20 to $12.50
Nurlanstar92: folds 
Uncalled bet ($10.20) returned to Emily_GetMan
Emily_GetMan collected $5.10 from pot
Emily_GetMan: doesn't show hand 
*** SUMMARY ***
Total pot $5.10 | Rake $0 
Seat 1: woodmasterer folded before Flop (didn't bet)
Seat 2: B1GBankroll folded before Flop (didn't bet)
Seat 3: Nurlanstar92 folded before Flop
Seat 4: avlee1 (button) folded before Flop (didn't bet)
Seat 5: KarP93 (small blind) folded before Flop
Seat 6: Emily_GetMan (big blind) collected ($5.10)



PokerStars Hand #254310032936:  Hold'em No Limit ($0.50/$1.00 USD) - 2025/01/11 8:23:11 WET [2025/01/11 3:23:11 ET]
Table 'Navi II' 6-max Seat #5 is the button
Seat 1: woodmasterer ($80.33 in chips) 
Seat 2: B1GBankroll ($132.25 in chips) 
Seat 3: Nurlanstar92 ($100 in chips) 
Seat 4: avlee1 ($100 in chips) 
Seat 5: KarP93 ($100 in chips) 
Seat 6: Emily_GetMan ($122.83 in chips) 
Emily_GetMan: posts small blind $0.50
woodmasterer: posts big blind $1
*** HOLE CARDS ***
B1GBankroll: raises $1.50 to $2.50
Nurlanstar92: folds 
avlee1: folds 
KarP93: folds 
Emily_GetMan: folds 
woodmasterer: folds 
Uncalled bet ($1.50) returned to B1GBankroll
B1GBankroll collected $2.50 from pot
B1GBankroll: doesn't show hand 
*** SUMMARY ***
Total pot $2.50 | Rake $0 
Seat 1: woodmasterer (big blind) folded before Flop
Seat 2: B1GBankroll collected ($2.50)
Seat 3: Nurlanstar92 folded before Flop (didn't bet)
Seat 4: avlee1 folded before Flop (didn't bet)
Seat 5: KarP93 (button) folded before Flop (didn't bet)
Seat 6: Emily_GetMan (small blind) folded before Flop



PokerStars Hand #254310034107:  Hold'em No Limit ($0.50/$1.00 USD) - 2025/01/11 8:23:24 WET [2025/01/11 3:23:24 ET]
Table 'Navi II' 6-max Seat #6 is the button
Seat 1: woodmasterer ($79.33 in chips) 
Seat 2: B1GBankroll ($133.75 in chips) 
Seat 3: Nurlanstar92 ($100 in chips) 
Seat 4: avlee1 ($100 in chips) 
Seat 5: KarP93 ($100 in chips) 
Seat 6: Emily_GetMan ($122.33 in chips) 
woodmasterer: posts small blind $0.50
B1GBankroll: posts big blind $1
*** HOLE CARDS ***
Nurlanstar92: folds 
avlee1: folds 
KarP93: folds 
Emily_GetMan: raises $1.50 to $2.50
woodmasterer: calls $2
B1GBankroll: raises $11.50 to $14
Emily_GetMan: calls $11.50
woodmasterer: folds 
*** FLOP *** [9s Td 2d]
B1GBankroll: bets $25.79
Emily_GetMan: calls $25.79
*** TURN *** [9s Td 2d] [7s]
B1GBankroll: bets $83.50
Emily_GetMan: calls $82.54 and is all-in
Uncalled bet ($0.96) returned to B1GBankroll
*** RIVER *** [9s Td 2d 7s] [2h]
*** SHOW DOWN ***
B1GBankroll: shows [Js Jh] (two pair, Jacks and Deuces)
Emily_GetMan: shows [Ts Qs] (two pair, Tens and Deuces)
B1GBankroll collected $244.66 from pot
*** SUMMARY ***
Total pot $247.16 | Rake $2.50 
Board [9s Td 2d 7s 2h]
Seat 1: woodmasterer (small blind) folded before Flop
Seat 2: B1GBankroll (big blind) showed [Js Jh] and won ($244.66) with two pair, Jacks and Deuces
Seat 3: Nurlanstar92 folded before Flop (didn't bet)
Seat 4: avlee1 folded before Flop (didn't bet)
Seat 5: KarP93 folded before Flop (didn't bet)
Seat 6: Emily_GetMan (button) showed [Ts Qs] and lost with two pair, Tens and Deuces



PokerStars Hand #254310040593:  Hold'em No Limit ($0.50/$1.00 USD) - 2025/01/11 8:24:35 WET [2025/01/11 3:24:35 ET]
Table 'Navi II' 6-max Seat #1 is the button
Seat 1: woodmasterer ($76.83 in chips) 
Seat 2: B1GBankroll ($256.08 in chips) 
Seat 3: Nurlanstar92 ($100 in chips) 
Seat 4: avlee1 ($100 in chips) 
Seat 5: KarP93 ($100 in chips) 
Seat 6: Emily_GetMan ($100 in chips) 
B1GBankroll: posts small blind $0.50
Nurlanstar92: posts big blind $1
*** HOLE CARDS ***
avlee1: folds 
KarP93: raises $1.50 to $2.50
Emily_GetMan: folds 
woodmasterer: calls $2.50
B1GBankroll: folds 
Nurlanstar92: folds 
*** FLOP *** [3h Ah 2h]
KarP93: checks 
woodmasterer: bets $2
KarP93: folds 
Uncalled bet ($2) returned to woodmasterer
woodmasterer collected $6.18 from pot
woodmasterer: doesn't show hand 
*** SUMMARY ***
Total pot $6.50 | Rake $0.32 
Board [3h Ah 2h]
Seat 1: woodmasterer (button) collected ($6.18)
Seat 2: B1GBankroll (small blind) folded before Flop
Seat 3: Nurlanstar92 (big blind) folded before Flop
Seat 4: avlee1 folded before Flop (didn't bet)
Seat 5: KarP93 folded on the Flop
Seat 6: Emily_GetMan folded before Flop (didn't bet)



PokerStars Hand #254310044725:  Hold'em No Limit ($0.50/$1.00 USD) - 2025/01/11 8:25:21 WET [2025/01/11 3:25:21 ET]
Table 'Navi II' 6-max Seat #2 is the button
Seat 1: woodmasterer ($80.51 in chips) 
Seat 2: B1GBankroll ($255.58 in chips) 
Seat 3: Nurlanstar92 ($100 in chips) 
Seat 4: avlee1 ($100 in chips) 
Seat 5: KarP93 ($100 in chips) 
Seat 6: Emily_GetMan ($100 in chips) 
Nurlanstar92: posts small blind $0.50
avlee1: posts big blind $1
*** HOLE CARDS ***
KarP93: raises $1.50 to $2.50
Emily_GetMan: folds 
woodmasterer: calls $2.50
B1GBankroll: folds 
Nurlanstar92: folds 
avlee1: folds 
*** FLOP *** [Kc 5h 7s]
KarP93: checks 
woodmasterer: checks 
*** TURN *** [Kc 5h 7s] [Kh]
KarP93: checks 
woodmasterer: bets $2
KarP93: calls $2
*** RIVER *** [Kc 5h 7s Kh] [Ah]
KarP93: checks 
woodmasterer: checks 
*** SHOW DOWN ***
KarP93: shows [5s 6s] (two pair, Kings and Fives)
woodmasterer: shows [Js Jh] (two pair, Kings and Jacks)
woodmasterer collected $9.98 from pot
*** SUMMARY ***
Total pot $10.50 | Rake $0.52 
Board [Kc 5h 7s Kh Ah]
Seat 1: woodmasterer showed [Js Jh] and won ($9.98) with two pair, Kings and Jacks
Seat 2: B1GBankroll (button) folded before Flop (didn't bet)
Seat 3: Nurlanstar92 (small blind) folded before Flop
Seat 4: avlee1 (big blind) folded before Flop
Seat 5: KarP93 showed [5s 6s] and lost with two pair, Kings and Fives
Seat 6: Emily_GetMan folded before Flop (didn't bet)



PokerStars Hand #254310047106:  Hold'em No Limit ($0.50/$1.00 USD) - 2025/01/11 8:25:48 WET [2025/01/11 3:25:48 ET]
Table 'Navi II' 6-max Seat #3 is the button
Seat 1: woodmasterer ($85.99 in chips) 
Seat 2: B1GBankroll ($255.58 in chips) 
Seat 3: Nurlanstar92 ($100 in chips) 
Seat 4: avlee1 ($100 in chips) 
Seat 5: KarP93 ($100 in chips) 
Seat 6: Emily_GetMan ($100 in chips) 
avlee1: posts small blind $0.50
KarP93: posts big blind $1
*** HOLE CARDS ***
Emily_GetMan: folds 
woodmasterer: calls $1
B1GBankroll: folds 
Nurlanstar92: raises $3 to $4
avlee1: folds 
KarP93: folds 
woodmasterer: calls $3
*** FLOP *** [Jc 7h 3s]
woodmasterer: checks 
Nurlanstar92: checks 
*** TURN *** [Jc 7h 3s] [Tc]
woodmasterer: checks 
Nurlanstar92: bets $4.51
woodmasterer: calls $4.51
*** RIVER *** [Jc 7h 3s Tc] [Ah]
woodmasterer: checks 
Nurlanstar92: bets $13.19
woodmasterer: folds 
Uncalled bet ($13.19) returned to Nurlanstar92
Nurlanstar92 collected $17.59 from pot
Nurlanstar92: doesn't show hand 
*** SUMMARY ***
Total pot $18.52 | Rake $0.93 
Board [Jc 7h 3s Tc Ah]
Seat 1: woodmasterer folded on the River
Seat 2: B1GBankroll folded before Flop (didn't bet)
Seat 3: Nurlanstar92 (button) collected ($17.59)
Seat 4: avlee1 (small blind) folded before Flop
Seat 5: KarP93 (big blind) folded before Flop
Seat 6: Emily_GetMan folded before Flop (didn't bet)



PokerStars Hand #254310051848:  Hold'em No Limit ($0.50/$1.00 USD) - 2025/01/11 8:26:40 WET [2025/01/11 3:26:40 ET]
Table 'Navi II' 6-max Seat #4 is the button
Seat 1: woodmasterer ($77.48 in chips) 
Seat 2: B1GBankroll ($255.58 in chips) 
Seat 3: Nurlanstar92 ($109.08 in chips) 
Seat 4: avlee1 ($100 in chips) 
Seat 5: KarP93 ($100 in chips) 
Seat 6: Emily_GetMan ($100 in chips) 
KarP93: posts small blind $0.50
Emily_GetMan: posts big blind $1
*** HOLE CARDS ***
woodmasterer: calls $1
B1GBankroll: folds 
Nurlanstar92: raises $2.50 to $3.50
avlee1: folds 
KarP93: calls $3
Emily_GetMan: folds 
woodmasterer: folds 
*** FLOP *** [Kh Ah Ac]
KarP93: checks 
Nurlanstar92: bets $2.14
KarP93: calls $2.14
*** TURN *** [Kh Ah Ac] [2d]
KarP93: checks 
Nurlanstar92: bets $9.47
KarP93: folds 
Uncalled bet ($9.47) returned to Nurlanstar92
Nurlanstar92 collected $12.62 from pot
Nurlanstar92: doesn't show hand 
*** SUMMARY ***
Total pot $13.28 | Rake $0.66 
Board [Kh Ah Ac 2d]
Seat 1: woodmasterer folded before Flop
Seat 2: B1GBankroll folded before Flop (didn't bet)
Seat 3: Nurlanstar92 collected ($12.62)
Seat 4: avlee1 (button) folded before Flop (didn't bet)
Seat 5: KarP93 (small blind) folded on the Turn
Seat 6: Emily_GetMan (big blind) folded before Flop



PokerStars Hand #254310058782:  Hold'em No Limit ($0.50/$1.00 USD) - 2025/01/11 8:27:58 WET [2025/01/11 3:27:58 ET]
Table 'Navi II' 6-max Seat #5 is the button
Seat 1: woodmasterer ($76.48 in chips) 
Seat 2: B1GBankroll ($255.58 in chips) 
Seat 3: Nurlanstar92 ($116.06 in chips) 
Seat 4: avlee1 ($100 in chips) 
Seat 5: KarP93 ($100 in chips) 
Seat 6: Emily_GetMan ($100 in chips) 
Emily_GetMan: posts small blind $0.50
woodmasterer: posts big blind $1
*** HOLE CARDS ***
B1GBankroll: raises $1.50 to $2.50
Nurlanstar92: folds 
avlee1: folds 
KarP93: folds 
Emily_GetMan: folds 
woodmasterer: folds 
Uncalled bet ($1.50) returned to B1GBankroll
B1GBankroll collected $2.50 from pot
B1GBankroll: doesn't show hand 
*** SUMMARY ***
Total pot $2.50 | Rake $0 
Seat 1: woodmasterer (big blind) folded before Flop
Seat 2: B1GBankroll collected ($2.50)
Seat 3: Nurlanstar92 folded before Flop (didn't bet)
Seat 4: avlee1 folded before Flop (didn't bet)
Seat 5: KarP93 (button) folded before Flop (didn't bet)
Seat 6: Emily_GetMan (small blind) folded before Flop



PokerStars Hand #254310059911:  Hold'em No Limit ($0.50/$1.00 USD) - 2025/01/11 8:28:11 WET [2025/01/11 3:28:11 ET]
Table 'Navi II' 6-max Seat #6 is the button
Seat 1: woodmasterer ($75.48 in chips) 
Seat 2: B1GBankroll ($257.08 in chips) 
Seat 3: Nurlanstar92 ($116.06 in chips) 
Seat 4: avlee1 ($100 in chips) 
Seat 5: KarP93 ($100 in chips) 
Seat 6: Emily_GetMan ($100 in chips) 
woodmasterer: posts small blind $0.50
B1GBankroll: posts big blind $1
*** HOLE CARDS ***
Nurlanstar92: folds 
avlee1: raises $1.50 to $2.50
KarP93: folds 
Emily_GetMan: folds 
woodmasterer: calls $2
B1GBankroll: folds 
*** FLOP *** [2s 7d Ad]
woodmasterer: checks 
avlee1: checks 
*** TURN *** [2s 7d Ad] [9d]
woodmasterer: checks 
avlee1: bets $3.76
woodmasterer: folds 
Uncalled bet ($3.76) returned to avlee1
avlee1 collected $5.70 from pot
avlee1: doesn't show hand 
*** SUMMARY ***
Total pot $6 | Rake $0.30 
Board [2s 7d Ad 9d]
Seat 1: woodmasterer (small blind) folded on the Turn
Seat 2: B1GBankroll (big blind) folded before Flop
Seat 3: Nurlanstar92 folded before Flop (didn't bet)
Seat 4: avlee1 collected ($5.70)
Seat 5: KarP93 folded before Flop (didn't bet)
Seat 6: Emily_GetMan (button) folded before Flop (didn't bet)



PokerStars Hand #254310064028:  Hold'em No Limit ($0.50/$1.00 USD) - 2025/01/11 8:28:56 WET [2025/01/11 3:28:56 ET]
Table 'Navi II' 6-max Seat #1 is the button
Seat 1: woodmasterer ($72.98 in chips) 
Seat 2: B1GBankroll ($256.08 in chips) 
Seat 3: Nurlanstar92 ($116.06 in chips) 
Seat 4: avlee1 ($103.20 in chips) 
Seat 5: KarP93 ($100 in chips) 
Seat 6: Emily_GetMan ($100 in chips) 
B1GBankroll: posts small blind $0.50
Nurlanstar92: posts big blind $1
*** HOLE CARDS ***
avlee1: raises $1.50 to $2.50
KarP93: folds 
Emily_GetMan: folds 
woodmasterer: folds 
B1GBankroll: folds 
Nurlanstar92: folds 
Uncalled bet ($1.50) returned to avlee1
avlee1 collected $2.50 from pot
avlee1: doesn't show hand 
*** SUMMARY ***
Total pot $2.50 | Rake $0 
Seat 1: woodmasterer (button) folded before Flop (didn't bet)
Seat 2: B1GBankroll (small blind) folded before Flop
Seat 3: Nurlanstar92 (big blind) folded before Flop
Seat 4: avlee1 collected ($2.50)
Seat 5: KarP93 folded before Flop (didn't bet)
Seat 6: Emily_GetMan folded before Flop (didn't bet)



PokerStars Hand #254310075198:  Hold'em No Limit ($0.50/$1.00 USD) - 2025/01/11 8:30:56 WET [2025/01/11 3:30:56 ET]
Table 'Navi II' 6-max Seat #4 is the button
Seat 1: woodmasterer ($66.63 in chips) 
Seat 2: B1GBankroll ($265.05 in chips) 
Seat 3: Nurlanstar92 ($114.56 in chips) 
Seat 4: avlee1 ($103.20 in chips) 
Seat 5: KarP93 ($104.50 in chips) 
Seat 6: Emily_GetMan ($100 in chips) 
KarP93: posts small blind $0.50
Emily_GetMan: posts big blind $1
*** HOLE CARDS ***
woodmasterer: calls $1
B1GBankroll: folds 
Nurlanstar92: folds 
avlee1: raises $2.50 to $3.50
KarP93: folds 
Emily_GetMan: raises $11.50 to $15
woodmasterer: folds 
avlee1: folds 
Uncalled bet ($11.50) returned to Emily_GetMan
Emily_GetMan collected $8.50 from pot
Emily_GetMan: doesn't show hand 
*** SUMMARY ***
Total pot $8.50 | Rake $0 
Seat 1: woodmasterer folded before Flop
Seat 2: B1GBankroll folded before Flop (didn't bet)
Seat 3: Nurlanstar92 folded before Flop (didn't bet)
Seat 4: avlee1 (button) folded before Flop
Seat 5: KarP93 (small blind) folded before Flop
Seat 6: Emily_GetMan (big blind) collected ($8.50)



PokerStars Hand #254310078533:  Hold'em No Limit ($0.50/$1.00 USD) - 2025/01/11 8:31:32 WET [2025/01/11 3:31:32 ET]
Table 'Navi II' 6-max Seat #5 is the button
Seat 1: woodmasterer ($65.63 in chips) 
Seat 2: B1GBankroll ($265.05 in chips) 
Seat 3: Nurlanstar92 ($114.56 in chips) 
Seat 4: avlee1 ($100 in chips) 
Seat 5: KarP93 ($104 in chips) 
Seat 6: Emily_GetMan ($105 in chips) 
Emily_GetMan: posts small blind $0.50
woodmasterer: posts big blind $1
*** HOLE CARDS ***
B1GBankroll: folds 
Nurlanstar92: folds 
avlee1: folds 
KarP93: folds 
Emily_GetMan: raises $2 to $3
woodmasterer: calls $2
*** FLOP *** [2c Qs 2s]
Emily_GetMan: bets $1.88
woodmasterer: calls $1.88
*** TURN *** [2c Qs 2s] [4s]
Emily_GetMan: checks 
woodmasterer: bets $4
Emily_GetMan: calls $4
*** RIVER *** [2c Qs 2s 4s] [9h]
Emily_GetMan: checks 
woodmasterer: bets $5
Emily_GetMan: calls $5
*** SHOW DOWN ***
woodmasterer: shows [2d Jd] (three of a kind, Deuces)
Emily_GetMan: mucks hand 
woodmasterer collected $26.37 from pot
*** SUMMARY ***
Total pot $27.76 | Rake $1.39 
Board [2c Qs 2s 4s 9h]
Seat 1: woodmasterer (big blind) showed [2d Jd] and won ($26.37) with three of a kind, Deuces
Seat 2: B1GBankroll folded before Flop (didn't bet)
Seat 3: Nurlanstar92 folded before Flop (didn't bet)
Seat 4: avlee1 folded before Flop (didn't bet)
Seat 5: KarP93 (button) folded before Flop (didn't bet)
Seat 6: Emily_GetMan (small blind) mucked



PokerStars Hand #254310083253:  Hold'em No Limit ($0.50/$1.00 USD) - 2025/01/11 8:32:22 WET [2025/01/11 3:32:22 ET]
Table 'Navi II' 6-max Seat #6 is the button
Seat 1: woodmasterer ($78.12 in chips) 
Seat 2: B1GBankroll ($265.05 in chips) 
Seat 3: Nurlanstar92 ($114.56 in chips) 
Seat 4: avlee1 ($100 in chips) 
Seat 5: KarP93 ($104 in chips) 
Seat 6: Emily_GetMan ($100 in chips) 
woodmasterer: posts small blind $0.50
B1GBankroll: posts big blind $1
*** HOLE CARDS ***
Nurlanstar92: raises $1 to $2
avlee1: folds 
KarP93: calls $2
Emily_GetMan: folds 
woodmasterer: calls $1.50
B1GBankroll: folds 
*** FLOP *** [5d Jh 6h]
woodmasterer: checks 
Nurlanstar92: bets $4.99
KarP93: calls $4.99
woodmasterer: calls $4.99
*** TURN *** [5d Jh 6h] [Kh]
woodmasterer: checks 
Nurlanstar92: checks 
KarP93: bets $15.65
woodmasterer: folds 
Nurlanstar92: folds 
Uncalled bet ($15.65) returned to KarP93
KarP93 collected $20.87 from pot
KarP93: doesn't show hand 
*** SUMMARY ***
Total pot $21.97 | Rake $1.10 
Board [5d Jh 6h Kh]
Seat 1: woodmasterer (small blind) folded on the Turn
Seat 2: B1GBankroll (big blind) folded before Flop
Seat 3: Nurlanstar92 folded on the Turn
Seat 4: avlee1 folded before Flop (didn't bet)
Seat 5: KarP93 collected ($20.87)
Seat 6: Emily_GetMan (button) folded before Flop (didn't bet)



PokerStars Hand #254310088996:  Hold'em No Limit ($0.50/$1.00 USD) - 2025/01/11 8:33:23 WET [2025/01/11 3:33:23 ET]
Table 'Navi II' 6-max Seat #1 is the button
Seat 1: woodmasterer ($71.13 in chips) 
Seat 2: B1GBankroll ($264.05 in chips) 
Seat 3: Nurlanstar92 ($107.57 in chips) 
Seat 4: avlee1 ($100 in chips) 
Seat 5: KarP93 ($117.88 in chips) 
Seat 6: Emily_GetMan ($100 in chips) 
B1GBankroll: posts small blind $0.50
Nurlanstar92: posts big blind $1
*** HOLE CARDS ***
avlee1: folds 
KarP93: raises $1.50 to $2.50
Emily_GetMan: folds 
woodmasterer: calls $2.50
B1GBankroll: folds 
Nurlanstar92: folds 
*** FLOP *** [2c 2h 5h]
KarP93: checks 
woodmasterer: checks 
*** TURN *** [2c 2h 5h] [2d]
KarP93: checks 
woodmasterer: checks 
*** RIVER *** [2c 2h 5h 2d] [7c]
KarP93: checks 
woodmasterer: checks 
*** SHOW DOWN ***
KarP93: shows [Ac Jd] (three of a kind, Deuces)
woodmasterer: mucks hand 
KarP93 collected $6.18 from pot
*** SUMMARY ***
Total pot $6.50 | Rake $0.32 
Board [2c 2h 5h 2d 7c]
Seat 1: woodmasterer (button) mucked
Seat 2: B1GBankroll (small blind) folded before Flop
Seat 3: Nurlanstar92 (big blind) folded before Flop
Seat 4: avlee1 folded before Flop (didn't bet)
Seat 5: KarP93 showed [Ac Jd] and won ($6.18) with three of a kind, Deuces
Seat 6: Emily_GetMan folded before Flop (didn't bet)



PokerStars Hand #254310092917:  Hold'em No Limit ($0.50/$1.00 USD) - 2025/01/11 8:34:05 WET [2025/01/11 3:34:05 ET]
Table 'Navi II' 6-max Seat #2 is the button
Seat 1: woodmasterer ($68.63 in chips) 
Seat 2: B1GBankroll ($263.55 in chips) 
Seat 3: Nurlanstar92 ($106.57 in chips) 
Seat 4: avlee1 ($100 in chips) 
Seat 5: KarP93 ($121.56 in chips) 
Seat 6: Emily_GetMan ($100 in chips) 
Nurlanstar92: posts small blind $0.50
avlee1: posts big blind $1
*** HOLE CARDS ***
KarP93: folds 
Emily_GetMan: folds 
woodmasterer: calls $1
B1GBankroll: folds 
Nurlanstar92: folds 
avlee1: checks 
*** FLOP *** [9d 5s 8s]
avlee1: checks 
woodmasterer: bets $2
avlee1: calls $2
*** TURN *** [9d 5s 8s] [Qc]
avlee1: checks 
woodmasterer: checks 
*** RIVER *** [9d 5s 8s Qc] [9c]
avlee1: bets $6.18
woodmasterer: folds 
Uncalled bet ($6.18) returned to avlee1
avlee1 collected $6.18 from pot
avlee1: doesn't show hand 
*** SUMMARY ***
Total pot $6.50 | Rake $0.32 
Board [9d 5s 8s Qc 9c]
Seat 1: woodmasterer folded on the River
Seat 2: B1GBankroll (button) folded before Flop (didn't bet)
Seat 3: Nurlanstar92 (small blind) folded before Flop
Seat 4: avlee1 (big blind) collected ($6.18)
Seat 5: KarP93 folded before Flop (didn't bet)
Seat 6: Emily_GetMan folded before Flop (didn't bet)



PokerStars Hand #254310098517:  Hold'em No Limit ($0.50/$1.00 USD) - 2025/01/11 8:35:03 WET [2025/01/11 3:35:03 ET]
Table 'Navi II' 6-max Seat #3 is the button
Seat 1: woodmasterer ($65.63 in chips) 
Seat 2: B1GBankroll ($263.55 in chips) 
Seat 3: Nurlanstar92 ($106.07 in chips) 
Seat 4: avlee1 ($103.18 in chips) 
Seat 5: KarP93 ($121.56 in chips) 
Seat 6: Emily_GetMan ($100 in chips) 
avlee1: posts small blind $0.50
KarP93: posts big blind $1
*** HOLE CARDS ***
Emily_GetMan: folds 
woodmasterer: calls $1
B1GBankroll: folds 
Nurlanstar92: folds 
avlee1: folds 
KarP93: checks 
*** FLOP *** [9c 8d 3s]
KarP93: checks 
woodmasterer: checks 
*** TURN *** [9c 8d 3s] [Qh]
KarP93: checks 
woodmasterer: checks 
*** RIVER *** [9c 8d 3s Qh] [4s]
KarP93: checks 
woodmasterer: checks 
*** SHOW DOWN ***
KarP93: shows [8c Ah] (a pair of Eights)
woodmasterer: mucks hand 
KarP93 collected $2.38 from pot
*** SUMMARY ***
Total pot $2.50 | Rake $0.12 
Board [9c 8d 3s Qh 4s]
Seat 1: woodmasterer mucked
Seat 2: B1GBankroll folded before Flop (didn't bet)
Seat 3: Nurlanstar92 (button) folded before Flop (didn't bet)
Seat 4: avlee1 (small blind) folded before Flop
Seat 5: KarP93 (big blind) showed [8c Ah] and won ($2.38) with a pair of Eights
Seat 6: Emily_GetMan folded before Flop (didn't bet)



PokerStars Hand #254310102757:  Hold'em No Limit ($0.50/$1.00 USD) - 2025/01/11 8:35:48 WET [2025/01/11 3:35:48 ET]
Table 'Navi II' 6-max Seat #4 is the button
Seat 1: woodmasterer ($64.63 in chips) 
Seat 2: B1GBankroll ($263.55 in chips) 
Seat 3: Nurlanstar92 ($106.07 in chips) 
Seat 4: avlee1 ($102.68 in chips) 
Seat 5: KarP93 ($122.94 in chips) 
Seat 6: Emily_GetMan ($100 in chips) 
KarP93: posts small blind $0.50
Emily_GetMan: posts big blind $1
*** HOLE CARDS ***
woodmasterer: folds 
B1GBankroll: folds 
Nurlanstar92: folds 
avlee1: raises $1.50 to $2.50
KarP93: folds 
Emily_GetMan: calls $1.50
*** FLOP *** [Qs 3h 8d]
Emily_GetMan: checks 
avlee1: bets $3.45
Emily_GetMan: raises $9.05 to $12.50
avlee1: folds 
Uncalled bet ($9.05) returned to Emily_GetMan
Emily_GetMan collected $11.78 from pot
Emily_GetMan: doesn't show hand 
*** SUMMARY ***
Total pot $12.40 | Rake $0.62 
Board [Qs 3h 8d]
Seat 1: woodmasterer folded before Flop (didn't bet)
Seat 2: B1GBankroll folded before Flop (didn't bet)
Seat 3: Nurlanstar92 folded before Flop (didn't bet)
Seat 4: avlee1 (button) folded on the Flop
Seat 5: KarP93 (small blind) folded before Flop
Seat 6: Emily_GetMan (big blind) collected ($11.78)



PokerStars Hand #254310105685:  Hold'em No Limit ($0.50/$1.00 USD) - 2025/01/11 8:36:18 WET [2025/01/11 3:36:18 ET]
Table 'Navi II' 6-max Seat #5 is the button
Seat 1: woodmasterer ($64.63 in chips) 
Seat 2: B1GBankroll ($263.55 in chips) 
Seat 3: Nurlanstar92 ($106.07 in chips) 
Seat 4: avlee1 ($100 in chips) 
Seat 5: KarP93 ($122.44 in chips) 
Seat 6: Emily_GetMan ($105.83 in chips) 
Emily_GetMan: posts small blind $0.50
woodmasterer: posts big blind $1
*** HOLE CARDS ***
B1GBankroll: raises $1.50 to $2.50
Nurlanstar92: folds 
avlee1: folds 
KarP93: folds 
Emily_GetMan: folds 
woodmasterer: calls $1.50
*** FLOP *** [7c 5c Td]
woodmasterer: checks 
B1GBankroll: checks 
*** TURN *** [7c 5c Td] [Tc]
woodmasterer: bets $4
B1GBankroll: folds 
Uncalled bet ($4) returned to woodmasterer
woodmasterer collected $5.22 from pot
woodmasterer: doesn't show hand 
*** SUMMARY ***
Total pot $5.50 | Rake $0.28 
Board [7c 5c Td Tc]
Seat 1: woodmasterer (big blind) collected ($5.22)
Seat 2: B1GBankroll folded on the Turn
Seat 3: Nurlanstar92 folded before Flop (didn't bet)
Seat 4: avlee1 folded before Flop (didn't bet)
Seat 5: KarP93 (button) folded before Flop (didn't bet)
Seat 6: Emily_GetMan (small blind) folded before Flop



PokerStars Hand #254310108179:  Hold'em No Limit ($0.50/$1.00 USD) - 2025/01/11 8:36:44 WET [2025/01/11 3:36:44 ET]
Table 'Navi II' 6-max Seat #6 is the button
Seat 1: woodmasterer ($67.35 in chips) 
Seat 2: B1GBankroll ($261.05 in chips) 
Seat 3: Nurlanstar92 ($106.07 in chips) 
Seat 4: avlee1 ($100 in chips) 
Seat 5: KarP93 ($122.44 in chips) 
Seat 6: Emily_GetMan ($105.33 in chips) 
woodmasterer: posts small blind $0.50
B1GBankroll: posts big blind $1
*** HOLE CARDS ***
Nurlanstar92: folds 
avlee1: folds 
KarP93: folds 
Emily_GetMan: folds 
woodmasterer: folds 
Uncalled bet ($0.50) returned to B1GBankroll
B1GBankroll collected $1 from pot
B1GBankroll: doesn't show hand 
*** SUMMARY ***
Total pot $1 | Rake $0 
Seat 1: woodmasterer (small blind) folded before Flop
Seat 2: B1GBankroll (big blind) collected ($1)
Seat 3: Nurlanstar92 folded before Flop (didn't bet)
Seat 4: avlee1 folded before Flop (didn't bet)
Seat 5: KarP93 folded before Flop (didn't bet)
Seat 6: Emily_GetMan (button) folded before Flop (didn't bet)



PokerStars Hand #254310109076:  Hold'em No Limit ($0.50/$1.00 USD) - 2025/01/11 8:36:54 WET [2025/01/11 3:36:54 ET]
Table 'Navi II' 6-max Seat #1 is the button
Seat 1: woodmasterer ($66.85 in chips) 
Seat 2: B1GBankroll ($261.55 in chips) 
Seat 3: Nurlanstar92 ($106.07 in chips) 
Seat 4: avlee1 ($100 in chips) 
Seat 5: KarP93 ($122.44 in chips) 
Seat 6: Emily_GetMan ($105.33 in chips) 
B1GBankroll: posts small blind $0.50
Nurlanstar92: posts big blind $1
*** HOLE CARDS ***
avlee1: folds 
KarP93: folds 
Emily_GetMan: raises $1 to $2
woodmasterer: calls $2
B1GBankroll: folds 
Nurlanstar92: folds 
*** FLOP *** [Tc 6d 5c]
Emily_GetMan: checks 
woodmasterer: checks 
*** TURN *** [Tc 6d 5c] [9s]
Emily_GetMan: checks 
woodmasterer: bets $2
Emily_GetMan: folds 
Uncalled bet ($2) returned to woodmasterer
woodmasterer collected $5.22 from pot
woodmasterer: doesn't show hand 
*** SUMMARY ***
Total pot $5.50 | Rake $0.28 
Board [Tc 6d 5c 9s]
Seat 1: woodmasterer (button) collected ($5.22)
Seat 2: B1GBankroll (small blind) folded before Flop
Seat 3: Nurlanstar92 (big blind) folded before Flop
Seat 4: avlee1 folded before Flop (didn't bet)
Seat 5: KarP93 folded before Flop (didn't bet)
Seat 6: Emily_GetMan folded on the Turn



PokerStars Hand #254310112036:  Hold'em No Limit ($0.50/$1.00 USD) - 2025/01/11 8:37:24 WET [2025/01/11 3:37:24 ET]
Table 'Navi II' 6-max Seat #2 is the button
Seat 1: woodmasterer ($70.07 in chips) 
Seat 2: B1GBankroll ($261.05 in chips) 
Seat 3: Nurlanstar92 ($105.07 in chips) 
Seat 4: avlee1 ($100 in chips) 
Seat 5: KarP93 ($122.44 in chips) 
Seat 6: Emily_GetMan ($103.33 in chips) 
Nurlanstar92: posts small blind $0.50
avlee1: posts big blind $1
*** HOLE CARDS ***
KarP93: raises $1.50 to $2.50
Emily_GetMan: folds 
woodmasterer: folds 
B1GBankroll: folds 
Nurlanstar92: folds 
avlee1: raises $9.50 to $12
KarP93: folds 
Uncalled bet ($9.50) returned to avlee1
avlee1 collected $5.50 from pot
avlee1: doesn't show hand 
*** SUMMARY ***
Total pot $5.50 | Rake $0 
Seat 1: woodmasterer folded before Flop (didn't bet)
Seat 2: B1GBankroll (button) folded before Flop (didn't bet)
Seat 3: Nurlanstar92 (small blind) folded before Flop
Seat 4: avlee1 (big blind) collected ($5.50)
Seat 5: KarP93 folded before Flop
Seat 6: Emily_GetMan folded before Flop (didn't bet)



PokerStars Hand #254310114989:  Hold'em No Limit ($0.50/$1.00 USD) - 2025/01/11 8:37:55 WET [2025/01/11 3:37:55 ET]
Table 'Navi II' 6-max Seat #3 is the button
Seat 1: woodmasterer ($70.07 in chips) 
Seat 2: B1GBankroll ($261.05 in chips) 
Seat 3: Nurlanstar92 ($104.57 in chips) 
Seat 4: avlee1 ($103 in chips) 
Seat 5: KarP93 ($119.94 in chips) 
Seat 6: Emily_GetMan ($103.33 in chips) 
avlee1: posts small blind $0.50
KarP93: posts big blind $1
*** HOLE CARDS ***
Emily_GetMan: folds 
woodmasterer: folds 
B1GBankroll: folds 
Nurlanstar92: folds 
avlee1: folds 
Uncalled bet ($0.50) returned to KarP93
KarP93 collected $1 from pot
KarP93: doesn't show hand 
*** SUMMARY ***
Total pot $1 | Rake $0 
Seat 1: woodmasterer folded before Flop (didn't bet)
Seat 2: B1GBankroll folded before Flop (didn't bet)
Seat 3: Nurlanstar92 (button) folded before Flop (didn't bet)
Seat 4: avlee1 (small blind) folded before Flop
Seat 5: KarP93 (big blind) collected ($1)
Seat 6: Emily_GetMan folded before Flop (didn't bet)



PokerStars Hand #254310116428:  Hold'em No Limit ($0.50/$1.00 USD) - 2025/01/11 8:38:10 WET [2025/01/11 3:38:10 ET]
Table 'Navi II' 6-max Seat #4 is the button
Seat 1: woodmasterer ($70.07 in chips) 
Seat 2: B1GBankroll ($261.05 in chips) 
Seat 3: Nurlanstar92 ($104.57 in chips) 
Seat 4: avlee1 ($102.50 in chips) 
Seat 5: KarP93 ($120.44 in chips) 
Seat 6: Emily_GetMan ($103.33 in chips) 
KarP93: posts small blind $0.50
Emily_GetMan: posts big blind $1
*** HOLE CARDS ***
woodmasterer: folds 
B1GBankroll: folds 
Nurlanstar92: folds 
avlee1: folds 
KarP93: folds 
Uncalled bet ($0.50) returned to Emily_GetMan
Emily_GetMan collected $1 from pot
Emily_GetMan: doesn't show hand 
*** SUMMARY ***
Total pot $1 | Rake $0 
Seat 1: woodmasterer folded before Flop (didn't bet)
Seat 2: B1GBankroll folded before Flop (didn't bet)
Seat 3: Nurlanstar92 folded before Flop (didn't bet)
Seat 4: avlee1 (button) folded before Flop (didn't bet)
Seat 5: KarP93 (small blind) folded before Flop
Seat 6: Emily_GetMan (big blind) collected ($1)



PokerStars Hand #254310117405:  Hold'em No Limit ($0.50/$1.00 USD) - 2025/01/11 8:38:21 WET [2025/01/11 3:38:21 ET]
Table 'Navi II' 6-max Seat #5 is the button
Seat 1: woodmasterer ($70.07 in chips) 
Seat 2: B1GBankroll ($261.05 in chips) 
Seat 3: Nurlanstar92 ($104.57 in chips) 
Seat 4: avlee1 ($102.50 in chips) 
Seat 5: KarP93 ($119.94 in chips) 
Seat 6: Emily_GetMan ($103.83 in chips) 
Emily_GetMan: posts small blind $0.50
woodmasterer: posts big blind $1
*** HOLE CARDS ***
B1GBankroll: folds 
Nurlanstar92: folds 
avlee1: folds 
KarP93: raises $1.50 to $2.50
Emily_GetMan: folds 
woodmasterer: calls $1.50
*** FLOP *** [2s 9h 3s]
woodmasterer: checks 
KarP93: checks 
*** TURN *** [2s 9h 3s] [2d]
woodmasterer: checks 
KarP93: checks 
*** RIVER *** [2s 9h 3s 2d] [6h]
woodmasterer: checks 
KarP93: checks 
*** SHOW DOWN ***
woodmasterer: shows [3d 8d] (two pair, Threes and Deuces)
KarP93: mucks hand 
woodmasterer collected $5.22 from pot
*** SUMMARY ***
Total pot $5.50 | Rake $0.28 
Board [2s 9h 3s 2d 6h]
Seat 1: woodmasterer (big blind) showed [3d 8d] and won ($5.22) with two pair, Threes and Deuces
Seat 2: B1GBankroll folded before Flop (didn't bet)
Seat 3: Nurlanstar92 folded before Flop (didn't bet)
Seat 4: avlee1 folded before Flop (didn't bet)
Seat 5: KarP93 (button) mucked
Seat 6: Emily_GetMan (small blind) folded before Flop



PokerStars Hand #254310121783:  Hold'em No Limit ($0.50/$1.00 USD) - 2025/01/11 8:39:07 WET [2025/01/11 3:39:07 ET]
Table 'Navi II' 6-max Seat #6 is the button
Seat 1: woodmasterer ($72.79 in chips) 
Seat 2: B1GBankroll ($261.05 in chips) 
Seat 3: Nurlanstar92 ($104.57 in chips) 
Seat 4: avlee1 ($102.50 in chips) 
Seat 5: KarP93 ($117.44 in chips) 
Seat 6: Emily_GetMan ($103.33 in chips) 
woodmasterer: posts small blind $0.50
B1GBankroll: posts big blind $1
*** HOLE CARDS ***
Nurlanstar92: folds 
avlee1: folds 
KarP93: raises $1.50 to $2.50
Emily_GetMan: folds 
woodmasterer: folds 
B1GBankroll: folds 
Uncalled bet ($1.50) returned to KarP93
KarP93 collected $2.50 from pot
KarP93: doesn't show hand 
*** SUMMARY ***
Total pot $2.50 | Rake $0 
Seat 1: woodmasterer (small blind) folded before Flop
Seat 2: B1GBankroll (big blind) folded before Flop
Seat 3: Nurlanstar92 folded before Flop (didn't bet)
Seat 4: avlee1 folded before Flop (didn't bet)
Seat 5: KarP93 collected ($2.50)
Seat 6: Emily_GetMan (button) folded before Flop (didn't bet)



PokerStars Hand #254310123467:  Hold'em No Limit ($0.50/$1.00 USD) - 2025/01/11 8:39:24 WET [2025/01/11 3:39:24 ET]
Table 'Navi II' 6-max Seat #1 is the button
Seat 1: woodmasterer ($72.29 in chips) 
Seat 2: B1GBankroll ($260.05 in chips) 
Seat 3: Nurlanstar92 ($104.57 in chips) 
Seat 4: avlee1 ($102.50 in chips) 
Seat 5: KarP93 ($118.94 in chips) 
Seat 6: Emily_GetMan ($103.33 in chips) 
B1GBankroll: posts small blind $0.50
Nurlanstar92: posts big blind $1
*** HOLE CARDS ***
avlee1: folds 
KarP93: folds 
Emily_GetMan: folds 
woodmasterer: calls $1
B1GBankroll: folds 
Nurlanstar92: checks 
*** FLOP *** [Ac 7c 4h]
Nurlanstar92: checks 
woodmasterer: bets $1
Nurlanstar92: folds 
Uncalled bet ($1) returned to woodmasterer
woodmasterer collected $2.38 from pot
woodmasterer: doesn't show hand 
*** SUMMARY ***
Total pot $2.50 | Rake $0.12 
Board [Ac 7c 4h]
Seat 1: woodmasterer (button) collected ($2.38)
Seat 2: B1GBankroll (small blind) folded before Flop
Seat 3: Nurlanstar92 (big blind) folded on the Flop
Seat 4: avlee1 folded before Flop (didn't bet)
Seat 5: KarP93 folded before Flop (didn't bet)
Seat 6: Emily_GetMan folded before Flop (didn't bet)



PokerStars Hand #254310124533:  Hold'em No Limit ($0.50/$1.00 USD) - 2025/01/11 8:39:36 WET [2025/01/11 3:39:36 ET]
Table 'Navi II' 6-max Seat #2 is the button
Seat 1: woodmasterer ($73.67 in chips) 
Seat 2: B1GBankroll ($259.55 in chips) 
Seat 3: Nurlanstar92 ($103.57 in chips) 
Seat 4: avlee1 ($102.50 in chips) 
Seat 5: KarP93 ($118.94 in chips) 
Seat 6: Emily_GetMan ($103.33 in chips) 
Nurlanstar92: posts small blind $0.50
avlee1: posts big blind $1
*** HOLE CARDS ***
KarP93: raises $1.50 to $2.50
Emily_GetMan: raises $5 to $7.50
woodmasterer: folds 
B1GBankroll: folds 
Nurlanstar92: folds 
avlee1: folds 
KarP93: folds 
Uncalled bet ($5) returned to Emily_GetMan
Emily_GetMan collected $6.50 from pot
Emily_GetMan: doesn't show hand 
*** SUMMARY ***
Total pot $6.50 | Rake $0 
Seat 1: woodmasterer folded before Flop (didn't bet)
Seat 2: B1GBankroll (button) folded before Flop (didn't bet)
Seat 3: Nurlanstar92 (small blind) folded before Flop
Seat 4: avlee1 (big blind) folded before Flop
Seat 5: KarP93 folded before Flop
Seat 6: Emily_GetMan collected ($6.50)



PokerStars Hand #254310126671:  Hold'em No Limit ($0.50/$1.00 USD) - 2025/01/11 8:39:59 WET [2025/01/11 3:39:59 ET]
Table 'Navi II' 6-max Seat #3 is the button
Seat 1: woodmasterer ($73.67 in chips) 
Seat 2: B1GBankroll ($259.55 in chips) 
Seat 3: Nurlanstar92 ($103.07 in chips) 
Seat 4: avlee1 ($101.50 in chips) 
Seat 5: KarP93 ($116.44 in chips) 
Seat 6: Emily_GetMan ($107.33 in chips) 
avlee1: posts small blind $0.50
KarP93: posts big blind $1
*** HOLE CARDS ***
Emily_GetMan: folds 
woodmasterer: raises $2 to $3
B1GBankroll: raises $6 to $9
Nurlanstar92: folds 
avlee1: folds 
KarP93: folds 
woodmasterer: folds 
Uncalled bet ($6) returned to B1GBankroll
B1GBankroll collected $7.50 from pot
B1GBankroll: doesn't show hand 
*** SUMMARY ***
Total pot $7.50 | Rake $0 
Seat 1: woodmasterer folded before Flop
Seat 2: B1GBankroll collected ($7.50)
Seat 3: Nurlanstar92 (button) folded before Flop (didn't bet)
Seat 4: avlee1 (small blind) folded before Flop
Seat 5: KarP93 (big blind) folded before Flop
Seat 6: Emily_GetMan folded before Flop (didn't bet)



PokerStars Hand #254310128570:  Hold'em No Limit ($0.50/$1.00 USD) - 2025/01/11 8:40:19 WET [2025/01/11 3:40:19 ET]
Table 'Navi II' 6-max Seat #4 is the button
Seat 1: woodmasterer ($70.67 in chips) 
Seat 2: B1GBankroll ($264.05 in chips) 
Seat 3: Nurlanstar92 ($103.07 in chips) 
Seat 4: avlee1 ($101 in chips) 
Seat 5: KarP93 ($115.44 in chips) 
Seat 6: Emily_GetMan ($107.33 in chips) 
KarP93: posts small blind $0.50
Emily_GetMan: posts big blind $1
*** HOLE CARDS ***
woodmasterer: calls $1
B1GBankroll: folds 
Nurlanstar92: folds 
avlee1: folds 
KarP93: folds 
Emily_GetMan: raises $3.50 to $4.50
woodmasterer: calls $3.50
*** FLOP *** [4d Kh 2d]
Emily_GetMan: bets $4.50
woodmasterer: calls $4.50
*** TURN *** [4d Kh 2d] [8s]
Emily_GetMan: bets $17.50
woodmasterer: folds 
Uncalled bet ($17.50) returned to Emily_GetMan
Emily_GetMan collected $17.58 from pot
Emily_GetMan: doesn't show hand 
*** SUMMARY ***
Total pot $18.50 | Rake $0.92 
Board [4d Kh 2d 8s]
Seat 1: woodmasterer folded on the Turn
Seat 2: B1GBankroll folded before Flop (didn't bet)
Seat 3: Nurlanstar92 folded before Flop (didn't bet)
Seat 4: avlee1 (button) folded before Flop (didn't bet)
Seat 5: KarP93 (small blind) folded before Flop
Seat 6: Emily_GetMan (big blind) collected ($17.58)



PokerStars Hand #254310132234:  Hold'em No Limit ($0.50/$1.00 USD) - 2025/01/11 8:40:56 WET [2025/01/11 3:40:56 ET]
Table 'Navi II' 6-max Seat #5 is the button
Seat 1: woodmasterer ($61.67 in chips) 
Seat 2: B1GBankroll ($264.05 in chips) 
Seat 3: Nurlanstar92 ($103.07 in chips) 
Seat 4: avlee1 ($101 in chips) 
Seat 5: KarP93 ($114.94 in chips) 
Seat 6: Emily_GetMan ($115.91 in chips) 
Emily_GetMan: posts small blind $0.50
woodmasterer: posts big blind $1
*** HOLE CARDS ***
B1GBankroll: folds 
Nurlanstar92: folds 
avlee1: folds 
KarP93: raises $1.50 to $2.50
Emily_GetMan: folds 
woodmasterer: calls $1.50
*** FLOP *** [Jh Qc 2d]
woodmasterer: checks 
KarP93: checks 
*** TURN *** [Jh Qc 2d] [2s]
woodmasterer: checks 
KarP93: checks 
*** RIVER *** [Jh Qc 2d 2s] [9s]
woodmasterer: checks 
KarP93: checks 
*** SHOW DOWN ***
woodmasterer: shows [Ac 8h] (a pair of Deuces)
KarP93: shows [As 3h] (a pair of Deuces)
woodmasterer collected $2.61 from pot
KarP93 collected $2.61 from pot
*** SUMMARY ***
Total pot $5.50 | Rake $0.28 
Board [Jh Qc 2d 2s 9s]
Seat 1: woodmasterer (big blind) showed [Ac 8h] and won ($2.61) with a pair of Deuces
Seat 2: B1GBankroll folded before Flop (didn't bet)
Seat 3: Nurlanstar92 folded before Flop (didn't bet)
Seat 4: avlee1 folded before Flop (didn't bet)
Seat 5: KarP93 (button) showed [As 3h] and won ($2.61) with a pair of Deuces
Seat 6: Emily_GetMan (small blind) folded before Flop



PokerStars Hand #254310135641:  Hold'em No Limit ($0.50/$1.00 USD) - 2025/01/11 8:41:32 WET [2025/01/11 3:41:32 ET]
Table 'Navi II' 6-max Seat #6 is the button
Seat 1: woodmasterer ($61.78 in chips) 
Seat 2: B1GBankroll ($264.05 in chips) 
Seat 3: Nurlanstar92 ($103.07 in chips) 
Seat 4: avlee1 ($101 in chips) 
Seat 5: KarP93 ($115.05 in chips) 
Seat 6: Emily_GetMan ($115.41 in chips) 
woodmasterer: posts small blind $0.50
B1GBankroll: posts big blind $1
*** HOLE CARDS ***
Nurlanstar92: folds 
avlee1: folds 
KarP93: folds 
Emily_GetMan: folds 
woodmasterer: folds 
Uncalled bet ($0.50) returned to B1GBankroll
B1GBankroll collected $1 from pot
B1GBankroll: doesn't show hand 
*** SUMMARY ***
Total pot $1 | Rake $0 
Seat 1: woodmasterer (small blind) folded before Flop
Seat 2: B1GBankroll (big blind) collected ($1)
Seat 3: Nurlanstar92 folded before Flop (didn't bet)
Seat 4: avlee1 folded before Flop (didn't bet)
Seat 5: KarP93 folded before Flop (didn't bet)
Seat 6: Emily_GetMan (button) folded before Flop (didn't bet)



PokerStars Hand #254310137637:  Hold'em No Limit ($0.50/$1.00 USD) - 2025/01/11 8:41:52 WET [2025/01/11 3:41:52 ET]
Table 'Navi II' 6-max Seat #1 is the button
Seat 3: Nurlanstar92 ($103.07 in chips) is sitting out
Seat 1: woodmasterer ($61.28 in chips) 
Seat 2: B1GBankroll ($264.55 in chips) 
Seat 4: avlee1 ($101 in chips) 
Seat 5: KarP93 ($115.05 in chips) 
Seat 6: Emily_GetMan ($115.41 in chips) 
B1GBankroll: posts small blind $0.50
Nurlanstar92: is sitting out 
avlee1: posts big blind $1
*** HOLE CARDS ***
KarP93: folds 
Emily_GetMan: folds 
woodmasterer: folds 
B1GBankroll: folds 
Uncalled bet ($0.50) returned to avlee1
Nurlanstar92 leaves the table
avlee1 collected $1 from pot
avlee1: doesn't show hand 
*** SUMMARY ***
Total pot $1 | Rake $0 
Seat 3: Nurlanstar92
Seat 1: woodmasterer (button) folded before Flop (didn't bet)
Seat 2: B1GBankroll (small blind) folded before Flop
Seat 4: avlee1 (big blind) collected ($1)
Seat 5: KarP93 folded before Flop (didn't bet)
Seat 6: Emily_GetMan folded before Flop (didn't bet)



PokerStars Hand #254310138516:  Hold'em No Limit ($0.50/$1.00 USD) - 2025/01/11 8:42:01 WET [2025/01/11 3:42:01 ET]
Table 'Navi II' 6-max Seat #2 is the button
Seat 1: woodmasterer ($61.28 in chips) 
Seat 2: B1GBankroll ($264.05 in chips) 
Seat 4: avlee1 ($101.50 in chips) 
Seat 5: KarP93 ($115.05 in chips) 
Seat 6: Emily_GetMan ($115.41 in chips) 
avlee1: posts small blind $0.50
KarP93: posts big blind $1
*** HOLE CARDS ***
Emily_GetMan: raises $1 to $2
woodmasterer: calls $2
B1GBankroll: folds 
avlee1: folds 
KarP93: calls $1
*** FLOP *** [Qs 8c 9d]
KarP93: checks 
Emily_GetMan: checks 
woodmasterer: bets $5
KarP93: calls $5
BeauParleur joins the table at seat #3 
Emily_GetMan: folds 
*** TURN *** [Qs 8c 9d] [7h]
KarP93: checks 
woodmasterer: checks 
*** RIVER *** [Qs 8c 9d 7h] [Ah]
KarP93: bets $5.17
woodmasterer: folds 
Uncalled bet ($5.17) returned to KarP93
KarP93 collected $15.68 from pot
KarP93: doesn't show hand 
*** SUMMARY ***
Total pot $16.50 | Rake $0.82 
Board [Qs 8c 9d 7h Ah]
Seat 1: woodmasterer folded on the River
Seat 2: B1GBankroll (button) folded before Flop (didn't bet)
Seat 4: avlee1 (small blind) folded before Flop
Seat 5: KarP93 (big blind) collected ($15.68)
Seat 6: Emily_GetMan folded on the Flop



PokerStars Hand #254310144227:  Hold'em No Limit ($0.50/$1.00 USD) - 2025/01/11 8:42:59 WET [2025/01/11 3:42:59 ET]
Table 'Navi II' 6-max Seat #4 is the button
Seat 3: BeauParleur ($100 in chips) is sitting out
Seat 1: woodmasterer ($54.28 in chips) 
Seat 2: B1GBankroll ($264.05 in chips) 
Seat 4: avlee1 ($101 in chips) 
Seat 5: KarP93 ($123.73 in chips) 
Seat 6: Emily_GetMan ($113.41 in chips) 
KarP93: posts small blind $0.50
Emily_GetMan: posts big blind $1
BeauParleur: sits out 
*** HOLE CARDS ***
woodmasterer: calls $1
B1GBankroll: folds 
avlee1: folds 
KarP93: folds 
Emily_GetMan: raises $3 to $4
woodmasterer: calls $3
*** FLOP *** [2s 7s 6s]
Emily_GetMan: bets $5.33
woodmasterer: folds 
Uncalled bet ($5.33) returned to Emily_GetMan
Emily_GetMan collected $8.08 from pot
Emily_GetMan: doesn't show hand 
*** SUMMARY ***
Total pot $8.50 | Rake $0.42 
Board [2s 7s 6s]
Seat 3: BeauParleur
Seat 1: woodmasterer folded on the Flop
Seat 2: B1GBankroll folded before Flop (didn't bet)
Seat 4: avlee1 (button) folded before Flop (didn't bet)
Seat 5: KarP93 (small blind) folded before Flop
Seat 6: Emily_GetMan (big blind) collected ($8.08)



PokerStars Hand #254310145740:  Hold'em No Limit ($0.50/$1.00 USD) - 2025/01/11 8:43:14 WET [2025/01/11 3:43:14 ET]
Table 'Navi II' 6-max Seat #5 is the button
Seat 3: BeauParleur ($100 in chips) is sitting out
Seat 1: woodmasterer ($50.28 in chips) 
Seat 2: B1GBankroll ($264.05 in chips) 
Seat 4: avlee1 ($101 in chips) 
Seat 5: KarP93 ($123.23 in chips) 
Seat 6: Emily_GetMan ($117.49 in chips) 
Emily_GetMan: posts small blind $0.50
woodmasterer: posts big blind $1
BeauParleur: sits out 
*** HOLE CARDS ***
B1GBankroll: folds 
avlee1: folds 
KarP93: raises $1.50 to $2.50
Emily_GetMan: folds 
woodmasterer: folds 
Uncalled bet ($1.50) returned to KarP93
KarP93 collected $2.50 from pot
KarP93: doesn't show hand 
*** SUMMARY ***
Total pot $2.50 | Rake $0 
Seat 3: BeauParleur
Seat 1: woodmasterer (big blind) folded before Flop
Seat 2: B1GBankroll folded before Flop (didn't bet)
Seat 4: avlee1 folded before Flop (didn't bet)
Seat 5: KarP93 (button) collected ($2.50)
Seat 6: Emily_GetMan (small blind) folded before Flop



PokerStars Hand #254310146721:  Hold'em No Limit ($0.50/$1.00 USD) - 2025/01/11 8:43:24 WET [2025/01/11 3:43:24 ET]
Table 'Navi II' 6-max Seat #6 is the button
Seat 3: BeauParleur ($100 in chips) is sitting out
Seat 1: woodmasterer ($49.28 in chips) 
Seat 2: B1GBankroll ($264.05 in chips) 
Seat 4: avlee1 ($101 in chips) 
Seat 5: KarP93 ($124.73 in chips) 
Seat 6: Emily_GetMan ($116.99 in chips) 
woodmasterer: posts small blind $0.50
B1GBankroll: posts big blind $1
BeauParleur: sits out 
*** HOLE CARDS ***
avlee1: folds 
KarP93: folds 
Emily_GetMan: folds 
woodmasterer: calls $0.50
B1GBankroll: checks 
*** FLOP *** [Td 2c Ts]
woodmasterer: checks 
B1GBankroll: checks 
*** TURN *** [Td 2c Ts] [3s]
woodmasterer: checks 
B1GBankroll: checks 
*** RIVER *** [Td 2c Ts 3s] [2h]
woodmasterer: checks 
B1GBankroll: bets $1.69
woodmasterer: folds 
Uncalled bet ($1.69) returned to B1GBankroll
B1GBankroll collected $1.90 from pot
B1GBankroll: doesn't show hand 
*** SUMMARY ***
Total pot $2 | Rake $0.10 
Board [Td 2c Ts 3s 2h]
Seat 3: BeauParleur
Seat 1: woodmasterer (small blind) folded on the River
Seat 2: B1GBankroll (big blind) collected ($1.90)
Seat 4: avlee1 folded before Flop (didn't bet)
Seat 5: KarP93 folded before Flop (didn't bet)
Seat 6: Emily_GetMan (button) folded before Flop (didn't bet)



PokerStars Hand #254310150381:  Hold'em No Limit ($0.50/$1.00 USD) - 2025/01/11 8:44:02 WET [2025/01/11 3:44:02 ET]
Table 'Navi II' 6-max Seat #1 is the button
Seat 1: woodmasterer ($48.28 in chips) 
Seat 2: B1GBankroll ($264.95 in chips) 
Seat 3: BeauParleur ($100 in chips) 
Seat 4: avlee1 ($101 in chips) 
Seat 5: KarP93 ($124.73 in chips) 
Seat 6: Emily_GetMan ($116.99 in chips) 
B1GBankroll: posts small blind $0.50
BeauParleur: posts big blind $1
*** HOLE CARDS ***
avlee1: raises $1.50 to $2.50
KarP93: folds 
Emily_GetMan: folds 
woodmasterer: calls $2.50
B1GBankroll: folds 
BeauParleur: folds 
*** FLOP *** [6s 6c Qs]
avlee1: checks 
woodmasterer: checks 
*** TURN *** [6s 6c Qs] [Qc]
avlee1: checks 
woodmasterer: checks 
*** RIVER *** [6s 6c Qs Qc] [Ad]
avlee1: bets $8.03
woodmasterer: folds 
Uncalled bet ($8.03) returned to avlee1
avlee1 collected $6.18 from pot
avlee1: doesn't show hand 
*** SUMMARY ***
Total pot $6.50 | Rake $0.32 
Board [6s 6c Qs Qc Ad]
Seat 1: woodmasterer (button) folded on the River
Seat 2: B1GBankroll (small blind) folded before Flop
Seat 3: BeauParleur (big blind) folded before Flop
Seat 4: avlee1 collected ($6.18)
Seat 5: KarP93 folded before Flop (didn't bet)
Seat 6: Emily_GetMan folded before Flop (didn't bet)



PokerStars Hand #254310154813:  Hold'em No Limit ($0.50/$1.00 USD) - 2025/01/11 8:44:47 WET [2025/01/11 3:44:47 ET]
Table 'Navi II' 6-max Seat #2 is the button
Seat 1: woodmasterer ($45.78 in chips) 
Seat 2: B1GBankroll ($264.45 in chips) 
Seat 3: BeauParleur ($100 in chips) 
Seat 4: avlee1 ($104.68 in chips) 
Seat 5: KarP93 ($124.73 in chips) 
Seat 6: Emily_GetMan ($116.99 in chips) 
BeauParleur: posts small blind $0.50
avlee1: posts big blind $1
*** HOLE CARDS ***
KarP93: folds 
Emily_GetMan: raises $1 to $2
woodmasterer: calls $2
B1GBankroll: folds 
BeauParleur: folds 
avlee1: folds 
*** FLOP *** [Ac 4c 8c]
Emily_GetMan: bets $1.72
woodmasterer: calls $1.72
*** TURN *** [Ac 4c 8c] [Qs]
Emily_GetMan: bets $5.60
woodmasterer: folds 
Uncalled bet ($5.60) returned to Emily_GetMan
Emily_GetMan collected $8.49 from pot
Emily_GetMan: doesn't show hand 
*** SUMMARY ***
Total pot $8.94 | Rake $0.45 
Board [Ac 4c 8c Qs]
Seat 1: woodmasterer folded on the Turn
Seat 2: B1GBankroll (button) folded before Flop (didn't bet)
Seat 3: BeauParleur (small blind) folded before Flop
Seat 4: avlee1 (big blind) folded before Flop
Seat 5: KarP93 folded before Flop (didn't bet)
Seat 6: Emily_GetMan collected ($8.49)



PokerStars Hand #254310157927:  Hold'em No Limit ($0.50/$1.00 USD) - 2025/01/11 8:45:19 WET [2025/01/11 3:45:19 ET]
Table 'Navi II' 6-max Seat #3 is the button
Seat 1: woodmasterer ($42.06 in chips) 
Seat 2: B1GBankroll ($264.45 in chips) 
Seat 3: BeauParleur ($100 in chips) 
Seat 4: avlee1 ($103.68 in chips) 
Seat 5: KarP93 ($124.73 in chips) 
Seat 6: Emily_GetMan ($121.76 in chips) 
avlee1: posts small blind $0.50
KarP93: posts big blind $1
*** HOLE CARDS ***
Emily_GetMan: raises $1 to $2
woodmasterer: calls $2
B1GBankroll: folds 
BeauParleur: raises $7.50 to $9.50
avlee1: folds 
KarP93: folds 
Emily_GetMan: calls $7.50
woodmasterer: calls $7.50
*** FLOP *** [6h 8s 3d]
Emily_GetMan: checks 
woodmasterer: checks 
BeauParleur: checks 
*** TURN *** [6h 8s 3d] [5d]
Emily_GetMan: bets $18.81
woodmasterer: raises $13.75 to $32.56 and is all-in
BeauParleur: folds 
Emily_GetMan: calls $13.75
*** RIVER *** [6h 8s 3d 5d] [Jh]
*** SHOW DOWN ***
Emily_GetMan: shows [Kd Jd] (a pair of Jacks)
woodmasterer: shows [Ts Tc] (a pair of Tens)
Emily_GetMan collected $92.62 from pot
*** SUMMARY ***
Total pot $95.12 | Rake $2.50 
Board [6h 8s 3d 5d Jh]
Seat 1: woodmasterer showed [Ts Tc] and lost with a pair of Tens
Seat 2: B1GBankroll folded before Flop (didn't bet)
Seat 3: BeauParleur (button) folded on the Turn
Seat 4: avlee1 (small blind) folded before Flop
Seat 5: KarP93 (big blind) folded before Flop
Seat 6: Emily_GetMan showed [Kd Jd] and won ($92.62) with a pair of Jacks



PokerStars Hand #254310163961:  Hold'em No Limit ($0.50/$1.00 USD) - 2025/01/11 8:46:21 WET [2025/01/11 3:46:21 ET]
Table 'Navi II' 6-max Seat #4 is the button
Seat 1: woodmasterer ($0 in chips) is sitting out
Seat 2: B1GBankroll ($264.45 in chips) 
Seat 3: BeauParleur ($100 in chips) 
Seat 4: avlee1 ($103.18 in chips) 
Seat 5: KarP93 ($123.73 in chips) 
Seat 6: Emily_GetMan ($172.32 in chips) 
KarP93: posts small blind $0.50
Emily_GetMan: posts big blind $1
*** HOLE CARDS ***
woodmasterer leaves the table
B1GBankroll: folds 
BeauParleur: raises $1.25 to $2.25
avlee1: folds 
KarP93: folds 
Emily_GetMan: folds 
Uncalled bet ($1.25) returned to BeauParleur
BeauParleur collected $2.50 from pot
BeauParleur: doesn't show hand 
*** SUMMARY ***
Total pot $2.50 | Rake $0 
Seat 1: woodmasterer
Seat 2: B1GBankroll folded before Flop (didn't bet)
Seat 3: BeauParleur collected ($2.50)
Seat 4: avlee1 (button) folded before Flop (didn't bet)
Seat 5: KarP93 (small blind) folded before Flop
Seat 6: Emily_GetMan (big blind) folded before Flop



PokerStars Hand #254310165970:  Hold'em No Limit ($0.50/$1.00 USD) - 2025/01/11 8:46:42 WET [2025/01/11 3:46:42 ET]
Table 'Navi II' 6-max Seat #5 is the button
Seat 2: B1GBankroll ($264.45 in chips) is sitting out
Seat 3: BeauParleur ($101.50 in chips) 
Seat 4: avlee1 ($103.18 in chips) 
Seat 5: KarP93 ($123.23 in chips) 
Seat 6: Emily_GetMan ($171.32 in chips) 
Emily_GetMan: posts small blind $0.50
B1GBankroll: is sitting out 
BeauParleur: posts big blind $1
*** HOLE CARDS ***
avlee1: folds 
avlee1 leaves the table
B1GBankroll leaves the table
KarP93: folds 
Emily_GetMan: folds 
Uncalled bet ($0.50) returned to BeauParleur
BeauParleur collected $1 from pot
BeauParleur: doesn't show hand 
*** SUMMARY ***
Total pot $1 | Rake $0 
Seat 2: B1GBankroll
Seat 3: BeauParleur (big blind) collected ($1)
Seat 4: avlee1 folded before Flop (didn't bet)
Seat 5: KarP93 (button) folded before Flop (didn't bet)
Seat 6: Emily_GetMan (small blind) folded before Flop



PokerStars Hand #254310167215:  Hold'em No Limit ($0.50/$1.00 USD) - 2025/01/11 8:46:55 WET [2025/01/11 3:46:55 ET]
Table 'Navi II' 6-max Seat #6 is the button
Seat 3: BeauParleur ($102 in chips) 
Seat 5: KarP93 ($123.23 in chips) 
Seat 6: Emily_GetMan ($170.82 in chips) 
BeauParleur: posts small blind $0.50
KarP93: posts big blind $1
*** HOLE CARDS ***
Emily_GetMan: folds 
BeauParleur: folds 
Uncalled bet ($0.50) returned to KarP93
KarP93 collected $1 from pot
KarP93: doesn't show hand 
*** SUMMARY ***
Total pot $1 | Rake $0 
Seat 3: BeauParleur (small blind) folded before Flop
Seat 5: KarP93 (big blind) collected ($1)
Seat 6: Emily_GetMan (button) folded before Flop (didn't bet)



PokerStars Hand #254310168236:  Hold'em No Limit ($0.50/$1.00 USD) - 2025/01/11 8:47:05 WET [2025/01/11 3:47:05 ET]
Table 'Navi II' 6-max Seat #5 is the button
Seat 6: Emily_GetMan ($170.82 in chips) is sitting out
Seat 3: BeauParleur ($101.50 in chips) 
Seat 5: KarP93 ($123.73 in chips) 
KarP93: posts small blind $0.50
Emily_GetMan: is sitting out 
BeauParleur: posts big blind $1
*** HOLE CARDS ***
Emily_GetMan leaves the table
KarP93: raises $1.50 to $2.50
BeauParleur: raises $7.50 to $10
KarP93: raises $13 to $23
BeauParleur: calls $13
*** FLOP *** [9d 8c 2c]
BeauParleur: checks 
KarP93: bets $14.85
BeauParleur: raises $20.65 to $35.50
KarP93: calls $20.65
*** TURN *** [9d 8c 2c] [5c]
BeauParleur: checks 
KarP93: bets $65.23 and is all-in
BeauParleur: folds 
Uncalled bet ($65.23) returned to KarP93
KarP93 collected $116 from pot
KarP93: doesn't show hand 
*** SUMMARY ***
Total pot $117 | Rake $1 
Board [9d 8c 2c 5c]
Seat 6: Emily_GetMan
Seat 3: BeauParleur (big blind) folded on the Turn
Seat 5: KarP93 (button) (small blind) collected ($116)



