PokerStars Hand #254320871530:  Hold'em No Limit ($0.50/$1.00 USD) - 2025/01/11 21:52:28 WET [2025/01/11 16:52:28 ET]
Table 'Urania III' 6-max Seat #6 is the button
Seat 1: AIien Hand ($100 in chips) 
Seat 4: Manifestorr ($100 in chips) 
Seat 6: nikalas22 ($102.25 in chips) 
AIien Hand: posts small blind $0.50
Manifestorr: posts big blind $1
*** HOLE CARDS ***
nikalas22: folds 
AIien Hand: folds 
Uncalled bet ($0.50) returned to Manifestorr
Manifestorr collected $1 from pot
*** SUMMARY ***
Total pot $1 | Rake $0 
Seat 1: AIien Hand (small blind) folded before Flop
Seat 4: Manifestorr (big blind) collected ($1)
Seat 6: nikalas22 (button) folded before Flop (didn't bet)



PokerStars Hand #254320874190:  Hold'em No Limit ($0.50/$1.00 USD) - 2025/01/11 21:52:36 WET [2025/01/11 16:52:36 ET]
Table 'Urania III' 6-max Seat #1 is the button
Seat 1: AIien Hand ($100 in chips) 
Seat 4: Manifestorr ($100.50 in chips) 
Seat 6: nikalas22 ($102.25 in chips) 
Manifestorr: posts small blind $0.50
nikalas22: posts big blind $1
*** HOLE CARDS ***
AIien Hand: folds 
Manifestorr: folds 
Uncalled bet ($0.50) returned to nikalas22
nikalas22 collected $1 from pot
nikalas22: doesn't show hand 
*** SUMMARY ***
Total pot $1 | Rake $0 
Seat 1: AIien Hand (button) folded before Flop (didn't bet)
Seat 4: Manifestorr (small blind) folded before Flop
Seat 6: nikalas22 (big blind) collected ($1)



PokerStars Hand #254320876065:  Hold'em No Limit ($0.50/$1.00 USD) - 2025/01/11 21:52:42 WET [2025/01/11 16:52:42 ET]
Table 'Urania III' 6-max Seat #4 is the button
Seat 1: AIien Hand ($100 in chips) 
Seat 4: Manifestorr ($100 in chips) 
Seat 6: nikalas22 ($102.75 in chips) 
nikalas22: posts small blind $0.50
AIien Hand: posts big blind $1
*** HOLE CARDS ***
Manifestorr: raises $1.20 to $2.20
nikalas22: folds 
AIien Hand: raises $10.30 to $12.50
Manifestorr: folds 
Uncalled bet ($10.30) returned to AIien Hand
AIien Hand collected $4.90 from pot
AIien Hand: doesn't show hand 
*** SUMMARY ***
Total pot $4.90 | Rake $0 
Seat 1: AIien Hand (big blind) collected ($4.90)
Seat 4: Manifestorr (button) folded before Flop
Seat 6: nikalas22 (small blind) folded before Flop



PokerStars Hand #254320881181:  Hold'em No Limit ($0.50/$1.00 USD) - 2025/01/11 21:52:58 WET [2025/01/11 16:52:58 ET]
Table 'Urania III' 6-max Seat #1 is the button
Seat 4: Manifestorr ($100 in chips) is sitting out
Seat 1: AIien Hand ($102.70 in chips) 
Seat 6: nikalas22 ($102.25 in chips) 
AIien Hand: posts small blind $0.50
Manifestorr: is sitting out 
nikalas22: posts big blind $1
*** HOLE CARDS ***
Manifestorr leaves the table
AIien Hand: folds 
Uncalled bet ($0.50) returned to nikalas22
nikalas22 collected $1 from pot
nikalas22: doesn't show hand 
*** SUMMARY ***
Total pot $1 | Rake $0 
Seat 4: Manifestorr
Seat 1: AIien Hand (button) (small blind) folded before Flop
Seat 6: nikalas22 (big blind) collected ($1)



PokerStars Hand #254321094724:  Hold'em No Limit ($0.50/$1.00 USD) - 2025/01/11 22:05:43 WET [2025/01/11 17:05:43 ET]
Table 'Urania III' 6-max Seat #3 is the button
Seat 1: ofipoker1001 ($90 in chips) 
Seat 2: MaikonAll ($104 in chips) 
Seat 3: SorinS28 ($132.33 in chips) 
Seat 4: MaRKiToScoK ($100 in chips) 
Seat 5: Manifestorr ($100 in chips) 
Seat 6: nikalas22 ($101.25 in chips) 
MaRKiToScoK: posts small blind $0.50
Manifestorr: posts big blind $1
*** HOLE CARDS ***
nikalas22: raises $1.50 to $2.50
ofipoker1001: folds 
MaikonAll: folds 
SorinS28: folds 
MaRKiToScoK: folds 
Manifestorr: folds 
Uncalled bet ($1.50) returned to nikalas22
nikalas22 collected $2.50 from pot
nikalas22: doesn't show hand 
*** SUMMARY ***
Total pot $2.50 | Rake $0 
Seat 1: ofipoker1001 folded before Flop (didn't bet)
Seat 2: MaikonAll folded before Flop (didn't bet)
Seat 3: SorinS28 (button) folded before Flop (didn't bet)
Seat 4: MaRKiToScoK (small blind) folded before Flop
Seat 5: Manifestorr (big blind) folded before Flop
Seat 6: nikalas22 collected ($2.50)



PokerStars Hand #254321102784:  Hold'em No Limit ($0.50/$1.00 USD) - 2025/01/11 22:06:08 WET [2025/01/11 17:06:08 ET]
Table 'Urania III' 6-max Seat #4 is the button
Seat 1: ofipoker1001 ($90 in chips) 
Seat 2: MaikonAll ($104 in chips) 
Seat 3: SorinS28 ($132.33 in chips) 
Seat 4: MaRKiToScoK ($100 in chips) 
Seat 5: Manifestorr ($100 in chips) 
Seat 6: nikalas22 ($102.75 in chips) 
Manifestorr: posts small blind $0.50
nikalas22: posts big blind $1
*** HOLE CARDS ***
ofipoker1001: raises $1 to $2
MaikonAll: folds 
SorinS28: folds 
MaRKiToScoK: raises $4.40 to $6.40
Manifestorr: folds 
nikalas22: folds 
ofipoker1001: calls $4.40
*** FLOP *** [4c Ts 4s]
ofipoker1001: checks 
MaRKiToScoK: bets $4.07
ofipoker1001: calls $4.07
*** TURN *** [4c Ts 4s] [Qh]
ofipoker1001: checks 
MaRKiToScoK: bets $15.99
ofipoker1001: calls $15.99
*** RIVER *** [4c Ts 4s Qh] [3c]
ofipoker1001: checks 
MaRKiToScoK: checks 
*** SHOW DOWN ***
ofipoker1001: shows [8s 7s] (a pair of Fours)
MaRKiToScoK: shows [3s As] (two pair, Fours and Threes)
MaRKiToScoK collected $51.92 from pot
*** SUMMARY ***
Total pot $54.42 | Rake $2.50 
Board [4c Ts 4s Qh 3c]
Seat 1: ofipoker1001 showed [8s 7s] and lost with a pair of Fours
Seat 2: MaikonAll folded before Flop (didn't bet)
Seat 3: SorinS28 folded before Flop (didn't bet)
Seat 4: MaRKiToScoK (button) showed [3s As] and won ($51.92) with two pair, Fours and Threes
Seat 5: Manifestorr (small blind) folded before Flop
Seat 6: nikalas22 (big blind) folded before Flop



PokerStars Hand #254321128204:  Hold'em No Limit ($0.50/$1.00 USD) - 2025/01/11 22:07:26 WET [2025/01/11 17:07:26 ET]
Table 'Urania III' 6-max Seat #5 is the button
Seat 1: ofipoker1001 ($63.54 in chips) 
Seat 2: MaikonAll ($104 in chips) 
Seat 3: SorinS28 ($132.33 in chips) 
Seat 4: MaRKiToScoK ($125.46 in chips) 
Seat 5: Manifestorr ($100 in chips) 
Seat 6: nikalas22 ($101.75 in chips) 
nikalas22: posts small blind $0.50
ofipoker1001: posts big blind $1
*** HOLE CARDS ***
MaikonAll: folds 
SorinS28: raises $1.02 to $2.02
MaRKiToScoK: folds 
Manifestorr: folds 
nikalas22: folds 
ofipoker1001: folds 
Uncalled bet ($1.02) returned to SorinS28
SorinS28 collected $2.50 from pot
SorinS28: doesn't show hand 
*** SUMMARY ***
Total pot $2.50 | Rake $0 
Seat 1: ofipoker1001 (big blind) folded before Flop
Seat 2: MaikonAll folded before Flop (didn't bet)
Seat 3: SorinS28 collected ($2.50)
Seat 4: MaRKiToScoK folded before Flop (didn't bet)
Seat 5: Manifestorr (button) folded before Flop (didn't bet)
Seat 6: nikalas22 (small blind) folded before Flop



PokerStars Hand #254321134821:  Hold'em No Limit ($0.50/$1.00 USD) - 2025/01/11 22:07:46 WET [2025/01/11 17:07:46 ET]
Table 'Urania III' 6-max Seat #6 is the button
Seat 1: ofipoker1001 ($62.54 in chips) 
Seat 2: MaikonAll ($104 in chips) 
Seat 3: SorinS28 ($133.83 in chips) 
Seat 4: MaRKiToScoK ($125.46 in chips) 
Seat 5: Manifestorr ($100 in chips) 
Seat 6: nikalas22 ($101.25 in chips) 
ofipoker1001: posts small blind $0.50
MaikonAll: posts big blind $1
*** HOLE CARDS ***
SorinS28: raises $1.02 to $2.02
MaRKiToScoK: calls $2.02
Manifestorr: folds 
nikalas22: folds 
ofipoker1001: folds 
MaikonAll: folds 
*** FLOP *** [Th 5h 3c]
SorinS28: checks 
MaRKiToScoK: bets $2.63
SorinS28: calls $2.63
*** TURN *** [Th 5h 3c] [Ac]
SorinS28: checks 
MaRKiToScoK: checks 
*** RIVER *** [Th 5h 3c Ac] [9d]
SorinS28: checks 
MaRKiToScoK: checks 
*** SHOW DOWN ***
SorinS28: shows [Ks Qh] (high card Ace)
MaRKiToScoK: shows [Jd Js] (a pair of Jacks)
MaRKiToScoK collected $10.26 from pot
*** SUMMARY ***
Total pot $10.80 | Rake $0.54 
Board [Th 5h 3c Ac 9d]
Seat 1: ofipoker1001 (small blind) folded before Flop
Seat 2: MaikonAll (big blind) folded before Flop
Seat 3: SorinS28 showed [Ks Qh] and lost with high card Ace
Seat 4: MaRKiToScoK showed [Jd Js] and won ($10.26) with a pair of Jacks
Seat 5: Manifestorr folded before Flop (didn't bet)
Seat 6: nikalas22 (button) folded before Flop (didn't bet)



PokerStars Hand #254321167647:  Hold'em No Limit ($0.50/$1.00 USD) - 2025/01/11 22:09:27 WET [2025/01/11 17:09:27 ET]
Table 'Urania III' 6-max Seat #1 is the button
Seat 1: ofipoker1001 ($100 in chips) 
Seat 2: MaikonAll ($103 in chips) 
Seat 3: SorinS28 ($129.18 in chips) 
Seat 4: MaRKiToScoK ($131.07 in chips) 
Seat 5: Manifestorr ($100 in chips) 
Seat 6: nikalas22 ($101.25 in chips) 
MaikonAll: posts small blind $0.50
SorinS28: posts big blind $1
*** HOLE CARDS ***
MaRKiToScoK: folds 
Manifestorr: raises $1.20 to $2.20
nikalas22: folds 
ofipoker1001: folds 
MaikonAll: folds 
SorinS28: folds 
Uncalled bet ($1.20) returned to Manifestorr
Manifestorr collected $2.50 from pot
*** SUMMARY ***
Total pot $2.50 | Rake $0 
Seat 1: ofipoker1001 (button) folded before Flop (didn't bet)
Seat 2: MaikonAll (small blind) folded before Flop
Seat 3: SorinS28 (big blind) folded before Flop
Seat 4: MaRKiToScoK folded before Flop (didn't bet)
Seat 5: Manifestorr collected ($2.50)
Seat 6: nikalas22 folded before Flop (didn't bet)



PokerStars Hand #254321174877:  Hold'em No Limit ($0.50/$1.00 USD) - 2025/01/11 22:09:49 WET [2025/01/11 17:09:49 ET]
Table 'Urania III' 6-max Seat #2 is the button
Seat 1: ofipoker1001 ($100 in chips) 
Seat 2: MaikonAll ($102.50 in chips) 
Seat 3: SorinS28 ($128.18 in chips) 
Seat 4: MaRKiToScoK ($131.07 in chips) 
Seat 5: Manifestorr ($101.50 in chips) 
Seat 6: nikalas22 ($101.25 in chips) 
SorinS28: posts small blind $0.50
MaRKiToScoK: posts big blind $1
*** HOLE CARDS ***
Manifestorr: raises $1.20 to $2.20
nikalas22: folds 
ofipoker1001: folds 
MaikonAll: folds 
SorinS28: folds 
MaRKiToScoK: calls $1.20
*** FLOP *** [Qd 3h 4s]
MaRKiToScoK: checks 
Manifestorr: bets $1.54
MaRKiToScoK: folds 
Uncalled bet ($1.54) returned to Manifestorr
Manifestorr collected $4.66 from pot
*** SUMMARY ***
Total pot $4.90 | Rake $0.24 
Board [Qd 3h 4s]
Seat 1: ofipoker1001 folded before Flop (didn't bet)
Seat 2: MaikonAll (button) folded before Flop (didn't bet)
Seat 3: SorinS28 (small blind) folded before Flop
Seat 4: MaRKiToScoK (big blind) folded on the Flop
Seat 5: Manifestorr collected ($4.66)
Seat 6: nikalas22 folded before Flop (didn't bet)



PokerStars Hand #254321200037:  Hold'em No Limit ($0.50/$1.00 USD) - 2025/01/11 22:11:06 WET [2025/01/11 17:11:06 ET]
Table 'Urania III' 6-max Seat #3 is the button
Seat 1: ofipoker1001 ($100 in chips) 
Seat 2: MaikonAll ($102.50 in chips) 
Seat 3: SorinS28 ($127.68 in chips) 
Seat 4: MaRKiToScoK ($128.87 in chips) 
Seat 5: Manifestorr ($103.96 in chips) 
Seat 6: nikalas22 ($101.25 in chips) 
MaRKiToScoK: posts small blind $0.50
Manifestorr: posts big blind $1
*** HOLE CARDS ***
nikalas22: raises $1.50 to $2.50
ofipoker1001: folds 
MaikonAll: folds 
SorinS28: raises $6 to $8.50
MaRKiToScoK: folds 
Manifestorr: folds 
nikalas22: folds 
Uncalled bet ($6) returned to SorinS28
SorinS28 collected $6.50 from pot
SorinS28: doesn't show hand 
*** SUMMARY ***
Total pot $6.50 | Rake $0 
Seat 1: ofipoker1001 folded before Flop (didn't bet)
Seat 2: MaikonAll folded before Flop (didn't bet)
Seat 3: SorinS28 (button) collected ($6.50)
Seat 4: MaRKiToScoK (small blind) folded before Flop
Seat 5: Manifestorr (big blind) folded before Flop
Seat 6: nikalas22 folded before Flop



PokerStars Hand #254321212601:  Hold'em No Limit ($0.50/$1.00 USD) - 2025/01/11 22:11:45 WET [2025/01/11 17:11:45 ET]
Table 'Urania III' 6-max Seat #4 is the button
Seat 1: ofipoker1001 ($100 in chips) 
Seat 2: MaikonAll ($102.50 in chips) 
Seat 3: SorinS28 ($131.68 in chips) 
Seat 4: MaRKiToScoK ($128.37 in chips) 
Seat 5: Manifestorr ($102.96 in chips) 
Seat 6: nikalas22 ($100 in chips) 
Manifestorr: posts small blind $0.50
nikalas22: posts big blind $1
*** HOLE CARDS ***
ofipoker1001: raises $1 to $2
MaikonAll: folds 
SorinS28: raises $4.50 to $6.50
MaRKiToScoK: folds 
Manifestorr: folds 
nikalas22: folds 
ofipoker1001: calls $4.50
*** FLOP *** [Kh 7d Ts]
ofipoker1001: checks 
SorinS28: bets $4.55
ofipoker1001: raises $8.45 to $13
SorinS28: calls $8.45
*** TURN *** [Kh 7d Ts] [3h]
ofipoker1001: bets $25.40
SorinS28: folds 
Uncalled bet ($25.40) returned to ofipoker1001
ofipoker1001 collected $38.48 from pot
ofipoker1001: doesn't show hand 
*** SUMMARY ***
Total pot $40.50 | Rake $2.02 
Board [Kh 7d Ts 3h]
Seat 1: ofipoker1001 collected ($38.48)
Seat 2: MaikonAll folded before Flop (didn't bet)
Seat 3: SorinS28 folded on the Turn
Seat 4: MaRKiToScoK (button) folded before Flop (didn't bet)
Seat 5: Manifestorr (small blind) folded before Flop
Seat 6: nikalas22 (big blind) folded before Flop



PokerStars Hand #254321238177:  Hold'em No Limit ($0.50/$1.00 USD) - 2025/01/11 22:13:03 WET [2025/01/11 17:13:03 ET]
Table 'Urania III' 6-max Seat #5 is the button
Seat 1: ofipoker1001 ($118.98 in chips) 
Seat 2: MaikonAll ($102.50 in chips) 
Seat 3: SorinS28 ($112.18 in chips) 
Seat 4: MaRKiToScoK ($128.37 in chips) 
Seat 5: Manifestorr ($102.46 in chips) 
Seat 6: nikalas22 ($100 in chips) 
nikalas22: posts small blind $0.50
ofipoker1001: posts big blind $1
*** HOLE CARDS ***
MaikonAll: raises $1.30 to $2.30
SorinS28: folds 
MaRKiToScoK: folds 
Manifestorr: folds 
nikalas22: folds 
ofipoker1001: calls $1.30
*** FLOP *** [Kd Jc 9c]
ofipoker1001: checks 
MaikonAll: bets $1.21
ofipoker1001: raises $3.29 to $4.50
MaikonAll: calls $3.29
*** TURN *** [Kd Jc 9c] [Qh]
ofipoker1001: bets $8.84
MaikonAll: folds 
Uncalled bet ($8.84) returned to ofipoker1001
ofipoker1001 collected $13.40 from pot
ofipoker1001: doesn't show hand 
*** SUMMARY ***
Total pot $14.10 | Rake $0.70 
Board [Kd Jc 9c Qh]
Seat 1: ofipoker1001 (big blind) collected ($13.40)
Seat 2: MaikonAll folded on the Turn
Seat 3: SorinS28 folded before Flop (didn't bet)
Seat 4: MaRKiToScoK folded before Flop (didn't bet)
Seat 5: Manifestorr (button) folded before Flop (didn't bet)
Seat 6: nikalas22 (small blind) folded before Flop



PokerStars Hand #254321265701:  Hold'em No Limit ($0.50/$1.00 USD) - 2025/01/11 22:14:28 WET [2025/01/11 17:14:28 ET]
Table 'Urania III' 6-max Seat #6 is the button
Seat 2: MaikonAll ($100 in chips) is sitting out
Seat 3: SorinS28 ($112.18 in chips) is sitting out
Seat 1: ofipoker1001 ($125.58 in chips) 
Seat 4: MaRKiToScoK ($128.37 in chips) 
Seat 5: Manifestorr ($102.46 in chips) 
Seat 6: nikalas22 ($100 in chips) 
ofipoker1001: posts small blind $0.50
MaikonAll: is sitting out 
SorinS28: is sitting out 
MaRKiToScoK: posts big blind $1
*** HOLE CARDS ***
Manifestorr: folds 
nikalas22: raises $1.50 to $2.50
ofipoker1001: folds 
MaRKiToScoK: calls $1.50
*** FLOP *** [3c Tc 9c]
MaRKiToScoK: checks 
SorinS28 leaves the table
nikalas22: checks 
*** TURN *** [3c Tc 9c] [9s]
MaRKiToScoK: bets $3.92
MaikonAll leaves the table
nikalas22: calls $3.92
*** RIVER *** [3c Tc 9c 9s] [7d]
MaRKiToScoK: bets $19
nikalas22: folds 
Uncalled bet ($19) returned to MaRKiToScoK
pr0tecto joins the table at seat #2 
MaRKiToScoK collected $12.67 from pot
Tibibacsi joins the table at seat #3 
*** SUMMARY ***
Total pot $13.34 | Rake $0.67 
Board [3c Tc 9c 9s 7d]
Seat 2: MaikonAll
Seat 3: SorinS28
Seat 1: ofipoker1001 (small blind) folded before Flop
Seat 4: MaRKiToScoK (big blind) collected ($12.67)
Seat 5: Manifestorr folded before Flop (didn't bet)
Seat 6: nikalas22 (button) folded on the River



PokerStars Hand #254321275556:  Hold'em No Limit ($0.50/$1.00 USD) - 2025/01/11 22:14:59 WET [2025/01/11 17:14:59 ET]
Table 'Urania III' 6-max Seat #1 is the button
Seat 2: pr0tecto ($100 in chips) is sitting out
Seat 3: Tibibacsi ($100 in chips) is sitting out
Seat 1: ofipoker1001 ($125.08 in chips) 
Seat 4: MaRKiToScoK ($134.62 in chips) 
Seat 5: Manifestorr ($102.46 in chips) 
Seat 6: nikalas22 ($100 in chips) 
MaRKiToScoK: posts small blind $0.50
Manifestorr: posts big blind $1
*** HOLE CARDS ***
nikalas22: folds 
ofipoker1001: raises $2 to $3
MaRKiToScoK: folds 
Manifestorr: calls $2
*** FLOP *** [4d Qd 2c]
Manifestorr: checks 
ofipoker1001: bets $2.04
Manifestorr: calls $2.04
*** TURN *** [4d Qd 2c] [Tc]
Manifestorr: checks 
ofipoker1001: checks 
*** RIVER *** [4d Qd 2c Tc] [7c]
Manifestorr: bets $7.54
ofipoker1001: calls $7.54
*** SHOW DOWN ***
Manifestorr: shows [7s Qs] (two pair, Queens and Sevens)
ofipoker1001: mucks hand 
Manifestorr collected $24.66 from pot
*** SUMMARY ***
Total pot $25.66 | Rake $1 
Board [4d Qd 2c Tc 7c]
Seat 2: pr0tecto
Seat 3: Tibibacsi
Seat 1: ofipoker1001 (button) mucked
Seat 4: MaRKiToScoK (small blind) folded before Flop
Seat 5: Manifestorr (big blind) showed [7s Qs] and won ($24.66) with two pair, Queens and Sevens
Seat 6: nikalas22 folded before Flop (didn't bet)



PokerStars Hand #254321291003:  Hold'em No Limit ($0.50/$1.00 USD) - 2025/01/11 22:15:47 WET [2025/01/11 17:15:47 ET]
Table 'Urania III' 6-max Seat #4 is the button
Seat 2: pr0tecto ($100 in chips) is sitting out
Seat 3: Tibibacsi ($100 in chips) is sitting out
Seat 1: ofipoker1001 ($112.50 in chips) 
Seat 4: MaRKiToScoK ($134.12 in chips) 
Seat 5: Manifestorr ($114.54 in chips) 
Seat 6: nikalas22 ($100 in chips) 
Manifestorr: posts small blind $0.50
nikalas22: posts big blind $1
pr0tecto: sits out 
Tibibacsi: sits out 
*** HOLE CARDS ***
ofipoker1001: folds 
MaRKiToScoK: raises $1.33 to $2.33
Manifestorr: folds 
nikalas22: calls $1.33
*** FLOP *** [As Td 9h]
nikalas22: checks 
MaRKiToScoK: checks 
*** TURN *** [As Td 9h] [6c]
nikalas22: checks 
MaRKiToScoK: checks 
*** RIVER *** [As Td 9h 6c] [8c]
nikalas22: bets $1.47
MaRKiToScoK: calls $1.47
*** SHOW DOWN ***
nikalas22: shows [2d Kd] (high card Ace)
MaRKiToScoK: shows [Jh Jd] (a pair of Jacks)
MaRKiToScoK collected $7.70 from pot
*** SUMMARY ***
Total pot $8.10 | Rake $0.40 
Board [As Td 9h 6c 8c]
Seat 2: pr0tecto
Seat 3: Tibibacsi
Seat 1: ofipoker1001 folded before Flop (didn't bet)
Seat 4: MaRKiToScoK (button) showed [Jh Jd] and won ($7.70) with a pair of Jacks
Seat 5: Manifestorr (small blind) folded before Flop
Seat 6: nikalas22 (big blind) showed [2d Kd] and lost with high card Ace



PokerStars Hand #254321302981:  Hold'em No Limit ($0.50/$1.00 USD) - 2025/01/11 22:16:23 WET [2025/01/11 17:16:23 ET]
Table 'Urania III' 6-max Seat #5 is the button
Seat 2: pr0tecto ($100 in chips) is sitting out
Seat 3: Tibibacsi ($100 in chips) is sitting out
Seat 1: ofipoker1001 ($112.50 in chips) 
Seat 4: MaRKiToScoK ($138.02 in chips) 
Seat 5: Manifestorr ($114.04 in chips) 
Seat 6: nikalas22 ($100 in chips) 
nikalas22: posts small blind $0.50
ofipoker1001: posts big blind $1
pr0tecto: sits out 
Tibibacsi: sits out 
*** HOLE CARDS ***
MaRKiToScoK: folds 
Manifestorr: folds 
nikalas22: raises $2 to $3
ofipoker1001: raises $6 to $9
nikalas22: folds 
Uncalled bet ($6) returned to ofipoker1001
ofipoker1001 collected $6 from pot
ofipoker1001: doesn't show hand 
*** SUMMARY ***
Total pot $6 | Rake $0 
Seat 2: pr0tecto
Seat 3: Tibibacsi
Seat 1: ofipoker1001 (big blind) collected ($6)
Seat 4: MaRKiToScoK folded before Flop (didn't bet)
Seat 5: Manifestorr (button) folded before Flop (didn't bet)
Seat 6: nikalas22 (small blind) folded before Flop



PokerStars Hand #254321311931:  Hold'em No Limit ($0.50/$1.00 USD) - 2025/01/11 22:16:51 WET [2025/01/11 17:16:51 ET]
Table 'Urania III' 6-max Seat #6 is the button
Seat 3: Tibibacsi ($100 in chips) is sitting out
Seat 1: ofipoker1001 ($115.50 in chips) 
Seat 2: pr0tecto ($100 in chips) 
Seat 4: MaRKiToScoK ($138.02 in chips) 
Seat 5: Manifestorr ($114.04 in chips) 
Seat 6: nikalas22 ($100 in chips) 
ofipoker1001: posts small blind $0.50
pr0tecto: posts big blind $1
Tibibacsi: sits out 
*** HOLE CARDS ***
MaRKiToScoK: raises $1.07 to $2.07
Manifestorr: folds 
nikalas22: folds 
ofipoker1001: folds 
pr0tecto: folds 
Uncalled bet ($1.07) returned to MaRKiToScoK
MaRKiToScoK collected $2.50 from pot
*** SUMMARY ***
Total pot $2.50 | Rake $0 
Seat 3: Tibibacsi
Seat 1: ofipoker1001 (small blind) folded before Flop
Seat 2: pr0tecto (big blind) folded before Flop
Seat 4: MaRKiToScoK collected ($2.50)
Seat 5: Manifestorr folded before Flop (didn't bet)
Seat 6: nikalas22 (button) folded before Flop (didn't bet)



PokerStars Hand #254321316011:  Hold'em No Limit ($0.50/$1.00 USD) - 2025/01/11 22:17:04 WET [2025/01/11 17:17:04 ET]
Table 'Urania III' 6-max Seat #1 is the button
Seat 1: ofipoker1001 ($115 in chips) 
Seat 2: pr0tecto ($99 in chips) 
Seat 3: Tibibacsi ($100 in chips) 
Seat 4: MaRKiToScoK ($139.52 in chips) 
Seat 5: Manifestorr ($114.04 in chips) 
Seat 6: nikalas22 ($100 in chips) 
pr0tecto: posts small blind $0.50
Tibibacsi: posts big blind $1
*** HOLE CARDS ***
MaRKiToScoK: folds 
Manifestorr: folds 
nikalas22: folds 
ofipoker1001: folds 
pr0tecto: raises $1.24 to $2.24
Tibibacsi: folds 
Uncalled bet ($1.24) returned to pr0tecto
pr0tecto collected $2 from pot
pr0tecto: doesn't show hand 
*** SUMMARY ***
Total pot $2 | Rake $0 
Seat 1: ofipoker1001 (button) folded before Flop (didn't bet)
Seat 2: pr0tecto (small blind) collected ($2)
Seat 3: Tibibacsi (big blind) folded before Flop
Seat 4: MaRKiToScoK folded before Flop (didn't bet)
Seat 5: Manifestorr folded before Flop (didn't bet)
Seat 6: nikalas22 folded before Flop (didn't bet)



PokerStars Hand #254321321362:  Hold'em No Limit ($0.50/$1.00 USD) - 2025/01/11 22:17:21 WET [2025/01/11 17:17:21 ET]
Table 'Urania III' 6-max Seat #2 is the button
Seat 1: ofipoker1001 ($115 in chips) 
Seat 2: pr0tecto ($100 in chips) 
Seat 3: Tibibacsi ($100 in chips) 
Seat 4: MaRKiToScoK ($139.52 in chips) 
Seat 5: Manifestorr ($114.04 in chips) 
Seat 6: nikalas22 ($100 in chips) 
Tibibacsi: posts small blind $0.50
MaRKiToScoK: posts big blind $1
*** HOLE CARDS ***
Manifestorr: raises $1.20 to $2.20
nikalas22: folds 
ofipoker1001: raises $5.30 to $7.50
pr0tecto: folds 
Tibibacsi: folds 
MaRKiToScoK: folds 
Manifestorr: raises $17.50 to $25
ofipoker1001: calls $17.50
*** FLOP *** [Td 3s Kc]
Manifestorr: checks 
ofipoker1001: checks 
*** TURN *** [Td 3s Kc] [2d]
Manifestorr: bets $36.75
ofipoker1001: raises $53.25 to $90 and is all-in
Manifestorr: calls $52.29 and is all-in
Uncalled bet ($0.96) returned to ofipoker1001
*** FIRST RIVER *** [Td 3s Kc 2d] [3c]
*** SECOND RIVER *** [Td 3s Kc 2d] [9c]
*** FIRST SHOW DOWN ***
Manifestorr: shows [Kd Ks] (a full house, Kings full of Threes)
ofipoker1001: shows [Th Ac] (two pair, Tens and Threes)
Manifestorr collected $113.54 from pot
*** SECOND SHOW DOWN ***
Manifestorr: shows [Kd Ks] (three of a kind, Kings)
ofipoker1001: shows [Th Ac] (a pair of Tens)
Manifestorr collected $113.54 from pot
*** SUMMARY ***
Total pot $229.58 | Rake $2.50 
Hand was run twice
FIRST Board [Td 3s Kc 2d 3c]
SECOND Board [Td 3s Kc 2d 9c]
Seat 1: ofipoker1001 showed [Th Ac] and lost with two pair, Tens and Threes, and lost with a pair of Tens
Seat 2: pr0tecto (button) folded before Flop (didn't bet)
Seat 3: Tibibacsi (small blind) folded before Flop
Seat 4: MaRKiToScoK (big blind) folded before Flop
Seat 5: Manifestorr showed [Kd Ks] and won ($113.54) with a full house, Kings full of Threes, and won ($113.54) with three of a kind, Kings
Seat 6: nikalas22 folded before Flop (didn't bet)



PokerStars Hand #254321353688:  Hold'em No Limit ($0.50/$1.00 USD) - 2025/01/11 22:19:00 WET [2025/01/11 17:19:00 ET]
Table 'Urania III' 6-max Seat #3 is the button
Seat 2: pr0tecto ($100 in chips) 
Seat 3: Tibibacsi ($100 in chips) 
Seat 4: MaRKiToScoK ($138.52 in chips) 
Seat 5: Manifestorr ($227.08 in chips) 
Seat 6: nikalas22 ($100 in chips) 
MaRKiToScoK: posts small blind $0.50
Manifestorr: posts big blind $1
*** HOLE CARDS ***
nikalas22: raises $1.50 to $2.50
pr0tecto: folds 
Tibibacsi: raises $5 to $7.50
MaRKiToScoK: folds 
Manifestorr: folds 
nikalas22: folds 
Uncalled bet ($5) returned to Tibibacsi
Tibibacsi collected $6.50 from pot
Tibibacsi: doesn't show hand 
*** SUMMARY ***
Total pot $6.50 | Rake $0 
Seat 2: pr0tecto folded before Flop (didn't bet)
Seat 3: Tibibacsi (button) collected ($6.50)
Seat 4: MaRKiToScoK (small blind) folded before Flop
Seat 5: Manifestorr (big blind) folded before Flop
Seat 6: nikalas22 folded before Flop



PokerStars Hand #254321362891:  Hold'em No Limit ($0.50/$1.00 USD) - 2025/01/11 22:19:28 WET [2025/01/11 17:19:28 ET]
Table 'Urania III' 6-max Seat #4 is the button
Seat 6: nikalas22 ($100 in chips) is sitting out
Seat 2: pr0tecto ($100 in chips) 
Seat 3: Tibibacsi ($104 in chips) 
Seat 4: MaRKiToScoK ($138.02 in chips) 
Seat 5: Manifestorr ($226.08 in chips) 
Manifestorr: posts small blind $0.50
nikalas22: is sitting out 
pr0tecto: posts big blind $1
*** HOLE CARDS ***
Tibibacsi: folds 
nikalas22 leaves the table
MaRKiToScoK: raises $1.33 to $2.33
Manifestorr: folds 
pr0tecto: folds 
Uncalled bet ($1.33) returned to MaRKiToScoK
MaRKiToScoK collected $2.50 from pot
*** SUMMARY ***
Total pot $2.50 | Rake $0 
Seat 6: nikalas22
Seat 2: pr0tecto (big blind) folded before Flop
Seat 3: Tibibacsi folded before Flop (didn't bet)
Seat 4: MaRKiToScoK (button) collected ($2.50)
Seat 5: Manifestorr (small blind) folded before Flop



