PokerStars Hand #254322296674:  Hold'em No Limit ($0.50/$1.00 USD) - 2025/01/11 23:11:23 WET [2025/01/11 18:11:23 ET]
Table 'Hartmut II' 6-max Seat #1 is the button
Seat 1: AlexPinsk1 ($100 in chips) 
Seat 2: andutu34 ($100 in chips) 
Seat 3: Kunmadalin ($42.85 in chips) 
Seat 4: LuckyShikari ($100 in chips) 
Seat 5: VahTang_89 ($100 in chips) 
Seat 6: SorinS28 ($101.50 in chips) 
andutu34: posts small blind $0.50
Kunmadalin: posts big blind $1
*** HOLE CARDS ***
LuckyShikari: folds 
VahTang_89: folds 
SorinS28: raises $1.30 to $2.30
AlexPinsk1: folds 
andutu34: calls $1.80
Kunmadalin: calls $1.30
*** FLOP *** [Qs 6c 2s]
andutu34: checks 
Kunmadalin: checks 
SorinS28: checks 
*** TURN *** [Qs 6c 2s] [4c]
andutu34: checks 
Kunmadalin: checks 
SorinS28: checks 
*** RIVER *** [Qs 6c 2s 4c] [As]
andutu34: checks 
Kunmadalin: checks 
SorinS28: bets $3.28
andutu34: folds 
Kunmadalin: folds 
Uncalled bet ($3.28) returned to SorinS28
SorinS28 collected $6.56 from pot
SorinS28: doesn't show hand 
*** SUMMARY ***
Total pot $6.90 | Rake $0.34 
Board [Qs 6c 2s 4c As]
Seat 1: AlexPinsk1 (button) folded before Flop (didn't bet)
Seat 2: andutu34 (small blind) folded on the River
Seat 3: Kunmadalin (big blind) folded on the River
Seat 4: LuckyShikari folded before Flop (didn't bet)
Seat 5: VahTang_89 folded before Flop (didn't bet)
Seat 6: SorinS28 collected ($6.56)



PokerStars Hand #254322311936:  Hold'em No Limit ($0.50/$1.00 USD) - 2025/01/11 23:12:15 WET [2025/01/11 18:12:15 ET]
Table 'Hartmut II' 6-max Seat #2 is the button
Seat 1: AlexPinsk1 ($100 in chips) 
Seat 2: andutu34 ($100 in chips) 
Seat 3: Kunmadalin ($40.55 in chips) 
Seat 4: LuckyShikari ($100 in chips) 
Seat 5: VahTang_89 ($100 in chips) 
Seat 6: SorinS28 ($105.76 in chips) 
Kunmadalin: posts small blind $0.50
LuckyShikari: posts big blind $1
*** HOLE CARDS ***
VahTang_89: folds 
SorinS28: raises $1.02 to $2.02
AlexPinsk1: folds 
andutu34: folds 
Kunmadalin: raises $5.04 to $7.06
LuckyShikari: folds 
SorinS28: calls $5.04
*** FLOP *** [5s 2h Td]
Kunmadalin: bets $14.36
SorinS28: raises $65.05 to $79.41
Kunmadalin: calls $19.13 and is all-in
Uncalled bet ($45.92) returned to SorinS28
*** TURN *** [5s 2h Td] [Kh]
*** RIVER *** [5s 2h Td Kh] [Qs]
*** SHOW DOWN ***
Kunmadalin: shows [Ac Ts] (a pair of Tens)
SorinS28: shows [4h 4s] (a pair of Fours)
Kunmadalin collected $79.60 from pot
*** SUMMARY ***
Total pot $82.10 | Rake $2.50 
Board [5s 2h Td Kh Qs]
Seat 1: AlexPinsk1 folded before Flop (didn't bet)
Seat 2: andutu34 (button) folded before Flop (didn't bet)
Seat 3: Kunmadalin (small blind) showed [Ac Ts] and won ($79.60) with a pair of Tens
Seat 4: LuckyShikari (big blind) folded before Flop
Seat 5: VahTang_89 folded before Flop (didn't bet)
Seat 6: SorinS28 showed [4h 4s] and lost with a pair of Fours



PokerStars Hand #254322323219:  Hold'em No Limit ($0.50/$1.00 USD) - 2025/01/11 23:12:54 WET [2025/01/11 18:12:54 ET]
Table 'Hartmut II' 6-max Seat #3 is the button
Seat 1: AlexPinsk1 ($100 in chips) 
Seat 2: andutu34 ($100 in chips) 
Seat 3: Kunmadalin ($79.60 in chips) 
Seat 4: LuckyShikari ($100 in chips) 
Seat 5: VahTang_89 ($100 in chips) 
Seat 6: SorinS28 ($100 in chips) 
LuckyShikari: posts small blind $0.50
VahTang_89: posts big blind $1
*** HOLE CARDS ***
SorinS28: folds 
AlexPinsk1 has timed out
AlexPinsk1: folds 
andutu34: folds 
Kunmadalin: raises $3 to $4
LuckyShikari: folds 
VahTang_89: folds 
Uncalled bet ($3) returned to Kunmadalin
Kunmadalin collected $2.50 from pot
*** SUMMARY ***
Total pot $2.50 | Rake $0 
Seat 1: AlexPinsk1 folded before Flop (didn't bet)
Seat 2: andutu34 folded before Flop (didn't bet)
Seat 3: Kunmadalin (button) collected ($2.50)
Seat 4: LuckyShikari (small blind) folded before Flop
Seat 5: VahTang_89 (big blind) folded before Flop
Seat 6: SorinS28 folded before Flop (didn't bet)



PokerStars Hand #254322332975:  Hold'em No Limit ($0.50/$1.00 USD) - 2025/01/11 23:13:28 WET [2025/01/11 18:13:28 ET]
Table 'Hartmut II' 6-max Seat #4 is the button
Seat 1: AlexPinsk1 ($100 in chips) 
Seat 2: andutu34 ($100 in chips) 
Seat 3: Kunmadalin ($81.10 in chips) 
Seat 4: LuckyShikari ($100 in chips) 
Seat 5: VahTang_89 ($100 in chips) 
Seat 6: SorinS28 ($100 in chips) 
VahTang_89: posts small blind $0.50
SorinS28: posts big blind $1
*** HOLE CARDS ***
AlexPinsk1: folds 
andutu34: folds 
Kunmadalin: folds 
LuckyShikari: raises $1.50 to $2.50
VahTang_89: folds 
SorinS28: folds 
Uncalled bet ($1.50) returned to LuckyShikari
LuckyShikari collected $2.50 from pot
LuckyShikari: doesn't show hand 
*** SUMMARY ***
Total pot $2.50 | Rake $0 
Seat 1: AlexPinsk1 folded before Flop (didn't bet)
Seat 2: andutu34 folded before Flop (didn't bet)
Seat 3: Kunmadalin folded before Flop (didn't bet)
Seat 4: LuckyShikari (button) collected ($2.50)
Seat 5: VahTang_89 (small blind) folded before Flop
Seat 6: SorinS28 (big blind) folded before Flop



PokerStars Hand #254322338480:  Hold'em No Limit ($0.50/$1.00 USD) - 2025/01/11 23:13:47 WET [2025/01/11 18:13:47 ET]
Table 'Hartmut II' 6-max Seat #5 is the button
Seat 1: AlexPinsk1 ($100 in chips) 
Seat 2: andutu34 ($100 in chips) 
Seat 3: Kunmadalin ($81.10 in chips) 
Seat 4: LuckyShikari ($101.50 in chips) 
Seat 5: VahTang_89 ($100 in chips) 
Seat 6: SorinS28 ($100 in chips) 
SorinS28: posts small blind $0.50
AlexPinsk1: posts big blind $1
*** HOLE CARDS ***
andutu34: folds 
Kunmadalin: folds 
LuckyShikari: raises $1.50 to $2.50
VahTang_89: folds 
SorinS28: folds 
AlexPinsk1: calls $1.50
*** FLOP *** [Kh As Jh]
AlexPinsk1: checks 
LuckyShikari: checks 
*** TURN *** [Kh As Jh] [9s]
AlexPinsk1: bets $1.72
LuckyShikari: calls $1.72
*** RIVER *** [Kh As Jh 9s] [Qc]
AlexPinsk1: checks 
LuckyShikari: checks 
*** SHOW DOWN ***
AlexPinsk1: shows [Kd 6d] (a pair of Kings)
LuckyShikari: shows [4c Kc] (a pair of Kings)
AlexPinsk1 collected $4.25 from pot
LuckyShikari collected $4.24 from pot
*** SUMMARY ***
Total pot $8.94 | Rake $0.45 
Board [Kh As Jh 9s Qc]
Seat 1: AlexPinsk1 (big blind) showed [Kd 6d] and won ($4.25) with a pair of Kings
Seat 2: andutu34 folded before Flop (didn't bet)
Seat 3: Kunmadalin folded before Flop (didn't bet)
Seat 4: LuckyShikari showed [4c Kc] and won ($4.24) with a pair of Kings
Seat 5: VahTang_89 (button) folded before Flop (didn't bet)
Seat 6: SorinS28 (small blind) folded before Flop



PokerStars Hand #254322355753:  Hold'em No Limit ($0.50/$1.00 USD) - 2025/01/11 23:14:46 WET [2025/01/11 18:14:46 ET]
Table 'Hartmut II' 6-max Seat #6 is the button
Seat 2: andutu34 ($100 in chips) is sitting out
Seat 3: Kunmadalin ($81.10 in chips) is sitting out
Seat 1: AlexPinsk1 ($100.03 in chips) 
Seat 4: LuckyShikari ($101.52 in chips) 
Seat 5: VahTang_89 ($100 in chips) 
Seat 6: SorinS28 ($100 in chips) 
AlexPinsk1: posts small blind $0.50
andutu34: is sitting out 
Kunmadalin: is sitting out 
LuckyShikari: posts big blind $1
*** HOLE CARDS ***
VahTang_89: raises $1.20 to $2.20
Kunmadalin leaves the table
SorinS28: folds 
andutu34 leaves the table
AlexPinsk1: raises $7.80 to $10
LuckyShikari: folds 
VahTang_89: calls $7.80
*** FLOP *** [Th Js 3d]
AlexPinsk1: bets $10
VahTang_89: folds 
Uncalled bet ($10) returned to AlexPinsk1
AlexPinsk1 collected $20 from pot
AlexPinsk1: doesn't show hand 
*** SUMMARY ***
Total pot $21 | Rake $1 
Board [Th Js 3d]
Seat 2: andutu34
Seat 3: Kunmadalin
Seat 1: AlexPinsk1 (small blind) collected ($20)
Seat 4: LuckyShikari (big blind) folded before Flop
Seat 5: VahTang_89 folded on the Flop
Seat 6: SorinS28 (button) folded before Flop (didn't bet)



PokerStars Hand #254322368972:  Hold'em No Limit ($0.50/$1.00 USD) - 2025/01/11 23:15:32 WET [2025/01/11 18:15:32 ET]
Table 'Hartmut II' 6-max Seat #1 is the button
Seat 5: VahTang_89 ($100 in chips) is sitting out
Seat 1: AlexPinsk1 ($110.03 in chips) 
Seat 4: LuckyShikari ($100.52 in chips) 
Seat 6: SorinS28 ($100 in chips) 
LuckyShikari: posts small blind $0.50
VahTang_89: is sitting out 
SorinS28: posts big blind $1
*** HOLE CARDS ***
VahTang_89 leaves the table
AlexPinsk1: raises $1.50 to $2.50
LuckyShikari: folds 
SorinS28: calls $1.50
*** FLOP *** [Qs 2c 2d]
SorinS28: checks 
AlexPinsk1: checks 
*** TURN *** [Qs 2c 2d] [8d]
SorinS28: checks 
AlexPinsk1: checks 
*** RIVER *** [Qs 2c 2d 8d] [5s]
HammerHigh26 joins the table at seat #2 
SorinS28: bets $3.92
andutu34 joins the table at seat #3 
XneferX joins the table at seat #5 
AlexPinsk1: folds 
Uncalled bet ($3.92) returned to SorinS28
SorinS28 collected $5.22 from pot
SorinS28: doesn't show hand 
*** SUMMARY ***
Total pot $5.50 | Rake $0.28 
Board [Qs 2c 2d 8d 5s]
Seat 5: VahTang_89
Seat 1: AlexPinsk1 (button) folded on the River
Seat 4: LuckyShikari (small blind) folded before Flop
Seat 6: SorinS28 (big blind) collected ($5.22)



PokerStars Hand #254322384233:  Hold'em No Limit ($0.50/$1.00 USD) - 2025/01/11 23:16:25 WET [2025/01/11 18:16:25 ET]
Table 'Hartmut II' 6-max Seat #4 is the button
Seat 2: HammerHigh26 ($79.91 in chips) is sitting out
Seat 3: andutu34 ($100 in chips) is sitting out
Seat 5: XneferX ($100 in chips) is sitting out
Seat 1: AlexPinsk1 ($107.53 in chips) 
Seat 4: LuckyShikari ($100.02 in chips) 
Seat 6: SorinS28 ($102.72 in chips) 
SorinS28: posts small blind $0.50
AlexPinsk1: posts big blind $1
HammerHigh26: sits out 
andutu34: sits out 
*** HOLE CARDS ***
LuckyShikari: raises $1.50 to $2.50
SorinS28: folds 
AlexPinsk1: folds 
Uncalled bet ($1.50) returned to LuckyShikari
LuckyShikari collected $2.50 from pot
LuckyShikari: doesn't show hand 
*** SUMMARY ***
Total pot $2.50 | Rake $0 
Seat 2: HammerHigh26
Seat 3: andutu34
Seat 5: XneferX
Seat 1: AlexPinsk1 (big blind) folded before Flop
Seat 4: LuckyShikari (button) collected ($2.50)
Seat 6: SorinS28 (small blind) folded before Flop



PokerStars Hand #254322387659:  Hold'em No Limit ($0.50/$1.00 USD) - 2025/01/11 23:16:36 WET [2025/01/11 18:16:36 ET]
Table 'Hartmut II' 6-max Seat #6 is the button
Seat 3: andutu34 ($100 in chips) is sitting out
Seat 5: XneferX ($100 in chips) is sitting out
Seat 1: AlexPinsk1 ($106.53 in chips) 
Seat 2: HammerHigh26 ($79.91 in chips) 
Seat 4: LuckyShikari ($101.52 in chips) 
Seat 6: SorinS28 ($102.22 in chips) 
AlexPinsk1: posts small blind $0.50
HammerHigh26: posts big blind $1
andutu34: sits out 
XneferX: sits out 
*** HOLE CARDS ***
LuckyShikari: folds 
SorinS28: folds 
AlexPinsk1: folds 
Uncalled bet ($0.50) returned to HammerHigh26
HammerHigh26 collected $1 from pot
HammerHigh26: doesn't show hand 
*** SUMMARY ***
Total pot $1 | Rake $0 
Seat 3: andutu34
Seat 5: XneferX
Seat 1: AlexPinsk1 (small blind) folded before Flop
Seat 2: HammerHigh26 (big blind) collected ($1)
Seat 4: LuckyShikari folded before Flop (didn't bet)
Seat 6: SorinS28 (button) folded before Flop (didn't bet)



PokerStars Hand #254322392105:  Hold'em No Limit ($0.50/$1.00 USD) - 2025/01/11 23:16:52 WET [2025/01/11 18:16:52 ET]
Table 'Hartmut II' 6-max Seat #1 is the button
Seat 5: XneferX ($100 in chips) is sitting out
Seat 1: AlexPinsk1 ($106.03 in chips) 
Seat 2: HammerHigh26 ($80.41 in chips) 
Seat 3: andutu34 ($100 in chips) 
Seat 4: LuckyShikari ($101.52 in chips) 
Seat 6: SorinS28 ($102.22 in chips) 
HammerHigh26: posts small blind $0.50
andutu34: posts big blind $1
XneferX: sits out 
*** HOLE CARDS ***
LuckyShikari: folds 
SorinS28: raises $1.30 to $2.30
AlexPinsk1: folds 
HammerHigh26: folds 
andutu34: calls $1.30
*** FLOP *** [7d 3c Jc]
andutu34: checks 
SorinS28: bets $1.36
andutu34: raises $5.67 to $7.03
SorinS28: calls $5.67
*** TURN *** [7d 3c Jc] [6c]
andutu34: bets $6.01
SorinS28: calls $6.01
*** RIVER *** [7d 3c Jc 6c] [Ts]
andutu34: bets $22.22
SorinS28: calls $22.22
*** SHOW DOWN ***
andutu34: shows [Qc 8c] (a flush, Queen high)
SorinS28: mucks hand 
andutu34 collected $73.12 from pot
*** SUMMARY ***
Total pot $75.62 | Rake $2.50 
Board [7d 3c Jc 6c Ts]
Seat 5: XneferX
Seat 1: AlexPinsk1 (button) folded before Flop (didn't bet)
Seat 2: HammerHigh26 (small blind) folded before Flop
Seat 3: andutu34 (big blind) showed [Qc 8c] and won ($73.12) with a flush, Queen high
Seat 4: LuckyShikari folded before Flop (didn't bet)
Seat 6: SorinS28 mucked



PokerStars Hand #254322422206:  Hold'em No Limit ($0.50/$1.00 USD) - 2025/01/11 23:18:35 WET [2025/01/11 18:18:35 ET]
Table 'Hartmut II' 6-max Seat #2 is the button
Seat 5: XneferX ($100 in chips) is sitting out
Seat 1: AlexPinsk1 ($106.03 in chips) 
Seat 2: HammerHigh26 ($79.91 in chips) 
Seat 3: andutu34 ($135.56 in chips) 
Seat 4: LuckyShikari ($101.52 in chips) 
Seat 6: SorinS28 ($100 in chips) 
andutu34: posts small blind $0.50
LuckyShikari: posts big blind $1
XneferX: sits out 
*** HOLE CARDS ***
SorinS28: raises $1.02 to $2.02
AlexPinsk1: folds 
HammerHigh26: raises $2.98 to $5
andutu34: folds 
LuckyShikari: folds 
SorinS28: calls $2.98
*** FLOP *** [3c Ad 9h]
SorinS28: checks 
HammerHigh26: checks 
*** TURN *** [3c Ad 9h] [6c]
SorinS28: checks 
HammerHigh26: bets $4
SorinS28: folds 
Uncalled bet ($4) returned to HammerHigh26
HammerHigh26 collected $10.92 from pot
HammerHigh26: doesn't show hand 
*** SUMMARY ***
Total pot $11.50 | Rake $0.58 
Board [3c Ad 9h 6c]
Seat 5: XneferX
Seat 1: AlexPinsk1 folded before Flop (didn't bet)
Seat 2: HammerHigh26 (button) collected ($10.92)
Seat 3: andutu34 (small blind) folded before Flop
Seat 4: LuckyShikari (big blind) folded before Flop
Seat 6: SorinS28 folded on the Turn



PokerStars Hand #254322443631:  Hold'em No Limit ($0.50/$1.00 USD) - 2025/01/11 23:19:49 WET [2025/01/11 18:19:49 ET]
Table 'Hartmut II' 6-max Seat #3 is the button
Seat 1: AlexPinsk1 ($106.03 in chips) 
Seat 2: HammerHigh26 ($85.83 in chips) 
Seat 3: andutu34 ($135.06 in chips) 
Seat 4: LuckyShikari ($100.52 in chips) 
Seat 5: XneferX ($100 in chips) 
Seat 6: SorinS28 ($100 in chips) 
LuckyShikari: posts small blind $0.50
XneferX: posts big blind $1
*** HOLE CARDS ***
SorinS28: folds 
AlexPinsk1: folds 
HammerHigh26: folds 
andutu34: raises $1.49 to $2.49
LuckyShikari: folds 
XneferX: folds 
Uncalled bet ($1.49) returned to andutu34
andutu34 collected $2.50 from pot
andutu34: doesn't show hand 
*** SUMMARY ***
Total pot $2.50 | Rake $0 
Seat 1: AlexPinsk1 folded before Flop (didn't bet)
Seat 2: HammerHigh26 folded before Flop (didn't bet)
Seat 3: andutu34 (button) collected ($2.50)
Seat 4: LuckyShikari (small blind) folded before Flop
Seat 5: XneferX (big blind) folded before Flop
Seat 6: SorinS28 folded before Flop (didn't bet)



PokerStars Hand #254322451504:  Hold'em No Limit ($0.50/$1.00 USD) - 2025/01/11 23:20:16 WET [2025/01/11 18:20:16 ET]
Table 'Hartmut II' 6-max Seat #4 is the button
Seat 1: AlexPinsk1 ($106.03 in chips) 
Seat 2: HammerHigh26 ($85.83 in chips) 
Seat 3: andutu34 ($136.56 in chips) 
Seat 4: LuckyShikari ($100.02 in chips) 
Seat 5: XneferX ($100 in chips) 
Seat 6: SorinS28 ($100 in chips) 
XneferX: posts small blind $0.50
SorinS28: posts big blind $1
*** HOLE CARDS ***
AlexPinsk1: folds 
HammerHigh26: raises $2 to $3
andutu34: folds 
LuckyShikari: folds 
XneferX: folds 
SorinS28: calls $2
*** FLOP *** [9s 7s Ks]
SorinS28: checks 
HammerHigh26: checks 
*** TURN *** [9s 7s Ks] [9c]
SorinS28: bets $4.63
HammerHigh26: folds 
Uncalled bet ($4.63) returned to SorinS28
SorinS28 collected $6.18 from pot
SorinS28: doesn't show hand 
*** SUMMARY ***
Total pot $6.50 | Rake $0.32 
Board [9s 7s Ks 9c]
Seat 1: AlexPinsk1 folded before Flop (didn't bet)
Seat 2: HammerHigh26 folded on the Turn
Seat 3: andutu34 folded before Flop (didn't bet)
Seat 4: LuckyShikari (button) folded before Flop (didn't bet)
Seat 5: XneferX (small blind) folded before Flop
Seat 6: SorinS28 (big blind) collected ($6.18)



PokerStars Hand #254322465974:  Hold'em No Limit ($0.50/$1.00 USD) - 2025/01/11 23:21:05 WET [2025/01/11 18:21:05 ET]
Table 'Hartmut II' 6-max Seat #5 is the button
Seat 1: AlexPinsk1 ($106.03 in chips) is sitting out
Seat 2: HammerHigh26 ($82.83 in chips) 
Seat 3: andutu34 ($136.56 in chips) 
Seat 4: LuckyShikari ($100.02 in chips) 
Seat 5: XneferX ($100 in chips) 
Seat 6: SorinS28 ($103.18 in chips) 
SorinS28: posts small blind $0.50
AlexPinsk1: is sitting out 
HammerHigh26: posts big blind $1
*** HOLE CARDS ***
andutu34: folds 
andutu34 leaves the table
LuckyShikari: raises $1.50 to $2.50
XneferX: calls $2.50
SorinS28: folds 
tintin641 joins the table at seat #3 
HammerHigh26: folds 
*** FLOP *** [6d Qd Kd]
LuckyShikari: bets $2.50
XneferX: calls $2.50
*** TURN *** [6d Qd Kd] [As]
LuckyShikari: checks 
XneferX: checks 
*** RIVER *** [6d Qd Kd As] [Ks]
LuckyShikari: checks 
XneferX: bets $8.41
LuckyShikari: folds 
Uncalled bet ($8.41) returned to XneferX
XneferX collected $10.92 from pot
XneferX: doesn't show hand 
*** SUMMARY ***
Total pot $11.50 | Rake $0.58 
Board [6d Qd Kd As Ks]
Seat 1: AlexPinsk1
Seat 2: HammerHigh26 (big blind) folded before Flop
Seat 3: andutu34 folded before Flop (didn't bet)
Seat 4: LuckyShikari folded on the River
Seat 5: XneferX (button) collected ($10.92)
Seat 6: SorinS28 (small blind) folded before Flop



PokerStars Hand #254322488802:  Hold'em No Limit ($0.50/$1.00 USD) - 2025/01/11 23:22:24 WET [2025/01/11 18:22:24 ET]
Table 'Hartmut II' 6-max Seat #6 is the button
Seat 1: AlexPinsk1 ($106.03 in chips) is sitting out
Seat 2: HammerHigh26 ($81.83 in chips) 
Seat 3: tintin641 ($100 in chips) 
Seat 4: LuckyShikari ($100 in chips) 
Seat 5: XneferX ($105.92 in chips) 
Seat 6: SorinS28 ($102.68 in chips) 
HammerHigh26: posts small blind $0.50
tintin641: posts big blind $1
*** HOLE CARDS ***
LuckyShikari: folds 
AlexPinsk1 leaves the table
XneferX: raises $1.20 to $2.20
SorinS28: folds 
BoyLoc0 joins the table at seat #1 
HammerHigh26: calls $1.70
tintin641: folds 
*** FLOP *** [5c 2c Qs]
HammerHigh26: checks 
XneferX: bets $1.74
HammerHigh26: raises $4.31 to $6.05
BoyLoc0 leaves the table
XneferX: folds 
Uncalled bet ($4.31) returned to HammerHigh26
HammerHigh26 collected $8.44 from pot
HammerHigh26: doesn't show hand 
*** SUMMARY ***
Total pot $8.88 | Rake $0.44 
Board [5c 2c Qs]
Seat 1: AlexPinsk1
Seat 2: HammerHigh26 (small blind) collected ($8.44)
Seat 3: tintin641 (big blind) folded before Flop
Seat 4: LuckyShikari folded before Flop (didn't bet)
Seat 5: XneferX folded on the Flop
Seat 6: SorinS28 (button) folded before Flop (didn't bet)



PokerStars Hand #254322506897:  Hold'em No Limit ($0.50/$1.00 USD) - 2025/01/11 23:23:25 WET [2025/01/11 18:23:25 ET]
Table 'Hartmut II' 6-max Seat #2 is the button
Seat 2: HammerHigh26 ($86.33 in chips) 
Seat 3: tintin641 ($100 in chips) 
Seat 4: LuckyShikari ($100 in chips) 
Seat 5: XneferX ($101.98 in chips) 
Seat 6: SorinS28 ($102.68 in chips) 
tintin641: posts small blind $0.50
LuckyShikari: posts big blind $1
*** HOLE CARDS ***
XneferX: folds 
SorinS28: folds 
HammerHigh26: folds 
tintin641: folds 
Uncalled bet ($0.50) returned to LuckyShikari
LuckyShikari collected $1 from pot
LuckyShikari: doesn't show hand 
*** SUMMARY ***
Total pot $1 | Rake $0 
Seat 2: HammerHigh26 (button) folded before Flop (didn't bet)
Seat 3: tintin641 (small blind) folded before Flop
Seat 4: LuckyShikari (big blind) collected ($1)
Seat 5: XneferX folded before Flop (didn't bet)
Seat 6: SorinS28 folded before Flop (didn't bet)



PokerStars Hand #254322509213:  Hold'em No Limit ($0.50/$1.00 USD) - 2025/01/11 23:23:33 WET [2025/01/11 18:23:33 ET]
Table 'Hartmut II' 6-max Seat #3 is the button
Seat 5: XneferX ($101.98 in chips) is sitting out
Seat 6: SorinS28 ($102.68 in chips) is sitting out
Seat 2: HammerHigh26 ($86.33 in chips) 
Seat 3: tintin641 ($100 in chips) 
Seat 4: LuckyShikari ($100.50 in chips) 
LuckyShikari: posts small blind $0.50
XneferX: is sitting out 
SorinS28: is sitting out 
HammerHigh26: posts big blind $1
*** HOLE CARDS ***
SorinS28 leaves the table
XneferX leaves the table
tintin641: folds 
LuckyShikari: raises $1.50 to $2.50
HammerHigh26: folds 
Uncalled bet ($1.50) returned to LuckyShikari
LuckyShikari collected $2 from pot
LuckyShikari: doesn't show hand 
*** SUMMARY ***
Total pot $2 | Rake $0 
Seat 5: XneferX
Seat 6: SorinS28
Seat 2: HammerHigh26 (big blind) folded before Flop
Seat 3: tintin641 (button) folded before Flop (didn't bet)
Seat 4: LuckyShikari (small blind) collected ($2)



PokerStars Hand #254322512731:  Hold'em No Limit ($0.50/$1.00 USD) - 2025/01/11 23:23:45 WET [2025/01/11 18:23:45 ET]
Table 'Hartmut II' 6-max Seat #4 is the button
Seat 2: HammerHigh26 ($85.33 in chips) 
Seat 3: tintin641 ($100 in chips) 
Seat 4: LuckyShikari ($101.50 in chips) 
HammerHigh26: posts small blind $0.50
tintin641: posts big blind $1
*** HOLE CARDS ***
LuckyShikari: raises $1.50 to $2.50
HammerHigh26: calls $2
tintin641: folds 
*** FLOP *** [6c 2c 3h]
HammerHigh26: checks 
LuckyShikari: checks 
*** TURN *** [6c 2c 3h] [Js]
HammerHigh26: checks 
LuckyShikari: checks 
*** RIVER *** [6c 2c 3h Js] [Ks]
HammerHigh26: checks 
LuckyShikari: bets $4.28
HammerHigh26: folds 
Uncalled bet ($4.28) returned to LuckyShikari
LuckyShikari collected $5.70 from pot
LuckyShikari: doesn't show hand 
*** SUMMARY ***
Total pot $6 | Rake $0.30 
Board [6c 2c 3h Js Ks]
Seat 2: HammerHigh26 (small blind) folded on the River
Seat 3: tintin641 (big blind) folded before Flop
Seat 4: LuckyShikari (button) collected ($5.70)



PokerStars Hand #254322526901:  Hold'em No Limit ($0.50/$1.00 USD) - 2025/01/11 23:24:34 WET [2025/01/11 18:24:34 ET]
Table 'Hartmut II' 6-max Seat #2 is the button
Seat 2: HammerHigh26 ($82.83 in chips) 
Seat 3: tintin641 ($100 in chips) 
Seat 4: LuckyShikari ($104.70 in chips) 
tintin641: posts small blind $0.50
LuckyShikari: posts big blind $1
*** HOLE CARDS ***
HammerHigh26: raises $1.50 to $2.50
tintin641: folds 
LuckyShikari: calls $1.50
*** FLOP *** [Kc 6s 5s]
LuckyShikari: checks 
HammerHigh26: bets $2.80
LuckyShikari: folds 
Uncalled bet ($2.80) returned to HammerHigh26
HammerHigh26 collected $5.22 from pot
HammerHigh26: doesn't show hand 
*** SUMMARY ***
Total pot $5.50 | Rake $0.28 
Board [Kc 6s 5s]
Seat 2: HammerHigh26 (button) collected ($5.22)
Seat 3: tintin641 (small blind) folded before Flop
Seat 4: LuckyShikari (big blind) folded on the Flop



PokerStars Hand #254322536582:  Hold'em No Limit ($0.50/$1.00 USD) - 2025/01/11 23:25:07 WET [2025/01/11 18:25:07 ET]
Table 'Hartmut II' 6-max Seat #3 is the button
Seat 2: HammerHigh26 ($85.55 in chips) 
Seat 3: tintin641 ($100 in chips) 
Seat 4: LuckyShikari ($102.20 in chips) 
LuckyShikari: posts small blind $0.50
HammerHigh26: posts big blind $1
*** HOLE CARDS ***
tintin641: raises $1.50 to $2.50
LuckyShikari: folds 
HammerHigh26: calls $1.50
*** FLOP *** [4s Kd Qc]
HammerHigh26: checks 
tintin641: bets $1.72
HammerHigh26: calls $1.72
*** TURN *** [4s Kd Qc] [5s]
HammerHigh26: checks 
tintin641: checks 
*** RIVER *** [4s Kd Qc 5s] [8h]
HammerHigh26: bets $4
tintin641: folds 
Uncalled bet ($4) returned to HammerHigh26
HammerHigh26 collected $8.49 from pot
HammerHigh26: doesn't show hand 
*** SUMMARY ***
Total pot $8.94 | Rake $0.45 
Board [4s Kd Qc 5s 8h]
Seat 2: HammerHigh26 (big blind) collected ($8.49)
Seat 3: tintin641 (button) folded on the River
Seat 4: LuckyShikari (small blind) folded before Flop



PokerStars Hand #254322556366:  Hold'em No Limit ($0.50/$1.00 USD) - 2025/01/11 23:26:14 WET [2025/01/11 18:26:14 ET]
Table 'Hartmut II' 6-max Seat #2 is the button
Seat 3: tintin641 ($100 in chips) is sitting out
Seat 2: HammerHigh26 ($89.82 in chips) 
Seat 4: LuckyShikari ($101.70 in chips) 
HammerHigh26: posts small blind $0.50
tintin641: is sitting out 
LuckyShikari: posts big blind $1
*** HOLE CARDS ***
tintin641 leaves the table
HammerHigh26: calls $0.50
LuckyShikari: checks 
*** FLOP *** [2d 4h As]
LuckyShikari: checks 
HammerHigh26: bets $1
LuckyShikari: folds 
Uncalled bet ($1) returned to HammerHigh26
HammerHigh26 collected $1.90 from pot
HammerHigh26: doesn't show hand 
*** SUMMARY ***
Total pot $2 | Rake $0.10 
Board [2d 4h As]
Seat 3: tintin641
Seat 2: HammerHigh26 (button) (small blind) collected ($1.90)
Seat 4: LuckyShikari (big blind) folded on the Flop



PokerStars Hand #254322562516:  Hold'em No Limit ($0.50/$1.00 USD) - 2025/01/11 23:26:35 WET [2025/01/11 18:26:35 ET]
Table 'Hartmut II' 6-max Seat #4 is the button
Seat 2: HammerHigh26 ($90.72 in chips) 
Seat 4: LuckyShikari ($100.70 in chips) 
LuckyShikari: posts small blind $0.50
HammerHigh26: posts big blind $1
*** HOLE CARDS ***
LuckyShikari: raises $1.50 to $2.50
HammerHigh26: calls $1.50
*** FLOP *** [Qc 5s 6d]
HammerHigh26: checks 
LuckyShikari: bets $2.50
HammerHigh26: calls $2.50
*** TURN *** [Qc 5s 6d] [3h]
HammerHigh26: checks 
LuckyShikari: bets $12.54
HammerHigh26: folds 
Uncalled bet ($12.54) returned to LuckyShikari
LuckyShikari collected $9.50 from pot
LuckyShikari: doesn't show hand 
*** SUMMARY ***
Total pot $10 | Rake $0.50 
Board [Qc 5s 6d 3h]
Seat 2: HammerHigh26 (big blind) folded on the Turn
Seat 4: LuckyShikari (button) (small blind) collected ($9.50)



PokerStars Hand #254322569696:  Hold'em No Limit ($0.50/$1.00 USD) - 2025/01/11 23:27:00 WET [2025/01/11 18:27:00 ET]
Table 'Hartmut II' 6-max Seat #2 is the button
Seat 2: HammerHigh26 ($85.72 in chips) 
Seat 4: LuckyShikari ($105.20 in chips) 
HammerHigh26: posts small blind $0.50
LuckyShikari: posts big blind $1
*** HOLE CARDS ***
HammerHigh26: raises $1 to $2
LuckyShikari: calls $1
*** FLOP *** [Kd 3s Jh]
LuckyShikari: checks 
HammerHigh26: bets $1.90
LuckyShikari: folds 
Uncalled bet ($1.90) returned to HammerHigh26
HammerHigh26 collected $3.80 from pot
HammerHigh26: doesn't show hand 
*** SUMMARY ***
Total pot $4 | Rake $0.20 
Board [Kd 3s Jh]
Seat 2: HammerHigh26 (button) (small blind) collected ($3.80)
Seat 4: LuckyShikari (big blind) folded on the Flop



PokerStars Hand #254322575485:  Hold'em No Limit ($0.50/$1.00 USD) - 2025/01/11 23:27:20 WET [2025/01/11 18:27:20 ET]
Table 'Hartmut II' 6-max Seat #4 is the button
Seat 2: HammerHigh26 ($87.52 in chips) 
Seat 4: LuckyShikari ($103.20 in chips) 
LuckyShikari: posts small blind $0.50
HammerHigh26: posts big blind $1
*** HOLE CARDS ***
LuckyShikari: raises $1.50 to $2.50
HammerHigh26: folds 
Uncalled bet ($1.50) returned to LuckyShikari
LuckyShikari collected $2 from pot
LuckyShikari: doesn't show hand 
*** SUMMARY ***
Total pot $2 | Rake $0 
Seat 2: HammerHigh26 (big blind) folded before Flop
Seat 4: LuckyShikari (button) (small blind) collected ($2)



PokerStars Hand #254322578352:  Hold'em No Limit ($0.50/$1.00 USD) - 2025/01/11 23:27:30 WET [2025/01/11 18:27:30 ET]
Table 'Hartmut II' 6-max Seat #2 is the button
Seat 2: HammerHigh26 ($86.52 in chips) 
Seat 4: LuckyShikari ($104.20 in chips) 
HammerHigh26: posts small blind $0.50
LuckyShikari: posts big blind $1
*** HOLE CARDS ***
HammerHigh26: raises $1.50 to $2.50
Bejondeiala joins the table at seat #3 
LuckyShikari: folds 
Uncalled bet ($1.50) returned to HammerHigh26
HammerHigh26 collected $2 from pot
HammerHigh26: doesn't show hand 
*** SUMMARY ***
Total pot $2 | Rake $0 
Seat 2: HammerHigh26 (button) (small blind) collected ($2)
Seat 4: LuckyShikari (big blind) folded before Flop



PokerStars Hand #254322582138:  Hold'em No Limit ($0.50/$1.00 USD) - 2025/01/11 23:27:43 WET [2025/01/11 18:27:43 ET]
Table 'Hartmut II' 6-max Seat #4 is the button
Seat 2: HammerHigh26 ($87.52 in chips) 
Seat 3: Bejondeiala ($100 in chips) 
Seat 4: LuckyShikari ($103.20 in chips) 
HammerHigh26: posts small blind $0.50
Bejondeiala: posts big blind $1
*** HOLE CARDS ***
LuckyShikari: raises $1.50 to $2.50
HammerHigh26: folds 
Bejondeiala: calls $1.50
*** FLOP *** [7c 5d Tc]
Bejondeiala: checks 
LuckyShikari: checks 
*** TURN *** [7c 5d Tc] [Ah]
Bejondeiala: checks 
LuckyShikari: bets $5.22
Unipoker11 joins the table at seat #5 
Unipoker11 leaves the table
Bejondeiala: folds 
Uncalled bet ($5.22) returned to LuckyShikari
LuckyShikari collected $5.22 from pot
LuckyShikari: doesn't show hand 
*** SUMMARY ***
Total pot $5.50 | Rake $0.28 
Board [7c 5d Tc Ah]
Seat 2: HammerHigh26 (small blind) folded before Flop
Seat 3: Bejondeiala (big blind) folded on the Turn
Seat 4: LuckyShikari (button) collected ($5.22)



PokerStars Hand #254322597742:  Hold'em No Limit ($0.50/$1.00 USD) - 2025/01/11 23:28:37 WET [2025/01/11 18:28:37 ET]
Table 'Hartmut II' 6-max Seat #2 is the button
Seat 2: HammerHigh26 ($87.02 in chips) 
Seat 3: Bejondeiala ($100 in chips) 
Seat 4: LuckyShikari ($105.92 in chips) 
Bejondeiala: posts small blind $0.50
LuckyShikari: posts big blind $1
*** HOLE CARDS ***
Unipoker11 joins the table at seat #1 
HammerHigh26 has timed out
HammerHigh26: folds 
Bejondeiala: folds 
Uncalled bet ($0.50) returned to LuckyShikari
LuckyShikari collected $1 from pot
LuckyShikari: doesn't show hand 
*** SUMMARY ***
Total pot $1 | Rake $0 
Seat 2: HammerHigh26 (button) folded before Flop (didn't bet)
Seat 3: Bejondeiala (small blind) folded before Flop
Seat 4: LuckyShikari (big blind) collected ($1)



PokerStars Hand #254322602856:  Hold'em No Limit ($0.50/$1.00 USD) - 2025/01/11 23:28:55 WET [2025/01/11 18:28:55 ET]
Table 'Hartmut II' 6-max Seat #3 is the button
Seat 1: Unipoker11 ($100 in chips) 
Seat 2: HammerHigh26 ($87.02 in chips) 
Seat 3: Bejondeiala ($100 in chips) 
Seat 4: LuckyShikari ($106.42 in chips) 
LuckyShikari: posts small blind $0.50
Unipoker11: posts big blind $1
*** HOLE CARDS ***
HammerHigh26: raises $1.50 to $2.50
Bejondeiala: folds 
LuckyShikari: folds 
Unipoker11: folds 
Uncalled bet ($1.50) returned to HammerHigh26
HammerHigh26 collected $2.50 from pot
HammerHigh26: doesn't show hand 
*** SUMMARY ***
Total pot $2.50 | Rake $0 
Seat 1: Unipoker11 (big blind) folded before Flop
Seat 2: HammerHigh26 collected ($2.50)
Seat 3: Bejondeiala (button) folded before Flop (didn't bet)
Seat 4: LuckyShikari (small blind) folded before Flop



PokerStars Hand #254322608903:  Hold'em No Limit ($0.50/$1.00 USD) - 2025/01/11 23:29:15 WET [2025/01/11 18:29:15 ET]
Table 'Hartmut II' 6-max Seat #4 is the button
Seat 1: Unipoker11 ($100 in chips) 
Seat 2: HammerHigh26 ($88.52 in chips) 
Seat 3: Bejondeiala ($100 in chips) 
Seat 4: LuckyShikari ($105.92 in chips) 
Unipoker11: posts small blind $0.50
HammerHigh26: posts big blind $1
*** HOLE CARDS ***
kvcsszblcs joins the table at seat #5 
Bejondeiala: raises $1.10 to $2.10
LuckyShikari: folds 
Unipoker11: folds 
HammerHigh26: folds 
Uncalled bet ($1.10) returned to Bejondeiala
Bejondeiala collected $2.50 from pot
Bejondeiala: doesn't show hand 
*** SUMMARY ***
Total pot $2.50 | Rake $0 
Seat 1: Unipoker11 (small blind) folded before Flop
Seat 2: HammerHigh26 (big blind) folded before Flop
Seat 3: Bejondeiala collected ($2.50)
Seat 4: LuckyShikari (button) folded before Flop (didn't bet)



PokerStars Hand #254322615694:  Hold'em No Limit ($0.50/$1.00 USD) - 2025/01/11 23:29:39 WET [2025/01/11 18:29:39 ET]
Table 'Hartmut II' 6-max Seat #1 is the button
Seat 5: kvcsszblcs ($100 in chips) is sitting out
Seat 1: Unipoker11 ($100 in chips) 
Seat 2: HammerHigh26 ($87.52 in chips) 
Seat 3: Bejondeiala ($101.50 in chips) 
Seat 4: LuckyShikari ($105.92 in chips) 
HammerHigh26: posts small blind $0.50
Bejondeiala: posts big blind $1
kvcsszblcs: sits out 
*** HOLE CARDS ***
LuckyShikari: folds 
Unipoker11: raises $1.50 to $2.50
HammerHigh26: folds 
Bejondeiala: folds 
Uncalled bet ($1.50) returned to Unipoker11
Kristo 914 joins the table at seat #6 
Unipoker11 collected $2.50 from pot
Unipoker11: doesn't show hand 
*** SUMMARY ***
Total pot $2.50 | Rake $0 
Seat 5: kvcsszblcs
Seat 1: Unipoker11 (button) collected ($2.50)
Seat 2: HammerHigh26 (small blind) folded before Flop
Seat 3: Bejondeiala (big blind) folded before Flop
Seat 4: LuckyShikari folded before Flop (didn't bet)



PokerStars Hand #254322624231:  Hold'em No Limit ($0.50/$1.00 USD) - 2025/01/11 23:30:08 WET [2025/01/11 18:30:08 ET]
Table 'Hartmut II' 6-max Seat #2 is the button
Seat 5: kvcsszblcs ($100 in chips) is sitting out
Seat 6: Kristo 914 ($100 in chips) is sitting out
Seat 1: Unipoker11 ($101.50 in chips) 
Seat 2: HammerHigh26 ($87.02 in chips) 
Seat 3: Bejondeiala ($100.50 in chips) 
Seat 4: LuckyShikari ($105.92 in chips) 
Bejondeiala: posts small blind $0.50
LuckyShikari: posts big blind $1
kvcsszblcs: sits out 
Kristo 914: sits out 
*** HOLE CARDS ***
Unipoker11: folds 
HammerHigh26: folds 
Bejondeiala: raises $2 to $3
LuckyShikari: calls $2
*** FLOP *** [9s 6c 2s]
Bejondeiala: checks 
LuckyShikari: bets $1.88
Bejondeiala: calls $1.88
*** TURN *** [9s 6c 2s] [7h]
Bejondeiala: checks 
LuckyShikari: bets $3
Bejondeiala: raises $11.45 to $14.45
LuckyShikari: raises $21.55 to $36
Bejondeiala: folds 
Uncalled bet ($21.55) returned to LuckyShikari
LuckyShikari collected $37.66 from pot
LuckyShikari: doesn't show hand 
*** SUMMARY ***
Total pot $38.66 | Rake $1 
Board [9s 6c 2s 7h]
Seat 5: kvcsszblcs
Seat 6: Kristo 914
Seat 1: Unipoker11 folded before Flop (didn't bet)
Seat 2: HammerHigh26 (button) folded before Flop (didn't bet)
Seat 3: Bejondeiala (small blind) folded on the Turn
Seat 4: LuckyShikari (big blind) collected ($37.66)



PokerStars Hand #254322647157:  Hold'em No Limit ($0.50/$1.00 USD) - 2025/01/11 23:31:28 WET [2025/01/11 18:31:28 ET]
Table 'Hartmut II' 6-max Seat #3 is the button
Seat 6: Kristo 914 ($100 in chips) is sitting out
Seat 1: Unipoker11 ($101.50 in chips) 
Seat 2: HammerHigh26 ($87.02 in chips) 
Seat 3: Bejondeiala ($100 in chips) 
Seat 4: LuckyShikari ($124.25 in chips) 
Seat 5: kvcsszblcs ($100 in chips) 
LuckyShikari: posts small blind $0.50
kvcsszblcs: posts big blind $1
Kristo 914: sits out 
*** HOLE CARDS ***
Unipoker11: folds 
HammerHigh26: folds 
Bejondeiala: raises $1.50 to $2.50
LuckyShikari: folds 
kvcsszblcs: folds 
Uncalled bet ($1.50) returned to Bejondeiala
Bejondeiala collected $2.50 from pot
Bejondeiala: doesn't show hand 
*** SUMMARY ***
Total pot $2.50 | Rake $0 
Seat 6: Kristo 914
Seat 1: Unipoker11 folded before Flop (didn't bet)
Seat 2: HammerHigh26 folded before Flop (didn't bet)
Seat 3: Bejondeiala (button) collected ($2.50)
Seat 4: LuckyShikari (small blind) folded before Flop
Seat 5: kvcsszblcs (big blind) folded before Flop



PokerStars Hand #254322654167:  Hold'em No Limit ($0.50/$1.00 USD) - 2025/01/11 23:31:53 WET [2025/01/11 18:31:53 ET]
Table 'Hartmut II' 6-max Seat #4 is the button
Seat 1: Unipoker11 ($101.50 in chips) 
Seat 2: HammerHigh26 ($87.02 in chips) 
Seat 3: Bejondeiala ($101.50 in chips) 
Seat 4: LuckyShikari ($123.75 in chips) 
Seat 5: kvcsszblcs ($100 in chips) 
Seat 6: Kristo 914 ($100 in chips) 
kvcsszblcs: posts small blind $0.50
Kristo 914: posts big blind $1
*** HOLE CARDS ***
Unipoker11: folds 
HammerHigh26: folds 
Bejondeiala: folds 
LuckyShikari: folds 
kvcsszblcs: raises $1.85 to $2.85
Kristo 914: folds 
Uncalled bet ($1.85) returned to kvcsszblcs
kvcsszblcs collected $2 from pot
kvcsszblcs: doesn't show hand 
*** SUMMARY ***
Total pot $2 | Rake $0 
Seat 1: Unipoker11 folded before Flop (didn't bet)
Seat 2: HammerHigh26 folded before Flop (didn't bet)
Seat 3: Bejondeiala folded before Flop (didn't bet)
Seat 4: LuckyShikari (button) folded before Flop (didn't bet)
Seat 5: kvcsszblcs (small blind) collected ($2)
Seat 6: Kristo 914 (big blind) folded before Flop



PokerStars Hand #254322661944:  Hold'em No Limit ($0.50/$1.00 USD) - 2025/01/11 23:32:19 WET [2025/01/11 18:32:19 ET]
Table 'Hartmut II' 6-max Seat #5 is the button
Seat 1: Unipoker11 ($101.50 in chips) 
Seat 2: HammerHigh26 ($87.02 in chips) 
Seat 3: Bejondeiala ($101.50 in chips) 
Seat 4: LuckyShikari ($123.75 in chips) 
Seat 5: kvcsszblcs ($101 in chips) 
Seat 6: Kristo 914 ($100 in chips) 
Kristo 914: posts small blind $0.50
Unipoker11: posts big blind $1
*** HOLE CARDS ***
HammerHigh26: raises $1.50 to $2.50
Bejondeiala: raises $5 to $7.50
LuckyShikari: folds 
kvcsszblcs: folds 
Kristo 914: folds 
Unipoker11: folds 
HammerHigh26: calls $5
*** FLOP *** [Qd Qc As]
HammerHigh26: bets $10
Bejondeiala: calls $10
*** TURN *** [Qd Qc As] [2s]
HammerHigh26: checks 
Bejondeiala: checks 
*** RIVER *** [Qd Qc As 2s] [3s]
HammerHigh26: bets $17.34
Bejondeiala: raises $66.66 to $84 and is all-in
HammerHigh26: calls $52.18 and is all-in
Uncalled bet ($14.48) returned to Bejondeiala
*** SHOW DOWN ***
Bejondeiala: shows [Qh Ac] (a full house, Queens full of Aces)
HammerHigh26: shows [3h 3c] (a full house, Threes full of Queens)
Bejondeiala collected $173.04 from pot
*** SUMMARY ***
Total pot $175.54 | Rake $2.50 
Board [Qd Qc As 2s 3s]
Seat 1: Unipoker11 (big blind) folded before Flop
Seat 2: HammerHigh26 showed [3h 3c] and lost with a full house, Threes full of Queens
Seat 3: Bejondeiala showed [Qh Ac] and won ($173.04) with a full house, Queens full of Aces
Seat 4: LuckyShikari folded before Flop (didn't bet)
Seat 5: kvcsszblcs (button) folded before Flop (didn't bet)
Seat 6: Kristo 914 (small blind) folded before Flop



PokerStars Hand #254322684660:  Hold'em No Limit ($0.50/$1.00 USD) - 2025/01/11 23:33:38 WET [2025/01/11 18:33:38 ET]
Table 'Hartmut II' 6-max Seat #6 is the button
Seat 2: HammerHigh26 ($0 in chips) is sitting out
Seat 1: Unipoker11 ($100.50 in chips) 
Seat 3: Bejondeiala ($187.52 in chips) 
Seat 4: LuckyShikari ($123.75 in chips) 
Seat 5: kvcsszblcs ($101 in chips) 
Seat 6: Kristo 914 ($100 in chips) 
Unipoker11: posts small blind $0.50
Bejondeiala: posts big blind $1
*** HOLE CARDS ***
LuckyShikari: folds 
kvcsszblcs: folds 
HammerHigh26 leaves the table
Kristo 914: raises $1.40 to $2.40
Unipoker11: folds 
Bejondeiala: folds 
Uncalled bet ($1.40) returned to Kristo 914
Kristo 914 collected $2.50 from pot
Kristo 914: doesn't show hand 
*** SUMMARY ***
Total pot $2.50 | Rake $0 
Seat 2: HammerHigh26
Seat 1: Unipoker11 (small blind) folded before Flop
Seat 3: Bejondeiala (big blind) folded before Flop
Seat 4: LuckyShikari folded before Flop (didn't bet)
Seat 5: kvcsszblcs folded before Flop (didn't bet)
Seat 6: Kristo 914 (button) collected ($2.50)



PokerStars Hand #254322690172:  Hold'em No Limit ($0.50/$1.00 USD) - 2025/01/11 23:33:57 WET [2025/01/11 18:33:57 ET]
Table 'Hartmut II' 6-max Seat #1 is the button
Seat 4: LuckyShikari ($123.75 in chips) is sitting out
Seat 1: Unipoker11 ($100 in chips) 
Seat 3: Bejondeiala ($186.52 in chips) 
Seat 5: kvcsszblcs ($101 in chips) 
Seat 6: Kristo 914 ($101.50 in chips) 
Bejondeiala: posts small blind $0.50
LuckyShikari: is sitting out 
kvcsszblcs: posts big blind $1
*** HOLE CARDS ***
Kristo 914: folds 
Unipoker11: raises $1.50 to $2.50
Bejondeiala: folds 
kvcsszblcs: calls $1.50
*** FLOP *** [9h 4s Ts]
kvcsszblcs: checks 
Unipoker11: checks 
*** TURN *** [9h 4s Ts] [Js]
kvcsszblcs: checks 
Unipoker11: checks 
*** RIVER *** [9h 4s Ts Js] [2h]
kvcsszblcs: checks 
Unipoker11: checks 
*** SHOW DOWN ***
kvcsszblcs: shows [Qd 4d] (a pair of Fours)
Unipoker11: shows [9d Kd] (a pair of Nines)
Unipoker11 collected $5.22 from pot
*** SUMMARY ***
Total pot $5.50 | Rake $0.28 
Board [9h 4s Ts Js 2h]
Seat 4: LuckyShikari
Seat 1: Unipoker11 (button) showed [9d Kd] and won ($5.22) with a pair of Nines
Seat 3: Bejondeiala (small blind) folded before Flop
Seat 5: kvcsszblcs (big blind) showed [Qd 4d] and lost with a pair of Fours
Seat 6: Kristo 914 folded before Flop (didn't bet)



PokerStars Hand #254322713897:  Hold'em No Limit ($0.50/$1.00 USD) - 2025/01/11 23:35:21 WET [2025/01/11 18:35:21 ET]
Table 'Hartmut II' 6-max Seat #3 is the button
Seat 4: LuckyShikari ($123.75 in chips) is sitting out
Seat 1: Unipoker11 ($102.72 in chips) 
Seat 3: Bejondeiala ($186.02 in chips) 
Seat 5: kvcsszblcs ($100 in chips) 
Seat 6: Kristo 914 ($101.50 in chips) 
kvcsszblcs: posts small blind $0.50
Kristo 914: posts big blind $1
*** HOLE CARDS ***
Unipoker11: folds 
Bejondeiala: folds 
kvcsszblcs: raises $1.85 to $2.85
emerson2497 joins the table at seat #2 
Kristo 914: calls $1.85
*** FLOP *** [6c 3h Jd]
emerson2497 is disconnected 
kvcsszblcs: bets $5.50
LuckyShikari leaves the table
tintin641 joins the table at seat #4 
Kristo 914: folds 
Uncalled bet ($5.50) returned to kvcsszblcs
kvcsszblcs collected $5.42 from pot
kvcsszblcs: doesn't show hand 
*** SUMMARY ***
Total pot $5.70 | Rake $0.28 
Board [6c 3h Jd]
Seat 4: LuckyShikari
Seat 1: Unipoker11 folded before Flop (didn't bet)
Seat 3: Bejondeiala (button) folded before Flop (didn't bet)
Seat 5: kvcsszblcs (small blind) collected ($5.42)
Seat 6: Kristo 914 (big blind) folded on the Flop



PokerStars Hand #254322722908:  Hold'em No Limit ($0.50/$1.00 USD) - 2025/01/11 23:35:52 WET [2025/01/11 18:35:52 ET]
Table 'Hartmut II' 6-max Seat #5 is the button
Seat 4: tintin641 ($100 in chips) is sitting out
Seat 1: Unipoker11 ($102.72 in chips) 
Seat 2: emerson2497 ($100 in chips) 
Seat 3: Bejondeiala ($186.02 in chips) 
Seat 5: kvcsszblcs ($102.57 in chips) 
Seat 6: Kristo 914 ($100 in chips) 
Kristo 914: posts small blind $0.50
Unipoker11: posts big blind $1
emerson2497: posts big blind $1
tintin641: sits out 
*** HOLE CARDS ***
emerson2497: checks 
Bejondeiala: folds 
kvcsszblcs: raises $2.50 to $3.50
Kristo 914: folds 
Unipoker11: calls $2.50
emerson2497: calls $2.50
*** FLOP *** [Ad 5d Th]
Unipoker11: checks 
emerson2497: checks 
kvcsszblcs: bets $4.18
Unipoker11: folds 
emerson2497: calls $4.18
*** TURN *** [Ad 5d Th] [6d]
emerson2497: checks 
kvcsszblcs has timed out
kvcsszblcs: checks 
*** RIVER *** [Ad 5d Th 6d] [Kc]
emerson2497: bets $5
kvcsszblcs: calls $5
*** SHOW DOWN ***
emerson2497: shows [Ah 3d] (a pair of Aces)
kvcsszblcs: shows [As Tc] (two pair, Aces and Tens)
kvcsszblcs collected $27.89 from pot
*** SUMMARY ***
Total pot $29.36 | Rake $1.47 
Board [Ad 5d Th 6d Kc]
Seat 4: tintin641
Seat 1: Unipoker11 (big blind) folded on the Flop
Seat 2: emerson2497 showed [Ah 3d] and lost with a pair of Aces
Seat 3: Bejondeiala folded before Flop (didn't bet)
Seat 5: kvcsszblcs (button) showed [As Tc] and won ($27.89) with two pair, Aces and Tens
Seat 6: Kristo 914 (small blind) folded before Flop



PokerStars Hand #254322746016:  Hold'em No Limit ($0.50/$1.00 USD) - 2025/01/11 23:37:15 WET [2025/01/11 18:37:15 ET]
Table 'Hartmut II' 6-max Seat #6 is the button
Seat 4: tintin641 ($100 in chips) is sitting out
Seat 1: Unipoker11 ($100 in chips) 
Seat 2: emerson2497 ($87.32 in chips) 
Seat 3: Bejondeiala ($186.02 in chips) 
Seat 5: kvcsszblcs ($117.78 in chips) 
Seat 6: Kristo 914 ($100 in chips) 
Unipoker11: posts small blind $0.50
emerson2497: posts big blind $1
tintin641: sits out 
*** HOLE CARDS ***
Bejondeiala: folds 
kvcsszblcs: folds 
Kristo 914: raises $1.40 to $2.40
Unipoker11: folds 
emerson2497: calls $1.40
*** FLOP *** [2s 5h 7d]
emerson2497: checks 
Kristo 914: bets $1.46
emerson2497: calls $1.46
*** TURN *** [2s 5h 7d] [9d]
emerson2497: bets $7.81
Kristo 914: folds 
Uncalled bet ($7.81) returned to emerson2497
emerson2497 collected $7.81 from pot
*** SUMMARY ***
Total pot $8.22 | Rake $0.41 
Board [2s 5h 7d 9d]
Seat 4: tintin641
Seat 1: Unipoker11 (small blind) folded before Flop
Seat 2: emerson2497 (big blind) collected ($7.81)
Seat 3: Bejondeiala folded before Flop (didn't bet)
Seat 5: kvcsszblcs folded before Flop (didn't bet)
Seat 6: Kristo 914 (button) folded on the Turn



PokerStars Hand #254322758186:  Hold'em No Limit ($0.50/$1.00 USD) - 2025/01/11 23:37:59 WET [2025/01/11 18:37:59 ET]
Table 'Hartmut II' 6-max Seat #1 is the button
Seat 3: Bejondeiala ($186.02 in chips) is sitting out
Seat 1: Unipoker11 ($100 in chips) 
Seat 2: emerson2497 ($91.27 in chips) 
Seat 4: tintin641 ($100 in chips) 
Seat 5: kvcsszblcs ($117.78 in chips) 
Seat 6: Kristo 914 ($100 in chips) 
emerson2497: posts small blind $0.50
Bejondeiala: is sitting out 
tintin641: posts big blind $1
*** HOLE CARDS ***
kvcsszblcs: folds 
Kristo 914: folds 
Unipoker11: folds 
emerson2497: raises $1 to $2
tintin641: calls $1
*** FLOP *** [3s Td 4h]
emerson2497: checks 
tintin641: checks 
*** TURN *** [3s Td 4h] [Ah]
emerson2497: checks 
tintin641: bets $1.90
emerson2497: folds 
Uncalled bet ($1.90) returned to tintin641
tintin641 collected $3.80 from pot
tintin641: doesn't show hand 
*** SUMMARY ***
Total pot $4 | Rake $0.20 
Board [3s Td 4h Ah]
Seat 3: Bejondeiala
Seat 1: Unipoker11 (button) folded before Flop (didn't bet)
Seat 2: emerson2497 (small blind) folded on the Turn
Seat 4: tintin641 (big blind) collected ($3.80)
Seat 5: kvcsszblcs folded before Flop (didn't bet)
Seat 6: Kristo 914 folded before Flop (didn't bet)



PokerStars Hand #254322776134:  Hold'em No Limit ($0.50/$1.00 USD) - 2025/01/11 23:39:03 WET [2025/01/11 18:39:03 ET]
Table 'Hartmut II' 6-max Seat #2 is the button
Seat 3: Bejondeiala ($186.02 in chips) is sitting out
Seat 1: Unipoker11 ($100 in chips) 
Seat 2: emerson2497 ($89.27 in chips) 
Seat 4: tintin641 ($101.80 in chips) 
Seat 5: kvcsszblcs ($117.78 in chips) 
Seat 6: Kristo 914 ($100 in chips) 
tintin641: posts small blind $0.50
kvcsszblcs: posts big blind $1
*** HOLE CARDS ***
Kristo 914: folds 
Unipoker11: folds 
emerson2497: raises $1 to $2
tintin641: raises $8 to $10
kvcsszblcs: folds 
emerson2497: calls $8
*** FLOP *** [Kd 9c 7h]
tintin641: checks 
emerson2497: checks 
*** TURN *** [Kd 9c 7h] [7c]
tintin641: bets $14.96
emerson2497: calls $14.96
*** RIVER *** [Kd 9c 7h 7c] [Qs]
tintin641: bets $36.32
emerson2497: folds 
Uncalled bet ($36.32) returned to tintin641
tintin641 collected $48.42 from pot
tintin641: doesn't show hand 
*** SUMMARY ***
Total pot $50.92 | Rake $2.50 
Board [Kd 9c 7h 7c Qs]
Seat 3: Bejondeiala
Seat 1: Unipoker11 folded before Flop (didn't bet)
Seat 2: emerson2497 (button) folded on the River
Seat 4: tintin641 (small blind) collected ($48.42)
Seat 5: kvcsszblcs (big blind) folded before Flop
Seat 6: Kristo 914 folded before Flop (didn't bet)



PokerStars Hand #254322796363:  Hold'em No Limit ($0.50/$1.00 USD) - 2025/01/11 23:40:15 WET [2025/01/11 18:40:15 ET]
Table 'Hartmut II' 6-max Seat #4 is the button
Seat 3: Bejondeiala ($186.02 in chips) is sitting out
Seat 1: Unipoker11 ($100 in chips) 
Seat 2: emerson2497 ($64.31 in chips) 
Seat 4: tintin641 ($125.26 in chips) 
Seat 5: kvcsszblcs ($116.78 in chips) 
Seat 6: Kristo 914 ($100 in chips) 
kvcsszblcs: posts small blind $0.50
Kristo 914: posts big blind $1
Bejondeiala: sits out 
*** HOLE CARDS ***
Unipoker11: folds 
emerson2497: folds 
tintin641: raises $1.50 to $2.50
kvcsszblcs: folds 
Kristo 914: folds 
Uncalled bet ($1.50) returned to tintin641
tintin641 collected $2.50 from pot
tintin641: doesn't show hand 
*** SUMMARY ***
Total pot $2.50 | Rake $0 
Seat 3: Bejondeiala
Seat 1: Unipoker11 folded before Flop (didn't bet)
Seat 2: emerson2497 folded before Flop (didn't bet)
Seat 4: tintin641 (button) collected ($2.50)
Seat 5: kvcsszblcs (small blind) folded before Flop
Seat 6: Kristo 914 (big blind) folded before Flop



PokerStars Hand #254322803560:  Hold'em No Limit ($0.50/$1.00 USD) - 2025/01/11 23:40:42 WET [2025/01/11 18:40:42 ET]
Table 'Hartmut II' 6-max Seat #5 is the button
Seat 3: Bejondeiala ($186.02 in chips) is sitting out
Seat 1: Unipoker11 ($100 in chips) 
Seat 2: emerson2497 ($64.31 in chips) 
Seat 4: tintin641 ($126.76 in chips) 
Seat 5: kvcsszblcs ($116.28 in chips) 
Seat 6: Kristo 914 ($100 in chips) 
Kristo 914: posts small blind $0.50
Unipoker11: posts big blind $1
Bejondeiala: sits out 
*** HOLE CARDS ***
emerson2497: folds 
tintin641: folds 
kvcsszblcs has timed out
kvcsszblcs: folds 
Kristo 914: raises $2 to $3
Unipoker11: folds 
Uncalled bet ($2) returned to Kristo 914
Kristo 914 collected $2 from pot
Kristo 914: doesn't show hand 
*** SUMMARY ***
Total pot $2 | Rake $0 
Seat 3: Bejondeiala
Seat 1: Unipoker11 (big blind) folded before Flop
Seat 2: emerson2497 folded before Flop (didn't bet)
Seat 4: tintin641 folded before Flop (didn't bet)
Seat 5: kvcsszblcs (button) folded before Flop (didn't bet)
Seat 6: Kristo 914 (small blind) collected ($2)



PokerStars Hand #254322810353:  Hold'em No Limit ($0.50/$1.00 USD) - 2025/01/11 23:41:06 WET [2025/01/11 18:41:06 ET]
Table 'Hartmut II' 6-max Seat #6 is the button
Seat 3: Bejondeiala ($186.02 in chips) is sitting out
Seat 1: Unipoker11 ($100 in chips) 
Seat 2: emerson2497 ($64.31 in chips) 
Seat 4: tintin641 ($126.76 in chips) 
Seat 5: kvcsszblcs ($116.28 in chips) 
Seat 6: Kristo 914 ($101 in chips) 
Unipoker11: posts small blind $0.50
emerson2497: posts big blind $1
Bejondeiala: sits out 
*** HOLE CARDS ***
tintin641: raises $1.50 to $2.50
kvcsszblcs: folds 
Kristo 914: folds 
Unipoker11: folds 
emerson2497: calls $1.50
*** FLOP *** [8c As 7c]
emerson2497: checks 
tintin641: checks 
*** TURN *** [8c As 7c] [8h]
emerson2497: bets $5.22
tintin641: folds 
Uncalled bet ($5.22) returned to emerson2497
emerson2497 collected $5.22 from pot
*** SUMMARY ***
Total pot $5.50 | Rake $0.28 
Board [8c As 7c 8h]
Seat 3: Bejondeiala
Seat 1: Unipoker11 (small blind) folded before Flop
Seat 2: emerson2497 (big blind) collected ($5.22)
Seat 4: tintin641 folded on the Turn
Seat 5: kvcsszblcs folded before Flop (didn't bet)
Seat 6: Kristo 914 (button) folded before Flop (didn't bet)



PokerStars Hand #254322820726:  Hold'em No Limit ($0.50/$1.00 USD) - 2025/01/11 23:41:44 WET [2025/01/11 18:41:44 ET]
Table 'Hartmut II' 6-max Seat #1 is the button
Seat 1: Unipoker11 ($100 in chips) 
Seat 2: emerson2497 ($67.03 in chips) 
Seat 3: Bejondeiala ($186.02 in chips) 
Seat 4: tintin641 ($124.26 in chips) 
Seat 5: kvcsszblcs ($116.28 in chips) 
Seat 6: Kristo 914 ($101 in chips) 
emerson2497: posts small blind $0.50
Bejondeiala: posts big blind $1
*** HOLE CARDS ***
tintin641: folds 
kvcsszblcs: folds 
Kristo 914: raises $1.40 to $2.40
Unipoker11: folds 
emerson2497: calls $1.90
Bejondeiala: calls $1.40
*** FLOP *** [Kd As Jh]
emerson2497: checks 
Bejondeiala: checks 
Kristo 914: bets $1.98
emerson2497: calls $1.98
Bejondeiala: folds 
*** TURN *** [Kd As Jh] [Ts]
emerson2497: checks 
Kristo 914: checks 
*** RIVER *** [Kd As Jh Ts] [Ks]
emerson2497: checks 
Kristo 914: checks 
*** SHOW DOWN ***
emerson2497: shows [Ac 2s] (two pair, Aces and Kings)
Kristo 914: shows [Ah 5h] (two pair, Aces and Kings)
emerson2497 collected $5.30 from pot
Kristo 914 collected $5.30 from pot
*** SUMMARY ***
Total pot $11.16 | Rake $0.56 
Board [Kd As Jh Ts Ks]
Seat 1: Unipoker11 (button) folded before Flop (didn't bet)
Seat 2: emerson2497 (small blind) showed [Ac 2s] and won ($5.30) with two pair, Aces and Kings
Seat 3: Bejondeiala (big blind) folded on the Flop
Seat 4: tintin641 folded before Flop (didn't bet)
Seat 5: kvcsszblcs folded before Flop (didn't bet)
Seat 6: Kristo 914 showed [Ah 5h] and won ($5.30) with two pair, Aces and Kings



PokerStars Hand #254322833117:  Hold'em No Limit ($0.50/$1.00 USD) - 2025/01/11 23:42:29 WET [2025/01/11 18:42:29 ET]
Table 'Hartmut II' 6-max Seat #2 is the button
Seat 1: Unipoker11 ($100 in chips) 
Seat 2: emerson2497 ($67.95 in chips) 
Seat 3: Bejondeiala ($183.62 in chips) 
Seat 4: tintin641 ($124.26 in chips) 
Seat 5: kvcsszblcs ($116.28 in chips) 
Seat 6: Kristo 914 ($101.92 in chips) 
Bejondeiala: posts small blind $0.50
tintin641: posts big blind $1
*** HOLE CARDS ***
kvcsszblcs: raises $1 to $2
Kristo 914: folds 
Unipoker11: folds 
emerson2497: folds 
Bejondeiala: folds 
tintin641: folds 
Uncalled bet ($1) returned to kvcsszblcs
kvcsszblcs collected $2.50 from pot
kvcsszblcs: doesn't show hand 
*** SUMMARY ***
Total pot $2.50 | Rake $0 
Seat 1: Unipoker11 folded before Flop (didn't bet)
Seat 2: emerson2497 (button) folded before Flop (didn't bet)
Seat 3: Bejondeiala (small blind) folded before Flop
Seat 4: tintin641 (big blind) folded before Flop
Seat 5: kvcsszblcs collected ($2.50)
Seat 6: Kristo 914 folded before Flop (didn't bet)



PokerStars Hand #254322841160:  Hold'em No Limit ($0.50/$1.00 USD) - 2025/01/11 23:42:58 WET [2025/01/11 18:42:58 ET]
Table 'Hartmut II' 6-max Seat #3 is the button
Seat 1: Unipoker11 ($100 in chips) 
Seat 2: emerson2497 ($67.95 in chips) 
Seat 3: Bejondeiala ($183.12 in chips) 
Seat 4: tintin641 ($123.26 in chips) 
Seat 5: kvcsszblcs ($117.78 in chips) 
Seat 6: Kristo 914 ($101.92 in chips) 
tintin641: posts small blind $0.50
kvcsszblcs: posts big blind $1
*** HOLE CARDS ***
Kristo 914: folds 
Unipoker11: folds 
emerson2497: calls $1
Bejondeiala: folds 
tintin641: folds 
kvcsszblcs: checks 
*** FLOP *** [4c Jc 3d]
kvcsszblcs: checks 
emerson2497: bets $2.38
kvcsszblcs: folds 
Uncalled bet ($2.38) returned to emerson2497
emerson2497 collected $2.38 from pot
*** SUMMARY ***
Total pot $2.50 | Rake $0.12 
Board [4c Jc 3d]
Seat 1: Unipoker11 folded before Flop (didn't bet)
Seat 2: emerson2497 collected ($2.38)
Seat 3: Bejondeiala (button) folded before Flop (didn't bet)
Seat 4: tintin641 (small blind) folded before Flop
Seat 5: kvcsszblcs (big blind) folded on the Flop
Seat 6: Kristo 914 folded before Flop (didn't bet)



PokerStars Hand #254322850807:  Hold'em No Limit ($0.50/$1.00 USD) - 2025/01/11 23:43:33 WET [2025/01/11 18:43:33 ET]
Table 'Hartmut II' 6-max Seat #4 is the button
Seat 1: Unipoker11 ($100 in chips) 
Seat 2: emerson2497 ($69.33 in chips) 
Seat 3: Bejondeiala ($183.12 in chips) 
Seat 4: tintin641 ($122.76 in chips) 
Seat 5: kvcsszblcs ($116.78 in chips) 
Seat 6: Kristo 914 ($101.92 in chips) 
kvcsszblcs: posts small blind $0.50
Kristo 914: posts big blind $1
*** HOLE CARDS ***
Unipoker11: folds 
emerson2497: calls $1
Bejondeiala: raises $3.50 to $4.50
tintin641: folds 
kvcsszblcs: folds 
Kristo 914: folds 
emerson2497: calls $3.50
*** FLOP *** [4s 5c 6c]
emerson2497: checks 
Bejondeiala: bets $3.49
emerson2497: calls $3.49
*** TURN *** [4s 5c 6c] [As]
emerson2497: checks 
Bejondeiala: checks 
*** RIVER *** [4s 5c 6c As] [Tc]
emerson2497: bets $16.61
Bejondeiala: folds 
Uncalled bet ($16.61) returned to emerson2497
emerson2497 collected $16.61 from pot
*** SUMMARY ***
Total pot $17.48 | Rake $0.87 
Board [4s 5c 6c As Tc]
Seat 1: Unipoker11 folded before Flop (didn't bet)
Seat 2: emerson2497 collected ($16.61)
Seat 3: Bejondeiala folded on the River
Seat 4: tintin641 (button) folded before Flop (didn't bet)
Seat 5: kvcsszblcs (small blind) folded before Flop
Seat 6: Kristo 914 (big blind) folded before Flop



PokerStars Hand #254322869416:  Hold'em No Limit ($0.50/$1.00 USD) - 2025/01/11 23:44:41 WET [2025/01/11 18:44:41 ET]
Table 'Hartmut II' 6-max Seat #5 is the button
Seat 1: Unipoker11 ($100 in chips) 
Seat 2: emerson2497 ($77.95 in chips) 
Seat 3: Bejondeiala ($175.13 in chips) 
Seat 4: tintin641 ($122.76 in chips) 
Seat 5: kvcsszblcs ($116.28 in chips) 
Seat 6: Kristo 914 ($100.92 in chips) 
Kristo 914: posts small blind $0.50
Unipoker11: posts big blind $1
*** HOLE CARDS ***
emerson2497: folds 
Bejondeiala: raises $1.10 to $2.10
tintin641: folds 
kvcsszblcs: folds 
Kristo 914: folds 
Unipoker11: folds 
Uncalled bet ($1.10) returned to Bejondeiala
Bejondeiala collected $2.50 from pot
Bejondeiala: doesn't show hand 
*** SUMMARY ***
Total pot $2.50 | Rake $0 
Seat 1: Unipoker11 (big blind) folded before Flop
Seat 2: emerson2497 folded before Flop (didn't bet)
Seat 3: Bejondeiala collected ($2.50)
Seat 4: tintin641 folded before Flop (didn't bet)
Seat 5: kvcsszblcs (button) folded before Flop (didn't bet)
Seat 6: Kristo 914 (small blind) folded before Flop



PokerStars Hand #254322876788:  Hold'em No Limit ($0.50/$1.00 USD) - 2025/01/11 23:45:09 WET [2025/01/11 18:45:09 ET]
Table 'Hartmut II' 6-max Seat #6 is the button
Seat 1: Unipoker11 ($100 in chips) 
Seat 2: emerson2497 ($77.95 in chips) 
Seat 3: Bejondeiala ($176.63 in chips) 
Seat 4: tintin641 ($122.76 in chips) 
Seat 5: kvcsszblcs ($116.28 in chips) 
Seat 6: Kristo 914 ($100.42 in chips) 
Unipoker11: posts small blind $0.50
emerson2497: posts big blind $1
*** HOLE CARDS ***
Bejondeiala: raises $1.10 to $2.10
tintin641: folds 
kvcsszblcs: folds 
Kristo 914: folds 
Unipoker11: folds 
emerson2497: calls $1.10
*** FLOP *** [8d 8s Jc]
emerson2497: checks 
Bejondeiala: bets $1.56
emerson2497: calls $1.56
*** TURN *** [8d 8s Jc] [3s]
emerson2497: checks 
Bejondeiala: checks 
*** RIVER *** [8d 8s Jc 3s] [9c]
emerson2497: checks 
Bejondeiala: checks 
*** SHOW DOWN ***
emerson2497: shows [5c Kc] (a pair of Eights)
Bejondeiala: shows [As 7s] (a pair of Eights - Ace kicker)
Bejondeiala collected $7.43 from pot
*** SUMMARY ***
Total pot $7.82 | Rake $0.39 
Board [8d 8s Jc 3s 9c]
Seat 1: Unipoker11 (small blind) folded before Flop
Seat 2: emerson2497 (big blind) showed [5c Kc] and lost with a pair of Eights
Seat 3: Bejondeiala showed [As 7s] and won ($7.43) with a pair of Eights
Seat 4: tintin641 folded before Flop (didn't bet)
Seat 5: kvcsszblcs folded before Flop (didn't bet)
Seat 6: Kristo 914 (button) folded before Flop (didn't bet)



PokerStars Hand #254322898329:  Hold'em No Limit ($0.50/$1.00 USD) - 2025/01/11 23:46:28 WET [2025/01/11 18:46:28 ET]
Table 'Hartmut II' 6-max Seat #1 is the button
Seat 1: Unipoker11 ($100 in chips) 
Seat 2: emerson2497 ($74.29 in chips) 
Seat 3: Bejondeiala ($180.40 in chips) 
Seat 4: tintin641 ($122.76 in chips) 
Seat 5: kvcsszblcs ($116.28 in chips) 
Seat 6: Kristo 914 ($100.42 in chips) 
emerson2497: posts small blind $0.50
Bejondeiala: posts big blind $1
*** HOLE CARDS ***
tintin641: folds 
kvcsszblcs: raises $1 to $2
Kristo 914: raises $5.50 to $7.50
Unipoker11: folds 
emerson2497: folds 
Bejondeiala: folds 
kvcsszblcs: calls $5.50
*** FLOP *** [Td Ac 8h]
kvcsszblcs: checks 
Kristo 914: bets $8
kvcsszblcs: calls $8
*** TURN *** [Td Ac 8h] [9c]
kvcsszblcs: checks 
Kristo 914: checks 
*** RIVER *** [Td Ac 8h 9c] [9d]
kvcsszblcs: checks 
Kristo 914: checks 
*** SHOW DOWN ***
kvcsszblcs: shows [Qh Jh] (a straight, Eight to Queen)
Kristo 914: mucks hand 
kvcsszblcs collected $30.88 from pot
*** SUMMARY ***
Total pot $32.50 | Rake $1.62 
Board [Td Ac 8h 9c 9d]
Seat 1: Unipoker11 (button) folded before Flop (didn't bet)
Seat 2: emerson2497 (small blind) folded before Flop
Seat 3: Bejondeiala (big blind) folded before Flop
Seat 4: tintin641 folded before Flop (didn't bet)
Seat 5: kvcsszblcs showed [Qh Jh] and won ($30.88) with a straight, Eight to Queen
Seat 6: Kristo 914 mucked



PokerStars Hand #254322916094:  Hold'em No Limit ($0.50/$1.00 USD) - 2025/01/11 23:47:34 WET [2025/01/11 18:47:34 ET]
Table 'Hartmut II' 6-max Seat #2 is the button
Seat 1: Unipoker11 ($100 in chips) 
Seat 2: emerson2497 ($73.79 in chips) 
Seat 3: Bejondeiala ($179.40 in chips) 
Seat 4: tintin641 ($122.76 in chips) 
Seat 5: kvcsszblcs ($131.66 in chips) 
Seat 6: Kristo 914 ($100 in chips) 
Bejondeiala: posts small blind $0.50
tintin641: posts big blind $1
*** HOLE CARDS ***
kvcsszblcs: folds 
Kristo 914: raises $1.40 to $2.40
Unipoker11: folds 
emerson2497: folds 
Bejondeiala: folds 
tintin641: folds 
Uncalled bet ($1.40) returned to Kristo 914
Kristo 914 collected $2.50 from pot
Kristo 914: doesn't show hand 
*** SUMMARY ***
Total pot $2.50 | Rake $0 
Seat 1: Unipoker11 folded before Flop (didn't bet)
Seat 2: emerson2497 (button) folded before Flop (didn't bet)
Seat 3: Bejondeiala (small blind) folded before Flop
Seat 4: tintin641 (big blind) folded before Flop
Seat 5: kvcsszblcs folded before Flop (didn't bet)
Seat 6: Kristo 914 collected ($2.50)



PokerStars Hand #254322923036:  Hold'em No Limit ($0.50/$1.00 USD) - 2025/01/11 23:48:00 WET [2025/01/11 18:48:00 ET]
Table 'Hartmut II' 6-max Seat #3 is the button
Seat 1: Unipoker11 ($100 in chips) 
Seat 2: emerson2497 ($73.79 in chips) 
Seat 3: Bejondeiala ($178.90 in chips) 
Seat 4: tintin641 ($121.76 in chips) 
Seat 5: kvcsszblcs ($131.66 in chips) 
Seat 6: Kristo 914 ($101.50 in chips) 
tintin641: posts small blind $0.50
kvcsszblcs: posts big blind $1
*** HOLE CARDS ***
Kristo 914: folds 
Unipoker11: folds 
emerson2497: calls $1
Bejondeiala: folds 
tintin641: raises $4 to $5
kvcsszblcs: folds 
emerson2497: folds 
Uncalled bet ($4) returned to tintin641
tintin641 collected $3 from pot
tintin641: doesn't show hand 
*** SUMMARY ***
Total pot $3 | Rake $0 
Seat 1: Unipoker11 folded before Flop (didn't bet)
Seat 2: emerson2497 folded before Flop
Seat 3: Bejondeiala (button) folded before Flop (didn't bet)
Seat 4: tintin641 (small blind) collected ($3)
Seat 5: kvcsszblcs (big blind) folded before Flop
Seat 6: Kristo 914 folded before Flop (didn't bet)



PokerStars Hand #254322929110:  Hold'em No Limit ($0.50/$1.00 USD) - 2025/01/11 23:48:22 WET [2025/01/11 18:48:22 ET]
Table 'Hartmut II' 6-max Seat #4 is the button
Seat 6: Kristo 914 ($101.50 in chips) is sitting out
Seat 1: Unipoker11 ($100 in chips) 
Seat 2: emerson2497 ($72.79 in chips) 
Seat 3: Bejondeiala ($178.90 in chips) 
Seat 4: tintin641 ($123.76 in chips) 
Seat 5: kvcsszblcs ($130.66 in chips) 
kvcsszblcs: posts small blind $0.50
Kristo 914: is sitting out 
Kristo 914 leaves the table
Unipoker11: posts big blind $1
*** HOLE CARDS ***
emerson2497: calls $1
Bejondeiala: folds 
tintin641: folds 
kvcsszblcs: folds 
nikalas22 joins the table at seat #6 
Unipoker11: checks 
*** FLOP *** [7d Kd 8h]
Unipoker11: checks 
emerson2497: checks 
*** TURN *** [7d Kd 8h] [Ts]
Unipoker11: bets $1
emerson2497: raises $4 to $5
Unipoker11: folds 
Uncalled bet ($4) returned to emerson2497
emerson2497 collected $4.28 from pot
*** SUMMARY ***
Total pot $4.50 | Rake $0.22 
Board [7d Kd 8h Ts]
Seat 6: Kristo 914
Seat 1: Unipoker11 (big blind) folded on the Turn
Seat 2: emerson2497 collected ($4.28)
Seat 3: Bejondeiala folded before Flop (didn't bet)
Seat 4: tintin641 (button) folded before Flop (didn't bet)
Seat 5: kvcsszblcs (small blind) folded before Flop



PokerStars Hand #254322939112:  Hold'em No Limit ($0.50/$1.00 USD) - 2025/01/11 23:48:59 WET [2025/01/11 18:48:59 ET]
Table 'Hartmut II' 6-max Seat #5 is the button
Seat 6: nikalas22 ($100 in chips) is sitting out
Seat 1: Unipoker11 ($100 in chips) 
Seat 2: emerson2497 ($75.07 in chips) 
Seat 3: Bejondeiala ($178.90 in chips) 
Seat 4: tintin641 ($123.76 in chips) 
Seat 5: kvcsszblcs ($130.16 in chips) 
Unipoker11: posts small blind $0.50
emerson2497: posts big blind $1
*** HOLE CARDS ***
Bejondeiala: folds 
tintin641: folds 
kvcsszblcs: raises $1.25 to $2.25
Unipoker11: folds 
emerson2497: calls $1.25
*** FLOP *** [Qd 4c 8s]
emerson2497: checks 
kvcsszblcs: bets $1.19
emerson2497: calls $1.19
*** TURN *** [Qd 4c 8s] [Tc]
emerson2497: checks 
kvcsszblcs: checks 
*** RIVER *** [Qd 4c 8s Tc] [Kd]
emerson2497: bets $4
kvcsszblcs: folds 
Uncalled bet ($4) returned to emerson2497
emerson2497 collected $7.01 from pot
*** SUMMARY ***
Total pot $7.38 | Rake $0.37 
Board [Qd 4c 8s Tc Kd]
Seat 6: nikalas22
Seat 1: Unipoker11 (small blind) folded before Flop
Seat 2: emerson2497 (big blind) collected ($7.01)
Seat 3: Bejondeiala folded before Flop (didn't bet)
Seat 4: tintin641 folded before Flop (didn't bet)
Seat 5: kvcsszblcs (button) folded on the River



PokerStars Hand #254322953998:  Hold'em No Limit ($0.50/$1.00 USD) - 2025/01/11 23:49:55 WET [2025/01/11 18:49:55 ET]
Table 'Hartmut II' 6-max Seat #1 is the button
Seat 6: nikalas22 ($100 in chips) is sitting out
Seat 1: Unipoker11 ($100 in chips) 
Seat 2: emerson2497 ($78.64 in chips) 
Seat 3: Bejondeiala ($178.90 in chips) 
Seat 4: tintin641 ($123.76 in chips) 
Seat 5: kvcsszblcs ($126.72 in chips) 
emerson2497: posts small blind $0.50
Bejondeiala: posts big blind $1
nikalas22: sits out 
*** HOLE CARDS ***
tintin641: folds 
kvcsszblcs: folds 
Unipoker11: folds 
emerson2497: folds 
Uncalled bet ($0.50) returned to Bejondeiala
Bejondeiala collected $1 from pot
Bejondeiala: doesn't show hand 
*** SUMMARY ***
Total pot $1 | Rake $0 
Seat 6: nikalas22
Seat 1: Unipoker11 (button) folded before Flop (didn't bet)
Seat 2: emerson2497 (small blind) folded before Flop
Seat 3: Bejondeiala (big blind) collected ($1)
Seat 4: tintin641 folded before Flop (didn't bet)
Seat 5: kvcsszblcs folded before Flop (didn't bet)



PokerStars Hand #254322958956:  Hold'em No Limit ($0.50/$1.00 USD) - 2025/01/11 23:50:13 WET [2025/01/11 18:50:13 ET]
Table 'Hartmut II' 6-max Seat #2 is the button
Seat 6: nikalas22 ($100 in chips) is sitting out
Seat 1: Unipoker11 ($100 in chips) 
Seat 2: emerson2497 ($78.14 in chips) 
Seat 3: Bejondeiala ($179.40 in chips) 
Seat 4: tintin641 ($123.76 in chips) 
Seat 5: kvcsszblcs ($126.72 in chips) 
Bejondeiala: posts small blind $0.50
tintin641: posts big blind $1
nikalas22: sits out 
*** HOLE CARDS ***
kvcsszblcs: folds 
Unipoker11: raises $1.30 to $2.30
emerson2497: folds 
Bejondeiala: folds 
tintin641: folds 
Uncalled bet ($1.30) returned to Unipoker11
Unipoker11 collected $2.50 from pot
Unipoker11: doesn't show hand 
*** SUMMARY ***
Total pot $2.50 | Rake $0 
Seat 6: nikalas22
Seat 1: Unipoker11 collected ($2.50)
Seat 2: emerson2497 (button) folded before Flop (didn't bet)
Seat 3: Bejondeiala (small blind) folded before Flop
Seat 4: tintin641 (big blind) folded before Flop
Seat 5: kvcsszblcs folded before Flop (didn't bet)



PokerStars Hand #254322965656:  Hold'em No Limit ($0.50/$1.00 USD) - 2025/01/11 23:50:38 WET [2025/01/11 18:50:38 ET]
Table 'Hartmut II' 6-max Seat #3 is the button
Seat 6: nikalas22 ($100 in chips) is sitting out
Seat 1: Unipoker11 ($101.50 in chips) 
Seat 2: emerson2497 ($78.14 in chips) 
Seat 3: Bejondeiala ($178.90 in chips) 
Seat 4: tintin641 ($122.76 in chips) 
Seat 5: kvcsszblcs ($126.72 in chips) 
tintin641: posts small blind $0.50
kvcsszblcs: posts big blind $1
nikalas22: sits out 
*** HOLE CARDS ***
Unipoker11: folds 
emerson2497: folds 
Bejondeiala: folds 
tintin641: raises $2 to $3
kvcsszblcs: folds 
Uncalled bet ($2) returned to tintin641
tintin641 collected $2 from pot
tintin641: doesn't show hand 
*** SUMMARY ***
Total pot $2 | Rake $0 
Seat 6: nikalas22
Seat 1: Unipoker11 folded before Flop (didn't bet)
Seat 2: emerson2497 folded before Flop (didn't bet)
Seat 3: Bejondeiala (button) folded before Flop (didn't bet)
Seat 4: tintin641 (small blind) collected ($2)
Seat 5: kvcsszblcs (big blind) folded before Flop



PokerStars Hand #254322971436:  Hold'em No Limit ($0.50/$1.00 USD) - 2025/01/11 23:50:59 WET [2025/01/11 18:50:59 ET]
Table 'Hartmut II' 6-max Seat #4 is the button
Seat 1: Unipoker11 ($101.50 in chips) 
Seat 2: emerson2497 ($78.14 in chips) 
Seat 3: Bejondeiala ($178.90 in chips) 
Seat 4: tintin641 ($123.76 in chips) 
Seat 5: kvcsszblcs ($125.72 in chips) 
Seat 6: nikalas22 ($100 in chips) 
kvcsszblcs: posts small blind $0.50
nikalas22: posts big blind $1
*** HOLE CARDS ***
Unipoker11: folds 
emerson2497: calls $1
Bejondeiala: folds 
tintin641: folds 
kvcsszblcs: folds 
nikalas22: checks 
*** FLOP *** [6s 5s 8s]
nikalas22: checks 
emerson2497: bets $2.38
nikalas22: folds 
Uncalled bet ($2.38) returned to emerson2497
emerson2497 collected $2.38 from pot
*** SUMMARY ***
Total pot $2.50 | Rake $0.12 
Board [6s 5s 8s]
Seat 1: Unipoker11 folded before Flop (didn't bet)
Seat 2: emerson2497 collected ($2.38)
Seat 3: Bejondeiala folded before Flop (didn't bet)
Seat 4: tintin641 (button) folded before Flop (didn't bet)
Seat 5: kvcsszblcs (small blind) folded before Flop
Seat 6: nikalas22 (big blind) folded on the Flop



PokerStars Hand #254322982673:  Hold'em No Limit ($0.50/$1.00 USD) - 2025/01/11 23:51:41 WET [2025/01/11 18:51:41 ET]
Table 'Hartmut II' 6-max Seat #5 is the button
Seat 1: Unipoker11 ($101.50 in chips) 
Seat 2: emerson2497 ($79.52 in chips) 
Seat 3: Bejondeiala ($178.90 in chips) 
Seat 4: tintin641 ($123.76 in chips) 
Seat 5: kvcsszblcs ($125.22 in chips) 
Seat 6: nikalas22 ($100 in chips) 
nikalas22: posts small blind $0.50
Unipoker11: posts big blind $1
*** HOLE CARDS ***
emerson2497: folds 
Bejondeiala: folds 
tintin641: raises $1.50 to $2.50
kvcsszblcs: folds 
nikalas22: raises $9.50 to $12
Unipoker11: folds 
tintin641: folds 
Uncalled bet ($9.50) returned to nikalas22
nikalas22 collected $6 from pot
nikalas22: doesn't show hand 
*** SUMMARY ***
Total pot $6 | Rake $0 
Seat 1: Unipoker11 (big blind) folded before Flop
Seat 2: emerson2497 folded before Flop (didn't bet)
Seat 3: Bejondeiala folded before Flop (didn't bet)
Seat 4: tintin641 folded before Flop
Seat 5: kvcsszblcs (button) folded before Flop (didn't bet)
Seat 6: nikalas22 (small blind) collected ($6)



PokerStars Hand #254322989487:  Hold'em No Limit ($0.50/$1.00 USD) - 2025/01/11 23:52:07 WET [2025/01/11 18:52:07 ET]
Table 'Hartmut II' 6-max Seat #6 is the button
Seat 1: Unipoker11 ($100.50 in chips) 
Seat 2: emerson2497 ($79.52 in chips) 
Seat 3: Bejondeiala ($178.90 in chips) 
Seat 4: tintin641 ($121.26 in chips) 
Seat 5: kvcsszblcs ($125.22 in chips) 
Seat 6: nikalas22 ($103.50 in chips) 
Unipoker11: posts small blind $0.50
emerson2497: posts big blind $1
*** HOLE CARDS ***
Bejondeiala: raises $1.10 to $2.10
tintin641: folds 
kvcsszblcs: folds 
nikalas22: raises $5.90 to $8
Unipoker11: folds 
emerson2497: folds 
Bejondeiala: folds 
Uncalled bet ($5.90) returned to nikalas22
nikalas22 collected $5.70 from pot
nikalas22: doesn't show hand 
*** SUMMARY ***
Total pot $5.70 | Rake $0 
Seat 1: Unipoker11 (small blind) folded before Flop
Seat 2: emerson2497 (big blind) folded before Flop
Seat 3: Bejondeiala folded before Flop
Seat 4: tintin641 folded before Flop (didn't bet)
Seat 5: kvcsszblcs folded before Flop (didn't bet)
Seat 6: nikalas22 (button) collected ($5.70)



PokerStars Hand #254323003148:  Hold'em No Limit ($0.50/$1.00 USD) - 2025/01/11 23:52:58 WET [2025/01/11 18:52:58 ET]
Table 'Hartmut II' 6-max Seat #1 is the button
Seat 1: Unipoker11 ($100 in chips) 
Seat 2: emerson2497 ($78.52 in chips) 
Seat 3: Bejondeiala ($176.80 in chips) 
Seat 4: tintin641 ($121.26 in chips) 
Seat 5: kvcsszblcs ($125.22 in chips) 
Seat 6: nikalas22 ($107.10 in chips) 
emerson2497: posts small blind $0.50
Bejondeiala: posts big blind $1
*** HOLE CARDS ***
tintin641: folds 
kvcsszblcs: folds 
nikalas22: folds 
Unipoker11: raises $1.50 to $2.50
emerson2497: calls $2
Bejondeiala: folds 
*** FLOP *** [8d Qs Td]
emerson2497: checks 
Unipoker11: bets $1.43
emerson2497: folds 
Uncalled bet ($1.43) returned to Unipoker11
Unipoker11 collected $5.70 from pot
Unipoker11: doesn't show hand 
*** SUMMARY ***
Total pot $6 | Rake $0.30 
Board [8d Qs Td]
Seat 1: Unipoker11 (button) collected ($5.70)
Seat 2: emerson2497 (small blind) folded on the Flop
Seat 3: Bejondeiala (big blind) folded before Flop
Seat 4: tintin641 folded before Flop (didn't bet)
Seat 5: kvcsszblcs folded before Flop (didn't bet)
Seat 6: nikalas22 folded before Flop (didn't bet)



PokerStars Hand #254323010568:  Hold'em No Limit ($0.50/$1.00 USD) - 2025/01/11 23:53:26 WET [2025/01/11 18:53:26 ET]
Table 'Hartmut II' 6-max Seat #2 is the button
Seat 1: Unipoker11 ($103.20 in chips) 
Seat 2: emerson2497 ($76.02 in chips) 
Seat 3: Bejondeiala ($175.80 in chips) 
Seat 4: tintin641 ($121.26 in chips) 
Seat 5: kvcsszblcs ($125.22 in chips) 
Seat 6: nikalas22 ($107.10 in chips) 
Bejondeiala: posts small blind $0.50
tintin641: posts big blind $1
*** HOLE CARDS ***
kvcsszblcs: folds 
nikalas22: raises $1.50 to $2.50
Unipoker11: folds 
emerson2497: folds 
Bejondeiala: folds 
tintin641: calls $1.50
*** FLOP *** [9h 4s 4d]
tintin641: checks 
nikalas22: bets $1.57
tintin641: raises $4.18 to $5.75
nikalas22: calls $4.18
*** TURN *** [9h 4s 4d] [5s]
tintin641: bets $12.11
nikalas22: folds 
Uncalled bet ($12.11) returned to tintin641
tintin641 collected $16.15 from pot
tintin641: doesn't show hand 
*** SUMMARY ***
Total pot $17 | Rake $0.85 
Board [9h 4s 4d 5s]
Seat 1: Unipoker11 folded before Flop (didn't bet)
Seat 2: emerson2497 (button) folded before Flop (didn't bet)
Seat 3: Bejondeiala (small blind) folded before Flop
Seat 4: tintin641 (big blind) collected ($16.15)
Seat 5: kvcsszblcs folded before Flop (didn't bet)
Seat 6: nikalas22 folded on the Turn



PokerStars Hand #254323030163:  Hold'em No Limit ($0.50/$1.00 USD) - 2025/01/11 23:54:40 WET [2025/01/11 18:54:40 ET]
Table 'Hartmut II' 6-max Seat #3 is the button
Seat 1: Unipoker11 ($103.20 in chips) 
Seat 2: emerson2497 ($76.02 in chips) 
Seat 3: Bejondeiala ($175.30 in chips) 
Seat 4: tintin641 ($129.16 in chips) 
Seat 5: kvcsszblcs ($125.22 in chips) 
Seat 6: nikalas22 ($100 in chips) 
tintin641: posts small blind $0.50
kvcsszblcs: posts big blind $1
*** HOLE CARDS ***
nikalas22: raises $1.50 to $2.50
Unipoker11: folds 
emerson2497: calls $2.50
Bejondeiala: folds 
tintin641: folds 
kvcsszblcs: folds 
*** FLOP *** [As 5h 6c]
nikalas22: checks 
emerson2497: bets $6.18
nikalas22: folds 
Uncalled bet ($6.18) returned to emerson2497
emerson2497 collected $6.18 from pot
*** SUMMARY ***
Total pot $6.50 | Rake $0.32 
Board [As 5h 6c]
Seat 1: Unipoker11 folded before Flop (didn't bet)
Seat 2: emerson2497 collected ($6.18)
Seat 3: Bejondeiala (button) folded before Flop (didn't bet)
Seat 4: tintin641 (small blind) folded before Flop
Seat 5: kvcsszblcs (big blind) folded before Flop
Seat 6: nikalas22 folded on the Flop



PokerStars Hand #254323039442:  Hold'em No Limit ($0.50/$1.00 USD) - 2025/01/11 23:55:20 WET [2025/01/11 18:55:20 ET]
Table 'Hartmut II' 6-max Seat #4 is the button
Seat 1: Unipoker11 ($103.20 in chips) 
Seat 2: emerson2497 ($79.70 in chips) 
Seat 3: Bejondeiala ($175.30 in chips) 
Seat 4: tintin641 ($128.66 in chips) 
Seat 5: kvcsszblcs ($124.22 in chips) 
Seat 6: nikalas22 ($100 in chips) 
kvcsszblcs: posts small blind $0.50
nikalas22: posts big blind $1
*** HOLE CARDS ***
Unipoker11: folds 
emerson2497: calls $1
Bejondeiala: raises $3 to $4
tintin641: folds 
kvcsszblcs: calls $3.50
nikalas22: folds 
emerson2497: calls $3
*** FLOP *** [5s 3h 4c]
kvcsszblcs: checks 
emerson2497: checks 
Bejondeiala: checks 
*** TURN *** [5s 3h 4c] [8c]
kvcsszblcs: bets $4.94
emerson2497: folds 
Bejondeiala: calls $4.94
*** RIVER *** [5s 3h 4c 8c] [4s]
kvcsszblcs: bets $14.32
Bejondeiala: calls $14.32
*** SHOW DOWN ***
kvcsszblcs: shows [Tc Td] (two pair, Tens and Fours)
Bejondeiala: mucks hand 
kvcsszblcs collected $49.02 from pot
*** SUMMARY ***
Total pot $51.52 | Rake $2.50 
Board [5s 3h 4c 8c 4s]
Seat 1: Unipoker11 folded before Flop (didn't bet)
Seat 2: emerson2497 folded on the Turn
Seat 3: Bejondeiala mucked
Seat 4: tintin641 (button) folded before Flop (didn't bet)
Seat 5: kvcsszblcs (small blind) showed [Tc Td] and won ($49.02) with two pair, Tens and Fours
Seat 6: nikalas22 (big blind) folded before Flop



PokerStars Hand #254323059222:  Hold'em No Limit ($0.50/$1.00 USD) - 2025/01/11 23:56:57 WET [2025/01/11 18:56:57 ET]
Table 'Hartmut II' 6-max Seat #5 is the button
Seat 1: Unipoker11 ($103.20 in chips) 
Seat 2: emerson2497 ($75.70 in chips) 
Seat 3: Bejondeiala ($152.04 in chips) 
Seat 4: tintin641 ($128.66 in chips) 
Seat 5: kvcsszblcs ($149.98 in chips) 
Seat 6: nikalas22 ($100 in chips) 
nikalas22: posts small blind $0.50
Unipoker11: posts big blind $1
*** HOLE CARDS ***
emerson2497: calls $1
Bejondeiala: folds 
tintin641: folds 
kvcsszblcs: folds 
nikalas22: folds 
Unipoker11: checks 
*** FLOP *** [Tc 8s Ac]
Unipoker11: checks 
emerson2497: checks 
*** TURN *** [Tc 8s Ac] [Jh]
Unipoker11: checks 
emerson2497: checks 
*** RIVER *** [Tc 8s Ac Jh] [9d]
Unipoker11: checks 
emerson2497: checks 
*** SHOW DOWN ***
Unipoker11: shows [6c 4h] (high card Ace)
emerson2497: shows [Kh 2h] (high card Ace - King kicker)
emerson2497 collected $2.38 from pot
*** SUMMARY ***
Total pot $2.50 | Rake $0.12 
Board [Tc 8s Ac Jh 9d]
Seat 1: Unipoker11 (big blind) showed [6c 4h] and lost with high card Ace
Seat 2: emerson2497 showed [Kh 2h] and won ($2.38) with high card Ace
Seat 3: Bejondeiala folded before Flop (didn't bet)
Seat 4: tintin641 folded before Flop (didn't bet)
Seat 5: kvcsszblcs (button) folded before Flop (didn't bet)
Seat 6: nikalas22 (small blind) folded before Flop



PokerStars Hand #254323066104:  Hold'em No Limit ($0.50/$1.00 USD) - 2025/01/11 23:57:30 WET [2025/01/11 18:57:30 ET]
Table 'Hartmut II' 6-max Seat #6 is the button
Seat 1: Unipoker11 ($102.20 in chips) 
Seat 2: emerson2497 ($77.08 in chips) 
Seat 3: Bejondeiala ($152.04 in chips) 
Seat 4: tintin641 ($128.66 in chips) 
Seat 5: kvcsszblcs ($149.98 in chips) 
Seat 6: nikalas22 ($100 in chips) 
Unipoker11: posts small blind $0.50
emerson2497: posts big blind $1
*** HOLE CARDS ***
Bejondeiala: folds 
tintin641: folds 
kvcsszblcs: folds 
nikalas22: raises $1.50 to $2.50
Unipoker11: folds 
emerson2497: calls $1.50
*** FLOP *** [6c 3h 4d]
emerson2497: checks 
nikalas22: bets $1.57
emerson2497: folds 
Uncalled bet ($1.57) returned to nikalas22
nikalas22 collected $5.22 from pot
nikalas22: doesn't show hand 
*** SUMMARY ***
Total pot $5.50 | Rake $0.28 
Board [6c 3h 4d]
Seat 1: Unipoker11 (small blind) folded before Flop
Seat 2: emerson2497 (big blind) folded on the Flop
Seat 3: Bejondeiala folded before Flop (didn't bet)
Seat 4: tintin641 folded before Flop (didn't bet)
Seat 5: kvcsszblcs folded before Flop (didn't bet)
Seat 6: nikalas22 (button) collected ($5.22)



PokerStars Hand #254323073514:  Hold'em No Limit ($0.50/$1.00 USD) - 2025/01/11 23:58:06 WET [2025/01/11 18:58:06 ET]
Table 'Hartmut II' 6-max Seat #1 is the button
Seat 1: Unipoker11 ($101.70 in chips) 
Seat 2: emerson2497 ($74.58 in chips) 
Seat 3: Bejondeiala ($152.04 in chips) 
Seat 4: tintin641 ($128.66 in chips) 
Seat 5: kvcsszblcs ($149.98 in chips) 
Seat 6: nikalas22 ($102.72 in chips) 
emerson2497: posts small blind $0.50
Bejondeiala: posts big blind $1
*** HOLE CARDS ***
tintin641: folds 
kvcsszblcs: folds 
nikalas22: folds 
Unipoker11: raises $1.50 to $2.50
emerson2497: folds 
Bejondeiala: raises $9 to $11.50
Unipoker11: folds 
Uncalled bet ($9) returned to Bejondeiala
Bejondeiala collected $5.50 from pot
Bejondeiala: doesn't show hand 
*** SUMMARY ***
Total pot $5.50 | Rake $0 
Seat 1: Unipoker11 (button) folded before Flop
Seat 2: emerson2497 (small blind) folded before Flop
Seat 3: Bejondeiala (big blind) collected ($5.50)
Seat 4: tintin641 folded before Flop (didn't bet)
Seat 5: kvcsszblcs folded before Flop (didn't bet)
Seat 6: nikalas22 folded before Flop (didn't bet)



PokerStars Hand #254323080331:  Hold'em No Limit ($0.50/$1.00 USD) - 2025/01/11 23:58:39 WET [2025/01/11 18:58:39 ET]
Table 'Hartmut II' 6-max Seat #2 is the button
Seat 1: Unipoker11 ($100 in chips) 
Seat 2: emerson2497 ($74.08 in chips) 
Seat 3: Bejondeiala ($155.04 in chips) 
Seat 4: tintin641 ($128.66 in chips) 
Seat 5: kvcsszblcs ($149.98 in chips) 
Seat 6: nikalas22 ($102.72 in chips) 
Bejondeiala: posts small blind $0.50
tintin641: posts big blind $1
*** HOLE CARDS ***
kvcsszblcs: folds 
nikalas22: raises $1.50 to $2.50
Unipoker11: folds 
emerson2497: folds 
Bejondeiala: folds 
tintin641: calls $1.50
*** FLOP *** [2h 5h 5c]
tintin641: checks 
nikalas22: bets $1.57
tintin641: calls $1.57
*** TURN *** [2h 5h 5c] [Ah]
tintin641: checks 
nikalas22: bets $6.16
tintin641: calls $6.16
*** RIVER *** [2h 5h 5c Ah] [3c]
tintin641: checks 
nikalas22: bets $14.93
tintin641: folds 
Uncalled bet ($14.93) returned to nikalas22
nikalas22 collected $19.91 from pot
nikalas22: doesn't show hand 
*** SUMMARY ***
Total pot $20.96 | Rake $1.05 
Board [2h 5h 5c Ah 3c]
Seat 1: Unipoker11 folded before Flop (didn't bet)
Seat 2: emerson2497 (button) folded before Flop (didn't bet)
Seat 3: Bejondeiala (small blind) folded before Flop
Seat 4: tintin641 (big blind) folded on the River
Seat 5: kvcsszblcs folded before Flop (didn't bet)
Seat 6: nikalas22 collected ($19.91)



PokerStars Hand #254323094844:  Hold'em No Limit ($0.50/$1.00 USD) - 2025/01/11 23:59:50 WET [2025/01/11 18:59:50 ET]
Table 'Hartmut II' 6-max Seat #3 is the button
Seat 1: Unipoker11 ($100 in chips) 
Seat 2: emerson2497 ($74.08 in chips) 
Seat 3: Bejondeiala ($154.54 in chips) 
Seat 4: tintin641 ($118.43 in chips) 
Seat 5: kvcsszblcs ($149.98 in chips) 
Seat 6: nikalas22 ($112.40 in chips) 
tintin641: posts small blind $0.50
kvcsszblcs: posts big blind $1
*** HOLE CARDS ***
nikalas22: raises $1.50 to $2.50
Unipoker11: folds 
emerson2497: folds 
Bejondeiala: folds 
tintin641: folds 
kvcsszblcs: folds 
Uncalled bet ($1.50) returned to nikalas22
nikalas22 collected $2.50 from pot
nikalas22: doesn't show hand 
*** SUMMARY ***
Total pot $2.50 | Rake $0 
Seat 1: Unipoker11 folded before Flop (didn't bet)
Seat 2: emerson2497 folded before Flop (didn't bet)
Seat 3: Bejondeiala (button) folded before Flop (didn't bet)
Seat 4: tintin641 (small blind) folded before Flop
Seat 5: kvcsszblcs (big blind) folded before Flop
Seat 6: nikalas22 collected ($2.50)



PokerStars Hand #254323100278:  Hold'em No Limit ($0.50/$1.00 USD) - 2025/01/11 0:00:17 WET [2025/01/11 19:00:17 ET]
Table 'Hartmut II' 6-max Seat #4 is the button
Seat 1: Unipoker11 ($100 in chips) 
Seat 2: emerson2497 ($74.08 in chips) 
Seat 3: Bejondeiala ($154.54 in chips) 
Seat 4: tintin641 ($117.93 in chips) 
Seat 5: kvcsszblcs ($148.98 in chips) 
Seat 6: nikalas22 ($113.90 in chips) 
kvcsszblcs: posts small blind $0.50
nikalas22: posts big blind $1
*** HOLE CARDS ***
Unipoker11: folds 
emerson2497: calls $1
Bejondeiala: folds 
tintin641: folds 
kvcsszblcs: folds 
nikalas22: checks 
*** FLOP *** [2h 4s Ac]
nikalas22: checks 
emerson2497: bets $2.38
nikalas22: raises $6.62 to $9
emerson2497: calls $6.62
*** TURN *** [2h 4s Ac] [2d]
nikalas22: bets $14.61
emerson2497: calls $14.61
*** RIVER *** [2h 4s Ac 2d] [Jc]
nikalas22: bets $70.85
emerson2497: calls $49.47 and is all-in
Uncalled bet ($21.38) returned to nikalas22
*** SHOW DOWN ***
nikalas22: shows [Ad 4h] (two pair, Aces and Fours)
emerson2497: shows [5s 3s] (a straight, Ace to Five)
emerson2497 collected $146.16 from pot
*** SUMMARY ***
Total pot $148.66 | Rake $2.50 
Board [2h 4s Ac 2d Jc]
Seat 1: Unipoker11 folded before Flop (didn't bet)
Seat 2: emerson2497 showed [5s 3s] and won ($146.16) with a straight, Ace to Five
Seat 3: Bejondeiala folded before Flop (didn't bet)
Seat 4: tintin641 (button) folded before Flop (didn't bet)
Seat 5: kvcsszblcs (small blind) folded before Flop
Seat 6: nikalas22 (big blind) showed [Ad 4h] and lost with two pair, Aces and Fours



PokerStars Hand #254323113115:  Hold'em No Limit ($0.50/$1.00 USD) - 2025/01/11 0:01:12 WET [2025/01/11 19:01:12 ET]
Table 'Hartmut II' 6-max Seat #5 is the button
Seat 1: Unipoker11 ($100 in chips) 
Seat 2: emerson2497 ($146.16 in chips) 
Seat 3: Bejondeiala ($154.54 in chips) 
Seat 4: tintin641 ($117.93 in chips) 
Seat 5: kvcsszblcs ($148.48 in chips) 
Seat 6: nikalas22 ($100 in chips) 
nikalas22: posts small blind $0.50
Unipoker11: posts big blind $1
*** HOLE CARDS ***
emerson2497: folds 
Bejondeiala: folds 
tintin641: folds 
kvcsszblcs: raises $1.25 to $2.25
nikalas22: folds 
emerson2497 leaves the table
Unipoker11: calls $1.25
*** FLOP *** [Ac Qs As]
Unipoker11: checks 
kvcsszblcs: bets $1.19
Unipoker11: calls $1.19
*** TURN *** [Ac Qs As] [Qh]
Unipoker11: checks 
kvcsszblcs: checks 
*** RIVER *** [Ac Qs As Qh] [3d]
Unipoker11: bets $5.26
kvcsszblcs: folds 
Uncalled bet ($5.26) returned to Unipoker11
Unipoker11 collected $7.01 from pot
Unipoker11: doesn't show hand 
*** SUMMARY ***
Total pot $7.38 | Rake $0.37 
Board [Ac Qs As Qh 3d]
Seat 1: Unipoker11 (big blind) collected ($7.01)
Seat 2: emerson2497 folded before Flop (didn't bet)
Seat 3: Bejondeiala folded before Flop (didn't bet)
Seat 4: tintin641 folded before Flop (didn't bet)
Seat 5: kvcsszblcs (button) folded on the River
Seat 6: nikalas22 (small blind) folded before Flop



PokerStars Hand #254323133887:  Hold'em No Limit ($0.50/$1.00 USD) - 2025/01/11 0:02:34 WET [2025/01/11 19:02:34 ET]
Table 'Hartmut II' 6-max Seat #6 is the button
Seat 1: Unipoker11 ($103.57 in chips) 
Seat 3: Bejondeiala ($154.54 in chips) 
Seat 4: tintin641 ($117.93 in chips) 
Seat 5: kvcsszblcs ($145.04 in chips) 
Seat 6: nikalas22 ($100 in chips) 
Unipoker11: posts small blind $0.50
Bejondeiala: posts big blind $1
*** HOLE CARDS ***
tintin641: raises $1.50 to $2.50
kvcsszblcs: folds 
nikalas22: folds 
Unipoker11: folds 
Bejondeiala: folds 
Uncalled bet ($1.50) returned to tintin641
tintin641 collected $2.50 from pot
tintin641: doesn't show hand 
*** SUMMARY ***
Total pot $2.50 | Rake $0 
Seat 1: Unipoker11 (small blind) folded before Flop
Seat 3: Bejondeiala (big blind) folded before Flop
Seat 4: tintin641 collected ($2.50)
Seat 5: kvcsszblcs folded before Flop (didn't bet)
Seat 6: nikalas22 (button) folded before Flop (didn't bet)



PokerStars Hand #254323139339:  Hold'em No Limit ($0.50/$1.00 USD) - 2025/01/11 0:02:55 WET [2025/01/11 19:02:55 ET]
Table 'Hartmut II' 6-max Seat #1 is the button
Seat 4: tintin641 ($119.43 in chips) is sitting out
Seat 1: Unipoker11 ($103.07 in chips) 
Seat 3: Bejondeiala ($153.54 in chips) 
Seat 5: kvcsszblcs ($145.04 in chips) 
Seat 6: nikalas22 ($100 in chips) 
Bejondeiala: posts small blind $0.50
tintin641: is sitting out 
kvcsszblcs: posts big blind $1
*** HOLE CARDS ***
tintin641 leaves the table
nikalas22: folds 
Unipoker11: folds 
Bejondeiala: folds 
Uncalled bet ($0.50) returned to kvcsszblcs
kvcsszblcs collected $1 from pot
kvcsszblcs: doesn't show hand 
*** SUMMARY ***
Total pot $1 | Rake $0 
Seat 4: tintin641
Seat 1: Unipoker11 (button) folded before Flop (didn't bet)
Seat 3: Bejondeiala (small blind) folded before Flop
Seat 5: kvcsszblcs (big blind) collected ($1)
Seat 6: nikalas22 folded before Flop (didn't bet)



PokerStars Hand #254323142682:  Hold'em No Limit ($0.50/$1.00 USD) - 2025/01/11 0:03:08 WET [2025/01/11 19:03:08 ET]
Table 'Hartmut II' 6-max Seat #3 is the button
Seat 6: nikalas22 ($100 in chips) is sitting out
Seat 1: Unipoker11 ($103.07 in chips) 
Seat 3: Bejondeiala ($153.04 in chips) 
Seat 5: kvcsszblcs ($145.54 in chips) 
kvcsszblcs: posts small blind $0.50
nikalas22: is sitting out 
Unipoker11: posts big blind $1
*** HOLE CARDS ***
nikalas22 leaves the table
Bejondeiala: raises $1.50 to $2.50
kvcsszblcs: folds 
Unipoker11: folds 
Uncalled bet ($1.50) returned to Bejondeiala
Bejondeiala collected $2.50 from pot
Bejondeiala: doesn't show hand 
*** SUMMARY ***
Total pot $2.50 | Rake $0 
Seat 6: nikalas22
Seat 1: Unipoker11 (big blind) folded before Flop
Seat 3: Bejondeiala (button) collected ($2.50)
Seat 5: kvcsszblcs (small blind) folded before Flop



