PokerStars Hand #254309547543:  Hold'em No Limit ($0.50/$1.00 USD) - 2025/01/11 6:48:35 WET [2025/01/11 1:48:35 ET]
Table 'Durrell II' 6-max Seat #1 is the button
Seat 4: sutata ($100 in chips) is sitting out
Seat 1: BeauParleur ($100 in chips) 
Seat 3: equilibrium_tv ($10 in chips) 
BeauParleur: posts small blind $0.50
equilibrium_tv: posts big blind $1
*** HOLE CARDS ***
BeauParleur: calls $0.50
equilibrium_tv: checks 
*** FLOP *** [Ah Jc 2h]
equilibrium_tv: checks 
BeauParleur: bets $1
equilibrium_tv: folds 
Uncalled bet ($1) returned to BeauParleur
BeauParleur collected $1.90 from pot
BeauParleur: doesn't show hand 
*** SUMMARY ***
Total pot $2 | Rake $0.10 
Board [Ah Jc 2h]
Seat 4: sutata
Seat 1: BeauParleur (button) (small blind) collected ($1.90)
Seat 3: equilibrium_tv (big blind) folded on the Flop



PokerStars Hand #254309550143:  Hold'em No Limit ($0.50/$1.00 USD) - 2025/01/11 6:49:05 WET [2025/01/11 1:49:05 ET]
Table 'Durrell II' 6-max Seat #3 is the button
Seat 4: sutata ($100 in chips) is sitting out
Seat 1: BeauParleur ($100.90 in chips) 
Seat 3: equilibrium_tv ($9 in chips) 
equilibrium_tv: posts small blind $0.50
BeauParleur: posts big blind $1
*** HOLE CARDS ***
equilibrium_tv: folds 
Uncalled bet ($0.50) returned to BeauParleur
BeauParleur collected $1 from pot
equilibrium_tv leaves the table
BeauParleur: doesn't show hand 
*** SUMMARY ***
Total pot $1 | Rake $0 
Seat 4: sutata
Seat 1: BeauParleur (big blind) collected ($1)
Seat 3: equilibrium_tv (button) (small blind) folded before Flop



