PokerStars Hand #254310000518:  Hold'em No Limit ($0.50/$1.00 USD) - 2025/01/11 8:17:13 WET [2025/01/11 3:17:13 ET]
Table 'Artek II' 6-max Seat #6 is the button
Seat 1: KarP93 ($100 in chips) 
Seat 2: Emily_GetMan ($100 in chips) 
Seat 3: fefeleaga ($91.05 in chips) 
Seat 4: SeEevg ($101.85 in chips) 
Seat 5: fobot21 ($100 in chips) 
Seat 6: $triker_BLR ($114.50 in chips) 
KarP93: posts small blind $0.50
Emily_GetMan: posts big blind $1
*** HOLE CARDS ***
fefeleaga: folds 
SeEevg: folds 
fobot21: folds 
$triker_BLR: raises $1.50 to $2.50
KarP93: raises $8 to $10.50
Emily_GetMan: folds 
$triker_BLR: folds 
Uncalled bet ($8) returned to KarP93
KarP93 collected $6 from pot
KarP93: doesn't show hand 
*** SUMMARY ***
Total pot $6 | Rake $0 
Seat 1: KarP93 (small blind) collected ($6)
Seat 2: Emily_GetMan (big blind) folded before Flop
Seat 3: fefeleaga folded before Flop (didn't bet)
Seat 4: SeEevg folded before Flop (didn't bet)
Seat 5: fobot21 folded before Flop (didn't bet)
Seat 6: $triker_BLR (button) folded before Flop



PokerStars Hand #254310004317:  Hold'em No Limit ($0.50/$1.00 USD) - 2025/01/11 8:17:54 WET [2025/01/11 3:17:54 ET]
Table 'Artek II' 6-max Seat #1 is the button
Seat 1: KarP93 ($103.50 in chips) 
Seat 2: Emily_GetMan ($100 in chips) 
Seat 3: fefeleaga ($91.05 in chips) 
Seat 4: SeEevg ($101.85 in chips) 
Seat 5: fobot21 ($100 in chips) 
Seat 6: $triker_BLR ($112 in chips) 
Emily_GetMan: posts small blind $0.50
fefeleaga: posts big blind $1
*** HOLE CARDS ***
SeEevg: raises $1.50 to $2.50
fobot21: folds 
$triker_BLR: folds 
KarP93: calls $2.50
Emily_GetMan: folds 
fefeleaga: calls $1.50
*** FLOP *** [2h 4c 7d]
fefeleaga: checks 
SeEevg: checks 
KarP93: checks 
*** TURN *** [2h 4c 7d] [9d]
fefeleaga: bets $1
SeEevg: calls $1
KarP93: raises $5.30 to $6.30
fefeleaga: calls $5.30
SeEevg: folds 
*** RIVER *** [2h 4c 7d 9d] [8s]
fefeleaga: checks 
KarP93: bets $14.50
fefeleaga: folds 
Uncalled bet ($14.50) returned to KarP93
KarP93 collected $20.52 from pot
KarP93: doesn't show hand 
*** SUMMARY ***
Total pot $21.60 | Rake $1.08 
Board [2h 4c 7d 9d 8s]
Seat 1: KarP93 (button) collected ($20.52)
Seat 2: Emily_GetMan (small blind) folded before Flop
Seat 3: fefeleaga (big blind) folded on the River
Seat 4: SeEevg folded on the Turn
Seat 5: fobot21 folded before Flop (didn't bet)
Seat 6: $triker_BLR folded before Flop (didn't bet)



PokerStars Hand #254310010911:  Hold'em No Limit ($0.50/$1.00 USD) - 2025/01/11 8:19:07 WET [2025/01/11 3:19:07 ET]
Table 'Artek II' 6-max Seat #2 is the button
Seat 1: KarP93 ($115.22 in chips) 
Seat 2: Emily_GetMan ($100 in chips) 
Seat 3: fefeleaga ($82.25 in chips) 
Seat 4: SeEevg ($100 in chips) 
Seat 5: fobot21 ($100 in chips) 
Seat 6: $triker_BLR ($112 in chips) 
fefeleaga: posts small blind $0.50
SeEevg: posts big blind $1
*** HOLE CARDS ***
fobot21: folds 
$triker_BLR: folds 
KarP93: folds 
Emily_GetMan: raises $1.50 to $2.50
fefeleaga: folds 
SeEevg: folds 
Uncalled bet ($1.50) returned to Emily_GetMan
Emily_GetMan collected $2.50 from pot
Emily_GetMan: doesn't show hand 
*** SUMMARY ***
Total pot $2.50 | Rake $0 
Seat 1: KarP93 folded before Flop (didn't bet)
Seat 2: Emily_GetMan (button) collected ($2.50)
Seat 3: fefeleaga (small blind) folded before Flop
Seat 4: SeEevg (big blind) folded before Flop
Seat 5: fobot21 folded before Flop (didn't bet)
Seat 6: $triker_BLR folded before Flop (didn't bet)



PokerStars Hand #254310012807:  Hold'em No Limit ($0.50/$1.00 USD) - 2025/01/11 8:19:28 WET [2025/01/11 3:19:28 ET]
Table 'Artek II' 6-max Seat #3 is the button
Seat 1: KarP93 ($115.22 in chips) 
Seat 2: Emily_GetMan ($101.50 in chips) 
Seat 3: fefeleaga ($81.75 in chips) 
Seat 4: SeEevg ($100 in chips) 
Seat 5: fobot21 ($100 in chips) 
Seat 6: $triker_BLR ($112 in chips) 
SeEevg: posts small blind $0.50
fobot21: posts big blind $1
*** HOLE CARDS ***
$triker_BLR: folds 
KarP93: folds 
Emily_GetMan: folds 
fefeleaga: raises $1 to $2
SeEevg: folds 
fobot21: calls $1
*** FLOP *** [4h 7c 8s]
fobot21: checks 
fefeleaga: bets $1
fobot21: raises $3 to $4
fefeleaga: calls $3
*** TURN *** [4h 7c 8s] [9s]
fobot21: checks 
fefeleaga: bets $5
fobot21: folds 
Uncalled bet ($5) returned to fefeleaga
fefeleaga collected $11.88 from pot
*** SUMMARY ***
Total pot $12.50 | Rake $0.62 
Board [4h 7c 8s 9s]
Seat 1: KarP93 folded before Flop (didn't bet)
Seat 2: Emily_GetMan folded before Flop (didn't bet)
Seat 3: fefeleaga (button) collected ($11.88)
Seat 4: SeEevg (small blind) folded before Flop
Seat 5: fobot21 (big blind) folded on the Turn
Seat 6: $triker_BLR folded before Flop (didn't bet)



PokerStars Hand #254310017144:  Hold'em No Limit ($0.50/$1.00 USD) - 2025/01/11 8:20:15 WET [2025/01/11 3:20:15 ET]
Table 'Artek II' 6-max Seat #4 is the button
Seat 1: KarP93 ($115.22 in chips) 
Seat 2: Emily_GetMan ($101.50 in chips) 
Seat 3: fefeleaga ($87.63 in chips) 
Seat 4: SeEevg ($100 in chips) 
Seat 5: fobot21 ($100 in chips) 
Seat 6: $triker_BLR ($112 in chips) 
fobot21: posts small blind $0.50
$triker_BLR: posts big blind $1
*** HOLE CARDS ***
KarP93: raises $1.50 to $2.50
Emily_GetMan: folds 
fefeleaga: calls $2.50
SeEevg: folds 
fobot21: folds 
$triker_BLR: folds 
*** FLOP *** [Js 7c 4c]
KarP93: checks 
fefeleaga: bets $1
KarP93: raises $4.09 to $5.09
fefeleaga: folds 
Uncalled bet ($4.09) returned to KarP93
KarP93 collected $8.08 from pot
KarP93: doesn't show hand 
*** SUMMARY ***
Total pot $8.50 | Rake $0.42 
Board [Js 7c 4c]
Seat 1: KarP93 collected ($8.08)
Seat 2: Emily_GetMan folded before Flop (didn't bet)
Seat 3: fefeleaga folded on the Flop
Seat 4: SeEevg (button) folded before Flop (didn't bet)
Seat 5: fobot21 (small blind) folded before Flop
Seat 6: $triker_BLR (big blind) folded before Flop



PokerStars Hand #254310021585:  Hold'em No Limit ($0.50/$1.00 USD) - 2025/01/11 8:21:05 WET [2025/01/11 3:21:05 ET]
Table 'Artek II' 6-max Seat #5 is the button
Seat 1: KarP93 ($119.80 in chips) 
Seat 2: Emily_GetMan ($101.50 in chips) 
Seat 3: fefeleaga ($84.13 in chips) 
Seat 4: SeEevg ($100 in chips) 
Seat 5: fobot21 ($100 in chips) 
Seat 6: $triker_BLR ($111 in chips) 
$triker_BLR: posts small blind $0.50
KarP93: posts big blind $1
*** HOLE CARDS ***
Emily_GetMan: folds 
fefeleaga: folds 
SeEevg: folds 
fobot21: raises $1.50 to $2.50
$triker_BLR: folds 
KarP93: folds 
Uncalled bet ($1.50) returned to fobot21
fobot21 collected $2.50 from pot
fobot21: doesn't show hand 
*** SUMMARY ***
Total pot $2.50 | Rake $0 
Seat 1: KarP93 (big blind) folded before Flop
Seat 2: Emily_GetMan folded before Flop (didn't bet)
Seat 3: fefeleaga folded before Flop (didn't bet)
Seat 4: SeEevg folded before Flop (didn't bet)
Seat 5: fobot21 (button) collected ($2.50)
Seat 6: $triker_BLR (small blind) folded before Flop



PokerStars Hand #254310023273:  Hold'em No Limit ($0.50/$1.00 USD) - 2025/01/11 8:21:24 WET [2025/01/11 3:21:24 ET]
Table 'Artek II' 6-max Seat #6 is the button
Seat 1: KarP93 ($118.80 in chips) 
Seat 2: Emily_GetMan ($101.50 in chips) 
Seat 3: fefeleaga ($84.13 in chips) 
Seat 4: SeEevg ($100 in chips) 
Seat 5: fobot21 ($101.50 in chips) 
Seat 6: $triker_BLR ($110.50 in chips) 
KarP93: posts small blind $0.50
Emily_GetMan: posts big blind $1
*** HOLE CARDS ***
fefeleaga: folds 
SeEevg: folds 
fobot21: raises $1.50 to $2.50
$triker_BLR: folds 
KarP93: raises $8 to $10.50
Emily_GetMan: folds 
fobot21: folds 
Uncalled bet ($8) returned to KarP93
KarP93 collected $6 from pot
KarP93: doesn't show hand 
*** SUMMARY ***
Total pot $6 | Rake $0 
Seat 1: KarP93 (small blind) collected ($6)
Seat 2: Emily_GetMan (big blind) folded before Flop
Seat 3: fefeleaga folded before Flop (didn't bet)
Seat 4: SeEevg folded before Flop (didn't bet)
Seat 5: fobot21 folded before Flop
Seat 6: $triker_BLR (button) folded before Flop (didn't bet)



PokerStars Hand #254310025692:  Hold'em No Limit ($0.50/$1.00 USD) - 2025/01/11 8:21:51 WET [2025/01/11 3:21:51 ET]
Table 'Artek II' 6-max Seat #1 is the button
Seat 1: KarP93 ($122.30 in chips) 
Seat 2: Emily_GetMan ($100.50 in chips) 
Seat 3: fefeleaga ($84.13 in chips) 
Seat 4: SeEevg ($100 in chips) 
Seat 5: fobot21 ($100 in chips) 
Seat 6: $triker_BLR ($110.50 in chips) 
Emily_GetMan: posts small blind $0.50
fefeleaga: posts big blind $1
*** HOLE CARDS ***
SeEevg: folds 
fobot21: folds 
$triker_BLR: folds 
KarP93: folds 
Emily_GetMan: raises $2 to $3
fefeleaga: raises $2 to $5
Emily_GetMan: calls $2
*** FLOP *** [4s 2s Qh]
Emily_GetMan: checks 
fefeleaga: bets $79.13 and is all-in
Emily_GetMan: folds 
Uncalled bet ($79.13) returned to fefeleaga
fefeleaga collected $9.50 from pot
*** SUMMARY ***
Total pot $10 | Rake $0.50 
Board [4s 2s Qh]
Seat 1: KarP93 (button) folded before Flop (didn't bet)
Seat 2: Emily_GetMan (small blind) folded on the Flop
Seat 3: fefeleaga (big blind) collected ($9.50)
Seat 4: SeEevg folded before Flop (didn't bet)
Seat 5: fobot21 folded before Flop (didn't bet)
Seat 6: $triker_BLR folded before Flop (didn't bet)



PokerStars Hand #254310030053:  Hold'em No Limit ($0.50/$1.00 USD) - 2025/01/11 8:22:39 WET [2025/01/11 3:22:39 ET]
Table 'Artek II' 6-max Seat #2 is the button
Seat 1: KarP93 ($122.30 in chips) 
Seat 2: Emily_GetMan ($100 in chips) 
Seat 3: fefeleaga ($88.63 in chips) 
Seat 4: SeEevg ($100 in chips) 
Seat 5: fobot21 ($100 in chips) 
Seat 6: $triker_BLR ($110.50 in chips) 
fefeleaga: posts small blind $0.50
SeEevg: posts big blind $1
*** HOLE CARDS ***
fobot21: raises $1 to $2
$triker_BLR: folds 
KarP93: folds 
Emily_GetMan: folds 
fefeleaga: folds 
SeEevg: folds 
Uncalled bet ($1) returned to fobot21
fobot21 collected $2.50 from pot
fobot21: doesn't show hand 
*** SUMMARY ***
Total pot $2.50 | Rake $0 
Seat 1: KarP93 folded before Flop (didn't bet)
Seat 2: Emily_GetMan (button) folded before Flop (didn't bet)
Seat 3: fefeleaga (small blind) folded before Flop
Seat 4: SeEevg (big blind) folded before Flop
Seat 5: fobot21 collected ($2.50)
Seat 6: $triker_BLR folded before Flop (didn't bet)



PokerStars Hand #254310031655:  Hold'em No Limit ($0.50/$1.00 USD) - 2025/01/11 8:22:56 WET [2025/01/11 3:22:56 ET]
Table 'Artek II' 6-max Seat #3 is the button
Seat 1: KarP93 ($122.30 in chips) 
Seat 2: Emily_GetMan ($100 in chips) 
Seat 3: fefeleaga ($88.13 in chips) 
Seat 4: SeEevg ($100 in chips) 
Seat 5: fobot21 ($101.50 in chips) 
Seat 6: $triker_BLR ($110.50 in chips) 
SeEevg: posts small blind $0.50
fobot21: posts big blind $1
*** HOLE CARDS ***
$triker_BLR: raises $1.50 to $2.50
KarP93: folds 
Emily_GetMan: folds 
fefeleaga: calls $2.50
SeEevg: folds 
fobot21: folds 
*** FLOP *** [9d 3c 3s]
$triker_BLR: checks 
fefeleaga: checks 
*** TURN *** [9d 3c 3s] [2d]
$triker_BLR: checks 
fefeleaga: checks 
*** RIVER *** [9d 3c 3s 2d] [2s]
$triker_BLR: checks 
fefeleaga: checks 
*** SHOW DOWN ***
$triker_BLR: shows [Ac 5c] (two pair, Threes and Deuces)
fefeleaga: mucks hand 
$triker_BLR collected $6.18 from pot
*** SUMMARY ***
Total pot $6.50 | Rake $0.32 
Board [9d 3c 3s 2d 2s]
Seat 1: KarP93 folded before Flop (didn't bet)
Seat 2: Emily_GetMan folded before Flop (didn't bet)
Seat 3: fefeleaga (button) mucked
Seat 4: SeEevg (small blind) folded before Flop
Seat 5: fobot21 (big blind) folded before Flop
Seat 6: $triker_BLR showed [Ac 5c] and won ($6.18) with two pair, Threes and Deuces



PokerStars Hand #254310034444:  Hold'em No Limit ($0.50/$1.00 USD) - 2025/01/11 8:23:27 WET [2025/01/11 3:23:27 ET]
Table 'Artek II' 6-max Seat #4 is the button
Seat 1: KarP93 ($122.30 in chips) 
Seat 2: Emily_GetMan ($100 in chips) 
Seat 3: fefeleaga ($85.63 in chips) 
Seat 4: SeEevg ($100 in chips) 
Seat 5: fobot21 ($100.50 in chips) 
Seat 6: $triker_BLR ($114.18 in chips) 
fobot21: posts small blind $0.50
$triker_BLR: posts big blind $1
*** HOLE CARDS ***
KarP93: folds 
Emily_GetMan: folds 
fefeleaga: raises $1 to $2
SeEevg: folds 
fobot21: folds 
$triker_BLR: folds 
Uncalled bet ($1) returned to fefeleaga
fefeleaga collected $2.50 from pot
*** SUMMARY ***
Total pot $2.50 | Rake $0 
Seat 1: KarP93 folded before Flop (didn't bet)
Seat 2: Emily_GetMan folded before Flop (didn't bet)
Seat 3: fefeleaga collected ($2.50)
Seat 4: SeEevg (button) folded before Flop (didn't bet)
Seat 5: fobot21 (small blind) folded before Flop
Seat 6: $triker_BLR (big blind) folded before Flop



PokerStars Hand #254310036791:  Hold'em No Limit ($0.50/$1.00 USD) - 2025/01/11 8:23:52 WET [2025/01/11 3:23:52 ET]
Table 'Artek II' 6-max Seat #5 is the button
Seat 1: KarP93 ($122.30 in chips) 
Seat 2: Emily_GetMan ($100 in chips) 
Seat 3: fefeleaga ($87.13 in chips) 
Seat 4: SeEevg ($100 in chips) 
Seat 5: fobot21 ($100 in chips) 
Seat 6: $triker_BLR ($113.18 in chips) 
$triker_BLR: posts small blind $0.50
KarP93: posts big blind $1
*** HOLE CARDS ***
Emily_GetMan: folds 
fefeleaga: raises $1 to $2
SeEevg: raises $5 to $7
fobot21: folds 
$triker_BLR: folds 
KarP93: folds 
fefeleaga: calls $5
*** FLOP *** [3d Kc 2h]
fefeleaga: checks 
SeEevg: bets $4.86
fefeleaga: raises $4.86 to $9.72
SeEevg: calls $4.86
*** TURN *** [3d Kc 2h] [Jh]
fefeleaga: bets $70.41 and is all-in
SeEevg: calls $70.41
*** RIVER *** [3d Kc 2h Jh] [Ks]
*** SHOW DOWN ***
fefeleaga: shows [6c 4c] (a pair of Kings)
SeEevg: shows [Kd Tc] (three of a kind, Kings)
SeEevg collected $173.26 from pot
*** SUMMARY ***
Total pot $175.76 | Rake $2.50 
Board [3d Kc 2h Jh Ks]
Seat 1: KarP93 (big blind) folded before Flop
Seat 2: Emily_GetMan folded before Flop (didn't bet)
Seat 3: fefeleaga showed [6c 4c] and lost with a pair of Kings
Seat 4: SeEevg showed [Kd Tc] and won ($173.26) with three of a kind, Kings
Seat 5: fobot21 (button) folded before Flop (didn't bet)
Seat 6: $triker_BLR (small blind) folded before Flop



PokerStars Hand #254310044393:  Hold'em No Limit ($0.50/$1.00 USD) - 2025/01/11 8:25:17 WET [2025/01/11 3:25:17 ET]
Table 'Artek II' 6-max Seat #6 is the button
Seat 3: fefeleaga ($0 in chips) is sitting out
Seat 1: KarP93 ($121.30 in chips) 
Seat 2: Emily_GetMan ($100 in chips) 
Seat 4: SeEevg ($186.13 in chips) 
Seat 5: fobot21 ($100 in chips) 
Seat 6: $triker_BLR ($112.68 in chips) 
KarP93: posts small blind $0.50
Emily_GetMan: posts big blind $1
*** HOLE CARDS ***
SeEevg: raises $1.50 to $2.50
fobot21: folds 
fefeleaga leaves the table
$triker_BLR: raises $5 to $7.50
KarP93: folds 
Emily_GetMan: folds 
SeEevg: raises $12.50 to $20
$triker_BLR: folds 
Uncalled bet ($12.50) returned to SeEevg
SeEevg collected $16.50 from pot
SeEevg: doesn't show hand 
*** SUMMARY ***
Total pot $16.50 | Rake $0 
Seat 3: fefeleaga
Seat 1: KarP93 (small blind) folded before Flop
Seat 2: Emily_GetMan (big blind) folded before Flop
Seat 4: SeEevg collected ($16.50)
Seat 5: fobot21 folded before Flop (didn't bet)
Seat 6: $triker_BLR (button) folded before Flop



