PokerStars Hand #254318160022:  Hold'em No Limit ($0.50/$1.00 USD) - 2025/01/11 19:33:23 WET [2025/01/11 14:33:23 ET]
Table 'Ceres III' 6-max Seat #1 is the button
Seat 5: AlexPinsk1 ($100 in chips) is sitting out
Seat 1: michasia ($100 in chips) 
Seat 2: tintin641 ($100 in chips) 
Seat 3: Zvst ($100 in chips) 
Seat 4: BGS013 ($100 in chips) 
tintin641: posts small blind $0.50
Zvst: posts big blind $1
*** HOLE CARDS ***
BGS013: folds 
michasia: folds 
tintin641: raises $2 to $3
Alyssahigh joins the table at seat #6 
Alyssahigh is disconnected 
Zvst: raises $7 to $10
tintin641: raises $12 to $22
Zvst: raises $78 to $100 and is all-in
tintin641: folds 
Uncalled bet ($78) returned to Zvst
Zvst collected $44 from pot
Zvst: doesn't show hand 
*** SUMMARY ***
Total pot $44 | Rake $0 
Seat 5: AlexPinsk1
Seat 1: michasia (button) folded before Flop (didn't bet)
Seat 2: tintin641 (small blind) folded before Flop
Seat 3: Zvst (big blind) collected ($44)
Seat 4: BGS013 folded before Flop (didn't bet)



PokerStars Hand #254318174060:  Hold'em No Limit ($0.50/$1.00 USD) - 2025/01/11 19:34:05 WET [2025/01/11 14:34:05 ET]
Table 'Ceres III' 6-max Seat #2 is the button
Seat 5: AlexPinsk1 ($100 in chips) is sitting out
Seat 1: michasia ($100 in chips) 
Seat 2: tintin641 ($100 in chips) 
Seat 3: Zvst ($122 in chips) 
Seat 4: BGS013 ($100 in chips) 
Seat 6: Alyssahigh ($62.01 in chips) 
Zvst: posts small blind $0.50
BGS013: posts big blind $1
AlexPinsk1: sits out 
Alyssahigh: posts big blind $1
*** HOLE CARDS ***
Alyssahigh: checks 
michasia: folds 
tintin641: folds 
Zvst: folds 
BGS013: checks 
*** FLOP *** [6c 4d 4s]
BGS013: checks 
Alyssahigh: bets $2.38
BGS013: folds 
Uncalled bet ($2.38) returned to Alyssahigh
Alyssahigh collected $2.38 from pot
*** SUMMARY ***
Total pot $2.50 | Rake $0.12 
Board [6c 4d 4s]
Seat 5: AlexPinsk1
Seat 1: michasia folded before Flop (didn't bet)
Seat 2: tintin641 (button) folded before Flop (didn't bet)
Seat 3: Zvst (small blind) folded before Flop
Seat 4: BGS013 (big blind) folded on the Flop
Seat 6: Alyssahigh collected ($2.38)



PokerStars Hand #254318183733:  Hold'em No Limit ($0.50/$1.00 USD) - 2025/01/11 19:34:34 WET [2025/01/11 14:34:34 ET]
Table 'Ceres III' 6-max Seat #3 is the button
Seat 1: michasia ($100 in chips) 
Seat 2: tintin641 ($100 in chips) 
Seat 3: Zvst ($121.50 in chips) 
Seat 4: BGS013 ($100 in chips) 
Seat 5: AlexPinsk1 ($100 in chips) 
Seat 6: Alyssahigh ($63.39 in chips) 
BGS013: posts small blind $0.50
AlexPinsk1: posts big blind $1
*** HOLE CARDS ***
Alyssahigh: calls $1
michasia: folds 
tintin641: folds 
Zvst: folds 
BGS013: folds 
AlexPinsk1: checks 
*** FLOP *** [6d 4h 2c]
AlexPinsk1: checks 
Alyssahigh: bets $2.38
AlexPinsk1: calls $2.38
*** TURN *** [6d 4h 2c] [8c]
AlexPinsk1: checks 
Alyssahigh: bets $6.90
AlexPinsk1: calls $6.90
*** RIVER *** [6d 4h 2c 8c] [Th]
AlexPinsk1: checks 
Alyssahigh: checks 
*** SHOW DOWN ***
AlexPinsk1: shows [5c 6h] (a pair of Sixes)
Alyssahigh: shows [6c Kc] (a pair of Sixes - King kicker)
Alyssahigh collected $20.01 from pot
*** SUMMARY ***
Total pot $21.06 | Rake $1.05 
Board [6d 4h 2c 8c Th]
Seat 1: michasia folded before Flop (didn't bet)
Seat 2: tintin641 folded before Flop (didn't bet)
Seat 3: Zvst (button) folded before Flop (didn't bet)
Seat 4: BGS013 (small blind) folded before Flop
Seat 5: AlexPinsk1 (big blind) showed [5c 6h] and lost with a pair of Sixes
Seat 6: Alyssahigh showed [6c Kc] and won ($20.01) with a pair of Sixes



PokerStars Hand #254318199275:  Hold'em No Limit ($0.50/$1.00 USD) - 2025/01/11 19:35:22 WET [2025/01/11 14:35:22 ET]
Table 'Ceres III' 6-max Seat #4 is the button
Seat 1: michasia ($100 in chips) 
Seat 2: tintin641 ($100 in chips) 
Seat 3: Zvst ($121.50 in chips) 
Seat 4: BGS013 ($100 in chips) 
Seat 5: AlexPinsk1 ($100 in chips) 
Seat 6: Alyssahigh ($73.12 in chips) 
AlexPinsk1: posts small blind $0.50
Alyssahigh: posts big blind $1
*** HOLE CARDS ***
michasia: folds 
tintin641: raises $1.50 to $2.50
Zvst: folds 
BGS013: raises $5.50 to $8
AlexPinsk1: folds 
Alyssahigh: calls $7
tintin641: folds 
*** FLOP *** [3d 4d Td]
Alyssahigh: checks 
BGS013: bets $4.69
Alyssahigh: calls $4.69
*** TURN *** [3d 4d Td] [6h]
Alyssahigh: bets $60.43 and is all-in
BGS013: calls $60.43
*** RIVER *** [3d 4d Td 6h] [5s]
*** SHOW DOWN ***
Alyssahigh: shows [6s 4h] (two pair, Sixes and Fours)
BGS013: shows [Jh Ad] (high card Ace)
Alyssahigh collected $146.74 from pot
*** SUMMARY ***
Total pot $149.24 | Rake $2.50 
Board [3d 4d Td 6h 5s]
Seat 1: michasia folded before Flop (didn't bet)
Seat 2: tintin641 folded before Flop
Seat 3: Zvst folded before Flop (didn't bet)
Seat 4: BGS013 (button) showed [Jh Ad] and lost with high card Ace
Seat 5: AlexPinsk1 (small blind) folded before Flop
Seat 6: Alyssahigh (big blind) showed [6s 4h] and won ($146.74) with two pair, Sixes and Fours



PokerStars Hand #254318221719:  Hold'em No Limit ($0.50/$1.00 USD) - 2025/01/11 19:36:29 WET [2025/01/11 14:36:29 ET]
Table 'Ceres III' 6-max Seat #5 is the button
Seat 1: michasia ($100 in chips) 
Seat 2: tintin641 ($100 in chips) 
Seat 3: Zvst ($121.50 in chips) 
Seat 4: BGS013 ($100 in chips) 
Seat 5: AlexPinsk1 ($100 in chips) 
Seat 6: Alyssahigh ($146.74 in chips) 
Alyssahigh: posts small blind $0.50
michasia: posts big blind $1
*** HOLE CARDS ***
tintin641: folds 
Zvst: folds 
BGS013: folds 
AlexPinsk1: folds 
Alyssahigh: folds 
Uncalled bet ($0.50) returned to michasia
michasia collected $1 from pot
michasia: doesn't show hand 
*** SUMMARY ***
Total pot $1 | Rake $0 
Seat 1: michasia (big blind) collected ($1)
Seat 2: tintin641 folded before Flop (didn't bet)
Seat 3: Zvst folded before Flop (didn't bet)
Seat 4: BGS013 folded before Flop (didn't bet)
Seat 5: AlexPinsk1 (button) folded before Flop (didn't bet)
Seat 6: Alyssahigh (small blind) folded before Flop



PokerStars Hand #254318225466:  Hold'em No Limit ($0.50/$1.00 USD) - 2025/01/11 19:36:41 WET [2025/01/11 14:36:41 ET]
Table 'Ceres III' 6-max Seat #6 is the button
Seat 1: michasia ($100.50 in chips) 
Seat 2: tintin641 ($100 in chips) 
Seat 3: Zvst ($121.50 in chips) 
Seat 4: BGS013 ($100 in chips) 
Seat 5: AlexPinsk1 ($100 in chips) 
Seat 6: Alyssahigh ($146.24 in chips) 
michasia: posts small blind $0.50
tintin641: posts big blind $1
*** HOLE CARDS ***
Zvst: folds 
BGS013: folds 
AlexPinsk1: folds 
Alyssahigh: folds 
michasia: folds 
Uncalled bet ($0.50) returned to tintin641
tintin641 collected $1 from pot
tintin641: doesn't show hand 
*** SUMMARY ***
Total pot $1 | Rake $0 
Seat 1: michasia (small blind) folded before Flop
Seat 2: tintin641 (big blind) collected ($1)
Seat 3: Zvst folded before Flop (didn't bet)
Seat 4: BGS013 folded before Flop (didn't bet)
Seat 5: AlexPinsk1 folded before Flop (didn't bet)
Seat 6: Alyssahigh (button) folded before Flop (didn't bet)



PokerStars Hand #254318228919:  Hold'em No Limit ($0.50/$1.00 USD) - 2025/01/11 19:36:51 WET [2025/01/11 14:36:51 ET]
Table 'Ceres III' 6-max Seat #1 is the button
Seat 1: michasia ($100 in chips) 
Seat 2: tintin641 ($100.50 in chips) 
Seat 3: Zvst ($121.50 in chips) 
Seat 4: BGS013 ($100 in chips) 
Seat 5: AlexPinsk1 ($100 in chips) 
Seat 6: Alyssahigh ($146.24 in chips) 
tintin641: posts small blind $0.50
Zvst: posts big blind $1
*** HOLE CARDS ***
BGS013: raises $1 to $2
AlexPinsk1: folds 
Alyssahigh: calls $2
michasia: folds 
tintin641: folds 
Zvst: folds 
*** FLOP *** [9h 3d Ts]
BGS013: checks 
Alyssahigh: bets $5.22
BGS013: calls $5.22
*** TURN *** [9h 3d Ts] [5c]
BGS013: checks 
Alyssahigh: checks 
*** RIVER *** [9h 3d Ts 5c] [4h]
BGS013: bets $92.78 and is all-in
Alyssahigh: folds 
Uncalled bet ($92.78) returned to BGS013
BGS013 collected $15.14 from pot
BGS013: doesn't show hand 
*** SUMMARY ***
Total pot $15.94 | Rake $0.80 
Board [9h 3d Ts 5c 4h]
Seat 1: michasia (button) folded before Flop (didn't bet)
Seat 2: tintin641 (small blind) folded before Flop
Seat 3: Zvst (big blind) folded before Flop
Seat 4: BGS013 collected ($15.14)
Seat 5: AlexPinsk1 folded before Flop (didn't bet)
Seat 6: Alyssahigh folded on the River



PokerStars Hand #254318244557:  Hold'em No Limit ($0.50/$1.00 USD) - 2025/01/11 19:37:38 WET [2025/01/11 14:37:38 ET]
Table 'Ceres III' 6-max Seat #2 is the button
Seat 1: michasia ($100 in chips) 
Seat 2: tintin641 ($100 in chips) 
Seat 3: Zvst ($120.50 in chips) 
Seat 4: BGS013 ($107.92 in chips) 
Seat 5: AlexPinsk1 ($100 in chips) 
Seat 6: Alyssahigh ($139.02 in chips) 
Zvst: posts small blind $0.50
BGS013: posts big blind $1
*** HOLE CARDS ***
AlexPinsk1: folds 
Alyssahigh: calls $1
michasia: folds 
tintin641: folds 
Zvst: raises $4 to $5
BGS013: folds 
Alyssahigh: calls $4
*** FLOP *** [2h Ad 6s]
Zvst: bets $3.45
Alyssahigh: calls $3.45
*** TURN *** [2h Ad 6s] [3c]
Zvst: checks 
Alyssahigh: bets $17
Zvst: folds 
Uncalled bet ($17) returned to Alyssahigh
Alyssahigh collected $17 from pot
*** SUMMARY ***
Total pot $17.90 | Rake $0.90 
Board [2h Ad 6s 3c]
Seat 1: michasia folded before Flop (didn't bet)
Seat 2: tintin641 (button) folded before Flop (didn't bet)
Seat 3: Zvst (small blind) folded on the Turn
Seat 4: BGS013 (big blind) folded before Flop
Seat 5: AlexPinsk1 folded before Flop (didn't bet)
Seat 6: Alyssahigh collected ($17)



PokerStars Hand #254318258878:  Hold'em No Limit ($0.50/$1.00 USD) - 2025/01/11 19:38:22 WET [2025/01/11 14:38:22 ET]
Table 'Ceres III' 6-max Seat #3 is the button
Seat 1: michasia ($100 in chips) 
Seat 2: tintin641 ($100 in chips) 
Seat 3: Zvst ($112.05 in chips) 
Seat 4: BGS013 ($106.92 in chips) 
Seat 5: AlexPinsk1 ($100 in chips) 
Seat 6: Alyssahigh ($147.57 in chips) 
BGS013: posts small blind $0.50
AlexPinsk1: posts big blind $1
*** HOLE CARDS ***
Alyssahigh: folds 
michasia: raises $1.60 to $2.60
tintin641: folds 
Zvst: folds 
BGS013: folds 
AlexPinsk1: folds 
Uncalled bet ($1.60) returned to michasia
michasia collected $2.50 from pot
michasia: doesn't show hand 
*** SUMMARY ***
Total pot $2.50 | Rake $0 
Seat 1: michasia collected ($2.50)
Seat 2: tintin641 folded before Flop (didn't bet)
Seat 3: Zvst (button) folded before Flop (didn't bet)
Seat 4: BGS013 (small blind) folded before Flop
Seat 5: AlexPinsk1 (big blind) folded before Flop
Seat 6: Alyssahigh folded before Flop (didn't bet)



PokerStars Hand #254318262800:  Hold'em No Limit ($0.50/$1.00 USD) - 2025/01/11 19:38:34 WET [2025/01/11 14:38:34 ET]
Table 'Ceres III' 6-max Seat #4 is the button
Seat 1: michasia ($101.50 in chips) 
Seat 2: tintin641 ($100 in chips) 
Seat 3: Zvst ($112.05 in chips) 
Seat 4: BGS013 ($106.42 in chips) 
Seat 5: AlexPinsk1 ($100 in chips) 
Seat 6: Alyssahigh ($147.57 in chips) 
AlexPinsk1: posts small blind $0.50
Alyssahigh: posts big blind $1
*** HOLE CARDS ***
michasia: folds 
tintin641: folds 
Zvst: folds 
BGS013: folds 
AlexPinsk1: folds 
Uncalled bet ($0.50) returned to Alyssahigh
Alyssahigh collected $1 from pot
*** SUMMARY ***
Total pot $1 | Rake $0 
Seat 1: michasia folded before Flop (didn't bet)
Seat 2: tintin641 folded before Flop (didn't bet)
Seat 3: Zvst folded before Flop (didn't bet)
Seat 4: BGS013 (button) folded before Flop (didn't bet)
Seat 5: AlexPinsk1 (small blind) folded before Flop
Seat 6: Alyssahigh (big blind) collected ($1)



PokerStars Hand #254318266885:  Hold'em No Limit ($0.50/$1.00 USD) - 2025/01/11 19:38:47 WET [2025/01/11 14:38:47 ET]
Table 'Ceres III' 6-max Seat #5 is the button
Seat 1: michasia ($101.50 in chips) 
Seat 2: tintin641 ($100 in chips) 
Seat 3: Zvst ($112.05 in chips) 
Seat 4: BGS013 ($106.42 in chips) 
Seat 5: AlexPinsk1 ($100 in chips) 
Seat 6: Alyssahigh ($148.07 in chips) 
Alyssahigh: posts small blind $0.50
michasia: posts big blind $1
*** HOLE CARDS ***
tintin641: raises $1.50 to $2.50
Zvst: folds 
BGS013: folds 
AlexPinsk1: folds 
Alyssahigh: calls $2
michasia: folds 
*** FLOP *** [Th 4d 8d]
Alyssahigh: checks 
tintin641: checks 
*** TURN *** [Th 4d 8d] [4h]
Alyssahigh: checks 
tintin641: checks 
*** RIVER *** [Th 4d 8d 4h] [2d]
Alyssahigh: bets $5.70
tintin641: folds 
Uncalled bet ($5.70) returned to Alyssahigh
Alyssahigh collected $5.70 from pot
*** SUMMARY ***
Total pot $6 | Rake $0.30 
Board [Th 4d 8d 4h 2d]
Seat 1: michasia (big blind) folded before Flop
Seat 2: tintin641 folded on the River
Seat 3: Zvst folded before Flop (didn't bet)
Seat 4: BGS013 folded before Flop (didn't bet)
Seat 5: AlexPinsk1 (button) folded before Flop (didn't bet)
Seat 6: Alyssahigh (small blind) collected ($5.70)



PokerStars Hand #254318283076:  Hold'em No Limit ($0.50/$1.00 USD) - 2025/01/11 19:39:36 WET [2025/01/11 14:39:36 ET]
Table 'Ceres III' 6-max Seat #6 is the button
Seat 1: michasia ($100.50 in chips) 
Seat 2: tintin641 ($100 in chips) 
Seat 3: Zvst ($112.05 in chips) 
Seat 4: BGS013 ($106.42 in chips) 
Seat 5: AlexPinsk1 ($100 in chips) 
Seat 6: Alyssahigh ($151.27 in chips) 
michasia: posts small blind $0.50
tintin641: posts big blind $1
*** HOLE CARDS ***
Zvst: raises $1 to $2
BGS013: folds 
AlexPinsk1: folds 
Alyssahigh: calls $2
michasia: folds 
tintin641: folds 
*** FLOP *** [6c 8c Kh]
Zvst: bets $1.72
Alyssahigh: raises $8.66 to $10.38
Zvst: folds 
Uncalled bet ($8.66) returned to Alyssahigh
Alyssahigh collected $8.49 from pot
*** SUMMARY ***
Total pot $8.94 | Rake $0.45 
Board [6c 8c Kh]
Seat 1: michasia (small blind) folded before Flop
Seat 2: tintin641 (big blind) folded before Flop
Seat 3: Zvst folded on the Flop
Seat 4: BGS013 folded before Flop (didn't bet)
Seat 5: AlexPinsk1 folded before Flop (didn't bet)
Seat 6: Alyssahigh (button) collected ($8.49)



PokerStars Hand #254318290985:  Hold'em No Limit ($0.50/$1.00 USD) - 2025/01/11 19:40:00 WET [2025/01/11 14:40:00 ET]
Table 'Ceres III' 6-max Seat #1 is the button
Seat 1: michasia ($100 in chips) 
Seat 2: tintin641 ($100 in chips) 
Seat 3: Zvst ($108.33 in chips) 
Seat 4: BGS013 ($106.42 in chips) 
Seat 5: AlexPinsk1 ($100 in chips) 
Seat 6: Alyssahigh ($156.04 in chips) 
tintin641: posts small blind $0.50
Zvst: posts big blind $1
*** HOLE CARDS ***
BGS013: raises $1 to $2
AlexPinsk1: folds 
Alyssahigh: calls $2
michasia: raises $8 to $10
tintin641: folds 
Zvst: folds 
BGS013: raises $13.50 to $23.50
Alyssahigh: folds 
michasia: raises $76.50 to $100 and is all-in
BGS013: calls $76.50
*** FLOP *** [5s 6s 7c]
*** TURN *** [5s 6s 7c] [Jc]
*** RIVER *** [5s 6s 7c Jc] [Jd]
*** SHOW DOWN ***
BGS013: shows [Kc Ks] (two pair, Kings and Jacks)
michasia: shows [Ah Kd] (a pair of Jacks)
BGS013 collected $201 from pot
*** SUMMARY ***
Total pot $203.50 | Rake $2.50 
Board [5s 6s 7c Jc Jd]
Seat 1: michasia (button) showed [Ah Kd] and lost with a pair of Jacks
Seat 2: tintin641 (small blind) folded before Flop
Seat 3: Zvst (big blind) folded before Flop
Seat 4: BGS013 showed [Kc Ks] and won ($201) with two pair, Kings and Jacks
Seat 5: AlexPinsk1 folded before Flop (didn't bet)
Seat 6: Alyssahigh folded before Flop



PokerStars Hand #254318303785:  Hold'em No Limit ($0.50/$1.00 USD) - 2025/01/11 19:40:40 WET [2025/01/11 14:40:40 ET]
Table 'Ceres III' 6-max Seat #2 is the button
Seat 1: michasia ($100 in chips) 
Seat 2: tintin641 ($100 in chips) 
Seat 3: Zvst ($107.33 in chips) 
Seat 4: BGS013 ($207.42 in chips) 
Seat 5: AlexPinsk1 ($100 in chips) 
Seat 6: Alyssahigh ($154.04 in chips) 
Zvst: posts small blind $0.50
BGS013: posts big blind $1
*** HOLE CARDS ***
AlexPinsk1: folds 
Alyssahigh is disconnected 
Alyssahigh has timed out while disconnected
Alyssahigh: folds 
michasia: folds 
tintin641: folds 
Zvst: raises $2 to $3
BGS013: folds 
Uncalled bet ($2) returned to Zvst
Zvst collected $2 from pot
Zvst: doesn't show hand 
*** SUMMARY ***
Total pot $2 | Rake $0 
Seat 1: michasia folded before Flop (didn't bet)
Seat 2: tintin641 (button) folded before Flop (didn't bet)
Seat 3: Zvst (small blind) collected ($2)
Seat 4: BGS013 (big blind) folded before Flop
Seat 5: AlexPinsk1 folded before Flop (didn't bet)
Seat 6: Alyssahigh folded before Flop (didn't bet)



PokerStars Hand #254318312277:  Hold'em No Limit ($0.50/$1.00 USD) - 2025/01/11 19:41:06 WET [2025/01/11 14:41:06 ET]
Table 'Ceres III' 6-max Seat #3 is the button
Seat 6: Alyssahigh ($154.04 in chips) is sitting out
Seat 1: michasia ($100 in chips) 
Seat 2: tintin641 ($100 in chips) 
Seat 3: Zvst ($108.33 in chips) 
Seat 4: BGS013 ($206.42 in chips) 
Seat 5: AlexPinsk1 ($100 in chips) 
BGS013: posts small blind $0.50
AlexPinsk1: posts big blind $1
*** HOLE CARDS ***
michasia: folds 
tintin641: folds 
Zvst: folds 
BGS013: folds 
Uncalled bet ($0.50) returned to AlexPinsk1
AlexPinsk1 collected $1 from pot
AlexPinsk1: doesn't show hand 
*** SUMMARY ***
Total pot $1 | Rake $0 
Seat 6: Alyssahigh
Seat 1: michasia folded before Flop (didn't bet)
Seat 2: tintin641 folded before Flop (didn't bet)
Seat 3: Zvst (button) folded before Flop (didn't bet)
Seat 4: BGS013 (small blind) folded before Flop
Seat 5: AlexPinsk1 (big blind) collected ($1)



PokerStars Hand #254318317010:  Hold'em No Limit ($0.50/$1.00 USD) - 2025/01/11 19:41:20 WET [2025/01/11 14:41:20 ET]
Table 'Ceres III' 6-max Seat #4 is the button
Seat 6: Alyssahigh ($154.04 in chips) is sitting out
Seat 1: michasia ($100 in chips) 
Seat 2: tintin641 ($100 in chips) 
Seat 3: Zvst ($108.33 in chips) 
Seat 4: BGS013 ($205.92 in chips) 
Seat 5: AlexPinsk1 ($100.50 in chips) 
AlexPinsk1: posts small blind $0.50
michasia: posts big blind $1
*** HOLE CARDS ***
tintin641: folds 
Zvst: folds 
BGS013: raises $1.50 to $2.50
AlexPinsk1: raises $7.50 to $10
michasia: folds 
BGS013: folds 
Uncalled bet ($7.50) returned to AlexPinsk1
AlexPinsk1 collected $6 from pot
AlexPinsk1: doesn't show hand 
*** SUMMARY ***
Total pot $6 | Rake $0 
Seat 6: Alyssahigh
Seat 1: michasia (big blind) folded before Flop
Seat 2: tintin641 folded before Flop (didn't bet)
Seat 3: Zvst folded before Flop (didn't bet)
Seat 4: BGS013 (button) folded before Flop
Seat 5: AlexPinsk1 (small blind) collected ($6)



PokerStars Hand #254318322813:  Hold'em No Limit ($0.50/$1.00 USD) - 2025/01/11 19:41:38 WET [2025/01/11 14:41:38 ET]
Table 'Ceres III' 6-max Seat #5 is the button
Seat 6: Alyssahigh ($154.04 in chips) is sitting out
Seat 1: michasia ($100 in chips) 
Seat 2: tintin641 ($100 in chips) 
Seat 3: Zvst ($108.33 in chips) 
Seat 4: BGS013 ($203.42 in chips) 
Seat 5: AlexPinsk1 ($104 in chips) 
michasia: posts small blind $0.50
tintin641: posts big blind $1
*** HOLE CARDS ***
Zvst: folds 
BGS013: raises $1.50 to $2.50
AlexPinsk1: folds 
michasia: folds 
tintin641: folds 
Uncalled bet ($1.50) returned to BGS013
BGS013 collected $2.50 from pot
BGS013: doesn't show hand 
*** SUMMARY ***
Total pot $2.50 | Rake $0 
Seat 6: Alyssahigh
Seat 1: michasia (small blind) folded before Flop
Seat 2: tintin641 (big blind) folded before Flop
Seat 3: Zvst folded before Flop (didn't bet)
Seat 4: BGS013 collected ($2.50)
Seat 5: AlexPinsk1 (button) folded before Flop (didn't bet)



PokerStars Hand #254318328418:  Hold'em No Limit ($0.50/$1.00 USD) - 2025/01/11 19:41:55 WET [2025/01/11 14:41:55 ET]
Table 'Ceres III' 6-max Seat #1 is the button
Seat 6: Alyssahigh ($154.04 in chips) is sitting out
Seat 1: michasia ($100 in chips) 
Seat 2: tintin641 ($100 in chips) 
Seat 3: Zvst ($108.33 in chips) 
Seat 4: BGS013 ($204.92 in chips) 
Seat 5: AlexPinsk1 ($104 in chips) 
tintin641: posts small blind $0.50
Zvst: posts big blind $1
*** HOLE CARDS ***
BGS013: folds 
AlexPinsk1: raises $1.50 to $2.50
michasia: raises $5 to $7.50
tintin641: folds 
Zvst: folds 
AlexPinsk1: folds 
Uncalled bet ($5) returned to michasia
michasia collected $6.50 from pot
michasia: doesn't show hand 
*** SUMMARY ***
Total pot $6.50 | Rake $0 
Seat 6: Alyssahigh
Seat 1: michasia (button) collected ($6.50)
Seat 2: tintin641 (small blind) folded before Flop
Seat 3: Zvst (big blind) folded before Flop
Seat 4: BGS013 folded before Flop (didn't bet)
Seat 5: AlexPinsk1 folded before Flop



PokerStars Hand #254318334810:  Hold'em No Limit ($0.50/$1.00 USD) - 2025/01/11 19:42:14 WET [2025/01/11 14:42:14 ET]
Table 'Ceres III' 6-max Seat #2 is the button
Seat 6: Alyssahigh ($154.04 in chips) is sitting out
Seat 1: michasia ($104 in chips) 
Seat 2: tintin641 ($100 in chips) 
Seat 3: Zvst ($107.33 in chips) 
Seat 4: BGS013 ($204.92 in chips) 
Seat 5: AlexPinsk1 ($101.50 in chips) 
Zvst: posts small blind $0.50
BGS013: posts big blind $1
*** HOLE CARDS ***
AlexPinsk1: folds 
michasia: folds 
tintin641: folds 
Zvst: folds 
Uncalled bet ($0.50) returned to BGS013
BGS013 collected $1 from pot
BGS013: doesn't show hand 
*** SUMMARY ***
Total pot $1 | Rake $0 
Seat 6: Alyssahigh
Seat 1: michasia folded before Flop (didn't bet)
Seat 2: tintin641 (button) folded before Flop (didn't bet)
Seat 3: Zvst (small blind) folded before Flop
Seat 4: BGS013 (big blind) collected ($1)
Seat 5: AlexPinsk1 folded before Flop (didn't bet)



PokerStars Hand #254318338005:  Hold'em No Limit ($0.50/$1.00 USD) - 2025/01/11 19:42:24 WET [2025/01/11 14:42:24 ET]
Table 'Ceres III' 6-max Seat #3 is the button
Seat 6: Alyssahigh ($154.04 in chips) is sitting out
Seat 1: michasia ($104 in chips) 
Seat 2: tintin641 ($100 in chips) 
Seat 3: Zvst ($106.83 in chips) 
Seat 4: BGS013 ($205.42 in chips) 
Seat 5: AlexPinsk1 ($101.50 in chips) 
BGS013: posts small blind $0.50
AlexPinsk1: posts big blind $1
*** HOLE CARDS ***
michasia: folds 
tintin641: folds 
Zvst: folds 
BGS013: folds 
Uncalled bet ($0.50) returned to AlexPinsk1
AlexPinsk1 collected $1 from pot
AlexPinsk1: doesn't show hand 
*** SUMMARY ***
Total pot $1 | Rake $0 
Seat 6: Alyssahigh
Seat 1: michasia folded before Flop (didn't bet)
Seat 2: tintin641 folded before Flop (didn't bet)
Seat 3: Zvst (button) folded before Flop (didn't bet)
Seat 4: BGS013 (small blind) folded before Flop
Seat 5: AlexPinsk1 (big blind) collected ($1)



PokerStars Hand #254318341603:  Hold'em No Limit ($0.50/$1.00 USD) - 2025/01/11 19:42:35 WET [2025/01/11 14:42:35 ET]
Table 'Ceres III' 6-max Seat #4 is the button
Seat 1: michasia ($104 in chips) 
Seat 2: tintin641 ($100 in chips) 
Seat 3: Zvst ($106.83 in chips) 
Seat 4: BGS013 ($204.92 in chips) 
Seat 5: AlexPinsk1 ($102 in chips) 
Seat 6: Alyssahigh ($154.04 in chips) 
AlexPinsk1: posts small blind $0.50
Alyssahigh: posts big blind $1
*** HOLE CARDS ***
michasia: raises $1.60 to $2.60
tintin641: folds 
Zvst: folds 
BGS013: folds 
AlexPinsk1: folds 
Alyssahigh: calls $1.60
*** FLOP *** [3s 8h 2s]
Alyssahigh: checks 
michasia: bets $1.79
Alyssahigh: raises $9 to $10.79
michasia: folds 
Uncalled bet ($9) returned to Alyssahigh
Alyssahigh collected $8.82 from pot
*** SUMMARY ***
Total pot $9.28 | Rake $0.46 
Board [3s 8h 2s]
Seat 1: michasia folded on the Flop
Seat 2: tintin641 folded before Flop (didn't bet)
Seat 3: Zvst folded before Flop (didn't bet)
Seat 4: BGS013 (button) folded before Flop (didn't bet)
Seat 5: AlexPinsk1 (small blind) folded before Flop
Seat 6: Alyssahigh (big blind) collected ($8.82)



PokerStars Hand #254318355200:  Hold'em No Limit ($0.50/$1.00 USD) - 2025/01/11 19:43:16 WET [2025/01/11 14:43:16 ET]
Table 'Ceres III' 6-max Seat #5 is the button
Seat 1: michasia ($100 in chips) is sitting out
Seat 2: tintin641 ($100 in chips) 
Seat 3: Zvst ($106.83 in chips) 
Seat 4: BGS013 ($204.92 in chips) 
Seat 5: AlexPinsk1 ($101.50 in chips) 
Seat 6: Alyssahigh ($158.47 in chips) 
Alyssahigh: posts small blind $0.50
tintin641: posts big blind $1
*** HOLE CARDS ***
Zvst: folds 
BGS013: folds 
AlexPinsk1: folds 
Alyssahigh: raises $2 to $3
tintin641: folds 
Uncalled bet ($2) returned to Alyssahigh
Alyssahigh collected $2 from pot
*** SUMMARY ***
Total pot $2 | Rake $0 
Seat 1: michasia
Seat 2: tintin641 (big blind) folded before Flop
Seat 3: Zvst folded before Flop (didn't bet)
Seat 4: BGS013 folded before Flop (didn't bet)
Seat 5: AlexPinsk1 (button) folded before Flop (didn't bet)
Seat 6: Alyssahigh (small blind) collected ($2)



PokerStars Hand #254318360886:  Hold'em No Limit ($0.50/$1.00 USD) - 2025/01/11 19:43:33 WET [2025/01/11 14:43:33 ET]
Table 'Ceres III' 6-max Seat #6 is the button
Seat 1: michasia ($100 in chips) is sitting out
Seat 2: tintin641 ($100 in chips) 
Seat 3: Zvst ($106.83 in chips) 
Seat 4: BGS013 ($204.92 in chips) 
Seat 5: AlexPinsk1 ($101.50 in chips) 
Seat 6: Alyssahigh ($159.47 in chips) 
tintin641: posts small blind $0.50
Zvst: posts big blind $1
*** HOLE CARDS ***
BGS013: folds 
AlexPinsk1: folds 
Alyssahigh: raises $2.50 to $3.50
tintin641: folds 
Zvst: folds 
Uncalled bet ($2.50) returned to Alyssahigh
Alyssahigh collected $2.50 from pot
*** SUMMARY ***
Total pot $2.50 | Rake $0 
Seat 1: michasia
Seat 2: tintin641 (small blind) folded before Flop
Seat 3: Zvst (big blind) folded before Flop
Seat 4: BGS013 folded before Flop (didn't bet)
Seat 5: AlexPinsk1 folded before Flop (didn't bet)
Seat 6: Alyssahigh (button) collected ($2.50)



PokerStars Hand #254318368512:  Hold'em No Limit ($0.50/$1.00 USD) - 2025/01/11 19:43:56 WET [2025/01/11 14:43:56 ET]
Table 'Ceres III' 6-max Seat #2 is the button
Seat 1: michasia ($100 in chips) is sitting out
Seat 2: tintin641 ($100 in chips) 
Seat 3: Zvst ($105.83 in chips) 
Seat 4: BGS013 ($204.92 in chips) 
Seat 5: AlexPinsk1 ($101.50 in chips) 
Seat 6: Alyssahigh ($160.97 in chips) 
Zvst: posts small blind $0.50
BGS013: posts big blind $1
*** HOLE CARDS ***
AlexPinsk1: raises $1.50 to $2.50
Alyssahigh: folds 
tintin641: folds 
Zvst: folds 
BGS013: folds 
Uncalled bet ($1.50) returned to AlexPinsk1
AlexPinsk1 collected $2.50 from pot
AlexPinsk1: doesn't show hand 
*** SUMMARY ***
Total pot $2.50 | Rake $0 
Seat 1: michasia
Seat 2: tintin641 (button) folded before Flop (didn't bet)
Seat 3: Zvst (small blind) folded before Flop
Seat 4: BGS013 (big blind) folded before Flop
Seat 5: AlexPinsk1 collected ($2.50)
Seat 6: Alyssahigh folded before Flop (didn't bet)



PokerStars Hand #254318375391:  Hold'em No Limit ($0.50/$1.00 USD) - 2025/01/11 19:44:17 WET [2025/01/11 14:44:17 ET]
Table 'Ceres III' 6-max Seat #3 is the button
Seat 1: michasia ($100 in chips) is sitting out
Seat 2: tintin641 ($100 in chips) 
Seat 3: Zvst ($105.33 in chips) 
Seat 4: BGS013 ($203.92 in chips) 
Seat 5: AlexPinsk1 ($103 in chips) 
Seat 6: Alyssahigh ($160.97 in chips) 
BGS013: posts small blind $0.50
AlexPinsk1: posts big blind $1
*** HOLE CARDS ***
Alyssahigh: calls $1
tintin641: folds 
Zvst: raises $4 to $5
BGS013: folds 
AlexPinsk1: folds 
Alyssahigh: calls $4
*** FLOP *** [9c 3s 8s]
Alyssahigh: checks 
Zvst: checks 
*** TURN *** [9c 3s 8s] [3d]
Alyssahigh: bets $10.92
Zvst: calls $10.92
*** RIVER *** [9c 3s 8s 3d] [6d]
Alyssahigh: bets $15.84
Zvst: calls $15.84
*** SHOW DOWN ***
Alyssahigh: shows [7s Qh] (a pair of Threes)
Zvst: shows [Ad 8h] (two pair, Eights and Threes)
Zvst collected $62.52 from pot
*** SUMMARY ***
Total pot $65.02 | Rake $2.50 
Board [9c 3s 8s 3d 6d]
Seat 1: michasia
Seat 2: tintin641 folded before Flop (didn't bet)
Seat 3: Zvst (button) showed [Ad 8h] and won ($62.52) with two pair, Eights and Threes
Seat 4: BGS013 (small blind) folded before Flop
Seat 5: AlexPinsk1 (big blind) folded before Flop
Seat 6: Alyssahigh showed [7s Qh] and lost with a pair of Threes



PokerStars Hand #254318396000:  Hold'em No Limit ($0.50/$1.00 USD) - 2025/01/11 19:45:20 WET [2025/01/11 14:45:20 ET]
Table 'Ceres III' 6-max Seat #4 is the button
Seat 1: michasia ($100 in chips) is sitting out
Seat 2: tintin641 ($100 in chips) 
Seat 3: Zvst ($136.09 in chips) 
Seat 4: BGS013 ($203.42 in chips) 
Seat 5: AlexPinsk1 ($102 in chips) 
Seat 6: Alyssahigh ($129.21 in chips) 
AlexPinsk1: posts small blind $0.50
Alyssahigh: posts big blind $1
*** HOLE CARDS ***
tintin641: folds 
Zvst: folds 
BGS013: folds 
AlexPinsk1: raises $2 to $3
Alyssahigh: calls $2
*** FLOP *** [4c 5d Jh]
AlexPinsk1: checks 
Alyssahigh: bets $5.70
AlexPinsk1: folds 
Uncalled bet ($5.70) returned to Alyssahigh
Alyssahigh collected $5.70 from pot
*** SUMMARY ***
Total pot $6 | Rake $0.30 
Board [4c 5d Jh]
Seat 1: michasia
Seat 2: tintin641 folded before Flop (didn't bet)
Seat 3: Zvst folded before Flop (didn't bet)
Seat 4: BGS013 (button) folded before Flop (didn't bet)
Seat 5: AlexPinsk1 (small blind) folded on the Flop
Seat 6: Alyssahigh (big blind) collected ($5.70)



PokerStars Hand #254318407794:  Hold'em No Limit ($0.50/$1.00 USD) - 2025/01/11 19:45:55 WET [2025/01/11 14:45:55 ET]
Table 'Ceres III' 6-max Seat #5 is the button
Seat 1: michasia ($100 in chips) 
Seat 2: tintin641 ($100 in chips) 
Seat 3: Zvst ($136.09 in chips) 
Seat 4: BGS013 ($203.42 in chips) 
Seat 5: AlexPinsk1 ($100 in chips) 
Seat 6: Alyssahigh ($131.91 in chips) 
Alyssahigh: posts small blind $0.50
michasia: posts big blind $1
*** HOLE CARDS ***
tintin641: folds 
Zvst: folds 
BGS013: folds 
AlexPinsk1: folds 
Alyssahigh: raises $2 to $3
michasia: folds 
Uncalled bet ($2) returned to Alyssahigh
Alyssahigh collected $2 from pot
*** SUMMARY ***
Total pot $2 | Rake $0 
Seat 1: michasia (big blind) folded before Flop
Seat 2: tintin641 folded before Flop (didn't bet)
Seat 3: Zvst folded before Flop (didn't bet)
Seat 4: BGS013 folded before Flop (didn't bet)
Seat 5: AlexPinsk1 (button) folded before Flop (didn't bet)
Seat 6: Alyssahigh (small blind) collected ($2)



PokerStars Hand #254318412971:  Hold'em No Limit ($0.50/$1.00 USD) - 2025/01/11 19:46:11 WET [2025/01/11 14:46:11 ET]
Table 'Ceres III' 6-max Seat #6 is the button
Seat 1: michasia ($100 in chips) 
Seat 2: tintin641 ($100 in chips) 
Seat 3: Zvst ($136.09 in chips) 
Seat 4: BGS013 ($203.42 in chips) 
Seat 5: AlexPinsk1 ($100 in chips) 
Seat 6: Alyssahigh ($132.91 in chips) 
michasia: posts small blind $0.50
tintin641: posts big blind $1
*** HOLE CARDS ***
Zvst: folds 
BGS013: folds 
AlexPinsk1: folds 
Alyssahigh: raises $2.50 to $3.50
michasia: folds 
tintin641: folds 
Uncalled bet ($2.50) returned to Alyssahigh
Alyssahigh collected $2.50 from pot
*** SUMMARY ***
Total pot $2.50 | Rake $0 
Seat 1: michasia (small blind) folded before Flop
Seat 2: tintin641 (big blind) folded before Flop
Seat 3: Zvst folded before Flop (didn't bet)
Seat 4: BGS013 folded before Flop (didn't bet)
Seat 5: AlexPinsk1 folded before Flop (didn't bet)
Seat 6: Alyssahigh (button) collected ($2.50)



PokerStars Hand #254318419635:  Hold'em No Limit ($0.50/$1.00 USD) - 2025/01/11 19:46:32 WET [2025/01/11 14:46:32 ET]
Table 'Ceres III' 6-max Seat #1 is the button
Seat 1: michasia ($100 in chips) 
Seat 2: tintin641 ($100 in chips) 
Seat 3: Zvst ($136.09 in chips) 
Seat 4: BGS013 ($203.42 in chips) 
Seat 5: AlexPinsk1 ($100 in chips) 
Seat 6: Alyssahigh ($134.41 in chips) 
tintin641: posts small blind $0.50
Zvst: posts big blind $1
*** HOLE CARDS ***
BGS013: folds 
AlexPinsk1: raises $1.50 to $2.50
Alyssahigh: calls $2.50
michasia: folds 
tintin641: folds 
Zvst: folds 
*** FLOP *** [7c Ks 9s]
AlexPinsk1: checks 
Alyssahigh: bets $2
AlexPinsk1: raises $5 to $7
Alyssahigh: calls $5
*** TURN *** [7c Ks 9s] [9c]
AlexPinsk1: checks 
Alyssahigh: bets $19.48
AlexPinsk1: calls $19.48
*** RIVER *** [7c Ks 9s 9c] [8h]
AlexPinsk1: checks 
Alyssahigh: bets $28.48
AlexPinsk1: folds 
Uncalled bet ($28.48) returned to Alyssahigh
Alyssahigh collected $56.96 from pot
*** SUMMARY ***
Total pot $59.46 | Rake $2.50 
Board [7c Ks 9s 9c 8h]
Seat 1: michasia (button) folded before Flop (didn't bet)
Seat 2: tintin641 (small blind) folded before Flop
Seat 3: Zvst (big blind) folded before Flop
Seat 4: BGS013 folded before Flop (didn't bet)
Seat 5: AlexPinsk1 folded on the River
Seat 6: Alyssahigh collected ($56.96)



PokerStars Hand #254318457912:  Hold'em No Limit ($0.50/$1.00 USD) - 2025/01/11 19:48:28 WET [2025/01/11 14:48:28 ET]
Table 'Ceres III' 6-max Seat #2 is the button
Seat 1: michasia ($100 in chips) 
Seat 2: tintin641 ($100 in chips) 
Seat 3: Zvst ($135.09 in chips) 
Seat 4: BGS013 ($203.42 in chips) 
Seat 5: AlexPinsk1 ($100 in chips) 
Seat 6: Alyssahigh ($162.39 in chips) 
Zvst: posts small blind $0.50
BGS013: posts big blind $1
*** HOLE CARDS ***
AlexPinsk1: folds 
Alyssahigh: calls $1
michasia: folds 
tintin641: raises $3 to $4
Zvst: folds 
BGS013: folds 
Alyssahigh: calls $3
*** FLOP *** [Kc 9d 7c]
Alyssahigh: checks 
tintin641: checks 
*** TURN *** [Kc 9d 7c] [2s]
Alyssahigh: bets $9.02
tintin641: folds 
Uncalled bet ($9.02) returned to Alyssahigh
Alyssahigh collected $9.02 from pot
*** SUMMARY ***
Total pot $9.50 | Rake $0.48 
Board [Kc 9d 7c 2s]
Seat 1: michasia folded before Flop (didn't bet)
Seat 2: tintin641 (button) folded on the Turn
Seat 3: Zvst (small blind) folded before Flop
Seat 4: BGS013 (big blind) folded before Flop
Seat 5: AlexPinsk1 folded before Flop (didn't bet)
Seat 6: Alyssahigh collected ($9.02)



PokerStars Hand #254318478825:  Hold'em No Limit ($0.50/$1.00 USD) - 2025/01/11 19:49:32 WET [2025/01/11 14:49:32 ET]
Table 'Ceres III' 6-max Seat #3 is the button
Seat 1: michasia ($100 in chips) 
Seat 2: tintin641 ($100 in chips) 
Seat 3: Zvst ($134.59 in chips) 
Seat 4: BGS013 ($202.42 in chips) 
Seat 5: AlexPinsk1 ($100 in chips) 
Seat 6: Alyssahigh ($167.41 in chips) 
BGS013: posts small blind $0.50
AlexPinsk1: posts big blind $1
*** HOLE CARDS ***
Alyssahigh: calls $1
michasia: folds 
tintin641: folds 
Zvst: folds 
BGS013: folds 
AlexPinsk1: checks 
*** FLOP *** [Td 9d 6s]
AlexPinsk1: checks 
Alyssahigh: bets $2.38
AlexPinsk1: folds 
Uncalled bet ($2.38) returned to Alyssahigh
Alyssahigh collected $2.38 from pot
*** SUMMARY ***
Total pot $2.50 | Rake $0.12 
Board [Td 9d 6s]
Seat 1: michasia folded before Flop (didn't bet)
Seat 2: tintin641 folded before Flop (didn't bet)
Seat 3: Zvst (button) folded before Flop (didn't bet)
Seat 4: BGS013 (small blind) folded before Flop
Seat 5: AlexPinsk1 (big blind) folded on the Flop
Seat 6: Alyssahigh collected ($2.38)



PokerStars Hand #254318489739:  Hold'em No Limit ($0.50/$1.00 USD) - 2025/01/11 19:50:05 WET [2025/01/11 14:50:05 ET]
Table 'Ceres III' 6-max Seat #4 is the button
Seat 1: michasia ($100 in chips) 
Seat 2: tintin641 ($100 in chips) 
Seat 3: Zvst ($134.59 in chips) 
Seat 4: BGS013 ($201.92 in chips) 
Seat 5: AlexPinsk1 ($100 in chips) 
Seat 6: Alyssahigh ($168.79 in chips) 
AlexPinsk1: posts small blind $0.50
Alyssahigh: posts big blind $1
*** HOLE CARDS ***
michasia: raises $1.60 to $2.60
tintin641: folds 
Zvst: folds 
BGS013: folds 
AlexPinsk1: folds 
Alyssahigh: calls $1.60
*** FLOP *** [6c 4c Ac]
Alyssahigh: checks 
michasia: bets $1.79
Alyssahigh: raises $9 to $10.79
michasia: folds 
Uncalled bet ($9) returned to Alyssahigh
Alyssahigh collected $8.82 from pot
*** SUMMARY ***
Total pot $9.28 | Rake $0.46 
Board [6c 4c Ac]
Seat 1: michasia folded on the Flop
Seat 2: tintin641 folded before Flop (didn't bet)
Seat 3: Zvst folded before Flop (didn't bet)
Seat 4: BGS013 (button) folded before Flop (didn't bet)
Seat 5: AlexPinsk1 (small blind) folded before Flop
Seat 6: Alyssahigh (big blind) collected ($8.82)



PokerStars Hand #254318505661:  Hold'em No Limit ($0.50/$1.00 USD) - 2025/01/11 19:50:54 WET [2025/01/11 14:50:54 ET]
Table 'Ceres III' 6-max Seat #5 is the button
Seat 1: michasia ($100 in chips) 
Seat 2: tintin641 ($100 in chips) 
Seat 3: Zvst ($134.59 in chips) 
Seat 4: BGS013 ($201.92 in chips) 
Seat 5: AlexPinsk1 ($100 in chips) 
Seat 6: Alyssahigh ($173.22 in chips) 
Alyssahigh: posts small blind $0.50
michasia: posts big blind $1
*** HOLE CARDS ***
tintin641: folds 
Zvst: folds 
BGS013: folds 
AlexPinsk1: raises $1.50 to $2.50
Alyssahigh: folds 
michasia: raises $9.50 to $12
AlexPinsk1: calls $9.50
*** FLOP *** [Qh Jh Qs]
michasia: bets $7.68
AlexPinsk1: calls $7.68
*** TURN *** [Qh Jh Qs] [8h]
michasia: bets $25.25
AlexPinsk1: calls $25.25
*** RIVER *** [Qh Jh Qs 8h] [2s]
michasia: bets $55.07 and is all-in
AlexPinsk1: folds 
Uncalled bet ($55.07) returned to michasia
michasia collected $87.86 from pot
michasia: doesn't show hand 
*** SUMMARY ***
Total pot $90.36 | Rake $2.50 
Board [Qh Jh Qs 8h 2s]
Seat 1: michasia (big blind) collected ($87.86)
Seat 2: tintin641 folded before Flop (didn't bet)
Seat 3: Zvst folded before Flop (didn't bet)
Seat 4: BGS013 folded before Flop (didn't bet)
Seat 5: AlexPinsk1 (button) folded on the River
Seat 6: Alyssahigh (small blind) folded before Flop



PokerStars Hand #254318539185:  Hold'em No Limit ($0.50/$1.00 USD) - 2025/01/11 19:52:37 WET [2025/01/11 14:52:37 ET]
Table 'Ceres III' 6-max Seat #6 is the button
Seat 1: michasia ($142.93 in chips) 
Seat 2: tintin641 ($100 in chips) 
Seat 3: Zvst ($134.59 in chips) 
Seat 4: BGS013 ($201.92 in chips) 
Seat 5: AlexPinsk1 ($100 in chips) 
Seat 6: Alyssahigh ($172.72 in chips) 
michasia: posts small blind $0.50
tintin641: posts big blind $1
*** HOLE CARDS ***
Zvst: raises $1.50 to $2.50
BGS013: folds 
AlexPinsk1: folds 
Alyssahigh: folds 
michasia: folds 
tintin641: folds 
Uncalled bet ($1.50) returned to Zvst
Zvst collected $2.50 from pot
Zvst: doesn't show hand 
*** SUMMARY ***
Total pot $2.50 | Rake $0 
Seat 1: michasia (small blind) folded before Flop
Seat 2: tintin641 (big blind) folded before Flop
Seat 3: Zvst collected ($2.50)
Seat 4: BGS013 folded before Flop (didn't bet)
Seat 5: AlexPinsk1 folded before Flop (didn't bet)
Seat 6: Alyssahigh (button) folded before Flop (didn't bet)



PokerStars Hand #254318545462:  Hold'em No Limit ($0.50/$1.00 USD) - 2025/01/11 19:52:56 WET [2025/01/11 14:52:56 ET]
Table 'Ceres III' 6-max Seat #1 is the button
Seat 1: michasia ($142.43 in chips) 
Seat 2: tintin641 ($100 in chips) 
Seat 3: Zvst ($136.09 in chips) 
Seat 4: BGS013 ($201.92 in chips) 
Seat 5: AlexPinsk1 ($100 in chips) 
Seat 6: Alyssahigh ($172.72 in chips) 
tintin641: posts small blind $0.50
Zvst: posts big blind $1
*** HOLE CARDS ***
BGS013: folds 
AlexPinsk1: folds 
Alyssahigh: folds 
michasia: folds 
tintin641: raises $2 to $3
Zvst: calls $2
*** FLOP *** [3h 6d Jh]
tintin641: checks 
Zvst: checks 
*** TURN *** [3h 6d Jh] [Js]
tintin641: checks 
Zvst: checks 
*** RIVER *** [3h 6d Jh Js] [5c]
tintin641: bets $8.55
Zvst: calls $8.55
*** SHOW DOWN ***
tintin641: shows [6c 6s] (a full house, Sixes full of Jacks)
Zvst: mucks hand 
tintin641 collected $21.94 from pot
*** SUMMARY ***
Total pot $23.10 | Rake $1.16 
Board [3h 6d Jh Js 5c]
Seat 1: michasia (button) folded before Flop (didn't bet)
Seat 2: tintin641 (small blind) showed [6c 6s] and won ($21.94) with a full house, Sixes full of Jacks
Seat 3: Zvst (big blind) mucked
Seat 4: BGS013 folded before Flop (didn't bet)
Seat 5: AlexPinsk1 folded before Flop (didn't bet)
Seat 6: Alyssahigh folded before Flop (didn't bet)



PokerStars Hand #254318584107:  Hold'em No Limit ($0.50/$1.00 USD) - 2025/01/11 19:54:55 WET [2025/01/11 14:54:55 ET]
Table 'Ceres III' 6-max Seat #2 is the button
Seat 1: michasia ($142.43 in chips) 
Seat 2: tintin641 ($110.39 in chips) 
Seat 3: Zvst ($124.54 in chips) 
Seat 4: BGS013 ($201.92 in chips) 
Seat 5: AlexPinsk1 ($100 in chips) 
Seat 6: Alyssahigh ($172.72 in chips) 
Zvst: posts small blind $0.50
BGS013: posts big blind $1
*** HOLE CARDS ***
AlexPinsk1: folds 
Alyssahigh: calls $1
michasia: folds 
tintin641: raises $3 to $4
Zvst: folds 
BGS013: folds 
Alyssahigh: calls $3
*** FLOP *** [8s 4h 6c]
Alyssahigh: checks 
tintin641: checks 
*** TURN *** [8s 4h 6c] [9c]
Alyssahigh: bets $9.02
tintin641: folds 
Uncalled bet ($9.02) returned to Alyssahigh
Alyssahigh collected $9.02 from pot
*** SUMMARY ***
Total pot $9.50 | Rake $0.48 
Board [8s 4h 6c 9c]
Seat 1: michasia folded before Flop (didn't bet)
Seat 2: tintin641 (button) folded on the Turn
Seat 3: Zvst (small blind) folded before Flop
Seat 4: BGS013 (big blind) folded before Flop
Seat 5: AlexPinsk1 folded before Flop (didn't bet)
Seat 6: Alyssahigh collected ($9.02)



PokerStars Hand #254318594607:  Hold'em No Limit ($0.50/$1.00 USD) - 2025/01/11 19:55:40 WET [2025/01/11 14:55:40 ET]
Table 'Ceres III' 6-max Seat #3 is the button
Seat 1: michasia ($142.43 in chips) 
Seat 2: tintin641 ($106.39 in chips) 
Seat 3: Zvst ($124.04 in chips) 
Seat 4: BGS013 ($200.92 in chips) 
Seat 5: AlexPinsk1 ($100 in chips) 
Seat 6: Alyssahigh ($177.74 in chips) 
BGS013: posts small blind $0.50
AlexPinsk1: posts big blind $1
*** HOLE CARDS ***
Alyssahigh: calls $1
michasia: folds 
tintin641: folds 
Zvst: folds 
BGS013: folds 
AlexPinsk1: checks 
*** FLOP *** [Th 6d Jd]
AlexPinsk1: checks 
Alyssahigh: bets $2.38
AlexPinsk1: calls $2.38
*** TURN *** [Th 6d Jd] [5d]
AlexPinsk1: checks 
Alyssahigh: checks 
*** RIVER *** [Th 6d Jd 5d] [7s]
AlexPinsk1: checks 
Alyssahigh: bets $6.90
AlexPinsk1: calls $6.90
*** SHOW DOWN ***
Alyssahigh: shows [Qs 9s] (high card Queen)
AlexPinsk1: shows [Tc 5c] (two pair, Tens and Fives)
AlexPinsk1 collected $20.01 from pot
*** SUMMARY ***
Total pot $21.06 | Rake $1.05 
Board [Th 6d Jd 5d 7s]
Seat 1: michasia folded before Flop (didn't bet)
Seat 2: tintin641 folded before Flop (didn't bet)
Seat 3: Zvst (button) folded before Flop (didn't bet)
Seat 4: BGS013 (small blind) folded before Flop
Seat 5: AlexPinsk1 (big blind) showed [Tc 5c] and won ($20.01) with two pair, Tens and Fives
Seat 6: Alyssahigh showed [Qs 9s] and lost with high card Queen



PokerStars Hand #254318602124:  Hold'em No Limit ($0.50/$1.00 USD) - 2025/01/11 19:56:16 WET [2025/01/11 14:56:16 ET]
Table 'Ceres III' 6-max Seat #4 is the button
Seat 1: michasia ($142.43 in chips) 
Seat 2: tintin641 ($106.39 in chips) 
Seat 3: Zvst ($124.04 in chips) 
Seat 4: BGS013 ($200.42 in chips) 
Seat 5: AlexPinsk1 ($109.73 in chips) 
Seat 6: Alyssahigh ($167.46 in chips) 
AlexPinsk1: posts small blind $0.50
Alyssahigh: posts big blind $1
*** HOLE CARDS ***
michasia: raises $1.60 to $2.60
tintin641: folds 
Zvst: folds 
BGS013: folds 
AlexPinsk1: folds 
Alyssahigh: folds 
Uncalled bet ($1.60) returned to michasia
michasia collected $2.50 from pot
michasia: doesn't show hand 
*** SUMMARY ***
Total pot $2.50 | Rake $0 
Seat 1: michasia collected ($2.50)
Seat 2: tintin641 folded before Flop (didn't bet)
Seat 3: Zvst folded before Flop (didn't bet)
Seat 4: BGS013 (button) folded before Flop (didn't bet)
Seat 5: AlexPinsk1 (small blind) folded before Flop
Seat 6: Alyssahigh (big blind) folded before Flop



PokerStars Hand #254318604416:  Hold'em No Limit ($0.50/$1.00 USD) - 2025/01/11 19:56:27 WET [2025/01/11 14:56:27 ET]
Table 'Ceres III' 6-max Seat #5 is the button
Seat 1: michasia ($143.93 in chips) 
Seat 2: tintin641 ($106.39 in chips) 
Seat 3: Zvst ($124.04 in chips) 
Seat 4: BGS013 ($200.42 in chips) 
Seat 5: AlexPinsk1 ($109.23 in chips) 
Seat 6: Alyssahigh ($166.46 in chips) 
Alyssahigh: posts small blind $0.50
michasia: posts big blind $1
*** HOLE CARDS ***
tintin641: folds 
Zvst: folds 
BGS013: folds 
AlexPinsk1: folds 
Alyssahigh: folds 
Uncalled bet ($0.50) returned to michasia
michasia collected $1 from pot
michasia: doesn't show hand 
*** SUMMARY ***
Total pot $1 | Rake $0 
Seat 1: michasia (big blind) collected ($1)
Seat 2: tintin641 folded before Flop (didn't bet)
Seat 3: Zvst folded before Flop (didn't bet)
Seat 4: BGS013 folded before Flop (didn't bet)
Seat 5: AlexPinsk1 (button) folded before Flop (didn't bet)
Seat 6: Alyssahigh (small blind) folded before Flop



PokerStars Hand #254318608560:  Hold'em No Limit ($0.50/$1.00 USD) - 2025/01/11 19:56:47 WET [2025/01/11 14:56:47 ET]
Table 'Ceres III' 6-max Seat #6 is the button
Seat 1: michasia ($144.43 in chips) 
Seat 2: tintin641 ($106.39 in chips) 
Seat 3: Zvst ($124.04 in chips) 
Seat 4: BGS013 ($200.42 in chips) 
Seat 5: AlexPinsk1 ($109.23 in chips) 
Seat 6: Alyssahigh ($165.96 in chips) 
michasia: posts small blind $0.50
tintin641: posts big blind $1
*** HOLE CARDS ***
Zvst: folds 
BGS013: folds 
AlexPinsk1: raises $1.50 to $2.50
Alyssahigh: calls $2.50
michasia: folds 
tintin641: folds 
*** FLOP *** [Jc 2s 3h]
AlexPinsk1: checks 
Alyssahigh: bets $6.18
AlexPinsk1: calls $6.18
*** TURN *** [Jc 2s 3h] [Ad]
AlexPinsk1: checks 
Alyssahigh: bets $17.92
AlexPinsk1: folds 
Uncalled bet ($17.92) returned to Alyssahigh
Alyssahigh collected $17.92 from pot
*** SUMMARY ***
Total pot $18.86 | Rake $0.94 
Board [Jc 2s 3h Ad]
Seat 1: michasia (small blind) folded before Flop
Seat 2: tintin641 (big blind) folded before Flop
Seat 3: Zvst folded before Flop (didn't bet)
Seat 4: BGS013 folded before Flop (didn't bet)
Seat 5: AlexPinsk1 folded on the Turn
Seat 6: Alyssahigh (button) collected ($17.92)



PokerStars Hand #254318621275:  Hold'em No Limit ($0.50/$1.00 USD) - 2025/01/11 19:57:46 WET [2025/01/11 14:57:46 ET]
Table 'Ceres III' 6-max Seat #1 is the button
Seat 1: michasia ($143.93 in chips) 
Seat 2: tintin641 ($105.39 in chips) 
Seat 3: Zvst ($124.04 in chips) 
Seat 4: BGS013 ($200.42 in chips) 
Seat 5: AlexPinsk1 ($100.55 in chips) 
Seat 6: Alyssahigh ($175.20 in chips) 
tintin641: posts small blind $0.50
Zvst: posts big blind $1
*** HOLE CARDS ***
BGS013: folds 
AlexPinsk1: raises $1.50 to $2.50
Alyssahigh: folds 
michasia: folds 
tintin641: folds 
Zvst: calls $1.50
*** FLOP *** [3d Kd 7d]
Zvst: checks 
AlexPinsk1: checks 
*** TURN *** [3d Kd 7d] [Ad]
Zvst: checks 
AlexPinsk1: checks 
*** RIVER *** [3d Kd 7d Ad] [2h]
Zvst: checks 
AlexPinsk1: bets $8
Zvst: folds 
Uncalled bet ($8) returned to AlexPinsk1
AlexPinsk1 collected $5.22 from pot
AlexPinsk1: doesn't show hand 
*** SUMMARY ***
Total pot $5.50 | Rake $0.28 
Board [3d Kd 7d Ad 2h]
Seat 1: michasia (button) folded before Flop (didn't bet)
Seat 2: tintin641 (small blind) folded before Flop
Seat 3: Zvst (big blind) folded on the River
Seat 4: BGS013 folded before Flop (didn't bet)
Seat 5: AlexPinsk1 collected ($5.22)
Seat 6: Alyssahigh folded before Flop (didn't bet)



PokerStars Hand #254318637569:  Hold'em No Limit ($0.50/$1.00 USD) - 2025/01/11 19:59:02 WET [2025/01/11 14:59:02 ET]
Table 'Ceres III' 6-max Seat #2 is the button
Seat 1: michasia ($143.93 in chips) 
Seat 2: tintin641 ($104.89 in chips) 
Seat 3: Zvst ($121.54 in chips) 
Seat 4: BGS013 ($200.42 in chips) 
Seat 5: AlexPinsk1 ($103.27 in chips) 
Seat 6: Alyssahigh ($175.20 in chips) 
Zvst: posts small blind $0.50
BGS013: posts big blind $1
*** HOLE CARDS ***
AlexPinsk1: folds 
Alyssahigh: calls $1
michasia: folds 
tintin641: folds 
Zvst: folds 
BGS013: checks 
*** FLOP *** [7s Ad 4c]
BGS013: checks 
Alyssahigh: bets $2.38
BGS013: folds 
Uncalled bet ($2.38) returned to Alyssahigh
Alyssahigh collected $2.38 from pot
*** SUMMARY ***
Total pot $2.50 | Rake $0.12 
Board [7s Ad 4c]
Seat 1: michasia folded before Flop (didn't bet)
Seat 2: tintin641 (button) folded before Flop (didn't bet)
Seat 3: Zvst (small blind) folded before Flop
Seat 4: BGS013 (big blind) folded on the Flop
Seat 5: AlexPinsk1 folded before Flop (didn't bet)
Seat 6: Alyssahigh collected ($2.38)



PokerStars Hand #254318644152:  Hold'em No Limit ($0.50/$1.00 USD) - 2025/01/11 19:59:33 WET [2025/01/11 14:59:33 ET]
Table 'Ceres III' 6-max Seat #3 is the button
Seat 1: michasia ($143.93 in chips) 
Seat 2: tintin641 ($104.89 in chips) 
Seat 3: Zvst ($121.04 in chips) 
Seat 4: BGS013 ($199.42 in chips) 
Seat 5: AlexPinsk1 ($103.27 in chips) 
Seat 6: Alyssahigh ($176.58 in chips) 
BGS013: posts small blind $0.50
AlexPinsk1: posts big blind $1
*** HOLE CARDS ***
Alyssahigh: folds 
michasia: folds 
tintin641: raises $1.50 to $2.50
Zvst: folds 
BGS013: folds 
AlexPinsk1: calls $1.50
*** FLOP *** [7s Ac 9h]
AlexPinsk1: checks 
tintin641: bets $1.72
AlexPinsk1: folds 
Uncalled bet ($1.72) returned to tintin641
tintin641 collected $5.22 from pot
tintin641: doesn't show hand 
*** SUMMARY ***
Total pot $5.50 | Rake $0.28 
Board [7s Ac 9h]
Seat 1: michasia folded before Flop (didn't bet)
Seat 2: tintin641 collected ($5.22)
Seat 3: Zvst (button) folded before Flop (didn't bet)
Seat 4: BGS013 (small blind) folded before Flop
Seat 5: AlexPinsk1 (big blind) folded on the Flop
Seat 6: Alyssahigh folded before Flop (didn't bet)



PokerStars Hand #254318651255:  Hold'em No Limit ($0.50/$1.00 USD) - 2025/01/11 20:00:03 WET [2025/01/11 15:00:03 ET]
Table 'Ceres III' 6-max Seat #4 is the button
Seat 1: michasia ($143.93 in chips) 
Seat 2: tintin641 ($107.61 in chips) 
Seat 3: Zvst ($121.04 in chips) 
Seat 4: BGS013 ($198.92 in chips) 
Seat 5: AlexPinsk1 ($100.77 in chips) 
Seat 6: Alyssahigh ($176.58 in chips) 
AlexPinsk1: posts small blind $0.50
Alyssahigh: posts big blind $1
*** HOLE CARDS ***
michasia: folds 
tintin641: folds 
Zvst: folds 
BGS013: folds 
AlexPinsk1: calls $0.50
Alyssahigh: checks 
*** FLOP *** [5h 8s Kh]
AlexPinsk1: checks 
Alyssahigh: checks 
*** TURN *** [5h 8s Kh] [5c]
AlexPinsk1: checks 
Alyssahigh: bets $1.90
AlexPinsk1: calls $1.90
*** RIVER *** [5h 8s Kh 5c] [Jh]
AlexPinsk1: checks 
Alyssahigh: checks 
*** SHOW DOWN ***
AlexPinsk1: shows [5s 4h] (three of a kind, Fives)
Alyssahigh: mucks hand 
AlexPinsk1 collected $5.51 from pot
*** SUMMARY ***
Total pot $5.80 | Rake $0.29 
Board [5h 8s Kh 5c Jh]
Seat 1: michasia folded before Flop (didn't bet)
Seat 2: tintin641 folded before Flop (didn't bet)
Seat 3: Zvst folded before Flop (didn't bet)
Seat 4: BGS013 (button) folded before Flop (didn't bet)
Seat 5: AlexPinsk1 (small blind) showed [5s 4h] and won ($5.51) with three of a kind, Fives
Seat 6: Alyssahigh (big blind) mucked



PokerStars Hand #254318671540:  Hold'em No Limit ($0.50/$1.00 USD) - 2025/01/11 20:01:23 WET [2025/01/11 15:01:23 ET]
Table 'Ceres III' 6-max Seat #5 is the button
Seat 1: michasia ($143.93 in chips) 
Seat 2: tintin641 ($107.61 in chips) 
Seat 3: Zvst ($121.04 in chips) 
Seat 4: BGS013 ($198.92 in chips) 
Seat 5: AlexPinsk1 ($103.38 in chips) 
Seat 6: Alyssahigh ($173.68 in chips) 
Alyssahigh: posts small blind $0.50
michasia: posts big blind $1
*** HOLE CARDS ***
tintin641: folds 
Zvst: folds 
BGS013: folds 
AlexPinsk1: folds 
Alyssahigh: folds 
Uncalled bet ($0.50) returned to michasia
michasia collected $1 from pot
michasia: doesn't show hand 
*** SUMMARY ***
Total pot $1 | Rake $0 
Seat 1: michasia (big blind) collected ($1)
Seat 2: tintin641 folded before Flop (didn't bet)
Seat 3: Zvst folded before Flop (didn't bet)
Seat 4: BGS013 folded before Flop (didn't bet)
Seat 5: AlexPinsk1 (button) folded before Flop (didn't bet)
Seat 6: Alyssahigh (small blind) folded before Flop



PokerStars Hand #254318674292:  Hold'em No Limit ($0.50/$1.00 USD) - 2025/01/11 20:01:33 WET [2025/01/11 15:01:33 ET]
Table 'Ceres III' 6-max Seat #6 is the button
Seat 1: michasia ($144.43 in chips) 
Seat 2: tintin641 ($107.61 in chips) 
Seat 3: Zvst ($121.04 in chips) 
Seat 4: BGS013 ($198.92 in chips) 
Seat 5: AlexPinsk1 ($103.38 in chips) 
Seat 6: Alyssahigh ($173.18 in chips) 
michasia: posts small blind $0.50
tintin641: posts big blind $1
*** HOLE CARDS ***
Zvst: folds 
BGS013: folds 
AlexPinsk1: folds 
Alyssahigh: folds 
michasia: folds 
Uncalled bet ($0.50) returned to tintin641
tintin641 collected $1 from pot
tintin641: doesn't show hand 
*** SUMMARY ***
Total pot $1 | Rake $0 
Seat 1: michasia (small blind) folded before Flop
Seat 2: tintin641 (big blind) collected ($1)
Seat 3: Zvst folded before Flop (didn't bet)
Seat 4: BGS013 folded before Flop (didn't bet)
Seat 5: AlexPinsk1 folded before Flop (didn't bet)
Seat 6: Alyssahigh (button) folded before Flop (didn't bet)



PokerStars Hand #254318679315:  Hold'em No Limit ($0.50/$1.00 USD) - 2025/01/11 20:01:50 WET [2025/01/11 15:01:50 ET]
Table 'Ceres III' 6-max Seat #1 is the button
Seat 1: michasia ($143.93 in chips) 
Seat 2: tintin641 ($108.11 in chips) 
Seat 3: Zvst ($121.04 in chips) 
Seat 4: BGS013 ($198.92 in chips) 
Seat 5: AlexPinsk1 ($103.38 in chips) 
Seat 6: Alyssahigh ($173.18 in chips) 
tintin641: posts small blind $0.50
Zvst: posts big blind $1
*** HOLE CARDS ***
BGS013: folds 
AlexPinsk1: raises $1.50 to $2.50
Alyssahigh: folds 
michasia: raises $5 to $7.50
tintin641: folds 
Zvst: folds 
AlexPinsk1: raises $12 to $19.50
michasia: raises $124.43 to $143.93 and is all-in
AlexPinsk1: folds 
Uncalled bet ($124.43) returned to michasia
michasia collected $40.50 from pot
michasia: doesn't show hand 
*** SUMMARY ***
Total pot $40.50 | Rake $0 
Seat 1: michasia (button) collected ($40.50)
Seat 2: tintin641 (small blind) folded before Flop
Seat 3: Zvst (big blind) folded before Flop
Seat 4: BGS013 folded before Flop (didn't bet)
Seat 5: AlexPinsk1 folded before Flop
Seat 6: Alyssahigh folded before Flop (didn't bet)



PokerStars Hand #254318696059:  Hold'em No Limit ($0.50/$1.00 USD) - 2025/01/11 20:02:40 WET [2025/01/11 15:02:40 ET]
Table 'Ceres III' 6-max Seat #2 is the button
Seat 1: michasia ($164.93 in chips) 
Seat 2: tintin641 ($107.61 in chips) 
Seat 3: Zvst ($120.04 in chips) 
Seat 4: BGS013 ($198.92 in chips) 
Seat 5: AlexPinsk1 ($100 in chips) 
Seat 6: Alyssahigh ($173.18 in chips) 
Zvst: posts small blind $0.50
BGS013: posts big blind $1
*** HOLE CARDS ***
AlexPinsk1: folds 
Alyssahigh: calls $1
michasia: folds 
tintin641: folds 
Zvst: folds 
BGS013: checks 
*** FLOP *** [5c Td 7d]
BGS013: checks 
Alyssahigh: bets $2.38
BGS013: folds 
Uncalled bet ($2.38) returned to Alyssahigh
Alyssahigh collected $2.38 from pot
*** SUMMARY ***
Total pot $2.50 | Rake $0.12 
Board [5c Td 7d]
Seat 1: michasia folded before Flop (didn't bet)
Seat 2: tintin641 (button) folded before Flop (didn't bet)
Seat 3: Zvst (small blind) folded before Flop
Seat 4: BGS013 (big blind) folded on the Flop
Seat 5: AlexPinsk1 folded before Flop (didn't bet)
Seat 6: Alyssahigh collected ($2.38)



PokerStars Hand #254318708231:  Hold'em No Limit ($0.50/$1.00 USD) - 2025/01/11 20:03:17 WET [2025/01/11 15:03:17 ET]
Table 'Ceres III' 6-max Seat #3 is the button
Seat 1: michasia ($164.93 in chips) 
Seat 2: tintin641 ($107.61 in chips) 
Seat 3: Zvst ($119.54 in chips) 
Seat 4: BGS013 ($197.92 in chips) 
Seat 5: AlexPinsk1 ($100 in chips) 
Seat 6: Alyssahigh ($174.56 in chips) 
BGS013: posts small blind $0.50
AlexPinsk1: posts big blind $1
*** HOLE CARDS ***
Alyssahigh: calls $1
michasia: folds 
tintin641: folds 
Zvst: folds 
BGS013: folds 
AlexPinsk1: checks 
*** FLOP *** [As Ah 3d]
AlexPinsk1: checks 
Alyssahigh: bets $2.38
AlexPinsk1: folds 
Uncalled bet ($2.38) returned to Alyssahigh
Alyssahigh collected $2.38 from pot
*** SUMMARY ***
Total pot $2.50 | Rake $0.12 
Board [As Ah 3d]
Seat 1: michasia folded before Flop (didn't bet)
Seat 2: tintin641 folded before Flop (didn't bet)
Seat 3: Zvst (button) folded before Flop (didn't bet)
Seat 4: BGS013 (small blind) folded before Flop
Seat 5: AlexPinsk1 (big blind) folded on the Flop
Seat 6: Alyssahigh collected ($2.38)



PokerStars Hand #254318717231:  Hold'em No Limit ($0.50/$1.00 USD) - 2025/01/11 20:03:45 WET [2025/01/11 15:03:45 ET]
Table 'Ceres III' 6-max Seat #4 is the button
Seat 1: michasia ($164.93 in chips) 
Seat 2: tintin641 ($107.61 in chips) 
Seat 3: Zvst ($119.54 in chips) 
Seat 4: BGS013 ($197.42 in chips) 
Seat 5: AlexPinsk1 ($100 in chips) 
Seat 6: Alyssahigh ($175.94 in chips) 
AlexPinsk1: posts small blind $0.50
Alyssahigh: posts big blind $1
*** HOLE CARDS ***
michasia: folds 
tintin641: folds 
Zvst: folds 
BGS013: raises $1.50 to $2.50
AlexPinsk1: folds 
Alyssahigh: folds 
Uncalled bet ($1.50) returned to BGS013
BGS013 collected $2.50 from pot
BGS013: doesn't show hand 
*** SUMMARY ***
Total pot $2.50 | Rake $0 
Seat 1: michasia folded before Flop (didn't bet)
Seat 2: tintin641 folded before Flop (didn't bet)
Seat 3: Zvst folded before Flop (didn't bet)
Seat 4: BGS013 (button) collected ($2.50)
Seat 5: AlexPinsk1 (small blind) folded before Flop
Seat 6: Alyssahigh (big blind) folded before Flop



PokerStars Hand #254318723427:  Hold'em No Limit ($0.50/$1.00 USD) - 2025/01/11 20:04:04 WET [2025/01/11 15:04:04 ET]
Table 'Ceres III' 6-max Seat #5 is the button
Seat 1: michasia ($164.93 in chips) 
Seat 2: tintin641 ($107.61 in chips) 
Seat 3: Zvst ($119.54 in chips) 
Seat 4: BGS013 ($198.92 in chips) 
Seat 5: AlexPinsk1 ($100 in chips) 
Seat 6: Alyssahigh ($174.94 in chips) 
Alyssahigh: posts small blind $0.50
michasia: posts big blind $1
*** HOLE CARDS ***
tintin641: folds 
Zvst: folds 
BGS013: raises $1.50 to $2.50
AlexPinsk1: folds 
Alyssahigh: folds 
michasia: folds 
Uncalled bet ($1.50) returned to BGS013
BGS013 collected $2.50 from pot
BGS013: doesn't show hand 
*** SUMMARY ***
Total pot $2.50 | Rake $0 
Seat 1: michasia (big blind) folded before Flop
Seat 2: tintin641 folded before Flop (didn't bet)
Seat 3: Zvst folded before Flop (didn't bet)
Seat 4: BGS013 collected ($2.50)
Seat 5: AlexPinsk1 (button) folded before Flop (didn't bet)
Seat 6: Alyssahigh (small blind) folded before Flop



PokerStars Hand #254318732533:  Hold'em No Limit ($0.50/$1.00 USD) - 2025/01/11 20:04:30 WET [2025/01/11 15:04:30 ET]
Table 'Ceres III' 6-max Seat #6 is the button
Seat 1: michasia ($163.93 in chips) 
Seat 2: tintin641 ($107.61 in chips) 
Seat 3: Zvst ($119.54 in chips) 
Seat 4: BGS013 ($200.42 in chips) 
Seat 5: AlexPinsk1 ($100 in chips) 
Seat 6: Alyssahigh ($174.44 in chips) 
michasia: posts small blind $0.50
tintin641: posts big blind $1
*** HOLE CARDS ***
Zvst: folds 
BGS013: raises $1 to $2
AlexPinsk1: folds 
Alyssahigh: calls $2
michasia: folds 
tintin641: folds 
*** FLOP *** [5s 8d Ad]
BGS013: bets $1.36
Alyssahigh: calls $1.36
*** TURN *** [5s 8d Ad] [4d]
BGS013: checks 
Alyssahigh: bets $7.81
BGS013: folds 
Uncalled bet ($7.81) returned to Alyssahigh
Alyssahigh collected $7.81 from pot
*** SUMMARY ***
Total pot $8.22 | Rake $0.41 
Board [5s 8d Ad 4d]
Seat 1: michasia (small blind) folded before Flop
Seat 2: tintin641 (big blind) folded before Flop
Seat 3: Zvst folded before Flop (didn't bet)
Seat 4: BGS013 folded on the Turn
Seat 5: AlexPinsk1 folded before Flop (didn't bet)
Seat 6: Alyssahigh (button) collected ($7.81)



PokerStars Hand #254318744714:  Hold'em No Limit ($0.50/$1.00 USD) - 2025/01/11 20:05:06 WET [2025/01/11 15:05:06 ET]
Table 'Ceres III' 6-max Seat #1 is the button
Seat 1: michasia ($163.43 in chips) 
Seat 2: tintin641 ($106.61 in chips) 
Seat 3: Zvst ($119.54 in chips) 
Seat 4: BGS013 ($197.06 in chips) 
Seat 5: AlexPinsk1 ($100 in chips) 
Seat 6: Alyssahigh ($178.89 in chips) 
tintin641: posts small blind $0.50
Zvst: posts big blind $1
*** HOLE CARDS ***
BGS013: folds 
AlexPinsk1: raises $1.50 to $2.50
Alyssahigh: calls $2.50
michasia: folds 
tintin641: folds 
Zvst: folds 
*** FLOP *** [Ks Ac 6h]
AlexPinsk1: checks 
Alyssahigh: bets $6.18
AlexPinsk1: calls $6.18
*** TURN *** [Ks Ac 6h] [4c]
AlexPinsk1: checks 
Alyssahigh: bets $17.92
AlexPinsk1: folds 
Uncalled bet ($17.92) returned to Alyssahigh
Alyssahigh collected $17.92 from pot
*** SUMMARY ***
Total pot $18.86 | Rake $0.94 
Board [Ks Ac 6h 4c]
Seat 1: michasia (button) folded before Flop (didn't bet)
Seat 2: tintin641 (small blind) folded before Flop
Seat 3: Zvst (big blind) folded before Flop
Seat 4: BGS013 folded before Flop (didn't bet)
Seat 5: AlexPinsk1 folded on the Turn
Seat 6: Alyssahigh collected ($17.92)



PokerStars Hand #254318764745:  Hold'em No Limit ($0.50/$1.00 USD) - 2025/01/11 20:06:04 WET [2025/01/11 15:06:04 ET]
Table 'Ceres III' 6-max Seat #2 is the button
Seat 1: michasia ($163.43 in chips) 
Seat 2: tintin641 ($106.11 in chips) 
Seat 3: Zvst ($118.54 in chips) 
Seat 4: BGS013 ($197.06 in chips) 
Seat 5: AlexPinsk1 ($100 in chips) 
Seat 6: Alyssahigh ($188.13 in chips) 
Zvst: posts small blind $0.50
BGS013: posts big blind $1
*** HOLE CARDS ***
AlexPinsk1: folds 
Alyssahigh: folds 
michasia: folds 
tintin641: raises $1.50 to $2.50
Zvst: raises $9 to $11.50
BGS013: folds 
tintin641: folds 
Uncalled bet ($9) returned to Zvst
Zvst collected $6 from pot
Zvst: doesn't show hand 
*** SUMMARY ***
Total pot $6 | Rake $0 
Seat 1: michasia folded before Flop (didn't bet)
Seat 2: tintin641 (button) folded before Flop
Seat 3: Zvst (small blind) collected ($6)
Seat 4: BGS013 (big blind) folded before Flop
Seat 5: AlexPinsk1 folded before Flop (didn't bet)
Seat 6: Alyssahigh folded before Flop (didn't bet)



PokerStars Hand #254318773711:  Hold'em No Limit ($0.50/$1.00 USD) - 2025/01/11 20:06:30 WET [2025/01/11 15:06:30 ET]
Table 'Ceres III' 6-max Seat #3 is the button
Seat 1: michasia ($163.43 in chips) 
Seat 2: tintin641 ($103.61 in chips) 
Seat 3: Zvst ($122.04 in chips) 
Seat 4: BGS013 ($196.06 in chips) 
Seat 5: AlexPinsk1 ($100 in chips) 
Seat 6: Alyssahigh ($188.13 in chips) 
BGS013: posts small blind $0.50
AlexPinsk1: posts big blind $1
*** HOLE CARDS ***
Alyssahigh: calls $1
michasia: folds 
tintin641: folds 
Zvst: raises $4 to $5
BGS013: folds 
AlexPinsk1: folds 
Alyssahigh: calls $4
*** FLOP *** [7h Ad Ah]
Alyssahigh: checks 
Zvst: bets $3.60
Alyssahigh: calls $3.60
*** TURN *** [7h Ad Ah] [Ac]
Alyssahigh: checks 
Zvst: bets $22.84
Alyssahigh: folds 
Uncalled bet ($22.84) returned to Zvst
Zvst collected $17.76 from pot
Zvst: doesn't show hand 
*** SUMMARY ***
Total pot $18.70 | Rake $0.94 
Board [7h Ad Ah Ac]
Seat 1: michasia folded before Flop (didn't bet)
Seat 2: tintin641 folded before Flop (didn't bet)
Seat 3: Zvst (button) collected ($17.76)
Seat 4: BGS013 (small blind) folded before Flop
Seat 5: AlexPinsk1 (big blind) folded before Flop
Seat 6: Alyssahigh folded on the Turn



PokerStars Hand #254318797083:  Hold'em No Limit ($0.50/$1.00 USD) - 2025/01/11 20:07:38 WET [2025/01/11 15:07:38 ET]
Table 'Ceres III' 6-max Seat #4 is the button
Seat 1: michasia ($163.43 in chips) is sitting out
Seat 2: tintin641 ($103.61 in chips) 
Seat 3: Zvst ($131.20 in chips) 
Seat 4: BGS013 ($195.56 in chips) 
Seat 5: AlexPinsk1 ($100 in chips) 
Seat 6: Alyssahigh ($179.53 in chips) 
AlexPinsk1: posts small blind $0.50
Alyssahigh: posts big blind $1
*** HOLE CARDS ***
tintin641: folds 
Zvst: folds 
BGS013: folds 
AlexPinsk1: raises $2 to $3
Alyssahigh: calls $2
*** FLOP *** [6s 3s Qh]
AlexPinsk1: checks 
Alyssahigh: bets $5.70
AlexPinsk1: folds 
Uncalled bet ($5.70) returned to Alyssahigh
Alyssahigh collected $5.70 from pot
*** SUMMARY ***
Total pot $6 | Rake $0.30 
Board [6s 3s Qh]
Seat 1: michasia
Seat 2: tintin641 folded before Flop (didn't bet)
Seat 3: Zvst folded before Flop (didn't bet)
Seat 4: BGS013 (button) folded before Flop (didn't bet)
Seat 5: AlexPinsk1 (small blind) folded on the Flop
Seat 6: Alyssahigh (big blind) collected ($5.70)



PokerStars Hand #254318806708:  Hold'em No Limit ($0.50/$1.00 USD) - 2025/01/11 20:08:05 WET [2025/01/11 15:08:05 ET]
Table 'Ceres III' 6-max Seat #5 is the button
Seat 1: michasia ($163.43 in chips) is sitting out
Seat 2: tintin641 ($103.61 in chips) 
Seat 3: Zvst ($131.20 in chips) 
Seat 4: BGS013 ($195.56 in chips) 
Seat 5: AlexPinsk1 ($100 in chips) 
Seat 6: Alyssahigh ($182.23 in chips) 
Alyssahigh: posts small blind $0.50
tintin641: posts big blind $1
*** HOLE CARDS ***
Zvst: raises $1 to $2
BGS013: folds 
AlexPinsk1: folds 
Alyssahigh: folds 
tintin641: folds 
Uncalled bet ($1) returned to Zvst
Zvst collected $2.50 from pot
Zvst: doesn't show hand 
*** SUMMARY ***
Total pot $2.50 | Rake $0 
Seat 1: michasia
Seat 2: tintin641 (big blind) folded before Flop
Seat 3: Zvst collected ($2.50)
Seat 4: BGS013 folded before Flop (didn't bet)
Seat 5: AlexPinsk1 (button) folded before Flop (didn't bet)
Seat 6: Alyssahigh (small blind) folded before Flop



PokerStars Hand #254318812447:  Hold'em No Limit ($0.50/$1.00 USD) - 2025/01/11 20:08:22 WET [2025/01/11 15:08:22 ET]
Table 'Ceres III' 6-max Seat #6 is the button
Seat 1: michasia ($163.43 in chips) is sitting out
Seat 2: tintin641 ($102.61 in chips) 
Seat 3: Zvst ($132.70 in chips) 
Seat 4: BGS013 ($195.56 in chips) 
Seat 5: AlexPinsk1 ($100 in chips) 
Seat 6: Alyssahigh ($181.73 in chips) 
tintin641: posts small blind $0.50
Zvst: posts big blind $1
*** HOLE CARDS ***
BGS013: folds 
AlexPinsk1: folds 
Alyssahigh: folds 
tintin641: raises $2 to $3
Zvst: folds 
Uncalled bet ($2) returned to tintin641
tintin641 collected $2 from pot
tintin641: doesn't show hand 
*** SUMMARY ***
Total pot $2 | Rake $0 
Seat 1: michasia
Seat 2: tintin641 (small blind) collected ($2)
Seat 3: Zvst (big blind) folded before Flop
Seat 4: BGS013 folded before Flop (didn't bet)
Seat 5: AlexPinsk1 folded before Flop (didn't bet)
Seat 6: Alyssahigh (button) folded before Flop (didn't bet)



PokerStars Hand #254318820530:  Hold'em No Limit ($0.50/$1.00 USD) - 2025/01/11 20:08:45 WET [2025/01/11 15:08:45 ET]
Table 'Ceres III' 6-max Seat #2 is the button
Seat 1: michasia ($163.43 in chips) is sitting out
Seat 2: tintin641 ($103.61 in chips) 
Seat 3: Zvst ($131.70 in chips) 
Seat 4: BGS013 ($195.56 in chips) 
Seat 5: AlexPinsk1 ($100 in chips) 
Seat 6: Alyssahigh ($181.73 in chips) 
Zvst: posts small blind $0.50
BGS013: posts big blind $1
*** HOLE CARDS ***
AlexPinsk1: folds 
Alyssahigh: folds 
tintin641: raises $1.50 to $2.50
Zvst: folds 
BGS013: folds 
Uncalled bet ($1.50) returned to tintin641
tintin641 collected $2.50 from pot
tintin641: doesn't show hand 
*** SUMMARY ***
Total pot $2.50 | Rake $0 
Seat 1: michasia
Seat 2: tintin641 (button) collected ($2.50)
Seat 3: Zvst (small blind) folded before Flop
Seat 4: BGS013 (big blind) folded before Flop
Seat 5: AlexPinsk1 folded before Flop (didn't bet)
Seat 6: Alyssahigh folded before Flop (didn't bet)



PokerStars Hand #254318827664:  Hold'em No Limit ($0.50/$1.00 USD) - 2025/01/11 20:09:06 WET [2025/01/11 15:09:06 ET]
Table 'Ceres III' 6-max Seat #3 is the button
Seat 1: michasia ($163.43 in chips) is sitting out
Seat 2: tintin641 ($105.11 in chips) 
Seat 3: Zvst ($131.20 in chips) 
Seat 4: BGS013 ($194.56 in chips) 
Seat 5: AlexPinsk1 ($100 in chips) 
Seat 6: Alyssahigh ($181.73 in chips) 
BGS013: posts small blind $0.50
AlexPinsk1: posts big blind $1
*** HOLE CARDS ***
Alyssahigh: calls $1
tintin641: folds 
Zvst: folds 
BGS013: folds 
AlexPinsk1: checks 
*** FLOP *** [3d Tc Ah]
AlexPinsk1: checks 
Alyssahigh: bets $2.38
AlexPinsk1: calls $2.38
*** TURN *** [3d Tc Ah] [9c]
AlexPinsk1: checks 
Alyssahigh: checks 
*** RIVER *** [3d Tc Ah 9c] [Jc]
AlexPinsk1: bets $5.18
Alyssahigh: folds 
Uncalled bet ($5.18) returned to AlexPinsk1
AlexPinsk1 collected $6.90 from pot
AlexPinsk1: doesn't show hand 
*** SUMMARY ***
Total pot $7.26 | Rake $0.36 
Board [3d Tc Ah 9c Jc]
Seat 1: michasia
Seat 2: tintin641 folded before Flop (didn't bet)
Seat 3: Zvst (button) folded before Flop (didn't bet)
Seat 4: BGS013 (small blind) folded before Flop
Seat 5: AlexPinsk1 (big blind) collected ($6.90)
Seat 6: Alyssahigh folded on the River



PokerStars Hand #254318843383:  Hold'em No Limit ($0.50/$1.00 USD) - 2025/01/11 20:09:52 WET [2025/01/11 15:09:52 ET]
Table 'Ceres III' 6-max Seat #4 is the button
Seat 1: michasia ($163.43 in chips) is sitting out
Seat 2: tintin641 ($105.11 in chips) 
Seat 3: Zvst ($131.20 in chips) 
Seat 4: BGS013 ($194.06 in chips) 
Seat 5: AlexPinsk1 ($103.52 in chips) 
Seat 6: Alyssahigh ($178.35 in chips) 
AlexPinsk1: posts small blind $0.50
Alyssahigh: posts big blind $1
*** HOLE CARDS ***
tintin641: raises $1.50 to $2.50
Zvst: folds 
BGS013: folds 
AlexPinsk1: folds 
Alyssahigh: folds 
Uncalled bet ($1.50) returned to tintin641
tintin641 collected $2.50 from pot
tintin641: doesn't show hand 
*** SUMMARY ***
Total pot $2.50 | Rake $0 
Seat 1: michasia
Seat 2: tintin641 collected ($2.50)
Seat 3: Zvst folded before Flop (didn't bet)
Seat 4: BGS013 (button) folded before Flop (didn't bet)
Seat 5: AlexPinsk1 (small blind) folded before Flop
Seat 6: Alyssahigh (big blind) folded before Flop



PokerStars Hand #254318848191:  Hold'em No Limit ($0.50/$1.00 USD) - 2025/01/11 20:10:06 WET [2025/01/11 15:10:06 ET]
Table 'Ceres III' 6-max Seat #5 is the button
Seat 1: michasia ($163.43 in chips) is sitting out
Seat 2: tintin641 ($106.61 in chips) 
Seat 3: Zvst ($131.20 in chips) 
Seat 4: BGS013 ($194.06 in chips) 
Seat 5: AlexPinsk1 ($103.02 in chips) 
Seat 6: Alyssahigh ($177.35 in chips) 
Alyssahigh: posts small blind $0.50
tintin641: posts big blind $1
*** HOLE CARDS ***
Zvst: raises $1.50 to $2.50
BGS013: folds 
AlexPinsk1: folds 
Alyssahigh: calls $2
tintin641: folds 
*** FLOP *** [5s Ac 3c]
Alyssahigh: checks 
Zvst: checks 
*** TURN *** [5s Ac 3c] [5c]
Alyssahigh: bets $5.70
Zvst: folds 
Uncalled bet ($5.70) returned to Alyssahigh
Alyssahigh collected $5.70 from pot
*** SUMMARY ***
Total pot $6 | Rake $0.30 
Board [5s Ac 3c 5c]
Seat 1: michasia
Seat 2: tintin641 (big blind) folded before Flop
Seat 3: Zvst folded on the Turn
Seat 4: BGS013 folded before Flop (didn't bet)
Seat 5: AlexPinsk1 (button) folded before Flop (didn't bet)
Seat 6: Alyssahigh (small blind) collected ($5.70)



PokerStars Hand #254318857054:  Hold'em No Limit ($0.50/$1.00 USD) - 2025/01/11 20:10:32 WET [2025/01/11 15:10:32 ET]
Table 'Ceres III' 6-max Seat #6 is the button
Seat 1: michasia ($163.43 in chips) is sitting out
Seat 2: tintin641 ($105.61 in chips) 
Seat 3: Zvst ($128.70 in chips) 
Seat 4: BGS013 ($194.06 in chips) 
Seat 5: AlexPinsk1 ($103.02 in chips) 
Seat 6: Alyssahigh ($180.55 in chips) 
tintin641: posts small blind $0.50
Zvst: posts big blind $1
*** HOLE CARDS ***
BGS013: folds 
AlexPinsk1: folds 
Alyssahigh: raises $2.50 to $3.50
tintin641: folds 
Zvst: folds 
Uncalled bet ($2.50) returned to Alyssahigh
Alyssahigh collected $2.50 from pot
*** SUMMARY ***
Total pot $2.50 | Rake $0 
Seat 1: michasia
Seat 2: tintin641 (small blind) folded before Flop
Seat 3: Zvst (big blind) folded before Flop
Seat 4: BGS013 folded before Flop (didn't bet)
Seat 5: AlexPinsk1 folded before Flop (didn't bet)
Seat 6: Alyssahigh (button) collected ($2.50)



PokerStars Hand #254318861301:  Hold'em No Limit ($0.50/$1.00 USD) - 2025/01/11 20:10:44 WET [2025/01/11 15:10:44 ET]
Table 'Ceres III' 6-max Seat #2 is the button
Seat 1: michasia ($163.43 in chips) is sitting out
Seat 2: tintin641 ($105.11 in chips) 
Seat 3: Zvst ($127.70 in chips) 
Seat 4: BGS013 ($194.06 in chips) 
Seat 5: AlexPinsk1 ($103.02 in chips) 
Seat 6: Alyssahigh ($182.05 in chips) 
Zvst: posts small blind $0.50
BGS013: posts big blind $1
*** HOLE CARDS ***
AlexPinsk1: folds 
Alyssahigh: folds 
tintin641: folds 
Zvst: folds 
Uncalled bet ($0.50) returned to BGS013
BGS013 collected $1 from pot
BGS013: doesn't show hand 
*** SUMMARY ***
Total pot $1 | Rake $0 
Seat 1: michasia
Seat 2: tintin641 (button) folded before Flop (didn't bet)
Seat 3: Zvst (small blind) folded before Flop
Seat 4: BGS013 (big blind) collected ($1)
Seat 5: AlexPinsk1 folded before Flop (didn't bet)
Seat 6: Alyssahigh folded before Flop (didn't bet)



PokerStars Hand #254318865322:  Hold'em No Limit ($0.50/$1.00 USD) - 2025/01/11 20:10:56 WET [2025/01/11 15:10:56 ET]
Table 'Ceres III' 6-max Seat #3 is the button
Seat 1: michasia ($163.43 in chips) is sitting out
Seat 2: tintin641 ($105.11 in chips) 
Seat 3: Zvst ($127.20 in chips) 
Seat 4: BGS013 ($194.56 in chips) 
Seat 5: AlexPinsk1 ($103.02 in chips) 
Seat 6: Alyssahigh ($182.05 in chips) 
BGS013: posts small blind $0.50
AlexPinsk1: posts big blind $1
*** HOLE CARDS ***
Alyssahigh: raises $2.50 to $3.50
tintin641: folds 
Zvst: folds 
BGS013: folds 
AlexPinsk1: folds 
Uncalled bet ($2.50) returned to Alyssahigh
Alyssahigh collected $2.50 from pot
*** SUMMARY ***
Total pot $2.50 | Rake $0 
Seat 1: michasia
Seat 2: tintin641 folded before Flop (didn't bet)
Seat 3: Zvst (button) folded before Flop (didn't bet)
Seat 4: BGS013 (small blind) folded before Flop
Seat 5: AlexPinsk1 (big blind) folded before Flop
Seat 6: Alyssahigh collected ($2.50)



PokerStars Hand #254318870253:  Hold'em No Limit ($0.50/$1.00 USD) - 2025/01/11 20:11:11 WET [2025/01/11 15:11:11 ET]
Table 'Ceres III' 6-max Seat #4 is the button
Seat 1: michasia ($163.43 in chips) is sitting out
Seat 2: tintin641 ($105.11 in chips) 
Seat 3: Zvst ($127.20 in chips) 
Seat 4: BGS013 ($194.06 in chips) 
Seat 5: AlexPinsk1 ($102.02 in chips) 
Seat 6: Alyssahigh ($183.55 in chips) 
AlexPinsk1: posts small blind $0.50
Alyssahigh: posts big blind $1
*** HOLE CARDS ***
tintin641: folds 
Zvst: folds 
BGS013: folds 
AlexPinsk1: raises $2 to $3
Alyssahigh: calls $2
*** FLOP *** [5d 3h Ah]
AlexPinsk1: checks 
Alyssahigh: bets $5.70
AlexPinsk1: calls $5.70
*** TURN *** [5d 3h Ah] [4d]
AlexPinsk1: checks 
Alyssahigh: checks 
*** RIVER *** [5d 3h Ah 4d] [Qd]
AlexPinsk1: bets $13.50
Alyssahigh: folds 
Uncalled bet ($13.50) returned to AlexPinsk1
AlexPinsk1 collected $16.53 from pot
AlexPinsk1: doesn't show hand 
*** SUMMARY ***
Total pot $17.40 | Rake $0.87 
Board [5d 3h Ah 4d Qd]
Seat 1: michasia
Seat 2: tintin641 folded before Flop (didn't bet)
Seat 3: Zvst folded before Flop (didn't bet)
Seat 4: BGS013 (button) folded before Flop (didn't bet)
Seat 5: AlexPinsk1 (small blind) collected ($16.53)
Seat 6: Alyssahigh (big blind) folded on the River



PokerStars Hand #254318887883:  Hold'em No Limit ($0.50/$1.00 USD) - 2025/01/11 20:12:02 WET [2025/01/11 15:12:02 ET]
Table 'Ceres III' 6-max Seat #5 is the button
Seat 1: michasia ($163.43 in chips) 
Seat 2: tintin641 ($105.11 in chips) 
Seat 3: Zvst ($127.20 in chips) 
Seat 4: BGS013 ($194.06 in chips) 
Seat 5: AlexPinsk1 ($109.85 in chips) 
Seat 6: Alyssahigh ($174.85 in chips) 
Alyssahigh: posts small blind $0.50
michasia: posts big blind $1
*** HOLE CARDS ***
tintin641: folds 
Zvst: folds 
BGS013: folds 
AlexPinsk1: raises $1.50 to $2.50
Alyssahigh: calls $2
michasia: raises $11.50 to $14
AlexPinsk1: calls $11.50
Alyssahigh: calls $11.50
*** FLOP *** [3d Ks 9s]
Alyssahigh: checks 
michasia: bets $13.17
AlexPinsk1: folds 
Alyssahigh: calls $13.17
*** TURN *** [3d Ks 9s] [Kd]
Alyssahigh: checks 
michasia: bets $37
Alyssahigh: calls $37
*** RIVER *** [3d Ks 9s Kd] [2h]
Alyssahigh: checks 
michasia: checks 
*** SHOW DOWN ***
Alyssahigh: shows [Td Th] (two pair, Kings and Tens)
michasia: mucks hand 
Alyssahigh collected $139.84 from pot
*** SUMMARY ***
Total pot $142.34 | Rake $2.50 
Board [3d Ks 9s Kd 2h]
Seat 1: michasia (big blind) mucked
Seat 2: tintin641 folded before Flop (didn't bet)
Seat 3: Zvst folded before Flop (didn't bet)
Seat 4: BGS013 folded before Flop (didn't bet)
Seat 5: AlexPinsk1 (button) folded on the Flop
Seat 6: Alyssahigh (small blind) showed [Td Th] and won ($139.84) with two pair, Kings and Tens



PokerStars Hand #254318918047:  Hold'em No Limit ($0.50/$1.00 USD) - 2025/01/11 20:13:30 WET [2025/01/11 15:13:30 ET]
Table 'Ceres III' 6-max Seat #6 is the button
Seat 1: michasia ($100 in chips) 
Seat 2: tintin641 ($105.11 in chips) 
Seat 3: Zvst ($127.20 in chips) 
Seat 4: BGS013 ($194.06 in chips) 
Seat 5: AlexPinsk1 ($100 in chips) 
Seat 6: Alyssahigh ($250.52 in chips) 
michasia: posts small blind $0.50
tintin641: posts big blind $1
*** HOLE CARDS ***
Zvst: folds 
BGS013: folds 
AlexPinsk1: folds 
Alyssahigh: calls $1
michasia: folds 
tintin641: checks 
*** FLOP *** [Kh 9c 5h]
tintin641: checks 
Alyssahigh: bets $2.38
tintin641: raises $5.36 to $7.74
Alyssahigh: calls $5.36
*** TURN *** [Kh 9c 5h] [6h]
tintin641: bets $12.81
Alyssahigh: calls $12.81
*** RIVER *** [Kh 9c 5h 6h] [Js]
tintin641: bets $31.07
Alyssahigh: folds 
Uncalled bet ($31.07) returned to tintin641
tintin641 collected $41.42 from pot
tintin641: doesn't show hand 
*** SUMMARY ***
Total pot $43.60 | Rake $2.18 
Board [Kh 9c 5h 6h Js]
Seat 1: michasia (small blind) folded before Flop
Seat 2: tintin641 (big blind) collected ($41.42)
Seat 3: Zvst folded before Flop (didn't bet)
Seat 4: BGS013 folded before Flop (didn't bet)
Seat 5: AlexPinsk1 folded before Flop (didn't bet)
Seat 6: Alyssahigh (button) folded on the River



PokerStars Hand #254318943176:  Hold'em No Limit ($0.50/$1.00 USD) - 2025/01/11 20:14:44 WET [2025/01/11 15:14:44 ET]
Table 'Ceres III' 6-max Seat #1 is the button
Seat 1: michasia ($100 in chips) 
Seat 2: tintin641 ($124.98 in chips) 
Seat 3: Zvst ($127.20 in chips) 
Seat 4: BGS013 ($194.06 in chips) 
Seat 5: AlexPinsk1 ($100 in chips) 
Seat 6: Alyssahigh ($228.97 in chips) 
tintin641: posts small blind $0.50
Zvst: posts big blind $1
*** HOLE CARDS ***
BGS013: folds 
AlexPinsk1: folds 
Alyssahigh: calls $1
michasia: raises $2.50 to $3.50
tintin641: folds 
Zvst: folds 
Alyssahigh: calls $2.50
*** FLOP *** [7d 6h 8h]
Alyssahigh: checks 
michasia: bets $2.67
Alyssahigh: calls $2.67
*** TURN *** [7d 6h 8h] [Qd]
Alyssahigh: checks 
michasia: bets $16.44
Alyssahigh: calls $16.44
*** RIVER *** [7d 6h 8h Qd] [Ad]
Alyssahigh: checks 
michasia: bets $77.39 and is all-in
Alyssahigh: folds 
Uncalled bet ($77.39) returned to michasia
michasia collected $44.38 from pot
michasia: doesn't show hand 
*** SUMMARY ***
Total pot $46.72 | Rake $2.34 
Board [7d 6h 8h Qd Ad]
Seat 1: michasia (button) collected ($44.38)
Seat 2: tintin641 (small blind) folded before Flop
Seat 3: Zvst (big blind) folded before Flop
Seat 4: BGS013 folded before Flop (didn't bet)
Seat 5: AlexPinsk1 folded before Flop (didn't bet)
Seat 6: Alyssahigh folded on the River



PokerStars Hand #254318962755:  Hold'em No Limit ($0.50/$1.00 USD) - 2025/01/11 20:15:41 WET [2025/01/11 15:15:41 ET]
Table 'Ceres III' 6-max Seat #2 is the button
Seat 1: michasia ($121.77 in chips) 
Seat 2: tintin641 ($124.48 in chips) 
Seat 3: Zvst ($126.20 in chips) 
Seat 4: BGS013 ($194.06 in chips) 
Seat 5: AlexPinsk1 ($100 in chips) 
Seat 6: Alyssahigh ($206.36 in chips) 
Zvst: posts small blind $0.50
BGS013: posts big blind $1
*** HOLE CARDS ***
AlexPinsk1: folds 
Alyssahigh: calls $1
michasia: raises $2.50 to $3.50
tintin641: folds 
Zvst: folds 
BGS013: calls $2.50
Alyssahigh: calls $2.50
*** FLOP *** [Ac 3h 2s]
BGS013: checks 
Alyssahigh: checks 
michasia: bets $3.45
BGS013: calls $3.45
Alyssahigh: calls $3.45
*** TURN *** [Ac 3h 2s] [Ks]
BGS013: checks 
Alyssahigh: checks 
michasia: checks 
*** RIVER *** [Ac 3h 2s Ks] [Qh]
BGS013: bets $5.27
Alyssahigh: raises $30.82 to $36.09
michasia: folds 
BGS013: folds 
Uncalled bet ($30.82) returned to Alyssahigh
Alyssahigh collected $30.30 from pot
*** SUMMARY ***
Total pot $31.89 | Rake $1.59 
Board [Ac 3h 2s Ks Qh]
Seat 1: michasia folded on the River
Seat 2: tintin641 (button) folded before Flop (didn't bet)
Seat 3: Zvst (small blind) folded before Flop
Seat 4: BGS013 (big blind) folded on the River
Seat 5: AlexPinsk1 folded before Flop (didn't bet)
Seat 6: Alyssahigh collected ($30.30)



PokerStars Hand #254318985313:  Hold'em No Limit ($0.50/$1.00 USD) - 2025/01/11 20:16:47 WET [2025/01/11 15:16:47 ET]
Table 'Ceres III' 6-max Seat #3 is the button
Seat 1: michasia ($114.82 in chips) 
Seat 2: tintin641 ($124.48 in chips) 
Seat 3: Zvst ($125.70 in chips) 
Seat 4: BGS013 ($181.84 in chips) 
Seat 5: AlexPinsk1 ($100 in chips) 
Seat 6: Alyssahigh ($224.44 in chips) 
BGS013: posts small blind $0.50
AlexPinsk1: posts big blind $1
*** HOLE CARDS ***
Alyssahigh: folds 
michasia: folds 
tintin641: folds 
Zvst: raises $1.50 to $2.50
BGS013: raises $8.50 to $11
AlexPinsk1: folds 
Zvst: folds 
Uncalled bet ($8.50) returned to BGS013
BGS013 collected $6 from pot
BGS013: doesn't show hand 
*** SUMMARY ***
Total pot $6 | Rake $0 
Seat 1: michasia folded before Flop (didn't bet)
Seat 2: tintin641 folded before Flop (didn't bet)
Seat 3: Zvst (button) folded before Flop
Seat 4: BGS013 (small blind) collected ($6)
Seat 5: AlexPinsk1 (big blind) folded before Flop
Seat 6: Alyssahigh folded before Flop (didn't bet)



PokerStars Hand #254318997244:  Hold'em No Limit ($0.50/$1.00 USD) - 2025/01/11 20:17:22 WET [2025/01/11 15:17:22 ET]
Table 'Ceres III' 6-max Seat #4 is the button
Seat 1: michasia ($114.82 in chips) 
Seat 2: tintin641 ($124.48 in chips) 
Seat 3: Zvst ($123.20 in chips) 
Seat 4: BGS013 ($185.34 in chips) 
Seat 5: AlexPinsk1 ($100 in chips) 
Seat 6: Alyssahigh ($224.44 in chips) 
AlexPinsk1: posts small blind $0.50
Alyssahigh: posts big blind $1
*** HOLE CARDS ***
michasia: folds 
tintin641: folds 
Zvst: folds 
BGS013: raises $1.50 to $2.50
AlexPinsk1: folds 
Alyssahigh: calls $1.50
*** FLOP *** [Ts 7d 8h]
Alyssahigh: checks 
BGS013: bets $1.36
Alyssahigh: raises $7.94 to $9.30
BGS013: folds 
Uncalled bet ($7.94) returned to Alyssahigh
Alyssahigh collected $7.81 from pot
*** SUMMARY ***
Total pot $8.22 | Rake $0.41 
Board [Ts 7d 8h]
Seat 1: michasia folded before Flop (didn't bet)
Seat 2: tintin641 folded before Flop (didn't bet)
Seat 3: Zvst folded before Flop (didn't bet)
Seat 4: BGS013 (button) folded on the Flop
Seat 5: AlexPinsk1 (small blind) folded before Flop
Seat 6: Alyssahigh (big blind) collected ($7.81)



PokerStars Hand #254319006922:  Hold'em No Limit ($0.50/$1.00 USD) - 2025/01/11 20:17:50 WET [2025/01/11 15:17:50 ET]
Table 'Ceres III' 6-max Seat #5 is the button
Seat 1: michasia ($114.82 in chips) 
Seat 2: tintin641 ($124.48 in chips) 
Seat 3: Zvst ($123.20 in chips) 
Seat 4: BGS013 ($181.48 in chips) 
Seat 5: AlexPinsk1 ($100 in chips) 
Seat 6: Alyssahigh ($228.39 in chips) 
Alyssahigh: posts small blind $0.50
michasia: posts big blind $1
*** HOLE CARDS ***
tintin641: folds 
Zvst: folds 
BGS013: folds 
AlexPinsk1: folds 
Alyssahigh: folds 
Uncalled bet ($0.50) returned to michasia
michasia collected $1 from pot
michasia: doesn't show hand 
*** SUMMARY ***
Total pot $1 | Rake $0 
Seat 1: michasia (big blind) collected ($1)
Seat 2: tintin641 folded before Flop (didn't bet)
Seat 3: Zvst folded before Flop (didn't bet)
Seat 4: BGS013 folded before Flop (didn't bet)
Seat 5: AlexPinsk1 (button) folded before Flop (didn't bet)
Seat 6: Alyssahigh (small blind) folded before Flop



PokerStars Hand #254319009911:  Hold'em No Limit ($0.50/$1.00 USD) - 2025/01/11 20:17:59 WET [2025/01/11 15:17:59 ET]
Table 'Ceres III' 6-max Seat #6 is the button
Seat 1: michasia ($115.32 in chips) 
Seat 2: tintin641 ($124.48 in chips) 
Seat 3: Zvst ($123.20 in chips) 
Seat 4: BGS013 ($181.48 in chips) 
Seat 5: AlexPinsk1 ($100 in chips) 
Seat 6: Alyssahigh ($227.89 in chips) 
michasia: posts small blind $0.50
tintin641: posts big blind $1
*** HOLE CARDS ***
Zvst: folds 
BGS013: folds 
AlexPinsk1: folds 
Alyssahigh: calls $1
michasia: folds 
tintin641: checks 
*** FLOP *** [7s 9s Jc]
tintin641: checks 
Alyssahigh: bets $2.38
tintin641: folds 
Uncalled bet ($2.38) returned to Alyssahigh
Alyssahigh collected $2.38 from pot
*** SUMMARY ***
Total pot $2.50 | Rake $0.12 
Board [7s 9s Jc]
Seat 1: michasia (small blind) folded before Flop
Seat 2: tintin641 (big blind) folded on the Flop
Seat 3: Zvst folded before Flop (didn't bet)
Seat 4: BGS013 folded before Flop (didn't bet)
Seat 5: AlexPinsk1 folded before Flop (didn't bet)
Seat 6: Alyssahigh (button) collected ($2.38)



PokerStars Hand #254319017010:  Hold'em No Limit ($0.50/$1.00 USD) - 2025/01/11 20:18:20 WET [2025/01/11 15:18:20 ET]
Table 'Ceres III' 6-max Seat #1 is the button
Seat 1: michasia ($114.82 in chips) 
Seat 2: tintin641 ($123.48 in chips) 
Seat 3: Zvst ($123.20 in chips) 
Seat 4: BGS013 ($181.48 in chips) 
Seat 5: AlexPinsk1 ($100 in chips) 
Seat 6: Alyssahigh ($229.27 in chips) 
tintin641: posts small blind $0.50
Zvst: posts big blind $1
*** HOLE CARDS ***
BGS013: folds 
AlexPinsk1: folds 
Alyssahigh: folds 
michasia: folds 
tintin641: raises $2 to $3
Zvst: folds 
Uncalled bet ($2) returned to tintin641
tintin641 collected $2 from pot
tintin641: doesn't show hand 
*** SUMMARY ***
Total pot $2 | Rake $0 
Seat 1: michasia (button) folded before Flop (didn't bet)
Seat 2: tintin641 (small blind) collected ($2)
Seat 3: Zvst (big blind) folded before Flop
Seat 4: BGS013 folded before Flop (didn't bet)
Seat 5: AlexPinsk1 folded before Flop (didn't bet)
Seat 6: Alyssahigh folded before Flop (didn't bet)



PokerStars Hand #254319028751:  Hold'em No Limit ($0.50/$1.00 USD) - 2025/01/11 20:18:54 WET [2025/01/11 15:18:54 ET]
Table 'Ceres III' 6-max Seat #2 is the button
Seat 1: michasia ($114.82 in chips) 
Seat 2: tintin641 ($124.48 in chips) 
Seat 3: Zvst ($122.20 in chips) 
Seat 4: BGS013 ($181.48 in chips) 
Seat 5: AlexPinsk1 ($100 in chips) 
Seat 6: Alyssahigh ($229.27 in chips) 
Zvst: posts small blind $0.50
BGS013: posts big blind $1
*** HOLE CARDS ***
AlexPinsk1: folds 
Alyssahigh: folds 
michasia: folds 
tintin641: raises $1.50 to $2.50
Zvst: folds 
BGS013: folds 
Uncalled bet ($1.50) returned to tintin641
tintin641 collected $2.50 from pot
tintin641: doesn't show hand 
*** SUMMARY ***
Total pot $2.50 | Rake $0 
Seat 1: michasia folded before Flop (didn't bet)
Seat 2: tintin641 (button) collected ($2.50)
Seat 3: Zvst (small blind) folded before Flop
Seat 4: BGS013 (big blind) folded before Flop
Seat 5: AlexPinsk1 folded before Flop (didn't bet)
Seat 6: Alyssahigh folded before Flop (didn't bet)



PokerStars Hand #254319035658:  Hold'em No Limit ($0.50/$1.00 USD) - 2025/01/11 20:19:14 WET [2025/01/11 15:19:14 ET]
Table 'Ceres III' 6-max Seat #3 is the button
Seat 1: michasia ($114.82 in chips) 
Seat 2: tintin641 ($125.98 in chips) 
Seat 3: Zvst ($121.70 in chips) 
Seat 4: BGS013 ($180.48 in chips) 
Seat 5: AlexPinsk1 ($100 in chips) 
Seat 6: Alyssahigh ($229.27 in chips) 
BGS013: posts small blind $0.50
AlexPinsk1: posts big blind $1
*** HOLE CARDS ***
Alyssahigh: calls $1
michasia: folds 
tintin641: folds 
Zvst: folds 
BGS013: folds 
AlexPinsk1: checks 
*** FLOP *** [2s 7h Jh]
AlexPinsk1: checks 
Alyssahigh: bets $2.38
AlexPinsk1: calls $2.38
*** TURN *** [2s 7h Jh] [Ad]
AlexPinsk1: checks 
Alyssahigh: bets $6.90
AlexPinsk1: folds 
Uncalled bet ($6.90) returned to Alyssahigh
Alyssahigh collected $6.90 from pot
*** SUMMARY ***
Total pot $7.26 | Rake $0.36 
Board [2s 7h Jh Ad]
Seat 1: michasia folded before Flop (didn't bet)
Seat 2: tintin641 folded before Flop (didn't bet)
Seat 3: Zvst (button) folded before Flop (didn't bet)
Seat 4: BGS013 (small blind) folded before Flop
Seat 5: AlexPinsk1 (big blind) folded on the Turn
Seat 6: Alyssahigh collected ($6.90)



PokerStars Hand #254319049674:  Hold'em No Limit ($0.50/$1.00 USD) - 2025/01/11 20:19:55 WET [2025/01/11 15:19:55 ET]
Table 'Ceres III' 6-max Seat #4 is the button
Seat 1: michasia ($114.82 in chips) 
Seat 2: tintin641 ($125.98 in chips) 
Seat 3: Zvst ($121.70 in chips) 
Seat 4: BGS013 ($179.98 in chips) 
Seat 5: AlexPinsk1 ($100 in chips) 
Seat 6: Alyssahigh ($232.79 in chips) 
AlexPinsk1: posts small blind $0.50
Alyssahigh: posts big blind $1
*** HOLE CARDS ***
michasia: folds 
tintin641: folds 
Zvst: folds 
BGS013: folds 
AlexPinsk1: raises $2 to $3
Alyssahigh: folds 
Uncalled bet ($2) returned to AlexPinsk1
AlexPinsk1 collected $2 from pot
AlexPinsk1: doesn't show hand 
*** SUMMARY ***
Total pot $2 | Rake $0 
Seat 1: michasia folded before Flop (didn't bet)
Seat 2: tintin641 folded before Flop (didn't bet)
Seat 3: Zvst folded before Flop (didn't bet)
Seat 4: BGS013 (button) folded before Flop (didn't bet)
Seat 5: AlexPinsk1 (small blind) collected ($2)
Seat 6: Alyssahigh (big blind) folded before Flop



PokerStars Hand #254319053045:  Hold'em No Limit ($0.50/$1.00 USD) - 2025/01/11 20:20:06 WET [2025/01/11 15:20:06 ET]
Table 'Ceres III' 6-max Seat #5 is the button
Seat 1: michasia ($114.82 in chips) 
Seat 2: tintin641 ($125.98 in chips) 
Seat 3: Zvst ($121.70 in chips) 
Seat 4: BGS013 ($179.98 in chips) 
Seat 5: AlexPinsk1 ($101 in chips) 
Seat 6: Alyssahigh ($231.79 in chips) 
Alyssahigh: posts small blind $0.50
michasia: posts big blind $1
*** HOLE CARDS ***
tintin641: folds 
Zvst has timed out
Zvst: folds 
BGS013: folds 
AlexPinsk1: raises $1.50 to $2.50
Alyssahigh: calls $2
michasia: raises $11.50 to $14
AlexPinsk1: folds 
Alyssahigh: calls $11.50
*** FLOP *** [4s 7c 6s]
Alyssahigh: checks 
michasia: checks 
*** TURN *** [4s 7c 6s] [8s]
Alyssahigh: bets $14.49
michasia: folds 
Uncalled bet ($14.49) returned to Alyssahigh
Alyssahigh collected $28.98 from pot
*** SUMMARY ***
Total pot $30.50 | Rake $1.52 
Board [4s 7c 6s 8s]
Seat 1: michasia (big blind) folded on the Turn
Seat 2: tintin641 folded before Flop (didn't bet)
Seat 3: Zvst folded before Flop (didn't bet)
Seat 4: BGS013 folded before Flop (didn't bet)
Seat 5: AlexPinsk1 (button) folded before Flop
Seat 6: Alyssahigh (small blind) collected ($28.98)



PokerStars Hand #254319075995:  Hold'em No Limit ($0.50/$1.00 USD) - 2025/01/11 20:21:13 WET [2025/01/11 15:21:13 ET]
Table 'Ceres III' 6-max Seat #6 is the button
Seat 1: michasia ($100.82 in chips) 
Seat 2: tintin641 ($125.98 in chips) 
Seat 3: Zvst ($121.70 in chips) 
Seat 4: BGS013 ($179.98 in chips) 
Seat 5: AlexPinsk1 ($100 in chips) 
Seat 6: Alyssahigh ($246.77 in chips) 
michasia: posts small blind $0.50
tintin641: posts big blind $1
*** HOLE CARDS ***
Zvst: folds 
BGS013: folds 
AlexPinsk1: raises $1.50 to $2.50
Alyssahigh: calls $2.50
michasia: folds 
tintin641: folds 
*** FLOP *** [8c 3c Kh]
AlexPinsk1: checks 
Alyssahigh: bets $6.18
AlexPinsk1: calls $6.18
*** TURN *** [8c 3c Kh] [9c]
AlexPinsk1: checks 
Alyssahigh: checks 
*** RIVER *** [8c 3c Kh 9c] [5h]
AlexPinsk1: checks 
Alyssahigh: checks 
*** SHOW DOWN ***
AlexPinsk1: shows [8s Js] (a pair of Eights)
Alyssahigh: shows [9h Qc] (a pair of Nines)
Alyssahigh collected $17.92 from pot
*** SUMMARY ***
Total pot $18.86 | Rake $0.94 
Board [8c 3c Kh 9c 5h]
Seat 1: michasia (small blind) folded before Flop
Seat 2: tintin641 (big blind) folded before Flop
Seat 3: Zvst folded before Flop (didn't bet)
Seat 4: BGS013 folded before Flop (didn't bet)
Seat 5: AlexPinsk1 showed [8s Js] and lost with a pair of Eights
Seat 6: Alyssahigh (button) showed [9h Qc] and won ($17.92) with a pair of Nines



PokerStars Hand #254319092403:  Hold'em No Limit ($0.50/$1.00 USD) - 2025/01/11 20:22:02 WET [2025/01/11 15:22:02 ET]
Table 'Ceres III' 6-max Seat #1 is the button
Seat 1: michasia ($100.32 in chips) 
Seat 2: tintin641 ($124.98 in chips) 
Seat 3: Zvst ($121.70 in chips) 
Seat 4: BGS013 ($179.98 in chips) 
Seat 5: AlexPinsk1 ($100 in chips) 
Seat 6: Alyssahigh ($256.01 in chips) 
tintin641: posts small blind $0.50
Zvst: posts big blind $1
*** HOLE CARDS ***
BGS013: folds 
AlexPinsk1: folds 
Alyssahigh: calls $1
michasia: folds 
tintin641: folds 
Zvst: raises $4 to $5
Alyssahigh: calls $4
*** FLOP *** [Jh 2s 9s]
Zvst: checks 
Alyssahigh: bets $9.98
Zvst: raises $17.96 to $27.94
Alyssahigh: calls $17.96
*** TURN *** [Jh 2s 9s] [8h]
Zvst: bets $44.59
Alyssahigh: calls $44.59
*** RIVER *** [Jh 2s 9s 8h] [8c]
Zvst: bets $44.17 and is all-in
Alyssahigh: folds 
Uncalled bet ($44.17) returned to Zvst
Zvst collected $153.06 from pot
Zvst: doesn't show hand 
*** SUMMARY ***
Total pot $155.56 | Rake $2.50 
Board [Jh 2s 9s 8h 8c]
Seat 1: michasia (button) folded before Flop (didn't bet)
Seat 2: tintin641 (small blind) folded before Flop
Seat 3: Zvst (big blind) collected ($153.06)
Seat 4: BGS013 folded before Flop (didn't bet)
Seat 5: AlexPinsk1 folded before Flop (didn't bet)
Seat 6: Alyssahigh folded on the River



PokerStars Hand #254319115255:  Hold'em No Limit ($0.50/$1.00 USD) - 2025/01/11 20:23:10 WET [2025/01/11 15:23:10 ET]
Table 'Ceres III' 6-max Seat #2 is the button
Seat 1: michasia ($100.32 in chips) 
Seat 2: tintin641 ($124.48 in chips) 
Seat 3: Zvst ($197.23 in chips) 
Seat 4: BGS013 ($179.98 in chips) 
Seat 5: AlexPinsk1 ($100 in chips) 
Seat 6: Alyssahigh ($178.48 in chips) 
Zvst: posts small blind $0.50
BGS013: posts big blind $1
*** HOLE CARDS ***
AlexPinsk1: folds 
Alyssahigh: calls $1
michasia: raises $2.50 to $3.50
tintin641: folds 
Zvst: folds 
BGS013: folds 
Alyssahigh: calls $2.50
*** FLOP *** [3s Ad Td]
Alyssahigh: checks 
michasia: bets $2.67
Alyssahigh: folds 
Uncalled bet ($2.67) returned to michasia
michasia collected $8.08 from pot
michasia: doesn't show hand 
*** SUMMARY ***
Total pot $8.50 | Rake $0.42 
Board [3s Ad Td]
Seat 1: michasia collected ($8.08)
Seat 2: tintin641 (button) folded before Flop (didn't bet)
Seat 3: Zvst (small blind) folded before Flop
Seat 4: BGS013 (big blind) folded before Flop
Seat 5: AlexPinsk1 folded before Flop (didn't bet)
Seat 6: Alyssahigh folded on the Flop



PokerStars Hand #254319127081:  Hold'em No Limit ($0.50/$1.00 USD) - 2025/01/11 20:23:45 WET [2025/01/11 15:23:45 ET]
Table 'Ceres III' 6-max Seat #3 is the button
Seat 1: michasia ($104.90 in chips) 
Seat 2: tintin641 ($124.48 in chips) 
Seat 3: Zvst ($196.73 in chips) 
Seat 4: BGS013 ($178.98 in chips) 
Seat 5: AlexPinsk1 ($100 in chips) 
Seat 6: Alyssahigh ($174.98 in chips) 
BGS013: posts small blind $0.50
AlexPinsk1: posts big blind $1
*** HOLE CARDS ***
Alyssahigh: calls $1
michasia: folds 
tintin641: folds 
Zvst: folds 
BGS013: folds 
AlexPinsk1: checks 
*** FLOP *** [3s Kh 5h]
AlexPinsk1: checks 
Alyssahigh: bets $2.38
AlexPinsk1: calls $2.38
*** TURN *** [3s Kh 5h] [Kd]
AlexPinsk1: checks 
Alyssahigh: bets $6.90
AlexPinsk1: calls $6.90
*** RIVER *** [3s Kh 5h Kd] [Th]
AlexPinsk1: checks 
Alyssahigh: bets $20.01
AlexPinsk1: folds 
Uncalled bet ($20.01) returned to Alyssahigh
Alyssahigh collected $20.01 from pot
*** SUMMARY ***
Total pot $21.06 | Rake $1.05 
Board [3s Kh 5h Kd Th]
Seat 1: michasia folded before Flop (didn't bet)
Seat 2: tintin641 folded before Flop (didn't bet)
Seat 3: Zvst (button) folded before Flop (didn't bet)
Seat 4: BGS013 (small blind) folded before Flop
Seat 5: AlexPinsk1 (big blind) folded on the River
Seat 6: Alyssahigh collected ($20.01)



PokerStars Hand #254319145341:  Hold'em No Limit ($0.50/$1.00 USD) - 2025/01/11 20:24:39 WET [2025/01/11 15:24:39 ET]
Table 'Ceres III' 6-max Seat #4 is the button
Seat 1: michasia ($104.90 in chips) 
Seat 2: tintin641 ($124.48 in chips) 
Seat 3: Zvst ($196.73 in chips) 
Seat 4: BGS013 ($178.48 in chips) 
Seat 5: AlexPinsk1 ($100 in chips) 
Seat 6: Alyssahigh ($184.71 in chips) 
AlexPinsk1: posts small blind $0.50
Alyssahigh: posts big blind $1
*** HOLE CARDS ***
michasia: raises $1.60 to $2.60
tintin641: folds 
Zvst: folds 
BGS013: raises $5.40 to $8
AlexPinsk1: folds 
Alyssahigh: calls $7
michasia: calls $5.40
*** FLOP *** [9s Tc Qd]
Alyssahigh: checks 
michasia: checks 
BGS013: bets $7.50
Alyssahigh: calls $7.50
michasia: folds 
*** TURN *** [9s Tc Qd] [2d]
Alyssahigh: checks 
BGS013: bets $29.27
Alyssahigh: calls $29.27
*** RIVER *** [9s Tc Qd 2d] [7s]
Alyssahigh: checks 
BGS013: bets $133.71 and is all-in
Alyssahigh: folds 
Uncalled bet ($133.71) returned to BGS013
BGS013 collected $95.54 from pot
BGS013: doesn't show hand 
*** SUMMARY ***
Total pot $98.04 | Rake $2.50 
Board [9s Tc Qd 2d 7s]
Seat 1: michasia folded on the Flop
Seat 2: tintin641 folded before Flop (didn't bet)
Seat 3: Zvst folded before Flop (didn't bet)
Seat 4: BGS013 (button) collected ($95.54)
Seat 5: AlexPinsk1 (small blind) folded before Flop
Seat 6: Alyssahigh (big blind) folded on the River



PokerStars Hand #254319161539:  Hold'em No Limit ($0.50/$1.00 USD) - 2025/01/11 20:25:27 WET [2025/01/11 15:25:27 ET]
Table 'Ceres III' 6-max Seat #5 is the button
Seat 1: michasia ($100 in chips) 
Seat 2: tintin641 ($124.48 in chips) 
Seat 3: Zvst ($196.73 in chips) 
Seat 4: BGS013 ($229.25 in chips) 
Seat 5: AlexPinsk1 ($100 in chips) 
Seat 6: Alyssahigh ($139.94 in chips) 
Alyssahigh: posts small blind $0.50
michasia: posts big blind $1
*** HOLE CARDS ***
tintin641: folds 
Zvst: folds 
BGS013: folds 
AlexPinsk1: raises $1.50 to $2.50
Alyssahigh: calls $2
michasia: raises $11.50 to $14
AlexPinsk1: calls $11.50
Alyssahigh: calls $11.50
*** FLOP *** [3c 5d 2s]
Alyssahigh: checks 
michasia: checks 
AlexPinsk1: checks 
*** TURN *** [3c 5d 2s] [Qh]
Alyssahigh: bets $39.90
michasia: folds 
AlexPinsk1: folds 
Uncalled bet ($39.90) returned to Alyssahigh
Alyssahigh collected $39.90 from pot
*** SUMMARY ***
Total pot $42 | Rake $2.10 
Board [3c 5d 2s Qh]
Seat 1: michasia (big blind) folded on the Turn
Seat 2: tintin641 folded before Flop (didn't bet)
Seat 3: Zvst folded before Flop (didn't bet)
Seat 4: BGS013 folded before Flop (didn't bet)
Seat 5: AlexPinsk1 (button) folded on the Turn
Seat 6: Alyssahigh (small blind) collected ($39.90)



PokerStars Hand #254319179421:  Hold'em No Limit ($0.50/$1.00 USD) - 2025/01/11 20:26:21 WET [2025/01/11 15:26:21 ET]
Table 'Ceres III' 6-max Seat #6 is the button
Seat 1: michasia ($100 in chips) 
Seat 2: tintin641 ($124.48 in chips) 
Seat 3: Zvst ($196.73 in chips) 
Seat 4: BGS013 ($229.25 in chips) 
Seat 5: AlexPinsk1 ($100 in chips) 
Seat 6: Alyssahigh ($165.84 in chips) 
michasia: posts small blind $0.50
tintin641: posts big blind $1
*** HOLE CARDS ***
Zvst: folds 
BGS013: raises $1 to $2
AlexPinsk1: folds 
Alyssahigh: calls $2
michasia: folds 
tintin641: folds 
*** FLOP *** [7s Jd 7d]
BGS013: checks 
Alyssahigh: bets $5.22
BGS013: folds 
Uncalled bet ($5.22) returned to Alyssahigh
Alyssahigh collected $5.22 from pot
*** SUMMARY ***
Total pot $5.50 | Rake $0.28 
Board [7s Jd 7d]
Seat 1: michasia (small blind) folded before Flop
Seat 2: tintin641 (big blind) folded before Flop
Seat 3: Zvst folded before Flop (didn't bet)
Seat 4: BGS013 folded on the Flop
Seat 5: AlexPinsk1 folded before Flop (didn't bet)
Seat 6: Alyssahigh (button) collected ($5.22)



PokerStars Hand #254319186962:  Hold'em No Limit ($0.50/$1.00 USD) - 2025/01/11 20:26:43 WET [2025/01/11 15:26:43 ET]
Table 'Ceres III' 6-max Seat #1 is the button
Seat 1: michasia ($100 in chips) 
Seat 2: tintin641 ($123.48 in chips) 
Seat 3: Zvst ($196.73 in chips) 
Seat 4: BGS013 ($227.25 in chips) 
Seat 5: AlexPinsk1 ($100 in chips) 
Seat 6: Alyssahigh ($169.06 in chips) 
tintin641: posts small blind $0.50
Zvst: posts big blind $1
*** HOLE CARDS ***
BGS013: folds 
AlexPinsk1: folds 
Alyssahigh: raises $2.50 to $3.50
michasia: folds 
tintin641: folds 
Zvst: folds 
Uncalled bet ($2.50) returned to Alyssahigh
Alyssahigh collected $2.50 from pot
*** SUMMARY ***
Total pot $2.50 | Rake $0 
Seat 1: michasia (button) folded before Flop (didn't bet)
Seat 2: tintin641 (small blind) folded before Flop
Seat 3: Zvst (big blind) folded before Flop
Seat 4: BGS013 folded before Flop (didn't bet)
Seat 5: AlexPinsk1 folded before Flop (didn't bet)
Seat 6: Alyssahigh collected ($2.50)



PokerStars Hand #254319192314:  Hold'em No Limit ($0.50/$1.00 USD) - 2025/01/11 20:26:59 WET [2025/01/11 15:26:59 ET]
Table 'Ceres III' 6-max Seat #2 is the button
Seat 1: michasia ($100 in chips) 
Seat 2: tintin641 ($122.98 in chips) 
Seat 3: Zvst ($195.73 in chips) 
Seat 4: BGS013 ($227.25 in chips) 
Seat 5: AlexPinsk1 ($100 in chips) 
Seat 6: Alyssahigh ($170.56 in chips) 
Zvst: posts small blind $0.50
BGS013: posts big blind $1
*** HOLE CARDS ***
AlexPinsk1: folds 
Alyssahigh: folds 
michasia: raises $1.80 to $2.80
tintin641: folds 
Zvst: folds 
BGS013: folds 
Uncalled bet ($1.80) returned to michasia
michasia collected $2.50 from pot
michasia: doesn't show hand 
*** SUMMARY ***
Total pot $2.50 | Rake $0 
Seat 1: michasia collected ($2.50)
Seat 2: tintin641 (button) folded before Flop (didn't bet)
Seat 3: Zvst (small blind) folded before Flop
Seat 4: BGS013 (big blind) folded before Flop
Seat 5: AlexPinsk1 folded before Flop (didn't bet)
Seat 6: Alyssahigh folded before Flop (didn't bet)



PokerStars Hand #254319197045:  Hold'em No Limit ($0.50/$1.00 USD) - 2025/01/11 20:27:14 WET [2025/01/11 15:27:14 ET]
Table 'Ceres III' 6-max Seat #3 is the button
Seat 1: michasia ($101.50 in chips) 
Seat 2: tintin641 ($122.98 in chips) 
Seat 3: Zvst ($195.23 in chips) 
Seat 4: BGS013 ($226.25 in chips) 
Seat 5: AlexPinsk1 ($100 in chips) 
Seat 6: Alyssahigh ($170.56 in chips) 
BGS013: posts small blind $0.50
AlexPinsk1: posts big blind $1
*** HOLE CARDS ***
Alyssahigh: calls $1
michasia: folds 
tintin641: folds 
Zvst: folds 
BGS013: folds 
AlexPinsk1: checks 
*** FLOP *** [Qd Ad 4h]
AlexPinsk1: checks 
Alyssahigh: bets $2.38
AlexPinsk1: folds 
Uncalled bet ($2.38) returned to Alyssahigh
Alyssahigh collected $2.38 from pot
*** SUMMARY ***
Total pot $2.50 | Rake $0.12 
Board [Qd Ad 4h]
Seat 1: michasia folded before Flop (didn't bet)
Seat 2: tintin641 folded before Flop (didn't bet)
Seat 3: Zvst (button) folded before Flop (didn't bet)
Seat 4: BGS013 (small blind) folded before Flop
Seat 5: AlexPinsk1 (big blind) folded on the Flop
Seat 6: Alyssahigh collected ($2.38)



PokerStars Hand #254319205112:  Hold'em No Limit ($0.50/$1.00 USD) - 2025/01/11 20:27:38 WET [2025/01/11 15:27:38 ET]
Table 'Ceres III' 6-max Seat #4 is the button
Seat 1: michasia ($101.50 in chips) 
Seat 2: tintin641 ($122.98 in chips) 
Seat 3: Zvst ($195.23 in chips) 
Seat 4: BGS013 ($225.75 in chips) 
Seat 5: AlexPinsk1 ($100 in chips) 
Seat 6: Alyssahigh ($171.94 in chips) 
AlexPinsk1: posts small blind $0.50
Alyssahigh: posts big blind $1
*** HOLE CARDS ***
michasia: folds 
tintin641: folds 
Zvst: raises $2 to $3
BGS013: calls $3
AlexPinsk1: folds 
Alyssahigh: folds 
*** FLOP *** [4h 8s Kh]
Zvst: checks 
BGS013: bets $1.85
Zvst: raises $5.41 to $7.26
BGS013: folds 
Uncalled bet ($5.41) returned to Zvst
Zvst collected $10.64 from pot
Zvst: doesn't show hand 
*** SUMMARY ***
Total pot $11.20 | Rake $0.56 
Board [4h 8s Kh]
Seat 1: michasia folded before Flop (didn't bet)
Seat 2: tintin641 folded before Flop (didn't bet)
Seat 3: Zvst collected ($10.64)
Seat 4: BGS013 (button) folded on the Flop
Seat 5: AlexPinsk1 (small blind) folded before Flop
Seat 6: Alyssahigh (big blind) folded before Flop



PokerStars Hand #254319222950:  Hold'em No Limit ($0.50/$1.00 USD) - 2025/01/11 20:28:31 WET [2025/01/11 15:28:31 ET]
Table 'Ceres III' 6-max Seat #5 is the button
Seat 1: michasia ($101.50 in chips) 
Seat 2: tintin641 ($122.98 in chips) 
Seat 3: Zvst ($201.02 in chips) 
Seat 4: BGS013 ($220.90 in chips) 
Seat 5: AlexPinsk1 ($100 in chips) 
Seat 6: Alyssahigh ($170.94 in chips) 
Alyssahigh: posts small blind $0.50
michasia: posts big blind $1
*** HOLE CARDS ***
tintin641: raises $1.50 to $2.50
Zvst: folds 
BGS013: calls $2.50
AlexPinsk1: folds 
Alyssahigh: calls $2
michasia: folds 
*** FLOP *** [3c 2c 7d]
Alyssahigh: checks 
tintin641: checks 
BGS013: bets $3
Alyssahigh: calls $3
tintin641: folds 
*** TURN *** [3c 2c 7d] [Ts]
Alyssahigh: checks 
BGS013: bets $17.50
Alyssahigh: calls $17.50
*** RIVER *** [3c 2c 7d Ts] [Js]
Alyssahigh: bets $47.02
BGS013: raises $150.88 to $197.90 and is all-in
Alyssahigh: folds 
Uncalled bet ($150.88) returned to BGS013
BGS013 collected $141.04 from pot
BGS013: doesn't show hand 
*** SUMMARY ***
Total pot $143.54 | Rake $2.50 
Board [3c 2c 7d Ts Js]
Seat 1: michasia (big blind) folded before Flop
Seat 2: tintin641 folded on the Flop
Seat 3: Zvst folded before Flop (didn't bet)
Seat 4: BGS013 collected ($141.04)
Seat 5: AlexPinsk1 (button) folded before Flop (didn't bet)
Seat 6: Alyssahigh (small blind) folded on the River



PokerStars Hand #254319242503:  Hold'em No Limit ($0.50/$1.00 USD) - 2025/01/11 20:29:30 WET [2025/01/11 15:29:30 ET]
Table 'Ceres III' 6-max Seat #6 is the button
Seat 1: michasia ($100.50 in chips) 
Seat 2: tintin641 ($120.48 in chips) 
Seat 3: Zvst ($201.02 in chips) 
Seat 4: BGS013 ($291.92 in chips) 
Seat 5: AlexPinsk1 ($100 in chips) 
Seat 6: Alyssahigh ($100.92 in chips) 
michasia: posts small blind $0.50
tintin641: posts big blind $1
*** HOLE CARDS ***
Zvst: folds 
BGS013: folds 
AlexPinsk1: folds 
Alyssahigh: calls $1
michasia: folds 
tintin641: checks 
*** FLOP *** [8d 6h 7h]
tintin641: checks 
Alyssahigh: bets $2.38
tintin641: folds 
Uncalled bet ($2.38) returned to Alyssahigh
Alyssahigh collected $2.38 from pot
*** SUMMARY ***
Total pot $2.50 | Rake $0.12 
Board [8d 6h 7h]
Seat 1: michasia (small blind) folded before Flop
Seat 2: tintin641 (big blind) folded on the Flop
Seat 3: Zvst folded before Flop (didn't bet)
Seat 4: BGS013 folded before Flop (didn't bet)
Seat 5: AlexPinsk1 folded before Flop (didn't bet)
Seat 6: Alyssahigh (button) collected ($2.38)



PokerStars Hand #254319255672:  Hold'em No Limit ($0.50/$1.00 USD) - 2025/01/11 20:30:10 WET [2025/01/11 15:30:10 ET]
Table 'Ceres III' 6-max Seat #1 is the button
Seat 1: michasia ($100 in chips) 
Seat 2: tintin641 ($119.48 in chips) 
Seat 3: Zvst ($201.02 in chips) 
Seat 4: BGS013 ($291.92 in chips) 
Seat 5: AlexPinsk1 ($100 in chips) 
Seat 6: Alyssahigh ($102.30 in chips) 
tintin641: posts small blind $0.50
Zvst: posts big blind $1
*** HOLE CARDS ***
BGS013: folds 
AlexPinsk1: folds 
Alyssahigh: folds 
michasia: folds 
tintin641: raises $2 to $3
Zvst: folds 
Uncalled bet ($2) returned to tintin641
tintin641 collected $2 from pot
tintin641: doesn't show hand 
*** SUMMARY ***
Total pot $2 | Rake $0 
Seat 1: michasia (button) folded before Flop (didn't bet)
Seat 2: tintin641 (small blind) collected ($2)
Seat 3: Zvst (big blind) folded before Flop
Seat 4: BGS013 folded before Flop (didn't bet)
Seat 5: AlexPinsk1 folded before Flop (didn't bet)
Seat 6: Alyssahigh folded before Flop (didn't bet)



PokerStars Hand #254319261329:  Hold'em No Limit ($0.50/$1.00 USD) - 2025/01/11 20:30:26 WET [2025/01/11 15:30:26 ET]
Table 'Ceres III' 6-max Seat #2 is the button
Seat 1: michasia ($100 in chips) 
Seat 2: tintin641 ($120.48 in chips) 
Seat 3: Zvst ($200.02 in chips) 
Seat 4: BGS013 ($291.92 in chips) 
Seat 5: AlexPinsk1 ($100 in chips) 
Seat 6: Alyssahigh ($102.30 in chips) 
Zvst: posts small blind $0.50
BGS013: posts big blind $1
*** HOLE CARDS ***
AlexPinsk1: folds 
Alyssahigh: folds 
michasia: folds 
tintin641: folds 
Zvst: raises $2 to $3
BGS013: calls $2
*** FLOP *** [6d Js Jd]
Zvst: bets $2.85
BGS013: calls $2.85
*** TURN *** [6d Js Jd] [3h]
Zvst: checks 
BGS013: bets $7
Zvst: folds 
Uncalled bet ($7) returned to BGS013
BGS013 collected $11.12 from pot
BGS013: doesn't show hand 
*** SUMMARY ***
Total pot $11.70 | Rake $0.58 
Board [6d Js Jd 3h]
Seat 1: michasia folded before Flop (didn't bet)
Seat 2: tintin641 (button) folded before Flop (didn't bet)
Seat 3: Zvst (small blind) folded on the Turn
Seat 4: BGS013 (big blind) collected ($11.12)
Seat 5: AlexPinsk1 folded before Flop (didn't bet)
Seat 6: Alyssahigh folded before Flop (didn't bet)



PokerStars Hand #254319281498:  Hold'em No Limit ($0.50/$1.00 USD) - 2025/01/11 20:31:26 WET [2025/01/11 15:31:26 ET]
Table 'Ceres III' 6-max Seat #3 is the button
Seat 1: michasia ($100 in chips) 
Seat 2: tintin641 ($120.48 in chips) 
Seat 3: Zvst ($194.17 in chips) 
Seat 4: BGS013 ($297.19 in chips) 
Seat 5: AlexPinsk1 ($100 in chips) 
Seat 6: Alyssahigh ($102.30 in chips) 
BGS013: posts small blind $0.50
AlexPinsk1: posts big blind $1
*** HOLE CARDS ***
Alyssahigh: raises $2.50 to $3.50
michasia: folds 
tintin641: folds 
Zvst: folds 
BGS013: folds 
AlexPinsk1: calls $2.50
*** FLOP *** [4s 9d Jc]
AlexPinsk1: checks 
Alyssahigh: bets $7.12
AlexPinsk1: calls $7.12
*** TURN *** [4s 9d Jc] [7s]
AlexPinsk1: checks 
Alyssahigh: bets $10.33
AlexPinsk1: calls $10.33
*** RIVER *** [4s 9d Jc 7s] [Kc]
AlexPinsk1: checks 
Alyssahigh: checks 
*** SHOW DOWN ***
AlexPinsk1: shows [Qh Js] (a pair of Jacks)
Alyssahigh: mucks hand 
AlexPinsk1 collected $40.28 from pot
*** SUMMARY ***
Total pot $42.40 | Rake $2.12 
Board [4s 9d Jc 7s Kc]
Seat 1: michasia folded before Flop (didn't bet)
Seat 2: tintin641 folded before Flop (didn't bet)
Seat 3: Zvst (button) folded before Flop (didn't bet)
Seat 4: BGS013 (small blind) folded before Flop
Seat 5: AlexPinsk1 (big blind) showed [Qh Js] and won ($40.28) with a pair of Jacks
Seat 6: Alyssahigh mucked



PokerStars Hand #254319301294:  Hold'em No Limit ($0.50/$1.00 USD) - 2025/01/11 20:32:26 WET [2025/01/11 15:32:26 ET]
Table 'Ceres III' 6-max Seat #4 is the button
Seat 1: michasia ($100 in chips) 
Seat 2: tintin641 ($120.48 in chips) 
Seat 3: Zvst ($194.17 in chips) 
Seat 4: BGS013 ($296.69 in chips) 
Seat 5: AlexPinsk1 ($119.33 in chips) 
Seat 6: Alyssahigh ($81.35 in chips) 
AlexPinsk1: posts small blind $0.50
Alyssahigh: posts big blind $1
*** HOLE CARDS ***
michasia: folds 
tintin641: folds 
Zvst: raises $2 to $3
BGS013: calls $3
AlexPinsk1: folds 
Alyssahigh: calls $2
*** FLOP *** [5s 2c 3d]
Alyssahigh: checks 
Zvst: checks 
BGS013: checks 
*** TURN *** [5s 2c 3d] [Qd]
Alyssahigh: bets $9.02
Zvst: folds 
BGS013: folds 
Uncalled bet ($9.02) returned to Alyssahigh
Alyssahigh collected $9.02 from pot
*** SUMMARY ***
Total pot $9.50 | Rake $0.48 
Board [5s 2c 3d Qd]
Seat 1: michasia folded before Flop (didn't bet)
Seat 2: tintin641 folded before Flop (didn't bet)
Seat 3: Zvst folded on the Turn
Seat 4: BGS013 (button) folded on the Turn
Seat 5: AlexPinsk1 (small blind) folded before Flop
Seat 6: Alyssahigh (big blind) collected ($9.02)



PokerStars Hand #254319317527:  Hold'em No Limit ($0.50/$1.00 USD) - 2025/01/11 20:33:14 WET [2025/01/11 15:33:14 ET]
Table 'Ceres III' 6-max Seat #5 is the button
Seat 1: michasia ($100 in chips) 
Seat 2: tintin641 ($120.48 in chips) 
Seat 3: Zvst ($191.17 in chips) 
Seat 4: BGS013 ($293.69 in chips) 
Seat 5: AlexPinsk1 ($118.83 in chips) 
Seat 6: Alyssahigh ($87.37 in chips) 
Alyssahigh: posts small blind $0.50
michasia: posts big blind $1
*** HOLE CARDS ***
tintin641: raises $1.50 to $2.50
Zvst: folds 
BGS013: folds 
AlexPinsk1: folds 
Alyssahigh: calls $2
michasia: folds 
*** FLOP *** [8d Ah Kd]
Alyssahigh: checks 
tintin641: checks 
*** TURN *** [8d Ah Kd] [Qc]
Alyssahigh: bets $5.70
tintin641: calls $5.70
*** RIVER *** [8d Ah Kd Qc] [7h]
Alyssahigh: checks 
tintin641: bets $5.45
Alyssahigh: calls $5.45
*** SHOW DOWN ***
tintin641: shows [As Tc] (a pair of Aces)
Alyssahigh: mucks hand 
tintin641 collected $26.88 from pot
*** SUMMARY ***
Total pot $28.30 | Rake $1.42 
Board [8d Ah Kd Qc 7h]
Seat 1: michasia (big blind) folded before Flop
Seat 2: tintin641 showed [As Tc] and won ($26.88) with a pair of Aces
Seat 3: Zvst folded before Flop (didn't bet)
Seat 4: BGS013 folded before Flop (didn't bet)
Seat 5: AlexPinsk1 (button) folded before Flop (didn't bet)
Seat 6: Alyssahigh (small blind) mucked



PokerStars Hand #254319338351:  Hold'em No Limit ($0.50/$1.00 USD) - 2025/01/11 20:34:16 WET [2025/01/11 15:34:16 ET]
Table 'Ceres III' 6-max Seat #6 is the button
Seat 1: michasia ($100 in chips) 
Seat 2: tintin641 ($133.71 in chips) 
Seat 3: Zvst ($191.17 in chips) 
Seat 4: BGS013 ($293.69 in chips) 
Seat 5: AlexPinsk1 ($118.83 in chips) 
Seat 6: Alyssahigh ($73.72 in chips) 
michasia: posts small blind $0.50
tintin641: posts big blind $1
*** HOLE CARDS ***
Zvst: folds 
BGS013: folds 
AlexPinsk1: folds 
Alyssahigh: raises $2.50 to $3.50
michasia: folds 
tintin641: folds 
Uncalled bet ($2.50) returned to Alyssahigh
Alyssahigh collected $2.50 from pot
*** SUMMARY ***
Total pot $2.50 | Rake $0 
Seat 1: michasia (small blind) folded before Flop
Seat 2: tintin641 (big blind) folded before Flop
Seat 3: Zvst folded before Flop (didn't bet)
Seat 4: BGS013 folded before Flop (didn't bet)
Seat 5: AlexPinsk1 folded before Flop (didn't bet)
Seat 6: Alyssahigh (button) collected ($2.50)



PokerStars Hand #254319347432:  Hold'em No Limit ($0.50/$1.00 USD) - 2025/01/11 20:34:43 WET [2025/01/11 15:34:43 ET]
Table 'Ceres III' 6-max Seat #1 is the button
Seat 1: michasia ($100 in chips) 
Seat 2: tintin641 ($132.71 in chips) 
Seat 3: Zvst ($191.17 in chips) 
Seat 4: BGS013 ($293.69 in chips) 
Seat 5: AlexPinsk1 ($118.83 in chips) 
Seat 6: Alyssahigh ($75.22 in chips) 
tintin641: posts small blind $0.50
Zvst: posts big blind $1
*** HOLE CARDS ***
BGS013: folds 
AlexPinsk1: raises $1.50 to $2.50
Alyssahigh: calls $2.50
michasia: folds 
tintin641: folds 
Zvst: folds 
*** FLOP *** [2d 8d 9c]
AlexPinsk1: checks 
Alyssahigh: bets $6.18
AlexPinsk1: calls $6.18
*** TURN *** [2d 8d 9c] [Ad]
AlexPinsk1: checks 
Alyssahigh: checks 
*** RIVER *** [2d 8d 9c Ad] [Jd]
AlexPinsk1: checks 
Alyssahigh: checks 
*** SHOW DOWN ***
AlexPinsk1: shows [Jh As] (two pair, Aces and Jacks)
Alyssahigh: shows [7d 9h] (a flush, Ace high)
Alyssahigh collected $17.92 from pot
*** SUMMARY ***
Total pot $18.86 | Rake $0.94 
Board [2d 8d 9c Ad Jd]
Seat 1: michasia (button) folded before Flop (didn't bet)
Seat 2: tintin641 (small blind) folded before Flop
Seat 3: Zvst (big blind) folded before Flop
Seat 4: BGS013 folded before Flop (didn't bet)
Seat 5: AlexPinsk1 showed [Jh As] and lost with two pair, Aces and Jacks
Seat 6: Alyssahigh showed [7d 9h] and won ($17.92) with a flush, Ace high



PokerStars Hand #254319360584:  Hold'em No Limit ($0.50/$1.00 USD) - 2025/01/11 20:35:22 WET [2025/01/11 15:35:22 ET]
Table 'Ceres III' 6-max Seat #2 is the button
Seat 1: michasia ($100 in chips) 
Seat 2: tintin641 ($132.21 in chips) 
Seat 3: Zvst ($190.17 in chips) 
Seat 4: BGS013 ($293.69 in chips) 
Seat 5: AlexPinsk1 ($110.15 in chips) 
Seat 6: Alyssahigh ($84.46 in chips) 
Zvst: posts small blind $0.50
BGS013: posts big blind $1
*** HOLE CARDS ***
AlexPinsk1: folds 
Alyssahigh: raises $2.50 to $3.50
michasia: raises $7 to $10.50
tintin641: folds 
Zvst: folds 
BGS013: folds 
Alyssahigh: calls $7
*** FLOP *** [Tc Ah 3s]
Alyssahigh: checks 
michasia: bets $7.06
Alyssahigh: folds 
Uncalled bet ($7.06) returned to michasia
michasia collected $21.38 from pot
michasia: doesn't show hand 
*** SUMMARY ***
Total pot $22.50 | Rake $1.12 
Board [Tc Ah 3s]
Seat 1: michasia collected ($21.38)
Seat 2: tintin641 (button) folded before Flop (didn't bet)
Seat 3: Zvst (small blind) folded before Flop
Seat 4: BGS013 (big blind) folded before Flop
Seat 5: AlexPinsk1 folded before Flop (didn't bet)
Seat 6: Alyssahigh folded on the Flop



PokerStars Hand #254319369134:  Hold'em No Limit ($0.50/$1.00 USD) - 2025/01/11 20:35:48 WET [2025/01/11 15:35:48 ET]
Table 'Ceres III' 6-max Seat #3 is the button
Seat 1: michasia ($110.88 in chips) 
Seat 2: tintin641 ($132.21 in chips) 
Seat 3: Zvst ($189.67 in chips) 
Seat 4: BGS013 ($292.69 in chips) 
Seat 5: AlexPinsk1 ($110.15 in chips) 
Seat 6: Alyssahigh ($73.96 in chips) 
BGS013: posts small blind $0.50
AlexPinsk1: posts big blind $1
*** HOLE CARDS ***
Alyssahigh: calls $1
michasia: raises $3 to $4
tintin641: folds 
Zvst: folds 
BGS013: folds 
AlexPinsk1: folds 
Alyssahigh: raises $3 to $7
michasia: raises $18 to $25
Alyssahigh: calls $18
*** FLOP *** [Kd Js 3c]
Alyssahigh: checks 
michasia: bets $12.25
Alyssahigh: raises $36.71 to $48.96 and is all-in
michasia: calls $36.71
*** TURN *** [Kd Js 3c] [6d]
*** RIVER *** [Kd Js 3c 6d] [4c]
*** SHOW DOWN ***
Alyssahigh: shows [4s 2c] (a pair of Fours)
michasia: shows [Kc As] (a pair of Kings)
michasia collected $146.92 from pot
*** SUMMARY ***
Total pot $149.42 | Rake $2.50 
Board [Kd Js 3c 6d 4c]
Seat 1: michasia showed [Kc As] and won ($146.92) with a pair of Kings
Seat 2: tintin641 folded before Flop (didn't bet)
Seat 3: Zvst (button) folded before Flop (didn't bet)
Seat 4: BGS013 (small blind) folded before Flop
Seat 5: AlexPinsk1 (big blind) folded before Flop
Seat 6: Alyssahigh showed [4s 2c] and lost with a pair of Fours



PokerStars Hand #254319387803:  Hold'em No Limit ($0.50/$1.00 USD) - 2025/01/11 20:36:44 WET [2025/01/11 15:36:44 ET]
Table 'Ceres III' 6-max Seat #4 is the button
Seat 6: Alyssahigh ($0 in chips) is sitting out
Seat 1: michasia ($183.84 in chips) 
Seat 2: tintin641 ($132.21 in chips) 
Seat 3: Zvst ($189.67 in chips) 
Seat 4: BGS013 ($292.19 in chips) 
Seat 5: AlexPinsk1 ($109.15 in chips) 
AlexPinsk1: posts small blind $0.50
michasia: posts big blind $1
*** HOLE CARDS ***
tintin641: folds 
Zvst: raises $1.50 to $2.50
Alyssahigh is disconnected 
BGS013: folds 
AlexPinsk1: folds 
michasia: folds 
Uncalled bet ($1.50) returned to Zvst
Zvst collected $2.50 from pot
Zvst: doesn't show hand 
*** SUMMARY ***
Total pot $2.50 | Rake $0 
Seat 6: Alyssahigh
Seat 1: michasia (big blind) folded before Flop
Seat 2: tintin641 folded before Flop (didn't bet)
Seat 3: Zvst collected ($2.50)
Seat 4: BGS013 (button) folded before Flop (didn't bet)
Seat 5: AlexPinsk1 (small blind) folded before Flop



PokerStars Hand #254319392274:  Hold'em No Limit ($0.50/$1.00 USD) - 2025/01/11 20:36:57 WET [2025/01/11 15:36:57 ET]
Table 'Ceres III' 6-max Seat #5 is the button
Seat 6: Alyssahigh ($0 in chips) is sitting out
Seat 1: michasia ($182.84 in chips) 
Seat 2: tintin641 ($132.21 in chips) 
Seat 3: Zvst ($191.17 in chips) 
Seat 4: BGS013 ($292.19 in chips) 
Seat 5: AlexPinsk1 ($108.65 in chips) 
michasia: posts small blind $0.50
tintin641: posts big blind $1
*** HOLE CARDS ***
Zvst: folds 
BGS013: folds 
AlexPinsk1: folds 
michasia: folds 
Uncalled bet ($0.50) returned to tintin641
tintin641 collected $1 from pot
tintin641: doesn't show hand 
*** SUMMARY ***
Total pot $1 | Rake $0 
Seat 6: Alyssahigh
Seat 1: michasia (small blind) folded before Flop
Seat 2: tintin641 (big blind) collected ($1)
Seat 3: Zvst folded before Flop (didn't bet)
Seat 4: BGS013 folded before Flop (didn't bet)
Seat 5: AlexPinsk1 (button) folded before Flop (didn't bet)



PokerStars Hand #254319398518:  Hold'em No Limit ($0.50/$1.00 USD) - 2025/01/11 20:37:16 WET [2025/01/11 15:37:16 ET]
Table 'Ceres III' 6-max Seat #1 is the button
Seat 6: Alyssahigh ($0 in chips) is sitting out
Seat 1: michasia ($182.34 in chips) 
Seat 2: tintin641 ($132.71 in chips) 
Seat 3: Zvst ($191.17 in chips) 
Seat 4: BGS013 ($292.19 in chips) 
Seat 5: AlexPinsk1 ($108.65 in chips) 
tintin641: posts small blind $0.50
Zvst: posts big blind $1
*** HOLE CARDS ***
BGS013: raises $1 to $2
AlexPinsk1: folds 
michasia: folds 
michasia leaves the table
tintin641: folds 
Zvst: folds 
Uncalled bet ($1) returned to BGS013
BGS013 collected $2.50 from pot
BGS013: doesn't show hand 
*** SUMMARY ***
Total pot $2.50 | Rake $0 
Seat 6: Alyssahigh
Seat 1: michasia (button) folded before Flop (didn't bet)
Seat 2: tintin641 (small blind) folded before Flop
Seat 3: Zvst (big blind) folded before Flop
Seat 4: BGS013 collected ($2.50)
Seat 5: AlexPinsk1 folded before Flop (didn't bet)



PokerStars Hand #254319405423:  Hold'em No Limit ($0.50/$1.00 USD) - 2025/01/11 20:37:36 WET [2025/01/11 15:37:36 ET]
Table 'Ceres III' 6-max Seat #2 is the button
Seat 6: Alyssahigh ($0 in chips) is sitting out
Seat 2: tintin641 ($132.21 in chips) 
Seat 3: Zvst ($190.17 in chips) 
Seat 4: BGS013 ($293.69 in chips) 
Seat 5: AlexPinsk1 ($108.65 in chips) 
Zvst: posts small blind $0.50
BGS013: posts big blind $1
*** HOLE CARDS ***
AlexPinsk1: folds 
tintin641: raises $1.50 to $2.50
Zvst: folds 
BGS013: folds 
Uncalled bet ($1.50) returned to tintin641
tintin641 collected $2.50 from pot
tintin641: doesn't show hand 
*** SUMMARY ***
Total pot $2.50 | Rake $0 
Seat 6: Alyssahigh
Seat 2: tintin641 (button) collected ($2.50)
Seat 3: Zvst (small blind) folded before Flop
Seat 4: BGS013 (big blind) folded before Flop
Seat 5: AlexPinsk1 folded before Flop (didn't bet)



PokerStars Hand #254319409774:  Hold'em No Limit ($0.50/$1.00 USD) - 2025/01/11 20:37:49 WET [2025/01/11 15:37:49 ET]
Table 'Ceres III' 6-max Seat #3 is the button
Seat 5: AlexPinsk1 ($108.65 in chips) is sitting out
Seat 6: Alyssahigh ($0 in chips) is sitting out
Seat 2: tintin641 ($133.71 in chips) 
Seat 3: Zvst ($189.67 in chips) 
Seat 4: BGS013 ($292.69 in chips) 
BGS013: posts small blind $0.50
AlexPinsk1: is sitting out 
tintin641: posts big blind $1
*** HOLE CARDS ***
Zvst: folds 
BGS013: folds 
Uncalled bet ($0.50) returned to tintin641
tintin641 collected $1 from pot
tintin641: doesn't show hand 
*** SUMMARY ***
Total pot $1 | Rake $0 
Seat 5: AlexPinsk1
Seat 6: Alyssahigh
Seat 2: tintin641 (big blind) collected ($1)
Seat 3: Zvst (button) folded before Flop (didn't bet)
Seat 4: BGS013 (small blind) folded before Flop



PokerStars Hand #254319411976:  Hold'em No Limit ($0.50/$1.00 USD) - 2025/01/11 20:37:56 WET [2025/01/11 15:37:56 ET]
Table 'Ceres III' 6-max Seat #4 is the button
Seat 5: AlexPinsk1 ($108.65 in chips) is sitting out
Seat 6: Alyssahigh ($0 in chips) is sitting out
Seat 2: tintin641 ($134.21 in chips) 
Seat 3: Zvst ($189.67 in chips) 
Seat 4: BGS013 ($292.19 in chips) 
tintin641: posts small blind $0.50
Zvst: posts big blind $1
*** HOLE CARDS ***
BGS013: folds 
tintin641: folds 
Uncalled bet ($0.50) returned to Zvst
Zvst collected $1 from pot
Zvst: doesn't show hand 
*** SUMMARY ***
Total pot $1 | Rake $0 
Seat 5: AlexPinsk1
Seat 6: Alyssahigh
Seat 2: tintin641 (small blind) folded before Flop
Seat 3: Zvst (big blind) collected ($1)
Seat 4: BGS013 (button) folded before Flop (didn't bet)



