PokerStars Hand #254310450851:  Hold'em No Limit ($0.50/$1.00 USD) - 2025/01/11 9:33:57 WET [2025/01/11 4:33:57 ET]
Table 'Panopaea III' 6-max Seat #4 is the button
Seat 1: steelNike ($33.38 in chips) 
Seat 2: 7bekon7 ($101.50 in chips) 
Seat 3: Burlica2013 ($100 in chips) 
Seat 4: Ysiven ($103 in chips) 
Seat 5: CapoDiTutti17 ($24.88 in chips) 
Seat 6: SeEevg ($44.40 in chips) 
CapoDiTutti17: posts small blind $0.50
SeEevg: posts big blind $1
*** HOLE CARDS ***
steelNike: folds 
7bekon7: folds 
Burlica2013: raises $1.25 to $2.25
Ysiven: folds 
CapoDiTutti17: folds 
SeEevg: folds 
Uncalled bet ($1.25) returned to Burlica2013
Burlica2013 collected $2.50 from pot
Burlica2013: doesn't show hand 
*** SUMMARY ***
Total pot $2.50 | Rake $0 
Seat 1: steelNike folded before Flop (didn't bet)
Seat 2: 7bekon7 folded before Flop (didn't bet)
Seat 3: Burlica2013 collected ($2.50)
Seat 4: Ysiven (button) folded before Flop (didn't bet)
Seat 5: CapoDiTutti17 (small blind) folded before Flop
Seat 6: SeEevg (big blind) folded before Flop



PokerStars Hand #254310453635:  Hold'em No Limit ($0.50/$1.00 USD) - 2025/01/11 9:34:23 WET [2025/01/11 4:34:23 ET]
Table 'Panopaea III' 6-max Seat #5 is the button
Seat 1: steelNike ($33.38 in chips) 
Seat 2: 7bekon7 ($101.50 in chips) 
Seat 3: Burlica2013 ($101.50 in chips) 
Seat 4: Ysiven ($103 in chips) 
Seat 5: CapoDiTutti17 ($24.38 in chips) 
Seat 6: SeEevg ($100 in chips) 
SeEevg: posts small blind $0.50
steelNike: posts big blind $1
*** HOLE CARDS ***
7bekon7: raises $1.25 to $2.25
Burlica2013: folds 
Ysiven: folds 
CapoDiTutti17: folds 
SeEevg: folds 
steelNike: folds 
Uncalled bet ($1.25) returned to 7bekon7
7bekon7 collected $2.50 from pot
7bekon7: doesn't show hand 
*** SUMMARY ***
Total pot $2.50 | Rake $0 
Seat 1: steelNike (big blind) folded before Flop
Seat 2: 7bekon7 collected ($2.50)
Seat 3: Burlica2013 folded before Flop (didn't bet)
Seat 4: Ysiven folded before Flop (didn't bet)
Seat 5: CapoDiTutti17 (button) folded before Flop (didn't bet)
Seat 6: SeEevg (small blind) folded before Flop



PokerStars Hand #254310456288:  Hold'em No Limit ($0.50/$1.00 USD) - 2025/01/11 9:34:47 WET [2025/01/11 4:34:47 ET]
Table 'Panopaea III' 6-max Seat #6 is the button
Seat 1: steelNike ($32.38 in chips) 
Seat 2: 7bekon7 ($103 in chips) 
Seat 3: Burlica2013 ($101.50 in chips) 
Seat 4: Ysiven ($103 in chips) 
Seat 5: CapoDiTutti17 ($24.38 in chips) 
Seat 6: SeEevg ($99.50 in chips) 
steelNike: posts small blind $0.50
7bekon7: posts big blind $1
*** HOLE CARDS ***
Burlica2013: folds 
Ysiven: folds 
CapoDiTutti17: calls $1
SeEevg: raises $2 to $3
steelNike: folds 
7bekon7: folds 
CapoDiTutti17: calls $2
*** FLOP *** [Kc Tc 6d]
CapoDiTutti17: checks 
SeEevg: bets $5.50
CapoDiTutti17: calls $5.50
*** TURN *** [Kc Tc 6d] [Qc]
CapoDiTutti17: bets $8.79
SeEevg: raises $8.79 to $17.58
CapoDiTutti17: folds 
Uncalled bet ($8.79) returned to SeEevg
SeEevg collected $34.28 from pot
SeEevg: doesn't show hand 
*** SUMMARY ***
Total pot $36.08 | Rake $1.80 
Board [Kc Tc 6d Qc]
Seat 1: steelNike (small blind) folded before Flop
Seat 2: 7bekon7 (big blind) folded before Flop
Seat 3: Burlica2013 folded before Flop (didn't bet)
Seat 4: Ysiven folded before Flop (didn't bet)
Seat 5: CapoDiTutti17 folded on the Turn
Seat 6: SeEevg (button) collected ($34.28)



PokerStars Hand #254310465140:  Hold'em No Limit ($0.50/$1.00 USD) - 2025/01/11 9:36:08 WET [2025/01/11 4:36:08 ET]
Table 'Panopaea III' 6-max Seat #1 is the button
Seat 1: steelNike ($31.88 in chips) 
Seat 2: 7bekon7 ($102 in chips) 
Seat 3: Burlica2013 ($101.50 in chips) 
Seat 4: Ysiven ($103 in chips) 
Seat 5: CapoDiTutti17 ($7.09 in chips) 
Seat 6: SeEevg ($116.49 in chips) 
7bekon7: posts small blind $0.50
Burlica2013: posts big blind $1
*** HOLE CARDS ***
Ysiven: raises $1 to $2
CapoDiTutti17: calls $2
SeEevg: folds 
steelNike: folds 
7bekon7: folds 
Burlica2013: folds 
*** FLOP *** [6d Qs Ah]
Ysiven: checks 
CapoDiTutti17: bets $5.09 and is all-in
Ysiven: calls $5.09
*** TURN *** [6d Qs Ah] [3d]
*** RIVER *** [6d Qs Ah 3d] [Js]
*** SHOW DOWN ***
Ysiven: shows [Th Qh] (a pair of Queens)
CapoDiTutti17: shows [3h 6h] (two pair, Sixes and Threes)
CapoDiTutti17 cashed out the hand for $2.68 | Cash Out Fee $0.05
*** SUMMARY ***
Total pot $15.68 | Rake $0.78 
Board [6d Qs Ah 3d Js]
Seat 1: steelNike (button) folded before Flop (didn't bet)
Seat 2: 7bekon7 (small blind) folded before Flop
Seat 3: Burlica2013 (big blind) folded before Flop
Seat 4: Ysiven showed [Th Qh] and lost with a pair of Queens
Seat 5: CapoDiTutti17 showed [3h 6h] and won ($14.90) with two pair, Sixes and Threes (pot not awarded as player cashed out)
Seat 6: SeEevg folded before Flop (didn't bet)



PokerStars Hand #254310470395:  Hold'em No Limit ($0.50/$1.00 USD) - 2025/01/11 9:36:56 WET [2025/01/11 4:36:56 ET]
Table 'Panopaea III' 6-max Seat #2 is the button
Seat 1: steelNike ($31.88 in chips) 
Seat 2: 7bekon7 ($101.50 in chips) 
Seat 3: Burlica2013 ($100.50 in chips) 
Seat 4: Ysiven ($100 in chips) 
Seat 5: CapoDiTutti17 ($2.68 in chips) 
Seat 6: SeEevg ($116.49 in chips) 
Burlica2013: posts small blind $0.50
Ysiven: posts big blind $1
*** HOLE CARDS ***
CapoDiTutti17: raises $1.68 to $2.68 and is all-in
SeEevg: folds 
steelNike: folds 
7bekon7: folds 
Burlica2013: folds 
Ysiven: calls $1.68
*** FLOP *** [Th Ks 3s]
*** TURN *** [Th Ks 3s] [5h]
*** RIVER *** [Th Ks 3s 5h] [7h]
*** SHOW DOWN ***
Ysiven: shows [9s 8s] (high card King)
CapoDiTutti17: shows [6c 2c] (high card King - lower kicker)
Ysiven collected $5.57 from pot
CapoDiTutti17 cashed out the hand for $1.86 | Cash Out Fee $0.04
*** SUMMARY ***
Total pot $5.86 | Rake $0.29 
Board [Th Ks 3s 5h 7h]
Seat 1: steelNike folded before Flop (didn't bet)
Seat 2: 7bekon7 (button) folded before Flop (didn't bet)
Seat 3: Burlica2013 (small blind) folded before Flop
Seat 4: Ysiven (big blind) showed [9s 8s] and won ($5.57) with high card King
Seat 5: CapoDiTutti17 showed [6c 2c] and lost with high card King (cashed out).
Seat 6: SeEevg folded before Flop (didn't bet)



PokerStars Hand #254310473635:  Hold'em No Limit ($0.50/$1.00 USD) - 2025/01/11 9:37:26 WET [2025/01/11 4:37:26 ET]
Table 'Panopaea III' 6-max Seat #3 is the button
Seat 1: steelNike ($31.88 in chips) 
Seat 2: 7bekon7 ($101.50 in chips) 
Seat 3: Burlica2013 ($100 in chips) 
Seat 4: Ysiven ($102.89 in chips) 
Seat 5: CapoDiTutti17 ($1.86 in chips) 
Seat 6: SeEevg ($116.49 in chips) 
Ysiven: posts small blind $0.50
CapoDiTutti17: posts big blind $1
*** HOLE CARDS ***
SeEevg: folds 
steelNike: raises $1 to $2
7bekon7: folds 
Burlica2013: folds 
Ysiven: folds 
CapoDiTutti17: calls $0.86 and is all-in
Uncalled bet ($0.14) returned to steelNike
*** FLOP *** [2s 8s Kh]
*** TURN *** [2s 8s Kh] [6s]
*** RIVER *** [2s 8s Kh 6s] [Jc]
*** SHOW DOWN ***
CapoDiTutti17: shows [Qd 8h] (a pair of Eights)
steelNike: shows [Tc As] (high card Ace)
CapoDiTutti17 cashed out the hand for $1.42 | Cash Out Fee $0.03
*** SUMMARY ***
Total pot $4.22 | Rake $0.21 
Board [2s 8s Kh 6s Jc]
Seat 1: steelNike showed [Tc As] and lost with high card Ace
Seat 2: 7bekon7 folded before Flop (didn't bet)
Seat 3: Burlica2013 (button) folded before Flop (didn't bet)
Seat 4: Ysiven (small blind) folded before Flop
Seat 5: CapoDiTutti17 (big blind) showed [Qd 8h] and won ($4.01) with a pair of Eights (pot not awarded as player cashed out)
Seat 6: SeEevg folded before Flop (didn't bet)



PokerStars Hand #254310477041:  Hold'em No Limit ($0.50/$1.00 USD) - 2025/01/11 9:37:58 WET [2025/01/11 4:37:58 ET]
Table 'Panopaea III' 6-max Seat #5 is the button
Seat 4: Ysiven ($102.39 in chips) is sitting out
Seat 1: steelNike ($30.02 in chips) 
Seat 2: 7bekon7 ($101.50 in chips) 
Seat 3: Burlica2013 ($100 in chips) 
Seat 5: CapoDiTutti17 ($1.42 in chips) 
Seat 6: SeEevg ($116.49 in chips) 
SeEevg: posts small blind $0.50
steelNike: posts big blind $1
*** HOLE CARDS ***
7bekon7: folds 
Burlica2013: folds 
CapoDiTutti17: raises $0.42 to $1.42 and is all-in
SeEevg: folds 
steelNike: calls $0.42
*** FLOP *** [Kh 3h Kd]
*** TURN *** [Kh 3h Kd] [8c]
*** RIVER *** [Kh 3h Kd 8c] [9d]
*** SHOW DOWN ***
steelNike: shows [Qc 4c] (a pair of Kings)
CapoDiTutti17: shows [Td 6d] (a pair of Kings - lower kicker)
steelNike collected $3.17 from pot
*** SUMMARY ***
Total pot $3.34 | Rake $0.17 
Board [Kh 3h Kd 8c 9d]
Seat 4: Ysiven
Seat 1: steelNike (big blind) showed [Qc 4c] and won ($3.17) with a pair of Kings
Seat 2: 7bekon7 folded before Flop (didn't bet)
Seat 3: Burlica2013 folded before Flop (didn't bet)
Seat 5: CapoDiTutti17 (button) showed [Td 6d] and lost with a pair of Kings
Seat 6: SeEevg (small blind) folded before Flop



PokerStars Hand #254310478946:  Hold'em No Limit ($0.50/$1.00 USD) - 2025/01/11 9:38:15 WET [2025/01/11 4:38:15 ET]
Table 'Panopaea III' 6-max Seat #6 is the button
Seat 4: Ysiven ($102.39 in chips) is sitting out
Seat 5: CapoDiTutti17 ($0 in chips) is sitting out
Seat 1: steelNike ($31.77 in chips) 
Seat 2: 7bekon7 ($101.50 in chips) 
Seat 3: Burlica2013 ($100 in chips) 
Seat 6: SeEevg ($115.99 in chips) 
steelNike: posts small blind $0.50
7bekon7: posts big blind $1
*** HOLE CARDS ***
Burlica2013: raises $1.25 to $2.25
SeEevg: raises $5.25 to $7.50
steelNike: folds 
7bekon7: folds 
Burlica2013: raises $12 to $19.50
SeEevg: folds 
Uncalled bet ($12) returned to Burlica2013
Burlica2013 collected $16.50 from pot
Burlica2013: doesn't show hand 
*** SUMMARY ***
Total pot $16.50 | Rake $0 
Seat 4: Ysiven
Seat 5: CapoDiTutti17
Seat 1: steelNike (small blind) folded before Flop
Seat 2: 7bekon7 (big blind) folded before Flop
Seat 3: Burlica2013 collected ($16.50)
Seat 6: SeEevg (button) folded before Flop



PokerStars Hand #254310483122:  Hold'em No Limit ($0.50/$1.00 USD) - 2025/01/11 9:38:54 WET [2025/01/11 4:38:54 ET]
Table 'Panopaea III' 6-max Seat #1 is the button
Seat 4: Ysiven ($102.39 in chips) is sitting out
Seat 1: steelNike ($31.27 in chips) 
Seat 2: 7bekon7 ($100.50 in chips) 
Seat 3: Burlica2013 ($109 in chips) 
Seat 5: CapoDiTutti17 ($26.78 in chips) 
Seat 6: SeEevg ($108.49 in chips) 
7bekon7: posts small blind $0.50
Burlica2013: posts big blind $1
*** HOLE CARDS ***
CapoDiTutti17: folds 
SeEevg: folds 
steelNike: raises $1.30 to $2.30
7bekon7: folds 
Burlica2013: folds 
Uncalled bet ($1.30) returned to steelNike
steelNike collected $2.50 from pot
*** SUMMARY ***
Total pot $2.50 | Rake $0 
Seat 4: Ysiven
Seat 1: steelNike (button) collected ($2.50)
Seat 2: 7bekon7 (small blind) folded before Flop
Seat 3: Burlica2013 (big blind) folded before Flop
Seat 5: CapoDiTutti17 folded before Flop (didn't bet)
Seat 6: SeEevg folded before Flop (didn't bet)



PokerStars Hand #254310485322:  Hold'em No Limit ($0.50/$1.00 USD) - 2025/01/11 9:39:14 WET [2025/01/11 4:39:14 ET]
Table 'Panopaea III' 6-max Seat #2 is the button
Seat 4: Ysiven ($102.39 in chips) is sitting out
Seat 1: steelNike ($32.77 in chips) 
Seat 2: 7bekon7 ($100 in chips) 
Seat 3: Burlica2013 ($108 in chips) 
Seat 5: CapoDiTutti17 ($26.78 in chips) 
Seat 6: SeEevg ($108.49 in chips) 
Burlica2013: posts small blind $0.50
CapoDiTutti17: posts big blind $1
*** HOLE CARDS ***
SeEevg: folds 
steelNike: folds 
7bekon7: folds 
Burlica2013: folds 
Uncalled bet ($0.50) returned to CapoDiTutti17
CapoDiTutti17 collected $1 from pot
*** SUMMARY ***
Total pot $1 | Rake $0 
Seat 4: Ysiven
Seat 1: steelNike folded before Flop (didn't bet)
Seat 2: 7bekon7 (button) folded before Flop (didn't bet)
Seat 3: Burlica2013 (small blind) folded before Flop
Seat 5: CapoDiTutti17 (big blind) collected ($1)
Seat 6: SeEevg folded before Flop (didn't bet)



PokerStars Hand #254310486995:  Hold'em No Limit ($0.50/$1.00 USD) - 2025/01/11 9:39:30 WET [2025/01/11 4:39:30 ET]
Table 'Panopaea III' 6-max Seat #3 is the button
Seat 4: Ysiven ($102.39 in chips) is sitting out
Seat 1: steelNike ($32.77 in chips) 
Seat 2: 7bekon7 ($100 in chips) 
Seat 3: Burlica2013 ($107.50 in chips) 
Seat 5: CapoDiTutti17 ($27.28 in chips) 
Seat 6: SeEevg ($108.49 in chips) 
CapoDiTutti17: posts small blind $0.50
SeEevg: posts big blind $1
*** HOLE CARDS ***
steelNike: folds 
7bekon7: folds 
Burlica2013: raises $1.45 to $2.45
CapoDiTutti17: folds 
SeEevg: folds 
Uncalled bet ($1.45) returned to Burlica2013
Burlica2013 collected $2.50 from pot
Burlica2013: doesn't show hand 
*** SUMMARY ***
Total pot $2.50 | Rake $0 
Seat 4: Ysiven
Seat 1: steelNike folded before Flop (didn't bet)
Seat 2: 7bekon7 folded before Flop (didn't bet)
Seat 3: Burlica2013 (button) collected ($2.50)
Seat 5: CapoDiTutti17 (small blind) folded before Flop
Seat 6: SeEevg (big blind) folded before Flop



PokerStars Hand #254310489503:  Hold'em No Limit ($0.50/$1.00 USD) - 2025/01/11 9:39:52 WET [2025/01/11 4:39:52 ET]
Table 'Panopaea III' 6-max Seat #5 is the button
Seat 4: Ysiven ($102.39 in chips) is sitting out
Seat 1: steelNike ($32.77 in chips) 
Seat 2: 7bekon7 ($100 in chips) 
Seat 3: Burlica2013 ($109 in chips) 
Seat 5: CapoDiTutti17 ($26.78 in chips) 
Seat 6: SeEevg ($107.49 in chips) 
SeEevg: posts small blind $0.50
steelNike: posts big blind $1
Ysiven: sits out 
*** HOLE CARDS ***
7bekon7: folds 
Burlica2013: folds 
CapoDiTutti17: folds 
SeEevg: raises $1.50 to $2.50
steelNike: raises $4 to $6.50
SeEevg: folds 
Uncalled bet ($4) returned to steelNike
steelNike collected $5 from pot
*** SUMMARY ***
Total pot $5 | Rake $0 
Seat 4: Ysiven
Seat 1: steelNike (big blind) collected ($5)
Seat 2: 7bekon7 folded before Flop (didn't bet)
Seat 3: Burlica2013 folded before Flop (didn't bet)
Seat 5: CapoDiTutti17 (button) folded before Flop (didn't bet)
Seat 6: SeEevg (small blind) folded before Flop



PokerStars Hand #254310493799:  Hold'em No Limit ($0.50/$1.00 USD) - 2025/01/11 9:40:30 WET [2025/01/11 4:40:30 ET]
Table 'Panopaea III' 6-max Seat #6 is the button
Seat 4: Ysiven ($102.39 in chips) is sitting out
Seat 1: steelNike ($35.27 in chips) 
Seat 2: 7bekon7 ($100 in chips) 
Seat 3: Burlica2013 ($109 in chips) 
Seat 5: CapoDiTutti17 ($26.78 in chips) 
Seat 6: SeEevg ($104.99 in chips) 
steelNike: posts small blind $0.50
7bekon7: posts big blind $1
Ysiven: sits out 
*** HOLE CARDS ***
Burlica2013: folds 
CapoDiTutti17: calls $1
SeEevg: folds 
steelNike: folds 
7bekon7: checks 
*** FLOP *** [2c 4h 5h]
7bekon7: bets $1.19
CapoDiTutti17: calls $1.19
*** TURN *** [2c 4h 5h] [Js]
7bekon7: checks 
CapoDiTutti17: bets $2.32
7bekon7: calls $2.32
*** RIVER *** [2c 4h 5h Js] [3s]
7bekon7: checks 
CapoDiTutti17: bets $9.04
7bekon7: calls $9.04
*** SHOW DOWN ***
CapoDiTutti17: shows [As Jd] (a straight, Ace to Five)
7bekon7: shows [9h Ad] (a straight, Ace to Five)
7bekon7 collected $13.11 from pot
CapoDiTutti17 collected $13.11 from pot
*** SUMMARY ***
Total pot $27.60 | Rake $1.38 
Board [2c 4h 5h Js 3s]
Seat 4: Ysiven
Seat 1: steelNike (small blind) folded before Flop
Seat 2: 7bekon7 (big blind) showed [9h Ad] and won ($13.11) with a straight, Ace to Five
Seat 3: Burlica2013 folded before Flop (didn't bet)
Seat 5: CapoDiTutti17 showed [As Jd] and won ($13.11) with a straight, Ace to Five
Seat 6: SeEevg (button) folded before Flop (didn't bet)



PokerStars Hand #254310498507:  Hold'em No Limit ($0.50/$1.00 USD) - 2025/01/11 9:41:12 WET [2025/01/11 4:41:12 ET]
Table 'Panopaea III' 6-max Seat #1 is the button
Seat 4: Ysiven ($102.39 in chips) is sitting out
Seat 1: steelNike ($34.77 in chips) 
Seat 2: 7bekon7 ($100 in chips) 
Seat 3: Burlica2013 ($109 in chips) 
Seat 5: CapoDiTutti17 ($26.34 in chips) 
Seat 6: SeEevg ($104.99 in chips) 
7bekon7: posts small blind $0.50
Burlica2013: posts big blind $1
Ysiven: sits out 
*** HOLE CARDS ***
CapoDiTutti17: calls $1
SeEevg: raises $2 to $3
steelNike: calls $3
7bekon7: raises $11 to $14
Burlica2013: folds 
CapoDiTutti17: folds 
SeEevg: raises $90.99 to $104.99 and is all-in
steelNike: folds 
7bekon7: folds 
Uncalled bet ($90.99) returned to SeEevg
SeEevg collected $33 from pot
SeEevg: doesn't show hand 
*** SUMMARY ***
Total pot $33 | Rake $0 
Seat 4: Ysiven
Seat 1: steelNike (button) folded before Flop
Seat 2: 7bekon7 (small blind) folded before Flop
Seat 3: Burlica2013 (big blind) folded before Flop
Seat 5: CapoDiTutti17 folded before Flop
Seat 6: SeEevg collected ($33)



PokerStars Hand #254310505656:  Hold'em No Limit ($0.50/$1.00 USD) - 2025/01/11 9:42:17 WET [2025/01/11 4:42:17 ET]
Table 'Panopaea III' 6-max Seat #2 is the button
Seat 1: steelNike ($31.77 in chips) 
Seat 2: 7bekon7 ($100 in chips) 
Seat 3: Burlica2013 ($108 in chips) 
Seat 4: Ysiven ($102.39 in chips) 
Seat 5: CapoDiTutti17 ($25.34 in chips) 
Seat 6: SeEevg ($123.99 in chips) 
Burlica2013: posts small blind $0.50
Ysiven: posts big blind $1
*** HOLE CARDS ***
CapoDiTutti17: folds 
SeEevg: folds 
steelNike: folds 
7bekon7: folds 
Burlica2013: folds 
Uncalled bet ($0.50) returned to Ysiven
Ysiven collected $1 from pot
Ysiven: doesn't show hand 
*** SUMMARY ***
Total pot $1 | Rake $0 
Seat 1: steelNike folded before Flop (didn't bet)
Seat 2: 7bekon7 (button) folded before Flop (didn't bet)
Seat 3: Burlica2013 (small blind) folded before Flop
Seat 4: Ysiven (big blind) collected ($1)
Seat 5: CapoDiTutti17 folded before Flop (didn't bet)
Seat 6: SeEevg folded before Flop (didn't bet)



PokerStars Hand #254310508088:  Hold'em No Limit ($0.50/$1.00 USD) - 2025/01/11 9:42:38 WET [2025/01/11 4:42:38 ET]
Table 'Panopaea III' 6-max Seat #3 is the button
Seat 1: steelNike ($31.77 in chips) 
Seat 2: 7bekon7 ($100 in chips) 
Seat 3: Burlica2013 ($107.50 in chips) 
Seat 4: Ysiven ($102.89 in chips) 
Seat 5: CapoDiTutti17 ($25.34 in chips) 
Seat 6: SeEevg ($123.99 in chips) 
Ysiven: posts small blind $0.50
CapoDiTutti17: posts big blind $1
*** HOLE CARDS ***
SeEevg: folds 
steelNike: folds 
7bekon7: folds 
Burlica2013: folds 
Ysiven: folds 
Uncalled bet ($0.50) returned to CapoDiTutti17
CapoDiTutti17 collected $1 from pot
*** SUMMARY ***
Total pot $1 | Rake $0 
Seat 1: steelNike folded before Flop (didn't bet)
Seat 2: 7bekon7 folded before Flop (didn't bet)
Seat 3: Burlica2013 (button) folded before Flop (didn't bet)
Seat 4: Ysiven (small blind) folded before Flop
Seat 5: CapoDiTutti17 (big blind) collected ($1)
Seat 6: SeEevg folded before Flop (didn't bet)



PokerStars Hand #254310509931:  Hold'em No Limit ($0.50/$1.00 USD) - 2025/01/11 9:42:55 WET [2025/01/11 4:42:55 ET]
Table 'Panopaea III' 6-max Seat #4 is the button
Seat 1: steelNike ($31.77 in chips) 
Seat 2: 7bekon7 ($100 in chips) 
Seat 3: Burlica2013 ($107.50 in chips) 
Seat 4: Ysiven ($102.39 in chips) 
Seat 5: CapoDiTutti17 ($25.84 in chips) 
Seat 6: SeEevg ($123.99 in chips) 
CapoDiTutti17: posts small blind $0.50
SeEevg: posts big blind $1
*** HOLE CARDS ***
steelNike: folds 
7bekon7: folds 
Burlica2013: folds 
Ysiven: folds 
CapoDiTutti17: calls $0.50
SeEevg: checks 
*** FLOP *** [Qc Jd Qd]
CapoDiTutti17: checks 
SeEevg: checks 
*** TURN *** [Qc Jd Qd] [6s]
CapoDiTutti17: bets $1.90
SeEevg: folds 
Uncalled bet ($1.90) returned to CapoDiTutti17
CapoDiTutti17 collected $1.90 from pot
*** SUMMARY ***
Total pot $2 | Rake $0.10 
Board [Qc Jd Qd 6s]
Seat 1: steelNike folded before Flop (didn't bet)
Seat 2: 7bekon7 folded before Flop (didn't bet)
Seat 3: Burlica2013 folded before Flop (didn't bet)
Seat 4: Ysiven (button) folded before Flop (didn't bet)
Seat 5: CapoDiTutti17 (small blind) collected ($1.90)
Seat 6: SeEevg (big blind) folded on the Turn



PokerStars Hand #254310513172:  Hold'em No Limit ($0.50/$1.00 USD) - 2025/01/11 9:43:24 WET [2025/01/11 4:43:24 ET]
Table 'Panopaea III' 6-max Seat #5 is the button
Seat 1: steelNike ($31.77 in chips) 
Seat 2: 7bekon7 ($100 in chips) 
Seat 3: Burlica2013 ($107.50 in chips) 
Seat 4: Ysiven ($102.39 in chips) 
Seat 5: CapoDiTutti17 ($26.74 in chips) 
Seat 6: SeEevg ($122.99 in chips) 
SeEevg: posts small blind $0.50
steelNike: posts big blind $1
*** HOLE CARDS ***
7bekon7: raises $1.25 to $2.25
Burlica2013: folds 
Ysiven: raises $4.75 to $7
CapoDiTutti17: folds 
SeEevg: folds 
steelNike: folds 
7bekon7: folds 
Uncalled bet ($4.75) returned to Ysiven
Ysiven collected $6 from pot
Ysiven: doesn't show hand 
*** SUMMARY ***
Total pot $6 | Rake $0 
Seat 1: steelNike (big blind) folded before Flop
Seat 2: 7bekon7 folded before Flop
Seat 3: Burlica2013 folded before Flop (didn't bet)
Seat 4: Ysiven collected ($6)
Seat 5: CapoDiTutti17 (button) folded before Flop (didn't bet)
Seat 6: SeEevg (small blind) folded before Flop



PokerStars Hand #254310517209:  Hold'em No Limit ($0.50/$1.00 USD) - 2025/01/11 9:43:58 WET [2025/01/11 4:43:58 ET]
Table 'Panopaea III' 6-max Seat #6 is the button
Seat 1: steelNike ($30.77 in chips) 
Seat 2: 7bekon7 ($100 in chips) 
Seat 3: Burlica2013 ($107.50 in chips) 
Seat 4: Ysiven ($106.14 in chips) 
Seat 5: CapoDiTutti17 ($26.74 in chips) 
Seat 6: SeEevg ($122.49 in chips) 
steelNike: posts small blind $0.50
7bekon7: posts big blind $1
*** HOLE CARDS ***
Burlica2013: folds 
Ysiven: folds 
CapoDiTutti17: calls $1
SeEevg: folds 
steelNike: folds 
7bekon7: raises $3 to $4
CapoDiTutti17: calls $3
*** FLOP *** [Js As 5h]
7bekon7: bets $2.02
CapoDiTutti17: calls $2.02
*** TURN *** [Js As 5h] [Qs]
7bekon7: checks 
CapoDiTutti17: bets $5.96
7bekon7: folds 
Uncalled bet ($5.96) returned to CapoDiTutti17
CapoDiTutti17 collected $11.91 from pot
*** SUMMARY ***
Total pot $12.54 | Rake $0.63 
Board [Js As 5h Qs]
Seat 1: steelNike (small blind) folded before Flop
Seat 2: 7bekon7 (big blind) folded on the Turn
Seat 3: Burlica2013 folded before Flop (didn't bet)
Seat 4: Ysiven folded before Flop (didn't bet)
Seat 5: CapoDiTutti17 collected ($11.91)
Seat 6: SeEevg (button) folded before Flop (didn't bet)



PokerStars Hand #254310524973:  Hold'em No Limit ($0.50/$1.00 USD) - 2025/01/11 9:45:06 WET [2025/01/11 4:45:06 ET]
Table 'Panopaea III' 6-max Seat #1 is the button
Seat 1: steelNike ($30.27 in chips) 
Seat 2: 7bekon7 ($100 in chips) 
Seat 3: Burlica2013 ($107.50 in chips) 
Seat 4: Ysiven ($106.14 in chips) 
Seat 5: CapoDiTutti17 ($32.63 in chips) 
Seat 6: SeEevg ($122.49 in chips) 
7bekon7: posts small blind $0.50
Burlica2013: posts big blind $1
*** HOLE CARDS ***
Ysiven: folds 
CapoDiTutti17: calls $1
SeEevg: folds 
steelNike: folds 
7bekon7: calls $0.50
Burlica2013: checks 
*** FLOP *** [5s Jc 9d]
7bekon7: bets $2.14
Burlica2013: calls $2.14
CapoDiTutti17: calls $2.14
*** TURN *** [5s Jc 9d] [2c]
7bekon7: bets $6.71
Burlica2013: calls $6.71
CapoDiTutti17: folds 
*** RIVER *** [5s Jc 9d 2c] [7s]
7bekon7: bets $10.85
Burlica2013: calls $10.85
*** SHOW DOWN ***
7bekon7: shows [Jh 9c] (two pair, Jacks and Nines)
Burlica2013: mucks hand 
7bekon7 collected $42.31 from pot
*** SUMMARY ***
Total pot $44.54 | Rake $2.23 
Board [5s Jc 9d 2c 7s]
Seat 1: steelNike (button) folded before Flop (didn't bet)
Seat 2: 7bekon7 (small blind) showed [Jh 9c] and won ($42.31) with two pair, Jacks and Nines
Seat 3: Burlica2013 (big blind) mucked
Seat 4: Ysiven folded before Flop (didn't bet)
Seat 5: CapoDiTutti17 folded on the Turn
Seat 6: SeEevg folded before Flop (didn't bet)



PokerStars Hand #254310537708:  Hold'em No Limit ($0.50/$1.00 USD) - 2025/01/11 9:46:58 WET [2025/01/11 4:46:58 ET]
Table 'Panopaea III' 6-max Seat #2 is the button
Seat 1: steelNike ($40.27 in chips) 
Seat 2: 7bekon7 ($121.61 in chips) 
Seat 3: Burlica2013 ($100 in chips) 
Seat 4: Ysiven ($106.14 in chips) 
Seat 5: CapoDiTutti17 ($29.49 in chips) 
Seat 6: SeEevg ($122.49 in chips) 
Burlica2013: posts small blind $0.50
Ysiven: posts big blind $1
*** HOLE CARDS ***
CapoDiTutti17: calls $1
SeEevg: folds 
steelNike: folds 
7bekon7: folds 
Burlica2013: folds 
Ysiven: checks 
*** FLOP *** [2c 9s Kc]
Ysiven: checks 
CapoDiTutti17: checks 
*** TURN *** [2c 9s Kc] [Ad]
Ysiven: checks 
CapoDiTutti17: checks 
*** RIVER *** [2c 9s Kc Ad] [8s]
Ysiven: checks 
CapoDiTutti17: bets $2.38
Ysiven: folds 
Uncalled bet ($2.38) returned to CapoDiTutti17
CapoDiTutti17 collected $2.38 from pot
*** SUMMARY ***
Total pot $2.50 | Rake $0.12 
Board [2c 9s Kc Ad 8s]
Seat 1: steelNike folded before Flop (didn't bet)
Seat 2: 7bekon7 (button) folded before Flop (didn't bet)
Seat 3: Burlica2013 (small blind) folded before Flop
Seat 4: Ysiven (big blind) folded on the River
Seat 5: CapoDiTutti17 collected ($2.38)
Seat 6: SeEevg folded before Flop (didn't bet)



PokerStars Hand #254310542331:  Hold'em No Limit ($0.50/$1.00 USD) - 2025/01/11 9:47:39 WET [2025/01/11 4:47:39 ET]
Table 'Panopaea III' 6-max Seat #3 is the button
Seat 1: steelNike ($40.27 in chips) 
Seat 2: 7bekon7 ($121.61 in chips) 
Seat 3: Burlica2013 ($100 in chips) 
Seat 4: Ysiven ($105.14 in chips) 
Seat 5: CapoDiTutti17 ($30.87 in chips) 
Seat 6: SeEevg ($122.49 in chips) 
Ysiven: posts small blind $0.50
CapoDiTutti17: posts big blind $1
*** HOLE CARDS ***
SeEevg: folds 
steelNike: folds 
7bekon7: folds 
Burlica2013: raises $1.45 to $2.45
Ysiven: raises $9.55 to $12
CapoDiTutti17: folds 
Burlica2013: folds 
Uncalled bet ($9.55) returned to Ysiven
Ysiven collected $5.90 from pot
Ysiven: doesn't show hand 
*** SUMMARY ***
Total pot $5.90 | Rake $0 
Seat 1: steelNike folded before Flop (didn't bet)
Seat 2: 7bekon7 folded before Flop (didn't bet)
Seat 3: Burlica2013 (button) folded before Flop
Seat 4: Ysiven (small blind) collected ($5.90)
Seat 5: CapoDiTutti17 (big blind) folded before Flop
Seat 6: SeEevg folded before Flop (didn't bet)



PokerStars Hand #254310546685:  Hold'em No Limit ($0.50/$1.00 USD) - 2025/01/11 9:48:17 WET [2025/01/11 4:48:17 ET]
Table 'Panopaea III' 6-max Seat #4 is the button
Seat 1: steelNike ($40.27 in chips) 
Seat 2: 7bekon7 ($121.61 in chips) 
Seat 3: Burlica2013 ($100 in chips) 
Seat 4: Ysiven ($108.59 in chips) 
Seat 5: CapoDiTutti17 ($29.87 in chips) 
Seat 6: SeEevg ($122.49 in chips) 
CapoDiTutti17: posts small blind $0.50
SeEevg: posts big blind $1
*** HOLE CARDS ***
steelNike: raises $1 to $2
7bekon7: folds 
Burlica2013: folds 
Ysiven: folds 
CapoDiTutti17: calls $1.50
SeEevg: folds 
*** FLOP *** [Jc 3c Ad]
CapoDiTutti17: checks 
steelNike: checks 
*** TURN *** [Jc 3c Ad] [7s]
CapoDiTutti17: checks 
steelNike: checks 
*** RIVER *** [Jc 3c Ad 7s] [4h]
CapoDiTutti17: checks 
steelNike: bets $2.38
CapoDiTutti17: calls $2.38
*** SHOW DOWN ***
steelNike: shows [9s 9d] (a pair of Nines)
CapoDiTutti17: mucks hand 
steelNike collected $9.27 from pot
*** SUMMARY ***
Total pot $9.76 | Rake $0.49 
Board [Jc 3c Ad 7s 4h]
Seat 1: steelNike showed [9s 9d] and won ($9.27) with a pair of Nines
Seat 2: 7bekon7 folded before Flop (didn't bet)
Seat 3: Burlica2013 folded before Flop (didn't bet)
Seat 4: Ysiven (button) folded before Flop (didn't bet)
Seat 5: CapoDiTutti17 (small blind) mucked
Seat 6: SeEevg (big blind) folded before Flop



PokerStars Hand #254310550947:  Hold'em No Limit ($0.50/$1.00 USD) - 2025/01/11 9:48:55 WET [2025/01/11 4:48:55 ET]
Table 'Panopaea III' 6-max Seat #5 is the button
Seat 1: steelNike ($45.16 in chips) 
Seat 2: 7bekon7 ($121.61 in chips) 
Seat 3: Burlica2013 ($100 in chips) 
Seat 4: Ysiven ($108.59 in chips) 
Seat 5: CapoDiTutti17 ($25.49 in chips) 
Seat 6: SeEevg ($121.49 in chips) 
SeEevg: posts small blind $0.50
steelNike: posts big blind $1
*** HOLE CARDS ***
7bekon7: folds 
Burlica2013: raises $1.20 to $2.20
Ysiven: folds 
CapoDiTutti17: folds 
SeEevg: folds 
steelNike: folds 
Uncalled bet ($1.20) returned to Burlica2013
Burlica2013 collected $2.50 from pot
Burlica2013: doesn't show hand 
*** SUMMARY ***
Total pot $2.50 | Rake $0 
Seat 1: steelNike (big blind) folded before Flop
Seat 2: 7bekon7 folded before Flop (didn't bet)
Seat 3: Burlica2013 collected ($2.50)
Seat 4: Ysiven folded before Flop (didn't bet)
Seat 5: CapoDiTutti17 (button) folded before Flop (didn't bet)
Seat 6: SeEevg (small blind) folded before Flop



PokerStars Hand #254310552769:  Hold'em No Limit ($0.50/$1.00 USD) - 2025/01/11 9:49:11 WET [2025/01/11 4:49:11 ET]
Table 'Panopaea III' 6-max Seat #6 is the button
Seat 1: steelNike ($44.16 in chips) 
Seat 2: 7bekon7 ($121.61 in chips) 
Seat 3: Burlica2013 ($101.50 in chips) 
Seat 4: Ysiven ($108.59 in chips) 
Seat 5: CapoDiTutti17 ($25.49 in chips) 
Seat 6: SeEevg ($120.99 in chips) 
steelNike: posts small blind $0.50
7bekon7: posts big blind $1
*** HOLE CARDS ***
Burlica2013: raises $1.20 to $2.20
Ysiven: folds 
CapoDiTutti17: calls $2.20
SeEevg: folds 
steelNike: folds 
7bekon7: folds 
*** FLOP *** [Ad 6d 2s]
Burlica2013: bets $2.80
CapoDiTutti17: folds 
Uncalled bet ($2.80) returned to Burlica2013
Burlica2013 collected $5.60 from pot
Burlica2013: doesn't show hand 
*** SUMMARY ***
Total pot $5.90 | Rake $0.30 
Board [Ad 6d 2s]
Seat 1: steelNike (small blind) folded before Flop
Seat 2: 7bekon7 (big blind) folded before Flop
Seat 3: Burlica2013 collected ($5.60)
Seat 4: Ysiven folded before Flop (didn't bet)
Seat 5: CapoDiTutti17 folded on the Flop
Seat 6: SeEevg (button) folded before Flop (didn't bet)



PokerStars Hand #254310557301:  Hold'em No Limit ($0.50/$1.00 USD) - 2025/01/11 9:49:50 WET [2025/01/11 4:49:50 ET]
Table 'Panopaea III' 6-max Seat #1 is the button
Seat 1: steelNike ($43.66 in chips) 
Seat 2: 7bekon7 ($120.61 in chips) 
Seat 3: Burlica2013 ($104.90 in chips) 
Seat 4: Ysiven ($108.59 in chips) 
Seat 5: CapoDiTutti17 ($23.29 in chips) 
Seat 6: SeEevg ($120.99 in chips) 
7bekon7: posts small blind $0.50
Burlica2013: posts big blind $1
*** HOLE CARDS ***
Ysiven: folds 
CapoDiTutti17: calls $1
SeEevg: folds 
steelNike: folds 
7bekon7: calls $0.50
Burlica2013: checks 
*** FLOP *** [Jd 3s 7s]
7bekon7: checks 
Burlica2013: checks 
CapoDiTutti17: checks 
*** TURN *** [Jd 3s 7s] [5h]
7bekon7: bets $2.14
Burlica2013: folds 
CapoDiTutti17: calls $2.14
*** RIVER *** [Jd 3s 7s 5h] [7d]
7bekon7: bets $3.46
CapoDiTutti17: raises $3.46 to $6.92
7bekon7: folds 
Uncalled bet ($3.46) returned to CapoDiTutti17
CapoDiTutti17 collected $13.49 from pot
*** SUMMARY ***
Total pot $14.20 | Rake $0.71 
Board [Jd 3s 7s 5h 7d]
Seat 1: steelNike (button) folded before Flop (didn't bet)
Seat 2: 7bekon7 (small blind) folded on the River
Seat 3: Burlica2013 (big blind) folded on the Turn
Seat 4: Ysiven folded before Flop (didn't bet)
Seat 5: CapoDiTutti17 collected ($13.49)
Seat 6: SeEevg folded before Flop (didn't bet)



PokerStars Hand #254310563444:  Hold'em No Limit ($0.50/$1.00 USD) - 2025/01/11 9:50:43 WET [2025/01/11 4:50:43 ET]
Table 'Panopaea III' 6-max Seat #2 is the button
Seat 1: steelNike ($43.66 in chips) 
Seat 2: 7bekon7 ($114.01 in chips) 
Seat 3: Burlica2013 ($103.90 in chips) 
Seat 4: Ysiven ($108.59 in chips) 
Seat 5: CapoDiTutti17 ($30.18 in chips) 
Seat 6: SeEevg ($120.99 in chips) 
Burlica2013: posts small blind $0.50
Ysiven: posts big blind $1
*** HOLE CARDS ***
CapoDiTutti17: calls $1
SeEevg: raises $2 to $3
steelNike: folds 
7bekon7: raises $6 to $9
Burlica2013: folds 
Ysiven: folds 
CapoDiTutti17: calls $8
SeEevg: calls $6
*** FLOP *** [7s 5s Kc]
CapoDiTutti17: checks 
SeEevg: checks 
7bekon7: checks 
*** TURN *** [7s 5s Kc] [Jd]
CapoDiTutti17: checks 
SeEevg: checks 
7bekon7: checks 
*** RIVER *** [7s 5s Kc Jd] [9d]
CapoDiTutti17: checks 
SeEevg: bets $22
7bekon7: folds 
CapoDiTutti17: folds 
Uncalled bet ($22) returned to SeEevg
SeEevg collected $27.08 from pot
SeEevg: doesn't show hand 
*** SUMMARY ***
Total pot $28.50 | Rake $1.42 
Board [7s 5s Kc Jd 9d]
Seat 1: steelNike folded before Flop (didn't bet)
Seat 2: 7bekon7 (button) folded on the River
Seat 3: Burlica2013 (small blind) folded before Flop
Seat 4: Ysiven (big blind) folded before Flop
Seat 5: CapoDiTutti17 folded on the River
Seat 6: SeEevg collected ($27.08)



PokerStars Hand #254310577666:  Hold'em No Limit ($0.50/$1.00 USD) - 2025/01/11 9:52:45 WET [2025/01/11 4:52:45 ET]
Table 'Panopaea III' 6-max Seat #3 is the button
Seat 1: steelNike ($43.66 in chips) 
Seat 2: 7bekon7 ($105.01 in chips) 
Seat 3: Burlica2013 ($103.40 in chips) 
Seat 4: Ysiven ($107.59 in chips) 
Seat 5: CapoDiTutti17 ($21.18 in chips) 
Seat 6: SeEevg ($139.07 in chips) 
Ysiven: posts small blind $0.50
CapoDiTutti17: posts big blind $1
*** HOLE CARDS ***
SeEevg: folds 
steelNike: folds 
7bekon7: folds 
Burlica2013: raises $1.45 to $2.45
Ysiven: folds 
CapoDiTutti17: raises $1.45 to $3.90
Burlica2013: calls $1.45
*** FLOP *** [3s 8h Ac]
CapoDiTutti17: checks 
Burlica2013: checks 
*** TURN *** [3s 8h Ac] [7c]
CapoDiTutti17: checks 
Burlica2013: checks 
*** RIVER *** [3s 8h Ac 7c] [2h]
CapoDiTutti17: checks 
Burlica2013: bets $2.60
CapoDiTutti17: folds 
Uncalled bet ($2.60) returned to Burlica2013
Burlica2013 collected $7.88 from pot
Burlica2013: doesn't show hand 
*** SUMMARY ***
Total pot $8.30 | Rake $0.42 
Board [3s 8h Ac 7c 2h]
Seat 1: steelNike folded before Flop (didn't bet)
Seat 2: 7bekon7 folded before Flop (didn't bet)
Seat 3: Burlica2013 (button) collected ($7.88)
Seat 4: Ysiven (small blind) folded before Flop
Seat 5: CapoDiTutti17 (big blind) folded on the River
Seat 6: SeEevg folded before Flop (didn't bet)



PokerStars Hand #254310585261:  Hold'em No Limit ($0.50/$1.00 USD) - 2025/01/11 9:53:51 WET [2025/01/11 4:53:51 ET]
Table 'Panopaea III' 6-max Seat #4 is the button
Seat 1: steelNike ($43.66 in chips) 
Seat 2: 7bekon7 ($105.01 in chips) 
Seat 3: Burlica2013 ($107.38 in chips) 
Seat 4: Ysiven ($107.09 in chips) 
Seat 5: CapoDiTutti17 ($17.28 in chips) 
Seat 6: SeEevg ($139.07 in chips) 
CapoDiTutti17: posts small blind $0.50
SeEevg: posts big blind $1
*** HOLE CARDS ***
steelNike: folds 
7bekon7: raises $1.25 to $2.25
Burlica2013: folds 
Ysiven: folds 
CapoDiTutti17: calls $1.75
SeEevg: folds 
*** FLOP *** [Tc 7s 4s]
CapoDiTutti17: checks 
7bekon7: bets $1.31
CapoDiTutti17: calls $1.31
*** TURN *** [Tc 7s 4s] [5d]
CapoDiTutti17: checks 
7bekon7: bets $1.93
CapoDiTutti17: calls $1.93
*** RIVER *** [Tc 7s 4s 5d] [Jd]
CapoDiTutti17: checks 
7bekon7: checks 
*** SHOW DOWN ***
CapoDiTutti17: shows [7d 8s] (a pair of Sevens)
7bekon7: mucks hand 
CapoDiTutti17 collected $11.38 from pot
*** SUMMARY ***
Total pot $11.98 | Rake $0.60 
Board [Tc 7s 4s 5d Jd]
Seat 1: steelNike folded before Flop (didn't bet)
Seat 2: 7bekon7 mucked
Seat 3: Burlica2013 folded before Flop (didn't bet)
Seat 4: Ysiven (button) folded before Flop (didn't bet)
Seat 5: CapoDiTutti17 (small blind) showed [7d 8s] and won ($11.38) with a pair of Sevens
Seat 6: SeEevg (big blind) folded before Flop



PokerStars Hand #254310594191:  Hold'em No Limit ($0.50/$1.00 USD) - 2025/01/11 9:55:08 WET [2025/01/11 4:55:08 ET]
Table 'Panopaea III' 6-max Seat #5 is the button
Seat 1: steelNike ($43.66 in chips) 
Seat 2: 7bekon7 ($100 in chips) 
Seat 3: Burlica2013 ($107.38 in chips) 
Seat 4: Ysiven ($107.09 in chips) 
Seat 5: CapoDiTutti17 ($23.17 in chips) 
Seat 6: SeEevg ($138.07 in chips) 
SeEevg: posts small blind $0.50
steelNike: posts big blind $1
*** HOLE CARDS ***
7bekon7: raises $1.25 to $2.25
Burlica2013: folds 
Ysiven: folds 
CapoDiTutti17: calls $2.25
SeEevg: folds 
steelNike: folds 
*** FLOP *** [Qh 5s 3d]
7bekon7: bets $1.43
CapoDiTutti17: calls $1.43
*** TURN *** [Qh 5s 3d] [5d]
7bekon7: bets $4.21
CapoDiTutti17: calls $4.21
*** RIVER *** [Qh 5s 3d 5d] [As]
7bekon7: checks 
CapoDiTutti17: bets $15.28 and is all-in
7bekon7: calls $15.28
*** SHOW DOWN ***
CapoDiTutti17: shows [2s 3s] (two pair, Fives and Threes)
7bekon7: shows [Qc Jc] (two pair, Queens and Fives)
7bekon7 collected $45.45 from pot
*** SUMMARY ***
Total pot $47.84 | Rake $2.39 
Board [Qh 5s 3d 5d As]
Seat 1: steelNike (big blind) folded before Flop
Seat 2: 7bekon7 showed [Qc Jc] and won ($45.45) with two pair, Queens and Fives
Seat 3: Burlica2013 folded before Flop (didn't bet)
Seat 4: Ysiven folded before Flop (didn't bet)
Seat 5: CapoDiTutti17 (button) showed [2s 3s] and lost with two pair, Fives and Threes
Seat 6: SeEevg (small blind) folded before Flop



PokerStars Hand #254310599757:  Hold'em No Limit ($0.50/$1.00 USD) - 2025/01/11 9:56:03 WET [2025/01/11 4:56:03 ET]
Table 'Panopaea III' 6-max Seat #6 is the button
Seat 5: CapoDiTutti17 ($0 in chips) is sitting out
Seat 1: steelNike ($42.66 in chips) 
Seat 2: 7bekon7 ($122.28 in chips) 
Seat 3: Burlica2013 ($107.38 in chips) 
Seat 4: Ysiven ($107.09 in chips) 
Seat 6: SeEevg ($137.57 in chips) 
steelNike: posts small blind $0.50
7bekon7: posts big blind $1
*** HOLE CARDS ***
Burlica2013: folds 
Ysiven: folds 
SeEevg: folds 
CapoDiTutti17 leaves the table
steelNike: raises $2 to $3
7bekon7: raises $6 to $9
Burlica2013 leaves the table
steelNike: folds 
Uncalled bet ($6) returned to 7bekon7
7bekon7 collected $6 from pot
7bekon7: doesn't show hand 
*** SUMMARY ***
Total pot $6 | Rake $0 
Seat 5: CapoDiTutti17
Seat 1: steelNike (small blind) folded before Flop
Seat 2: 7bekon7 (big blind) collected ($6)
Seat 3: Burlica2013 folded before Flop (didn't bet)
Seat 4: Ysiven folded before Flop (didn't bet)
Seat 6: SeEevg (button) folded before Flop (didn't bet)



PokerStars Hand #254310601539:  Hold'em No Limit ($0.50/$1.00 USD) - 2025/01/11 9:56:21 WET [2025/01/11 4:56:21 ET]
Table 'Panopaea III' 6-max Seat #1 is the button
Seat 1: steelNike ($39.66 in chips) 
Seat 2: 7bekon7 ($125.28 in chips) 
Seat 4: Ysiven ($107.09 in chips) 
Seat 6: SeEevg ($137.57 in chips) 
7bekon7: posts small blind $0.50
Ysiven: posts big blind $1
*** HOLE CARDS ***
SeEevg: folds 
steelNike: raises $1.30 to $2.30
7bekon7: folds 
Ysiven: raises $6.20 to $8.50
Pon4uk.ua joins the table at seat #5 
steelNike: raises $31.16 to $39.66 and is all-in
Ysiven: calls $31.16
*** FIRST FLOP *** [4s Ac 7d]
*** FIRST TURN *** [4s Ac 7d] [Ks]
*** FIRST RIVER *** [4s Ac 7d Ks] [Jd]
*** SECOND FLOP *** [4c 2d Qc]
*** SECOND TURN *** [4c 2d Qc] [8s]
*** SECOND RIVER *** [4c 2d Qc 8s] [5s]
*** FIRST SHOW DOWN ***
Ysiven: shows [Qs Qd] (a pair of Queens)
steelNike: shows [4d Ad] (two pair, Aces and Fours)
steelNike collected $39.41 from pot
*** SECOND SHOW DOWN ***
Ysiven: shows [Qs Qd] (three of a kind, Queens)
steelNike: shows [4d Ad] (a pair of Fours)
Ysiven collected $39.41 from pot
*** SUMMARY ***
Total pot $79.82 | Rake $1 
Hand was run twice
FIRST Board [4s Ac 7d Ks Jd]
SECOND Board [4c 2d Qc 8s 5s]
Seat 1: steelNike (button) showed [4d Ad] and won ($39.41) with two pair, Aces and Fours, and lost with a pair of Fours
Seat 2: 7bekon7 (small blind) folded before Flop
Seat 4: Ysiven (big blind) showed [Qs Qd] and lost with a pair of Queens, and won ($39.41) with three of a kind, Queens
Seat 6: SeEevg folded before Flop (didn't bet)



PokerStars Hand #254310606518:  Hold'em No Limit ($0.50/$1.00 USD) - 2025/01/11 9:57:10 WET [2025/01/11 4:57:10 ET]
Table 'Panopaea III' 6-max Seat #2 is the button
Seat 1: steelNike ($39.41 in chips) 
Seat 2: 7bekon7 ($124.78 in chips) 
Seat 4: Ysiven ($106.84 in chips) 
Seat 5: Pon4uk.ua ($100 in chips) 
Seat 6: SeEevg ($137.57 in chips) 
Ysiven: posts small blind $0.50
Pon4uk.ua: posts big blind $1
*** HOLE CARDS ***
SeEevg: folds 
SeEevg leaves the table
steelNike: raises $1 to $2
7bekon7: folds 
Ysiven: folds 
Pon4uk.ua: calls $1
*** FLOP *** [5h 5d 4h]
Pon4uk.ua: checks 
steelNike: bets $1.07
Pon4uk.ua: calls $1.07
*** TURN *** [5h 5d 4h] [Qd]
coeeeelho joins the table at seat #3 
Pon4uk.ua: checks 
steelNike: checks 
*** RIVER *** [5h 5d 4h Qd] [9c]
Pon4uk.ua: checks 
steelNike: checks 
*** SHOW DOWN ***
Pon4uk.ua: shows [8h As] (a pair of Fives)
steelNike: shows [Ah Kc] (a pair of Fives - Ace+King kicker)
steelNike collected $6.31 from pot
*** SUMMARY ***
Total pot $6.64 | Rake $0.33 
Board [5h 5d 4h Qd 9c]
Seat 1: steelNike showed [Ah Kc] and won ($6.31) with a pair of Fives
Seat 2: 7bekon7 (button) folded before Flop (didn't bet)
Seat 4: Ysiven (small blind) folded before Flop
Seat 5: Pon4uk.ua (big blind) showed [8h As] and lost with a pair of Fives
Seat 6: SeEevg folded before Flop (didn't bet)



PokerStars Hand #254310611895:  Hold'em No Limit ($0.50/$1.00 USD) - 2025/01/11 9:58:03 WET [2025/01/11 4:58:03 ET]
Table 'Panopaea III' 6-max Seat #4 is the button
Seat 1: steelNike ($42.65 in chips) is sitting out
Seat 2: 7bekon7 ($124.78 in chips) is sitting out
Seat 3: coeeeelho ($100 in chips) 
Seat 4: Ysiven ($106.34 in chips) 
Seat 5: Pon4uk.ua ($100 in chips) 
Pon4uk.ua: posts small blind $0.50
7bekon7: is sitting out 
coeeeelho: posts big blind $1
*** HOLE CARDS ***
steelNike leaves the table
7bekon7 leaves the table
Ysiven: folds 
Pon4uk.ua: folds 
Uncalled bet ($0.50) returned to coeeeelho
coeeeelho collected $1 from pot
*** SUMMARY ***
Total pot $1 | Rake $0 
Seat 1: steelNike
Seat 2: 7bekon7
Seat 3: coeeeelho (big blind) collected ($1)
Seat 4: Ysiven (button) folded before Flop (didn't bet)
Seat 5: Pon4uk.ua (small blind) folded before Flop



PokerStars Hand #254310612793:  Hold'em No Limit ($0.50/$1.00 USD) - 2025/01/11 9:58:12 WET [2025/01/11 4:58:12 ET]
Table 'Panopaea III' 6-max Seat #3 is the button
Seat 4: Ysiven ($106.34 in chips) is sitting out
Seat 3: coeeeelho ($100.50 in chips) 
Seat 5: Pon4uk.ua ($100 in chips) 
coeeeelho: posts small blind $0.50
Ysiven: is sitting out 
Pon4uk.ua: posts big blind $1
*** HOLE CARDS ***
Ysiven leaves the table
coeeeelho: folds 
Uncalled bet ($0.50) returned to Pon4uk.ua
Pon4uk.ua collected $1 from pot
Pon4uk.ua: doesn't show hand 
*** SUMMARY ***
Total pot $1 | Rake $0 
Seat 4: Ysiven
Seat 3: coeeeelho (button) (small blind) folded before Flop
Seat 5: Pon4uk.ua (big blind) collected ($1)



