PokerStars Hand #254320412573:  Hold'em No Limit ($0.50/$1.00 USD) - 2025/01/11 21:29:16 WET [2025/01/11 16:29:16 ET]
Table 'Simona III' 6-max Seat #5 is the button
Seat 1: nikalas22 ($100 in chips) 
Seat 2: shootingGRID ($100 in chips) 
Seat 5: Unipoker11 ($100 in chips) 
nikalas22: posts small blind $0.50
shootingGRID: posts big blind $1
*** HOLE CARDS ***
Unipoker11: folds 
nikalas22: raises $2 to $3
shootingGRID: folds 
Uncalled bet ($2) returned to nikalas22
nikalas22 collected $2 from pot
nikalas22: doesn't show hand 
*** SUMMARY ***
Total pot $2 | Rake $0 
Seat 1: nikalas22 (small blind) collected ($2)
Seat 2: shootingGRID (big blind) folded before Flop
Seat 5: Unipoker11 (button) folded before Flop (didn't bet)



PokerStars Hand #254320417689:  Hold'em No Limit ($0.50/$1.00 USD) - 2025/01/11 21:29:32 WET [2025/01/11 16:29:32 ET]
Table 'Simona III' 6-max Seat #1 is the button
Seat 1: nikalas22 ($101 in chips) 
Seat 2: shootingGRID ($100 in chips) 
Seat 5: Unipoker11 ($100 in chips) 
shootingGRID: posts small blind $0.50
Unipoker11: posts big blind $1
*** HOLE CARDS ***
nikalas22: raises $1.50 to $2.50
shootingGRID: folds 
Unipoker11: raises $11 to $13.50
nikalas22: folds 
Uncalled bet ($11) returned to Unipoker11
Unipoker11 collected $5.50 from pot
Unipoker11: doesn't show hand 
*** SUMMARY ***
Total pot $5.50 | Rake $0 
Seat 1: nikalas22 (button) folded before Flop
Seat 2: shootingGRID (small blind) folded before Flop
Seat 5: Unipoker11 (big blind) collected ($5.50)



PokerStars Hand #254320426738:  Hold'em No Limit ($0.50/$1.00 USD) - 2025/01/11 21:29:58 WET [2025/01/11 16:29:58 ET]
Table 'Simona III' 6-max Seat #2 is the button
Seat 1: nikalas22 ($100 in chips) 
Seat 2: shootingGRID ($100 in chips) 
Seat 5: Unipoker11 ($103 in chips) 
Unipoker11: posts small blind $0.50
nikalas22: posts big blind $1
*** HOLE CARDS ***
shootingGRID: folds 
Unipoker11: raises $2 to $3
nikalas22: folds 
Uncalled bet ($2) returned to Unipoker11
Unipoker11 collected $2 from pot
Unipoker11: doesn't show hand 
*** SUMMARY ***
Total pot $2 | Rake $0 
Seat 1: nikalas22 (big blind) folded before Flop
Seat 2: shootingGRID (button) folded before Flop (didn't bet)
Seat 5: Unipoker11 (small blind) collected ($2)



PokerStars Hand #254320435596:  Hold'em No Limit ($0.50/$1.00 USD) - 2025/01/11 21:30:24 WET [2025/01/11 16:30:24 ET]
Table 'Simona III' 6-max Seat #5 is the button
Seat 1: nikalas22 ($100 in chips) 
Seat 2: shootingGRID ($100 in chips) 
Seat 5: Unipoker11 ($104 in chips) 
nikalas22: posts small blind $0.50
shootingGRID: posts big blind $1
*** HOLE CARDS ***
Unipoker11: raises $1.50 to $2.50
nikalas22: folds 
shootingGRID: folds 
Uncalled bet ($1.50) returned to Unipoker11
Unipoker11 collected $2.50 from pot
Unipoker11: doesn't show hand 
*** SUMMARY ***
Total pot $2.50 | Rake $0 
Seat 1: nikalas22 (small blind) folded before Flop
Seat 2: shootingGRID (big blind) folded before Flop
Seat 5: Unipoker11 (button) collected ($2.50)



PokerStars Hand #254320449877:  Hold'em No Limit ($0.50/$1.00 USD) - 2025/01/11 21:31:07 WET [2025/01/11 16:31:07 ET]
Table 'Simona III' 6-max Seat #1 is the button
Seat 1: nikalas22 ($100 in chips) 
Seat 2: shootingGRID ($100 in chips) 
Seat 5: Unipoker11 ($105.50 in chips) 
shootingGRID: posts small blind $0.50
Unipoker11: posts big blind $1
*** HOLE CARDS ***
nikalas22: raises $1.50 to $2.50
shootingGRID: folds 
Unipoker11: folds 
Uncalled bet ($1.50) returned to nikalas22
nikalas22 collected $2.50 from pot
nikalas22: doesn't show hand 
*** SUMMARY ***
Total pot $2.50 | Rake $0 
Seat 1: nikalas22 (button) collected ($2.50)
Seat 2: shootingGRID (small blind) folded before Flop
Seat 5: Unipoker11 (big blind) folded before Flop



PokerStars Hand #254320458449:  Hold'em No Limit ($0.50/$1.00 USD) - 2025/01/11 21:31:32 WET [2025/01/11 16:31:32 ET]
Table 'Simona III' 6-max Seat #2 is the button
Seat 1: nikalas22 ($101.50 in chips) 
Seat 2: shootingGRID ($100 in chips) 
Seat 5: Unipoker11 ($104.50 in chips) 
Unipoker11: posts small blind $0.50
nikalas22: posts big blind $1
*** HOLE CARDS ***
shootingGRID: folds 
Unipoker11: folds 
Uncalled bet ($0.50) returned to nikalas22
nikalas22 collected $1 from pot
nikalas22: doesn't show hand 
*** SUMMARY ***
Total pot $1 | Rake $0 
Seat 1: nikalas22 (big blind) collected ($1)
Seat 2: shootingGRID (button) folded before Flop (didn't bet)
Seat 5: Unipoker11 (small blind) folded before Flop



PokerStars Hand #254320461032:  Hold'em No Limit ($0.50/$1.00 USD) - 2025/01/11 21:31:40 WET [2025/01/11 16:31:40 ET]
Table 'Simona III' 6-max Seat #5 is the button
Seat 1: nikalas22 ($102 in chips) 
Seat 2: shootingGRID ($100 in chips) 
Seat 5: Unipoker11 ($104 in chips) 
nikalas22: posts small blind $0.50
shootingGRID: posts big blind $1
*** HOLE CARDS ***
Unipoker11: folds 
nikalas22: raises $2 to $3
shootingGRID: folds 
Uncalled bet ($2) returned to nikalas22
nikalas22 collected $2 from pot
nikalas22: doesn't show hand 
*** SUMMARY ***
Total pot $2 | Rake $0 
Seat 1: nikalas22 (small blind) collected ($2)
Seat 2: shootingGRID (big blind) folded before Flop
Seat 5: Unipoker11 (button) folded before Flop (didn't bet)



PokerStars Hand #254320467240:  Hold'em No Limit ($0.50/$1.00 USD) - 2025/01/11 21:31:58 WET [2025/01/11 16:31:58 ET]
Table 'Simona III' 6-max Seat #1 is the button
Seat 1: nikalas22 ($103 in chips) 
Seat 2: shootingGRID ($100 in chips) 
Seat 5: Unipoker11 ($104 in chips) 
shootingGRID: posts small blind $0.50
Unipoker11: posts big blind $1
*** HOLE CARDS ***
nikalas22: raises $1.50 to $2.50
shootingGRID: folds 
Unipoker11: folds 
Uncalled bet ($1.50) returned to nikalas22
nikalas22 collected $2.50 from pot
nikalas22: doesn't show hand 
*** SUMMARY ***
Total pot $2.50 | Rake $0 
Seat 1: nikalas22 (button) collected ($2.50)
Seat 2: shootingGRID (small blind) folded before Flop
Seat 5: Unipoker11 (big blind) folded before Flop



PokerStars Hand #254320472008:  Hold'em No Limit ($0.50/$1.00 USD) - 2025/01/11 21:32:12 WET [2025/01/11 16:32:12 ET]
Table 'Simona III' 6-max Seat #2 is the button
Seat 1: nikalas22 ($104.50 in chips) 
Seat 2: shootingGRID ($100 in chips) 
Seat 5: Unipoker11 ($103 in chips) 
Unipoker11: posts small blind $0.50
nikalas22: posts big blind $1
*** HOLE CARDS ***
shootingGRID has timed out
shootingGRID: folds 
Unipoker11: raises $2 to $3
nikalas22: folds 
Uncalled bet ($2) returned to Unipoker11
Unipoker11 collected $2 from pot
Unipoker11: doesn't show hand 
*** SUMMARY ***
Total pot $2 | Rake $0 
Seat 1: nikalas22 (big blind) folded before Flop
Seat 2: shootingGRID (button) folded before Flop (didn't bet)
Seat 5: Unipoker11 (small blind) collected ($2)



PokerStars Hand #254320481379:  Hold'em No Limit ($0.50/$1.00 USD) - 2025/01/11 21:32:40 WET [2025/01/11 16:32:40 ET]
Table 'Simona III' 6-max Seat #5 is the button
Seat 1: nikalas22 ($103.50 in chips) 
Seat 2: shootingGRID ($100 in chips) 
Seat 5: Unipoker11 ($104 in chips) 
nikalas22: posts small blind $0.50
shootingGRID: posts big blind $1
*** HOLE CARDS ***
Unipoker11: folds 
nikalas22: raises $2 to $3
shootingGRID has timed out
shootingGRID: folds 
Uncalled bet ($2) returned to nikalas22
nikalas22 collected $2 from pot
nikalas22: doesn't show hand 
*** SUMMARY ***
Total pot $2 | Rake $0 
Seat 1: nikalas22 (small blind) collected ($2)
Seat 2: shootingGRID (big blind) folded before Flop
Seat 5: Unipoker11 (button) folded before Flop (didn't bet)



PokerStars Hand #254320501267:  Hold'em No Limit ($0.50/$1.00 USD) - 2025/01/11 21:33:40 WET [2025/01/11 16:33:40 ET]
Table 'Simona III' 6-max Seat #2 is the button
Seat 1: nikalas22 ($104.50 in chips) is sitting out
Seat 2: shootingGRID ($100 in chips) 
Seat 5: Unipoker11 ($104 in chips) 
shootingGRID: posts small blind $0.50
Unipoker11: posts big blind $1
*** HOLE CARDS ***
shootingGRID: raises $1.25 to $2.25
Unipoker11: raises $7.75 to $10
shootingGRID: folds 
Uncalled bet ($7.75) returned to Unipoker11
Unipoker11 collected $4.50 from pot
Unipoker11: doesn't show hand 
shootingGRID leaves the table
*** SUMMARY ***
Total pot $4.50 | Rake $0 
Seat 1: nikalas22
Seat 2: shootingGRID (button) (small blind) folded before Flop
Seat 5: Unipoker11 (big blind) collected ($4.50)



PokerStars Hand #254320510934:  Hold'em No Limit ($0.50/$1.00 USD) - 2025/01/11 21:34:08 WET [2025/01/11 16:34:08 ET]
Table 'Simona III' 6-max Seat #5 is the button
Seat 1: nikalas22 ($104.50 in chips) 
Seat 5: Unipoker11 ($106.25 in chips) 
Unipoker11: posts small blind $0.50
nikalas22: posts big blind $1
*** HOLE CARDS ***
Unipoker11: folds 
Uncalled bet ($0.50) returned to nikalas22
Fero128 joins the table at seat #2 
Fero128 is disconnected 
nikalas22 collected $1 from pot
nikalas22: doesn't show hand 
Gfoer joins the table at seat #3 
*** SUMMARY ***
Total pot $1 | Rake $0 
Seat 1: nikalas22 (big blind) collected ($1)
Seat 5: Unipoker11 (button) (small blind) folded before Flop



PokerStars Hand #254320514548:  Hold'em No Limit ($0.50/$1.00 USD) - 2025/01/11 21:34:19 WET [2025/01/11 16:34:19 ET]
Table 'Simona III' 6-max Seat #5 is the button
Seat 3: Gfoer ($100 in chips) is sitting out
Seat 1: nikalas22 ($105 in chips) 
Seat 2: Fero128 ($29.82 in chips) 
Seat 5: Unipoker11 ($105.75 in chips) 
nikalas22: posts small blind $0.50
Fero128: posts big blind $1
Gfoer: sits out 
*** HOLE CARDS ***
Unipoker11: folds 
nikalas22: raises $2 to $3
steepfell joins the table at seat #4 
Fero128: folds 
Uncalled bet ($2) returned to nikalas22
nikalas22 collected $2 from pot
nikalas22: doesn't show hand 
*** SUMMARY ***
Total pot $2 | Rake $0 
Seat 3: Gfoer
Seat 1: nikalas22 (small blind) collected ($2)
Seat 2: Fero128 (big blind) folded before Flop
Seat 5: Unipoker11 (button) folded before Flop (didn't bet)



PokerStars Hand #254320517925:  Hold'em No Limit ($0.50/$1.00 USD) - 2025/01/11 21:34:29 WET [2025/01/11 16:34:29 ET]
Table 'Simona III' 6-max Seat #1 is the button
Seat 4: steepfell ($100 in chips) is sitting out
Seat 1: nikalas22 ($106 in chips) 
Seat 2: Fero128 ($28.82 in chips) 
Seat 3: Gfoer ($100 in chips) 
Seat 5: Unipoker11 ($105.75 in chips) 
Fero128: posts small blind $0.50
Gfoer: posts big blind $1
steepfell: sits out 
*** HOLE CARDS ***
Unipoker11: folds 
nikalas22: raises $1.50 to $2.50
Fero128: folds 
Gfoer: folds 
Uncalled bet ($1.50) returned to nikalas22
nikalas22 collected $2.50 from pot
nikalas22: doesn't show hand 
*** SUMMARY ***
Total pot $2.50 | Rake $0 
Seat 4: steepfell
Seat 1: nikalas22 (button) collected ($2.50)
Seat 2: Fero128 (small blind) folded before Flop
Seat 3: Gfoer (big blind) folded before Flop
Seat 5: Unipoker11 folded before Flop (didn't bet)



PokerStars Hand #254320527532:  Hold'em No Limit ($0.50/$1.00 USD) - 2025/01/11 21:34:58 WET [2025/01/11 16:34:58 ET]
Table 'Simona III' 6-max Seat #2 is the button
Seat 1: nikalas22 ($107.50 in chips) 
Seat 2: Fero128 ($28.32 in chips) 
Seat 3: Gfoer ($100 in chips) 
Seat 4: steepfell ($100 in chips) 
Seat 5: Unipoker11 ($105.75 in chips) 
Gfoer: posts small blind $0.50
steepfell: posts big blind $1
*** HOLE CARDS ***
Unipoker11: folds 
nikalas22: folds 
Fero128: folds 
Gfoer: raises $1.50 to $2.50
steepfell: calls $1.50
*** FLOP *** [8s Kd Qd]
Gfoer: checks 
steepfell: bets $2.38
Gfoer: calls $2.38
*** TURN *** [8s Kd Qd] [Td]
Gfoer: checks 
steepfell: bets $6.95
xcinaz joins the table at seat #6 
Gfoer: calls $6.95
*** RIVER *** [8s Kd Qd Td] [Jd]
Gfoer: checks 
steepfell: checks 
*** SHOW DOWN ***
Gfoer: shows [Js Ac] (a straight, Ten to Ace)
steepfell: mucks hand 
Gfoer collected $22.48 from pot
*** SUMMARY ***
Total pot $23.66 | Rake $1.18 
Board [8s Kd Qd Td Jd]
Seat 1: nikalas22 folded before Flop (didn't bet)
Seat 2: Fero128 (button) folded before Flop (didn't bet)
Seat 3: Gfoer (small blind) showed [Js Ac] and won ($22.48) with a straight, Ten to Ace
Seat 4: steepfell (big blind) mucked
Seat 5: Unipoker11 folded before Flop (didn't bet)



PokerStars Hand #254320555588:  Hold'em No Limit ($0.50/$1.00 USD) - 2025/01/11 21:36:22 WET [2025/01/11 16:36:22 ET]
Table 'Simona III' 6-max Seat #3 is the button
Seat 6: xcinaz ($100 in chips) is sitting out
Seat 1: nikalas22 ($107.50 in chips) 
Seat 2: Fero128 ($28.32 in chips) 
Seat 3: Gfoer ($110.65 in chips) 
Seat 4: steepfell ($100 in chips) 
Seat 5: Unipoker11 ($105.75 in chips) 
steepfell: posts small blind $0.50
Unipoker11: posts big blind $1
xcinaz: sits out 
*** HOLE CARDS ***
nikalas22: raises $1.50 to $2.50
Fero128: folds 
Gfoer: folds 
steepfell: folds 
Unipoker11: folds 
Uncalled bet ($1.50) returned to nikalas22
nikalas22 collected $2.50 from pot
nikalas22: doesn't show hand 
*** SUMMARY ***
Total pot $2.50 | Rake $0 
Seat 6: xcinaz
Seat 1: nikalas22 collected ($2.50)
Seat 2: Fero128 folded before Flop (didn't bet)
Seat 3: Gfoer (button) folded before Flop (didn't bet)
Seat 4: steepfell (small blind) folded before Flop
Seat 5: Unipoker11 (big blind) folded before Flop



PokerStars Hand #254320562219:  Hold'em No Limit ($0.50/$1.00 USD) - 2025/01/11 21:36:43 WET [2025/01/11 16:36:43 ET]
Table 'Simona III' 6-max Seat #4 is the button
Seat 1: nikalas22 ($109 in chips) 
Seat 2: Fero128 ($28.32 in chips) 
Seat 3: Gfoer ($110.65 in chips) 
Seat 4: steepfell ($100 in chips) 
Seat 5: Unipoker11 ($104.75 in chips) 
Seat 6: xcinaz ($100 in chips) 
Unipoker11: posts small blind $0.50
xcinaz: posts big blind $1
*** HOLE CARDS ***
nikalas22: folds 
Fero128: raises $1 to $2
Gfoer: folds 
steepfell: folds 
Unipoker11: folds 
xcinaz: folds 
Uncalled bet ($1) returned to Fero128
Fero128 collected $2.50 from pot
*** SUMMARY ***
Total pot $2.50 | Rake $0 
Seat 1: nikalas22 folded before Flop (didn't bet)
Seat 2: Fero128 collected ($2.50)
Seat 3: Gfoer folded before Flop (didn't bet)
Seat 4: steepfell (button) folded before Flop (didn't bet)
Seat 5: Unipoker11 (small blind) folded before Flop
Seat 6: xcinaz (big blind) folded before Flop



PokerStars Hand #254320569353:  Hold'em No Limit ($0.50/$1.00 USD) - 2025/01/11 21:37:04 WET [2025/01/11 16:37:04 ET]
Table 'Simona III' 6-max Seat #5 is the button
Seat 1: nikalas22 ($109 in chips) 
Seat 2: Fero128 ($29.82 in chips) 
Seat 3: Gfoer ($110.65 in chips) 
Seat 4: steepfell ($100 in chips) 
Seat 5: Unipoker11 ($104.25 in chips) 
Seat 6: xcinaz ($100 in chips) 
xcinaz: posts small blind $0.50
nikalas22: posts big blind $1
*** HOLE CARDS ***
Fero128: calls $1
Gfoer: folds 
steepfell: raises $3 to $4
Unipoker11: calls $4
xcinaz: folds 
nikalas22: folds 
Fero128: calls $3
*** FLOP *** [7c 6s Qd]
Fero128: checks 
steepfell: bets $8.46
Unipoker11: calls $8.46
Fero128: calls $8.46
*** TURN *** [7c 6s Qd] [Kh]
Fero128: checks 
steepfell: checks 
Unipoker11: checks 
*** RIVER *** [7c 6s Qd Kh] [3h]
Fero128: bets $5
steepfell: raises $13 to $18
Unipoker11: calls $18
Fero128: folds 
*** SHOW DOWN ***
steepfell: shows [Ac Ad] (a pair of Aces)
Unipoker11: shows [7h 7s] (three of a kind, Sevens)
Unipoker11 collected $77.38 from pot
*** SUMMARY ***
Total pot $79.88 | Rake $2.50 
Board [7c 6s Qd Kh 3h]
Seat 1: nikalas22 (big blind) folded before Flop
Seat 2: Fero128 folded on the River
Seat 3: Gfoer folded before Flop (didn't bet)
Seat 4: steepfell showed [Ac Ad] and lost with a pair of Aces
Seat 5: Unipoker11 (button) showed [7h 7s] and won ($77.38) with three of a kind, Sevens
Seat 6: xcinaz (small blind) folded before Flop



PokerStars Hand #254320609440:  Hold'em No Limit ($0.50/$1.00 USD) - 2025/01/11 21:39:05 WET [2025/01/11 16:39:05 ET]
Table 'Simona III' 6-max Seat #6 is the button
Seat 1: nikalas22 ($108 in chips) 
Seat 2: Fero128 ($12.36 in chips) 
Seat 3: Gfoer ($110.65 in chips) 
Seat 4: steepfell ($100 in chips) 
Seat 5: Unipoker11 ($151.17 in chips) 
Seat 6: xcinaz ($100 in chips) 
nikalas22: posts small blind $0.50
Fero128: posts big blind $1
*** HOLE CARDS ***
Gfoer: folds 
steepfell: raises $1.50 to $2.50
Unipoker11: folds 
xcinaz: folds 
nikalas22: folds 
Fero128: calls $1.50
*** FLOP *** [4c 6d Ks]
Fero128: checks 
steepfell: checks 
*** TURN *** [4c 6d Ks] [9h]
Unipoker11 leaves the table
Fero128: bets $2
steepfell: calls $2
*** RIVER *** [4c 6d Ks 9h] [5d]
Fero128: bets $7.86 and is all-in
steepfell: folds 
Uncalled bet ($7.86) returned to Fero128
Fero128 collected $9.02 from pot
*** SUMMARY ***
Total pot $9.50 | Rake $0.48 
Board [4c 6d Ks 9h 5d]
Seat 1: nikalas22 (small blind) folded before Flop
Seat 2: Fero128 (big blind) collected ($9.02)
Seat 3: Gfoer folded before Flop (didn't bet)
Seat 4: steepfell folded on the River
Seat 5: Unipoker11 folded before Flop (didn't bet)
Seat 6: xcinaz (button) folded before Flop (didn't bet)



PokerStars Hand #254320630121:  Hold'em No Limit ($0.50/$1.00 USD) - 2025/01/11 21:40:07 WET [2025/01/11 16:40:07 ET]
Table 'Simona III' 6-max Seat #1 is the button
Seat 1: nikalas22 ($107.50 in chips) 
Seat 2: Fero128 ($16.88 in chips) 
Seat 3: Gfoer ($110.65 in chips) 
Seat 4: steepfell ($100 in chips) 
Seat 6: xcinaz ($100 in chips) 
Fero128: posts small blind $0.50
Gfoer: posts big blind $1
*** HOLE CARDS ***
steepfell: folds 
xcinaz: raises $1.20 to $2.20
nikalas22: folds 
Fero128: calls $1.70
Gfoer: folds 
*** FLOP *** [3h Jc As]
Fero128: checks 
BumHuntKing joins the table at seat #5 
xcinaz: bets $1.69
Fero128: folds 
Uncalled bet ($1.69) returned to xcinaz
xcinaz collected $5.13 from pot
xcinaz: doesn't show hand 
*** SUMMARY ***
Total pot $5.40 | Rake $0.27 
Board [3h Jc As]
Seat 1: nikalas22 (button) folded before Flop (didn't bet)
Seat 2: Fero128 (small blind) folded on the Flop
Seat 3: Gfoer (big blind) folded before Flop
Seat 4: steepfell folded before Flop (didn't bet)
Seat 6: xcinaz collected ($5.13)



PokerStars Hand #254320638934:  Hold'em No Limit ($0.50/$1.00 USD) - 2025/01/11 21:40:34 WET [2025/01/11 16:40:34 ET]
Table 'Simona III' 6-max Seat #2 is the button
Seat 5: BumHuntKing ($100 in chips) is sitting out
Seat 1: nikalas22 ($107.50 in chips) 
Seat 2: Fero128 ($14.68 in chips) 
Seat 3: Gfoer ($109.65 in chips) 
Seat 4: steepfell ($100 in chips) 
Seat 6: xcinaz ($102.93 in chips) 
Gfoer: posts small blind $0.50
steepfell: posts big blind $1
BumHuntKing: sits out 
*** HOLE CARDS ***
xcinaz: folds 
nikalas22: folds 
Fero128: raises $2 to $3
Gfoer: folds 
steepfell: raises $13.50 to $16.50
Fero128: calls $11.68 and is all-in
Uncalled bet ($1.82) returned to steepfell
*** FLOP *** [4d 3d 5d]
*** TURN *** [4d 3d 5d] [6d]
*** RIVER *** [4d 3d 5d 6d] [Ts]
*** SHOW DOWN ***
steepfell: shows [Qc Ah] (high card Ace)
Fero128: shows [As 7d] (a straight flush, Three to Seven)
Fero128 collected $28.37 from pot
*** SUMMARY ***
Total pot $29.86 | Rake $1.49 
Board [4d 3d 5d 6d Ts]
Seat 5: BumHuntKing
Seat 1: nikalas22 folded before Flop (didn't bet)
Seat 2: Fero128 (button) showed [As 7d] and won ($28.37) with a straight flush, Three to Seven
Seat 3: Gfoer (small blind) folded before Flop
Seat 4: steepfell (big blind) showed [Qc Ah] and lost with high card Ace
Seat 6: xcinaz folded before Flop (didn't bet)



PokerStars Hand #254320650071:  Hold'em No Limit ($0.50/$1.00 USD) - 2025/01/11 21:41:08 WET [2025/01/11 16:41:08 ET]
Table 'Simona III' 6-max Seat #3 is the button
Seat 1: nikalas22 ($107.50 in chips) 
Seat 2: Fero128 ($28.37 in chips) 
Seat 3: Gfoer ($109.15 in chips) 
Seat 4: steepfell ($100 in chips) 
Seat 5: BumHuntKing ($100 in chips) 
Seat 6: xcinaz ($102.93 in chips) 
steepfell: posts small blind $0.50
BumHuntKing: posts big blind $1
*** HOLE CARDS ***
xcinaz: folds 
nikalas22: folds 
Fero128: folds 
Gfoer: folds 
steepfell: raises $2 to $3
BumHuntKing: calls $2
*** FLOP *** [7d Qd 8d]
steepfell: bets $2.85
BumHuntKing: folds 
Uncalled bet ($2.85) returned to steepfell
steepfell collected $5.70 from pot
steepfell: doesn't show hand 
*** SUMMARY ***
Total pot $6 | Rake $0.30 
Board [7d Qd 8d]
Seat 1: nikalas22 folded before Flop (didn't bet)
Seat 2: Fero128 folded before Flop (didn't bet)
Seat 3: Gfoer (button) folded before Flop (didn't bet)
Seat 4: steepfell (small blind) collected ($5.70)
Seat 5: BumHuntKing (big blind) folded on the Flop
Seat 6: xcinaz folded before Flop (didn't bet)



PokerStars Hand #254320657161:  Hold'em No Limit ($0.50/$1.00 USD) - 2025/01/11 21:41:30 WET [2025/01/11 16:41:30 ET]
Table 'Simona III' 6-max Seat #4 is the button
Seat 1: nikalas22 ($107.50 in chips) 
Seat 2: Fero128 ($28.37 in chips) 
Seat 3: Gfoer ($109.15 in chips) 
Seat 4: steepfell ($102.70 in chips) 
Seat 5: BumHuntKing ($100 in chips) 
Seat 6: xcinaz ($102.93 in chips) 
BumHuntKing: posts small blind $0.50
xcinaz: posts big blind $1
*** HOLE CARDS ***
nikalas22: folds 
Fero128: folds 
Gfoer: folds 
steepfell: folds 
BumHuntKing: folds 
Uncalled bet ($0.50) returned to xcinaz
xcinaz collected $1 from pot
xcinaz: doesn't show hand 
*** SUMMARY ***
Total pot $1 | Rake $0 
Seat 1: nikalas22 folded before Flop (didn't bet)
Seat 2: Fero128 folded before Flop (didn't bet)
Seat 3: Gfoer folded before Flop (didn't bet)
Seat 4: steepfell (button) folded before Flop (didn't bet)
Seat 5: BumHuntKing (small blind) folded before Flop
Seat 6: xcinaz (big blind) collected ($1)



PokerStars Hand #254320660593:  Hold'em No Limit ($0.50/$1.00 USD) - 2025/01/11 21:41:40 WET [2025/01/11 16:41:40 ET]
Table 'Simona III' 6-max Seat #5 is the button
Seat 1: nikalas22 ($107.50 in chips) 
Seat 2: Fero128 ($28.37 in chips) 
Seat 3: Gfoer ($109.15 in chips) 
Seat 4: steepfell ($102.70 in chips) 
Seat 5: BumHuntKing ($100 in chips) 
Seat 6: xcinaz ($103.43 in chips) 
xcinaz: posts small blind $0.50
nikalas22: posts big blind $1
*** HOLE CARDS ***
Fero128: calls $1
Gfoer: folds 
steepfell: folds 
BumHuntKing: folds 
xcinaz: folds 
nikalas22: checks 
*** FLOP *** [8d Kc 3d]
nikalas22: checks 
Fero128: bets $3
nikalas22: calls $3
*** TURN *** [8d Kc 3d] [Ah]
nikalas22: checks 
Fero128: bets $6
nikalas22: folds 
Uncalled bet ($6) returned to Fero128
Fero128 collected $8.08 from pot
*** SUMMARY ***
Total pot $8.50 | Rake $0.42 
Board [8d Kc 3d Ah]
Seat 1: nikalas22 (big blind) folded on the Turn
Seat 2: Fero128 collected ($8.08)
Seat 3: Gfoer folded before Flop (didn't bet)
Seat 4: steepfell folded before Flop (didn't bet)
Seat 5: BumHuntKing (button) folded before Flop (didn't bet)
Seat 6: xcinaz (small blind) folded before Flop



PokerStars Hand #254320675767:  Hold'em No Limit ($0.50/$1.00 USD) - 2025/01/11 21:42:26 WET [2025/01/11 16:42:26 ET]
Table 'Simona III' 6-max Seat #6 is the button
Seat 1: nikalas22 ($103.50 in chips) 
Seat 2: Fero128 ($32.45 in chips) 
Seat 3: Gfoer ($109.15 in chips) 
Seat 4: steepfell ($102.70 in chips) 
Seat 5: BumHuntKing ($100 in chips) 
Seat 6: xcinaz ($102.93 in chips) 
nikalas22: posts small blind $0.50
Fero128: posts big blind $1
*** HOLE CARDS ***
Gfoer: folds 
steepfell: folds 
BumHuntKing: raises $1.20 to $2.20
xcinaz: folds 
nikalas22: folds 
Fero128: folds 
Uncalled bet ($1.20) returned to BumHuntKing
BumHuntKing collected $2.50 from pot
BumHuntKing: doesn't show hand 
*** SUMMARY ***
Total pot $2.50 | Rake $0 
Seat 1: nikalas22 (small blind) folded before Flop
Seat 2: Fero128 (big blind) folded before Flop
Seat 3: Gfoer folded before Flop (didn't bet)
Seat 4: steepfell folded before Flop (didn't bet)
Seat 5: BumHuntKing collected ($2.50)
Seat 6: xcinaz (button) folded before Flop (didn't bet)



PokerStars Hand #254320681008:  Hold'em No Limit ($0.50/$1.00 USD) - 2025/01/11 21:42:41 WET [2025/01/11 16:42:41 ET]
Table 'Simona III' 6-max Seat #1 is the button
Seat 1: nikalas22 ($103 in chips) 
Seat 2: Fero128 ($31.45 in chips) 
Seat 3: Gfoer ($109.15 in chips) 
Seat 4: steepfell ($102.70 in chips) 
Seat 5: BumHuntKing ($101.50 in chips) 
Seat 6: xcinaz ($102.93 in chips) 
Fero128: posts small blind $0.50
Gfoer: posts big blind $1
*** HOLE CARDS ***
steepfell: raises $1.50 to $2.50
BumHuntKing: folds 
xcinaz: folds 
nikalas22: raises $5.50 to $8
Fero128: folds 
Gfoer: folds 
steepfell: calls $5.50
*** FLOP *** [6d 2d 7h]
steepfell: checks 
nikalas22: bets $8.31
steepfell: calls $8.31
*** TURN *** [6d 2d 7h] [Ah]
steepfell: checks 
nikalas22: bets $24.31
steepfell: folds 
Uncalled bet ($24.31) returned to nikalas22
nikalas22 collected $32.41 from pot
nikalas22: doesn't show hand 
*** SUMMARY ***
Total pot $34.12 | Rake $1.71 
Board [6d 2d 7h Ah]
Seat 1: nikalas22 (button) collected ($32.41)
Seat 2: Fero128 (small blind) folded before Flop
Seat 3: Gfoer (big blind) folded before Flop
Seat 4: steepfell folded on the Turn
Seat 5: BumHuntKing folded before Flop (didn't bet)
Seat 6: xcinaz folded before Flop (didn't bet)



PokerStars Hand #254320699597:  Hold'em No Limit ($0.50/$1.00 USD) - 2025/01/11 21:43:38 WET [2025/01/11 16:43:38 ET]
Table 'Simona III' 6-max Seat #2 is the button
Seat 1: nikalas22 ($119.10 in chips) 
Seat 2: Fero128 ($30.95 in chips) 
Seat 3: Gfoer ($108.15 in chips) 
Seat 4: steepfell ($100 in chips) 
Seat 5: BumHuntKing ($101.50 in chips) 
Seat 6: xcinaz ($102.93 in chips) 
Gfoer: posts small blind $0.50
steepfell: posts big blind $1
*** HOLE CARDS ***
BumHuntKing: raises $1.20 to $2.20
xcinaz: raises $5.80 to $8
nikalas22: folds 
Fero128: folds 
Gfoer: folds 
steepfell: folds 
BumHuntKing: calls $5.80
*** FLOP *** [Ts 9d Jd]
BumHuntKing: checks 
xcinaz: checks 
*** TURN *** [Ts 9d Jd] [3h]
BumHuntKing: checks 
xcinaz: checks 
*** RIVER *** [Ts 9d Jd 3h] [Kh]
BumHuntKing: checks 
xcinaz: checks 
*** SHOW DOWN ***
BumHuntKing: shows [7c 7h] (a pair of Sevens)
xcinaz: shows [Ah Th] (a pair of Tens)
xcinaz collected $16.62 from pot
*** SUMMARY ***
Total pot $17.50 | Rake $0.88 
Board [Ts 9d Jd 3h Kh]
Seat 1: nikalas22 folded before Flop (didn't bet)
Seat 2: Fero128 (button) folded before Flop (didn't bet)
Seat 3: Gfoer (small blind) folded before Flop
Seat 4: steepfell (big blind) folded before Flop
Seat 5: BumHuntKing showed [7c 7h] and lost with a pair of Sevens
Seat 6: xcinaz showed [Ah Th] and won ($16.62) with a pair of Tens



PokerStars Hand #254320718812:  Hold'em No Limit ($0.50/$1.00 USD) - 2025/01/11 21:44:37 WET [2025/01/11 16:44:37 ET]
Table 'Simona III' 6-max Seat #3 is the button
Seat 1: nikalas22 ($119.10 in chips) 
Seat 2: Fero128 ($30.95 in chips) 
Seat 3: Gfoer ($107.65 in chips) 
Seat 4: steepfell ($100 in chips) 
Seat 5: BumHuntKing ($100 in chips) 
Seat 6: xcinaz ($111.55 in chips) 
steepfell: posts small blind $0.50
BumHuntKing: posts big blind $1
*** HOLE CARDS ***
xcinaz: raises $1 to $2
nikalas22: folds 
Fero128: folds 
Gfoer: folds 
steepfell: folds 
BumHuntKing: folds 
Uncalled bet ($1) returned to xcinaz
xcinaz collected $2.50 from pot
xcinaz: doesn't show hand 
*** SUMMARY ***
Total pot $2.50 | Rake $0 
Seat 1: nikalas22 folded before Flop (didn't bet)
Seat 2: Fero128 folded before Flop (didn't bet)
Seat 3: Gfoer (button) folded before Flop (didn't bet)
Seat 4: steepfell (small blind) folded before Flop
Seat 5: BumHuntKing (big blind) folded before Flop
Seat 6: xcinaz collected ($2.50)



PokerStars Hand #254320730111:  Hold'em No Limit ($0.50/$1.00 USD) - 2025/01/11 21:45:12 WET [2025/01/11 16:45:12 ET]
Table 'Simona III' 6-max Seat #4 is the button
Seat 1: nikalas22 ($119.10 in chips) 
Seat 2: Fero128 ($30.95 in chips) 
Seat 3: Gfoer ($107.65 in chips) 
Seat 4: steepfell ($100 in chips) 
Seat 5: BumHuntKing ($100 in chips) 
Seat 6: xcinaz ($113.05 in chips) 
BumHuntKing: posts small blind $0.50
xcinaz: posts big blind $1
*** HOLE CARDS ***
nikalas22: raises $1.50 to $2.50
Fero128: raises $3.50 to $6
Gfoer: folds 
steepfell: folds 
BumHuntKing: folds 
xcinaz: folds 
nikalas22: folds 
Uncalled bet ($3.50) returned to Fero128
Fero128 collected $6.50 from pot
*** SUMMARY ***
Total pot $6.50 | Rake $0 
Seat 1: nikalas22 folded before Flop
Seat 2: Fero128 collected ($6.50)
Seat 3: Gfoer folded before Flop (didn't bet)
Seat 4: steepfell (button) folded before Flop (didn't bet)
Seat 5: BumHuntKing (small blind) folded before Flop
Seat 6: xcinaz (big blind) folded before Flop



PokerStars Hand #254320739325:  Hold'em No Limit ($0.50/$1.00 USD) - 2025/01/11 21:45:40 WET [2025/01/11 16:45:40 ET]
Table 'Simona III' 6-max Seat #5 is the button
Seat 1: nikalas22 ($116.60 in chips) 
Seat 2: Fero128 ($34.95 in chips) 
Seat 3: Gfoer ($107.65 in chips) 
Seat 4: steepfell ($100 in chips) 
Seat 5: BumHuntKing ($100 in chips) 
Seat 6: xcinaz ($112.05 in chips) 
xcinaz: posts small blind $0.50
nikalas22: posts big blind $1
*** HOLE CARDS ***
Fero128: calls $1
Gfoer: raises $3.50 to $4.50
steepfell: folds 
BumHuntKing: folds 
xcinaz: folds 
nikalas22: folds 
Fero128: folds 
Uncalled bet ($3.50) returned to Gfoer
Gfoer collected $3.50 from pot
Gfoer: doesn't show hand 
*** SUMMARY ***
Total pot $3.50 | Rake $0 
Seat 1: nikalas22 (big blind) folded before Flop
Seat 2: Fero128 folded before Flop
Seat 3: Gfoer collected ($3.50)
Seat 4: steepfell folded before Flop (didn't bet)
Seat 5: BumHuntKing (button) folded before Flop (didn't bet)
Seat 6: xcinaz (small blind) folded before Flop



PokerStars Hand #254320751805:  Hold'em No Limit ($0.50/$1.00 USD) - 2025/01/11 21:46:19 WET [2025/01/11 16:46:19 ET]
Table 'Simona III' 6-max Seat #6 is the button
Seat 1: nikalas22 ($115.60 in chips) 
Seat 2: Fero128 ($33.95 in chips) 
Seat 3: Gfoer ($110.15 in chips) 
Seat 4: steepfell ($100 in chips) 
Seat 5: BumHuntKing ($100 in chips) 
Seat 6: xcinaz ($111.55 in chips) 
nikalas22: posts small blind $0.50
Fero128: posts big blind $1
*** HOLE CARDS ***
Gfoer: folds 
steepfell: folds 
BumHuntKing: folds 
xcinaz: folds 
nikalas22: folds 
Uncalled bet ($0.50) returned to Fero128
Fero128 collected $1 from pot
*** SUMMARY ***
Total pot $1 | Rake $0 
Seat 1: nikalas22 (small blind) folded before Flop
Seat 2: Fero128 (big blind) collected ($1)
Seat 3: Gfoer folded before Flop (didn't bet)
Seat 4: steepfell folded before Flop (didn't bet)
Seat 5: BumHuntKing folded before Flop (didn't bet)
Seat 6: xcinaz (button) folded before Flop (didn't bet)



PokerStars Hand #254320757506:  Hold'em No Limit ($0.50/$1.00 USD) - 2025/01/11 21:46:37 WET [2025/01/11 16:46:37 ET]
Table 'Simona III' 6-max Seat #1 is the button
Seat 1: nikalas22 ($115.10 in chips) 
Seat 2: Fero128 ($34.45 in chips) 
Seat 3: Gfoer ($110.15 in chips) 
Seat 4: steepfell ($100 in chips) 
Seat 5: BumHuntKing ($100 in chips) 
Seat 6: xcinaz ($111.55 in chips) 
Fero128: posts small blind $0.50
Gfoer: posts big blind $1
*** HOLE CARDS ***
steepfell: folds 
BumHuntKing: folds 
xcinaz: folds 
nikalas22: folds 
Fero128 is disconnected 
Fero128 is connected 
Fero128 has timed out
Fero128: folds 
Uncalled bet ($0.50) returned to Gfoer
Gfoer collected $1 from pot
Gfoer: doesn't show hand 
*** SUMMARY ***
Total pot $1 | Rake $0 
Seat 1: nikalas22 (button) folded before Flop (didn't bet)
Seat 2: Fero128 (small blind) folded before Flop
Seat 3: Gfoer (big blind) collected ($1)
Seat 4: steepfell folded before Flop (didn't bet)
Seat 5: BumHuntKing folded before Flop (didn't bet)
Seat 6: xcinaz folded before Flop (didn't bet)



PokerStars Hand #254320770379:  Hold'em No Limit ($0.50/$1.00 USD) - 2025/01/11 21:47:16 WET [2025/01/11 16:47:16 ET]
Table 'Simona III' 6-max Seat #3 is the button
Seat 2: Fero128 ($33.95 in chips) is sitting out
Seat 1: nikalas22 ($115.10 in chips) 
Seat 3: Gfoer ($110.65 in chips) 
Seat 4: steepfell ($100 in chips) 
Seat 5: BumHuntKing ($100 in chips) 
Seat 6: xcinaz ($111.55 in chips) 
steepfell: posts small blind $0.50
BumHuntKing: posts big blind $1
*** HOLE CARDS ***
xcinaz: folds 
Fero128 is disconnected 
nikalas22: folds 
nikalas22 leaves the table
Gfoer: raises $1 to $2
steepfell: folds 
BumHuntKing: calls $1
*** FLOP *** [3h 2s 3s]
BumHuntKing: checks 
Gfoer: bets $1.43
kvcsszblcs joins the table at seat #1 
BumHuntKing: raises $5 to $6.43
Gfoer: folds 
Uncalled bet ($5) returned to BumHuntKing
BumHuntKing collected $6.99 from pot
BumHuntKing: doesn't show hand 
*** SUMMARY ***
Total pot $7.36 | Rake $0.37 
Board [3h 2s 3s]
Seat 2: Fero128
Seat 1: nikalas22 folded before Flop (didn't bet)
Seat 3: Gfoer (button) folded on the Flop
Seat 4: steepfell (small blind) folded before Flop
Seat 5: BumHuntKing (big blind) collected ($6.99)
Seat 6: xcinaz folded before Flop (didn't bet)



PokerStars Hand #254320786980:  Hold'em No Limit ($0.50/$1.00 USD) - 2025/01/11 21:48:08 WET [2025/01/11 16:48:08 ET]
Table 'Simona III' 6-max Seat #4 is the button
Seat 1: kvcsszblcs ($100 in chips) is sitting out
Seat 2: Fero128 ($33.95 in chips) 
Seat 3: Gfoer ($107.22 in chips) 
Seat 4: steepfell ($100 in chips) 
Seat 5: BumHuntKing ($103.56 in chips) 
Seat 6: xcinaz ($111.55 in chips) 
BumHuntKing: posts small blind $0.50
xcinaz: posts big blind $1
kvcsszblcs: sits out 
*** HOLE CARDS ***
Fero128: folds 
Gfoer: folds 
steepfell: folds 
BumHuntKing: folds 
Uncalled bet ($0.50) returned to xcinaz
xcinaz collected $1 from pot
xcinaz: doesn't show hand 
*** SUMMARY ***
Total pot $1 | Rake $0 
Seat 1: kvcsszblcs
Seat 2: Fero128 folded before Flop (didn't bet)
Seat 3: Gfoer folded before Flop (didn't bet)
Seat 4: steepfell (button) folded before Flop (didn't bet)
Seat 5: BumHuntKing (small blind) folded before Flop
Seat 6: xcinaz (big blind) collected ($1)



PokerStars Hand #254320791898:  Hold'em No Limit ($0.50/$1.00 USD) - 2025/01/11 21:48:23 WET [2025/01/11 16:48:23 ET]
Table 'Simona III' 6-max Seat #5 is the button
Seat 1: kvcsszblcs ($100 in chips) 
Seat 2: Fero128 ($33.95 in chips) 
Seat 3: Gfoer ($107.22 in chips) 
Seat 4: steepfell ($100 in chips) 
Seat 5: BumHuntKing ($103.06 in chips) 
Seat 6: xcinaz ($112.05 in chips) 
xcinaz: posts small blind $0.50
kvcsszblcs: posts big blind $1
*** HOLE CARDS ***
Fero128: calls $1
Gfoer: folds 
steepfell: folds 
BumHuntKing: folds 
xcinaz: folds 
kvcsszblcs: checks 
*** FLOP *** [Th 3c 5h]
kvcsszblcs: checks 
Fero128: bets $3
kvcsszblcs: raises $6.29 to $9.29
Fero128: calls $6.29
*** TURN *** [Th 3c 5h] [3d]
kvcsszblcs: bets $89.71 and is all-in
Fero128: folds 
Uncalled bet ($89.71) returned to kvcsszblcs
kvcsszblcs collected $20.03 from pot
kvcsszblcs: doesn't show hand 
*** SUMMARY ***
Total pot $21.08 | Rake $1.05 
Board [Th 3c 5h 3d]
Seat 1: kvcsszblcs (big blind) collected ($20.03)
Seat 2: Fero128 folded on the Turn
Seat 3: Gfoer folded before Flop (didn't bet)
Seat 4: steepfell folded before Flop (didn't bet)
Seat 5: BumHuntKing (button) folded before Flop (didn't bet)
Seat 6: xcinaz (small blind) folded before Flop



PokerStars Hand #254320812398:  Hold'em No Limit ($0.50/$1.00 USD) - 2025/01/11 21:49:26 WET [2025/01/11 16:49:26 ET]
Table 'Simona III' 6-max Seat #6 is the button
Seat 1: kvcsszblcs ($109.74 in chips) 
Seat 2: Fero128 ($23.66 in chips) 
Seat 3: Gfoer ($107.22 in chips) 
Seat 4: steepfell ($100 in chips) 
Seat 5: BumHuntKing ($103.06 in chips) 
Seat 6: xcinaz ($111.55 in chips) 
kvcsszblcs: posts small blind $0.50
Fero128: posts big blind $1
*** HOLE CARDS ***
Gfoer: folds 
steepfell: folds 
BumHuntKing: raises $1.20 to $2.20
xcinaz: folds 
kvcsszblcs: folds 
Fero128: calls $1.20
*** FLOP *** [3c Jd Ac]
Fero128: checks 
BumHuntKing: checks 
*** TURN *** [3c Jd Ac] [Tc]
Fero128: checks 
BumHuntKing: bets $1.54
Fero128: calls $1.54
*** RIVER *** [3c Jd Ac Tc] [7h]
Fero128: checks 
BumHuntKing: checks 
*** SHOW DOWN ***
Fero128: shows [5h Th] (a pair of Tens)
BumHuntKing: shows [Kc Kh] (a pair of Kings)
BumHuntKing collected $7.58 from pot
*** SUMMARY ***
Total pot $7.98 | Rake $0.40 
Board [3c Jd Ac Tc 7h]
Seat 1: kvcsszblcs (small blind) folded before Flop
Seat 2: Fero128 (big blind) showed [5h Th] and lost with a pair of Tens
Seat 3: Gfoer folded before Flop (didn't bet)
Seat 4: steepfell folded before Flop (didn't bet)
Seat 5: BumHuntKing showed [Kc Kh] and won ($7.58) with a pair of Kings
Seat 6: xcinaz (button) folded before Flop (didn't bet)



PokerStars Hand #254320833490:  Hold'em No Limit ($0.50/$1.00 USD) - 2025/01/11 21:50:31 WET [2025/01/11 16:50:31 ET]
Table 'Simona III' 6-max Seat #1 is the button
Seat 1: kvcsszblcs ($109.24 in chips) 
Seat 2: Fero128 ($19.92 in chips) 
Seat 3: Gfoer ($107.22 in chips) 
Seat 4: steepfell ($100 in chips) 
Seat 5: BumHuntKing ($106.90 in chips) 
Seat 6: xcinaz ($111.55 in chips) 
Fero128: posts small blind $0.50
Gfoer: posts big blind $1
*** HOLE CARDS ***
steepfell: raises $1.50 to $2.50
BumHuntKing: folds 
xcinaz: folds 
kvcsszblcs: folds 
Fero128: folds 
Gfoer: folds 
Uncalled bet ($1.50) returned to steepfell
steepfell collected $2.50 from pot
steepfell: doesn't show hand 
*** SUMMARY ***
Total pot $2.50 | Rake $0 
Seat 1: kvcsszblcs (button) folded before Flop (didn't bet)
Seat 2: Fero128 (small blind) folded before Flop
Seat 3: Gfoer (big blind) folded before Flop
Seat 4: steepfell collected ($2.50)
Seat 5: BumHuntKing folded before Flop (didn't bet)
Seat 6: xcinaz folded before Flop (didn't bet)



PokerStars Hand #254320840174:  Hold'em No Limit ($0.50/$1.00 USD) - 2025/01/11 21:50:51 WET [2025/01/11 16:50:51 ET]
Table 'Simona III' 6-max Seat #2 is the button
Seat 1: kvcsszblcs ($109.24 in chips) 
Seat 2: Fero128 ($19.42 in chips) 
Seat 3: Gfoer ($106.22 in chips) 
Seat 4: steepfell ($101.50 in chips) 
Seat 5: BumHuntKing ($106.90 in chips) 
Seat 6: xcinaz ($111.55 in chips) 
Gfoer: posts small blind $0.50
steepfell: posts big blind $1
*** HOLE CARDS ***
BumHuntKing: folds 
xcinaz: folds 
kvcsszblcs: folds 
Fero128: calls $1
Gfoer: raises $4 to $5
steepfell: folds 
Fero128: calls $4
*** FLOP *** [3h 7s Qc]
Gfoer: bets $5.73
Fero128: raises $8.69 to $14.42 and is all-in
Gfoer: calls $8.69
*** FIRST TURN *** [3h 7s Qc] [Js]
*** FIRST RIVER *** [3h 7s Qc Js] [3s]
*** SECOND TURN *** [3h 7s Qc] [Jh]
*** SECOND RIVER *** [3h 7s Qc Jh] [Ks]
*** FIRST SHOW DOWN ***
Gfoer: shows [Qs Kd] (two pair, Queens and Threes)
Fero128: shows [5d 3d] (three of a kind, Threes)
Fero128 collected $18.93 from pot
*** SECOND SHOW DOWN ***
Gfoer: shows [Qs Kd] (two pair, Kings and Queens)
Fero128: shows [5d 3d] (a pair of Threes)
Gfoer collected $18.92 from pot
*** SUMMARY ***
Total pot $39.84 | Rake $1.99 
Hand was run twice
FIRST Board [3h 7s Qc Js 3s]
SECOND Board [3h 7s Qc Jh Ks]
Seat 1: kvcsszblcs folded before Flop (didn't bet)
Seat 2: Fero128 (button) showed [5d 3d] and won ($18.93) with three of a kind, Threes, and lost with a pair of Threes
Seat 3: Gfoer (small blind) showed [Qs Kd] and lost with two pair, Queens and Threes, and won ($18.92) with two pair, Kings and Queens
Seat 4: steepfell (big blind) folded before Flop
Seat 5: BumHuntKing folded before Flop (didn't bet)
Seat 6: xcinaz folded before Flop (didn't bet)



PokerStars Hand #254320853446:  Hold'em No Limit ($0.50/$1.00 USD) - 2025/01/11 21:51:32 WET [2025/01/11 16:51:32 ET]
Table 'Simona III' 6-max Seat #3 is the button
Seat 1: kvcsszblcs ($109.24 in chips) 
Seat 2: Fero128 ($18.93 in chips) 
Seat 3: Gfoer ($105.72 in chips) 
Seat 4: steepfell ($100.50 in chips) 
Seat 5: BumHuntKing ($106.90 in chips) 
Seat 6: xcinaz ($111.55 in chips) 
steepfell: posts small blind $0.50
BumHuntKing: posts big blind $1
*** HOLE CARDS ***
xcinaz: folds 
kvcsszblcs: folds 
Fero128: folds 
Gfoer: raises $1 to $2
steepfell: folds 
BumHuntKing: folds 
Uncalled bet ($1) returned to Gfoer
Gfoer collected $2.50 from pot
Gfoer: doesn't show hand 
*** SUMMARY ***
Total pot $2.50 | Rake $0 
Seat 1: kvcsszblcs folded before Flop (didn't bet)
Seat 2: Fero128 folded before Flop (didn't bet)
Seat 3: Gfoer (button) collected ($2.50)
Seat 4: steepfell (small blind) folded before Flop
Seat 5: BumHuntKing (big blind) folded before Flop
Seat 6: xcinaz folded before Flop (didn't bet)



PokerStars Hand #254320860144:  Hold'em No Limit ($0.50/$1.00 USD) - 2025/01/11 21:51:53 WET [2025/01/11 16:51:53 ET]
Table 'Simona III' 6-max Seat #4 is the button
Seat 1: kvcsszblcs ($109.24 in chips) 
Seat 2: Fero128 ($18.93 in chips) 
Seat 3: Gfoer ($107.22 in chips) 
Seat 4: steepfell ($100 in chips) 
Seat 5: BumHuntKing ($105.90 in chips) 
Seat 6: xcinaz ($111.55 in chips) 
BumHuntKing: posts small blind $0.50
xcinaz: posts big blind $1
*** HOLE CARDS ***
kvcsszblcs: folds 
Fero128: raises $1 to $2
Gfoer: folds 
steepfell: folds 
BumHuntKing: folds 
xcinaz: folds 
Uncalled bet ($1) returned to Fero128
Fero128 collected $2.50 from pot
*** SUMMARY ***
Total pot $2.50 | Rake $0 
Seat 1: kvcsszblcs folded before Flop (didn't bet)
Seat 2: Fero128 collected ($2.50)
Seat 3: Gfoer folded before Flop (didn't bet)
Seat 4: steepfell (button) folded before Flop (didn't bet)
Seat 5: BumHuntKing (small blind) folded before Flop
Seat 6: xcinaz (big blind) folded before Flop



PokerStars Hand #254320867523:  Hold'em No Limit ($0.50/$1.00 USD) - 2025/01/11 21:52:16 WET [2025/01/11 16:52:16 ET]
Table 'Simona III' 6-max Seat #5 is the button
Seat 1: kvcsszblcs ($109.24 in chips) 
Seat 2: Fero128 ($20.43 in chips) 
Seat 3: Gfoer ($107.22 in chips) 
Seat 4: steepfell ($100 in chips) 
Seat 5: BumHuntKing ($105.40 in chips) 
Seat 6: xcinaz ($110.55 in chips) 
xcinaz: posts small blind $0.50
kvcsszblcs: posts big blind $1
*** HOLE CARDS ***
Fero128: calls $1
Gfoer: folds 
steepfell: folds 
BumHuntKing: folds 
xcinaz: folds 
kvcsszblcs: checks 
*** FLOP *** [4s 4d 9h]
kvcsszblcs: checks 
Fero128: checks 
*** TURN *** [4s 4d 9h] [Ah]
kvcsszblcs: checks 
Fero128: checks 
*** RIVER *** [4s 4d 9h Ah] [Ts]
kvcsszblcs: bets $1.50
Fero128: folds 
Uncalled bet ($1.50) returned to kvcsszblcs
kvcsszblcs collected $2.38 from pot
kvcsszblcs: doesn't show hand 
*** SUMMARY ***
Total pot $2.50 | Rake $0.12 
Board [4s 4d 9h Ah Ts]
Seat 1: kvcsszblcs (big blind) collected ($2.38)
Seat 2: Fero128 folded on the River
Seat 3: Gfoer folded before Flop (didn't bet)
Seat 4: steepfell folded before Flop (didn't bet)
Seat 5: BumHuntKing (button) folded before Flop (didn't bet)
Seat 6: xcinaz (small blind) folded before Flop



PokerStars Hand #254320883375:  Hold'em No Limit ($0.50/$1.00 USD) - 2025/01/11 21:53:05 WET [2025/01/11 16:53:05 ET]
Table 'Simona III' 6-max Seat #6 is the button
Seat 1: kvcsszblcs ($110.62 in chips) 
Seat 2: Fero128 ($19.43 in chips) 
Seat 3: Gfoer ($107.22 in chips) 
Seat 4: steepfell ($100 in chips) 
Seat 5: BumHuntKing ($105.40 in chips) 
Seat 6: xcinaz ($110.05 in chips) 
kvcsszblcs: posts small blind $0.50
Fero128: posts big blind $1
*** HOLE CARDS ***
Gfoer: raises $1.20 to $2.20
steepfell: folds 
BumHuntKing: folds 
xcinaz: folds 
kvcsszblcs: folds 
Fero128: folds 
Uncalled bet ($1.20) returned to Gfoer
Gfoer collected $2.50 from pot
Gfoer: doesn't show hand 
*** SUMMARY ***
Total pot $2.50 | Rake $0 
Seat 1: kvcsszblcs (small blind) folded before Flop
Seat 2: Fero128 (big blind) folded before Flop
Seat 3: Gfoer collected ($2.50)
Seat 4: steepfell folded before Flop (didn't bet)
Seat 5: BumHuntKing folded before Flop (didn't bet)
Seat 6: xcinaz (button) folded before Flop (didn't bet)



PokerStars Hand #254320889950:  Hold'em No Limit ($0.50/$1.00 USD) - 2025/01/11 21:53:25 WET [2025/01/11 16:53:25 ET]
Table 'Simona III' 6-max Seat #1 is the button
Seat 1: kvcsszblcs ($110.12 in chips) 
Seat 2: Fero128 ($18.43 in chips) 
Seat 3: Gfoer ($108.72 in chips) 
Seat 4: steepfell ($100 in chips) 
Seat 5: BumHuntKing ($105.40 in chips) 
Seat 6: xcinaz ($110.05 in chips) 
Fero128: posts small blind $0.50
Gfoer: posts big blind $1
*** HOLE CARDS ***
steepfell: folds 
BumHuntKing: folds 
xcinaz: raises $1.20 to $2.20
kvcsszblcs: folds 
Fero128: raises $16.23 to $18.43 and is all-in
Gfoer: folds 
xcinaz: folds 
Uncalled bet ($16.23) returned to Fero128
Fero128 collected $5.40 from pot
*** SUMMARY ***
Total pot $5.40 | Rake $0 
Seat 1: kvcsszblcs (button) folded before Flop (didn't bet)
Seat 2: Fero128 (small blind) collected ($5.40)
Seat 3: Gfoer (big blind) folded before Flop
Seat 4: steepfell folded before Flop (didn't bet)
Seat 5: BumHuntKing folded before Flop (didn't bet)
Seat 6: xcinaz folded before Flop



PokerStars Hand #254320895993:  Hold'em No Limit ($0.50/$1.00 USD) - 2025/01/11 21:53:44 WET [2025/01/11 16:53:44 ET]
Table 'Simona III' 6-max Seat #2 is the button
Seat 1: kvcsszblcs ($110.12 in chips) 
Seat 2: Fero128 ($21.63 in chips) 
Seat 3: Gfoer ($107.72 in chips) 
Seat 4: steepfell ($100 in chips) 
Seat 5: BumHuntKing ($105.40 in chips) 
Seat 6: xcinaz ($107.85 in chips) 
Gfoer: posts small blind $0.50
steepfell: posts big blind $1
*** HOLE CARDS ***
BumHuntKing: raises $1.20 to $2.20
xcinaz: folds 
kvcsszblcs: folds 
Fero128: calls $2.20
Gfoer: folds 
steepfell: folds 
*** FLOP *** [Qs 2c 6c]
BumHuntKing: bets $1.85
Fero128: folds 
Uncalled bet ($1.85) returned to BumHuntKing
BumHuntKing collected $5.60 from pot
BumHuntKing: doesn't show hand 
*** SUMMARY ***
Total pot $5.90 | Rake $0.30 
Board [Qs 2c 6c]
Seat 1: kvcsszblcs folded before Flop (didn't bet)
Seat 2: Fero128 (button) folded on the Flop
Seat 3: Gfoer (small blind) folded before Flop
Seat 4: steepfell (big blind) folded before Flop
Seat 5: BumHuntKing collected ($5.60)
Seat 6: xcinaz folded before Flop (didn't bet)



PokerStars Hand #254320908394:  Hold'em No Limit ($0.50/$1.00 USD) - 2025/01/11 21:54:22 WET [2025/01/11 16:54:22 ET]
Table 'Simona III' 6-max Seat #3 is the button
Seat 1: kvcsszblcs ($110.12 in chips) 
Seat 2: Fero128 ($19.43 in chips) 
Seat 3: Gfoer ($107.22 in chips) 
Seat 4: steepfell ($100 in chips) 
Seat 5: BumHuntKing ($108.80 in chips) 
Seat 6: xcinaz ($107.85 in chips) 
steepfell: posts small blind $0.50
BumHuntKing: posts big blind $1
*** HOLE CARDS ***
xcinaz: raises $1 to $2
kvcsszblcs: folds 
Fero128: folds 
Gfoer: folds 
steepfell: folds 
BumHuntKing: folds 
Uncalled bet ($1) returned to xcinaz
xcinaz collected $2.50 from pot
xcinaz: doesn't show hand 
*** SUMMARY ***
Total pot $2.50 | Rake $0 
Seat 1: kvcsszblcs folded before Flop (didn't bet)
Seat 2: Fero128 folded before Flop (didn't bet)
Seat 3: Gfoer (button) folded before Flop (didn't bet)
Seat 4: steepfell (small blind) folded before Flop
Seat 5: BumHuntKing (big blind) folded before Flop
Seat 6: xcinaz collected ($2.50)



PokerStars Hand #254320916127:  Hold'em No Limit ($0.50/$1.00 USD) - 2025/01/11 21:54:46 WET [2025/01/11 16:54:46 ET]
Table 'Simona III' 6-max Seat #4 is the button
Seat 1: kvcsszblcs ($110.12 in chips) 
Seat 2: Fero128 ($19.43 in chips) 
Seat 3: Gfoer ($107.22 in chips) 
Seat 4: steepfell ($100 in chips) 
Seat 5: BumHuntKing ($107.80 in chips) 
Seat 6: xcinaz ($109.35 in chips) 
BumHuntKing: posts small blind $0.50
xcinaz: posts big blind $1
*** HOLE CARDS ***
kvcsszblcs: raises $1 to $2
Fero128: calls $2
Gfoer: folds 
steepfell: folds 
BumHuntKing: folds 
xcinaz: folds 
*** FLOP *** [9d 7h Jh]
kvcsszblcs: checks 
Fero128: checks 
*** TURN *** [9d 7h Jh] [9s]
kvcsszblcs: checks 
Fero128: bets $3
kvcsszblcs: calls $3
*** RIVER *** [9d 7h Jh 9s] [2s]
kvcsszblcs: checks 
Fero128: bets $14.43 and is all-in
kvcsszblcs: folds 
Uncalled bet ($14.43) returned to Fero128
Fero128 collected $10.92 from pot
*** SUMMARY ***
Total pot $11.50 | Rake $0.58 
Board [9d 7h Jh 9s 2s]
Seat 1: kvcsszblcs folded on the River
Seat 2: Fero128 collected ($10.92)
Seat 3: Gfoer folded before Flop (didn't bet)
Seat 4: steepfell (button) folded before Flop (didn't bet)
Seat 5: BumHuntKing (small blind) folded before Flop
Seat 6: xcinaz (big blind) folded before Flop



PokerStars Hand #254320926083:  Hold'em No Limit ($0.50/$1.00 USD) - 2025/01/11 21:55:23 WET [2025/01/11 16:55:23 ET]
Table 'Simona III' 6-max Seat #5 is the button
Seat 1: kvcsszblcs ($105.12 in chips) 
Seat 2: Fero128 ($25.35 in chips) 
Seat 3: Gfoer ($107.22 in chips) 
Seat 4: steepfell ($100 in chips) 
Seat 5: BumHuntKing ($107.30 in chips) 
Seat 6: xcinaz ($108.35 in chips) 
xcinaz: posts small blind $0.50
kvcsszblcs: posts big blind $1
*** HOLE CARDS ***
Fero128: calls $1
Gfoer: folds 
steepfell: folds 
BumHuntKing: folds 
xcinaz: calls $0.50
kvcsszblcs: checks 
*** FLOP *** [Jd Td Ks]
xcinaz: checks 
kvcsszblcs: checks 
Fero128: checks 
*** TURN *** [Jd Td Ks] [6s]
xcinaz: checks 
kvcsszblcs: checks 
Fero128: checks 
*** RIVER *** [Jd Td Ks 6s] [5s]
xcinaz: bets $2.42
kvcsszblcs: folds 
Fero128: folds 
Uncalled bet ($2.42) returned to xcinaz
xcinaz collected $2.85 from pot
xcinaz: doesn't show hand 
*** SUMMARY ***
Total pot $3 | Rake $0.15 
Board [Jd Td Ks 6s 5s]
Seat 1: kvcsszblcs (big blind) folded on the River
Seat 2: Fero128 folded on the River
Seat 3: Gfoer folded before Flop (didn't bet)
Seat 4: steepfell folded before Flop (didn't bet)
Seat 5: BumHuntKing (button) folded before Flop (didn't bet)
Seat 6: xcinaz (small blind) collected ($2.85)



PokerStars Hand #254320939941:  Hold'em No Limit ($0.50/$1.00 USD) - 2025/01/11 21:56:25 WET [2025/01/11 16:56:25 ET]
Table 'Simona III' 6-max Seat #6 is the button
Seat 1: kvcsszblcs ($104.12 in chips) 
Seat 2: Fero128 ($24.35 in chips) 
Seat 3: Gfoer ($107.22 in chips) 
Seat 4: steepfell ($100 in chips) 
Seat 5: BumHuntKing ($107.30 in chips) 
Seat 6: xcinaz ($110.20 in chips) 
kvcsszblcs: posts small blind $0.50
Fero128: posts big blind $1
*** HOLE CARDS ***
Gfoer: folds 
steepfell: folds 
BumHuntKing: folds 
xcinaz: raises $1.50 to $2.50
kvcsszblcs: folds 
Fero128: folds 
Uncalled bet ($1.50) returned to xcinaz
xcinaz collected $2.50 from pot
xcinaz: doesn't show hand 
*** SUMMARY ***
Total pot $2.50 | Rake $0 
Seat 1: kvcsszblcs (small blind) folded before Flop
Seat 2: Fero128 (big blind) folded before Flop
Seat 3: Gfoer folded before Flop (didn't bet)
Seat 4: steepfell folded before Flop (didn't bet)
Seat 5: BumHuntKing folded before Flop (didn't bet)
Seat 6: xcinaz (button) collected ($2.50)



PokerStars Hand #254320945147:  Hold'em No Limit ($0.50/$1.00 USD) - 2025/01/11 21:56:48 WET [2025/01/11 16:56:48 ET]
Table 'Simona III' 6-max Seat #1 is the button
Seat 1: kvcsszblcs ($103.62 in chips) 
Seat 2: Fero128 ($23.35 in chips) 
Seat 3: Gfoer ($107.22 in chips) 
Seat 4: steepfell ($100 in chips) 
Seat 5: BumHuntKing ($107.30 in chips) 
Seat 6: xcinaz ($111.70 in chips) 
Fero128: posts small blind $0.50
Gfoer: posts big blind $1
*** HOLE CARDS ***
steepfell: folds 
BumHuntKing: folds 
xcinaz: folds 
kvcsszblcs: folds 
Fero128: raises $2 to $3
Gfoer: folds 
Uncalled bet ($2) returned to Fero128
Fero128 collected $2 from pot
*** SUMMARY ***
Total pot $2 | Rake $0 
Seat 1: kvcsszblcs (button) folded before Flop (didn't bet)
Seat 2: Fero128 (small blind) collected ($2)
Seat 3: Gfoer (big blind) folded before Flop
Seat 4: steepfell folded before Flop (didn't bet)
Seat 5: BumHuntKing folded before Flop (didn't bet)
Seat 6: xcinaz folded before Flop (didn't bet)



PokerStars Hand #254320948551:  Hold'em No Limit ($0.50/$1.00 USD) - 2025/01/11 21:57:03 WET [2025/01/11 16:57:03 ET]
Table 'Simona III' 6-max Seat #2 is the button
Seat 1: kvcsszblcs ($103.62 in chips) 
Seat 2: Fero128 ($24.35 in chips) 
Seat 3: Gfoer ($106.22 in chips) 
Seat 4: steepfell ($100 in chips) 
Seat 5: BumHuntKing ($107.30 in chips) 
Seat 6: xcinaz ($111.70 in chips) 
Gfoer: posts small blind $0.50
steepfell: posts big blind $1
*** HOLE CARDS ***
BumHuntKing: raises $1.20 to $2.20
xcinaz: folds 
kvcsszblcs: folds 
Fero128: calls $2.20
Gfoer: folds 
steepfell: folds 
*** FLOP *** [6s 9c Kd]
BumHuntKing: bets $1.85
Fero128: folds 
Uncalled bet ($1.85) returned to BumHuntKing
BumHuntKing collected $5.60 from pot
BumHuntKing: doesn't show hand 
*** SUMMARY ***
Total pot $5.90 | Rake $0.30 
Board [6s 9c Kd]
Seat 1: kvcsszblcs folded before Flop (didn't bet)
Seat 2: Fero128 (button) folded on the Flop
Seat 3: Gfoer (small blind) folded before Flop
Seat 4: steepfell (big blind) folded before Flop
Seat 5: BumHuntKing collected ($5.60)
Seat 6: xcinaz folded before Flop (didn't bet)



PokerStars Hand #254320956626:  Hold'em No Limit ($0.50/$1.00 USD) - 2025/01/11 21:57:38 WET [2025/01/11 16:57:38 ET]
Table 'Simona III' 6-max Seat #3 is the button
Seat 1: kvcsszblcs ($103.62 in chips) 
Seat 2: Fero128 ($22.15 in chips) 
Seat 3: Gfoer ($105.72 in chips) 
Seat 4: steepfell ($100 in chips) 
Seat 5: BumHuntKing ($110.70 in chips) 
Seat 6: xcinaz ($111.70 in chips) 
steepfell: posts small blind $0.50
BumHuntKing: posts big blind $1
*** HOLE CARDS ***
xcinaz: raises $1 to $2
kvcsszblcs: folds 
Fero128: calls $2
Gfoer: folds 
steepfell: folds 
BumHuntKing: calls $1
*** FLOP *** [Jd 7c 3d]
BumHuntKing: checks 
xcinaz: checks 
Fero128: checks 
*** TURN *** [Jd 7c 3d] [Kh]
BumHuntKing: checks 
xcinaz: bets $2.04
Fero128: folds 
BumHuntKing: folds 
Uncalled bet ($2.04) returned to xcinaz
xcinaz collected $6.18 from pot
xcinaz: doesn't show hand 
*** SUMMARY ***
Total pot $6.50 | Rake $0.32 
Board [Jd 7c 3d Kh]
Seat 1: kvcsszblcs folded before Flop (didn't bet)
Seat 2: Fero128 folded on the Turn
Seat 3: Gfoer (button) folded before Flop (didn't bet)
Seat 4: steepfell (small blind) folded before Flop
Seat 5: BumHuntKing (big blind) folded on the Turn
Seat 6: xcinaz collected ($6.18)



PokerStars Hand #254321113774:  Hold'em No Limit ($0.50/$1.00 USD) - 2025/01/11 22:06:42 WET [2025/01/11 17:06:42 ET]
Table 'Simona III' 6-max Seat #5 is the button
Seat 1: kvcsszblcs ($103.83 in chips) 
Seat 2: Fero128 ($24.93 in chips) 
Seat 3: Gfoer ($102.73 in chips) 
Seat 4: steepfell ($106.25 in chips) 
Seat 5: BumHuntKing ($106.30 in chips) 
Seat 6: shootingGRID ($100 in chips) 
shootingGRID: posts small blind $0.50
kvcsszblcs: posts big blind $1
*** HOLE CARDS ***
Fero128: calls $1
Gfoer: folds 
steepfell: folds 
BumHuntKing: folds 
shootingGRID: calls $0.50
kvcsszblcs: checks 
*** FLOP *** [6c 2s 9c]
shootingGRID: checks 
kvcsszblcs: checks 
Fero128: checks 
*** TURN *** [6c 2s 9c] [Kd]
shootingGRID: checks 
kvcsszblcs: checks 
Fero128: checks 
*** RIVER *** [6c 2s 9c Kd] [3h]
shootingGRID: checks 
kvcsszblcs: bets $2.50
Fero128: folds 
shootingGRID: folds 
Uncalled bet ($2.50) returned to kvcsszblcs
kvcsszblcs collected $2.85 from pot
kvcsszblcs: doesn't show hand 
*** SUMMARY ***
Total pot $3 | Rake $0.15 
Board [6c 2s 9c Kd 3h]
Seat 1: kvcsszblcs (big blind) collected ($2.85)
Seat 2: Fero128 folded on the River
Seat 3: Gfoer folded before Flop (didn't bet)
Seat 4: steepfell folded before Flop (didn't bet)
Seat 5: BumHuntKing (button) folded before Flop (didn't bet)
Seat 6: shootingGRID (small blind) folded on the River



PokerStars Hand #254321132989:  Hold'em No Limit ($0.50/$1.00 USD) - 2025/01/11 22:07:40 WET [2025/01/11 17:07:40 ET]
Table 'Simona III' 6-max Seat #6 is the button
Seat 1: kvcsszblcs ($105.68 in chips) 
Seat 2: Fero128 ($23.93 in chips) 
Seat 3: Gfoer ($102.73 in chips) 
Seat 4: steepfell ($106.25 in chips) 
Seat 5: BumHuntKing ($106.30 in chips) 
Seat 6: shootingGRID ($100 in chips) 
kvcsszblcs: posts small blind $0.50
Fero128: posts big blind $1
*** HOLE CARDS ***
Gfoer: folds 
steepfell: folds 
BumHuntKing: raises $1.20 to $2.20
shootingGRID: folds 
kvcsszblcs: raises $8.80 to $11
Fero128: folds 
BumHuntKing: raises $14.30 to $25.30
kvcsszblcs: raises $80.38 to $105.68 and is all-in
BumHuntKing: calls $80.38
*** FLOP *** [4h 2h Ks]
*** TURN *** [4h 2h Ks] [6c]
*** RIVER *** [4h 2h Ks 6c] [As]
*** SHOW DOWN ***
kvcsszblcs: shows [Qc Qh] (a pair of Queens)
BumHuntKing: shows [Jh Jd] (a pair of Jacks)
kvcsszblcs collected $209.86 from pot
*** SUMMARY ***
Total pot $212.36 | Rake $2.50 
Board [4h 2h Ks 6c As]
Seat 1: kvcsszblcs (small blind) showed [Qc Qh] and won ($209.86) with a pair of Queens
Seat 2: Fero128 (big blind) folded before Flop
Seat 3: Gfoer folded before Flop (didn't bet)
Seat 4: steepfell folded before Flop (didn't bet)
Seat 5: BumHuntKing showed [Jh Jd] and lost with a pair of Jacks
Seat 6: shootingGRID (button) folded before Flop (didn't bet)



PokerStars Hand #254321152138:  Hold'em No Limit ($0.50/$1.00 USD) - 2025/01/11 22:08:39 WET [2025/01/11 17:08:39 ET]
Table 'Simona III' 6-max Seat #1 is the button
Seat 1: kvcsszblcs ($209.86 in chips) 
Seat 2: Fero128 ($22.93 in chips) 
Seat 3: Gfoer ($102.73 in chips) 
Seat 4: steepfell ($106.25 in chips) 
Seat 5: BumHuntKing ($100 in chips) 
Seat 6: shootingGRID ($100 in chips) 
Fero128: posts small blind $0.50
Gfoer: posts big blind $1
*** HOLE CARDS ***
steepfell: folds 
BumHuntKing: folds 
shootingGRID: raises $1.25 to $2.25
kvcsszblcs: folds 
Fero128: folds 
Gfoer: calls $1.25
*** FLOP *** [Td 7s 2d]
Gfoer: checks 
shootingGRID: checks 
*** TURN *** [Td 7s 2d] [Kh]
Gfoer: checks 
shootingGRID: bets $7
Gfoer: folds 
Uncalled bet ($7) returned to shootingGRID
shootingGRID collected $4.75 from pot
*** SUMMARY ***
Total pot $5 | Rake $0.25 
Board [Td 7s 2d Kh]
Seat 1: kvcsszblcs (button) folded before Flop (didn't bet)
Seat 2: Fero128 (small blind) folded before Flop
Seat 3: Gfoer (big blind) folded on the Turn
Seat 4: steepfell folded before Flop (didn't bet)
Seat 5: BumHuntKing folded before Flop (didn't bet)
Seat 6: shootingGRID collected ($4.75)



PokerStars Hand #254321171074:  Hold'em No Limit ($0.50/$1.00 USD) - 2025/01/11 22:09:38 WET [2025/01/11 17:09:38 ET]
Table 'Simona III' 6-max Seat #2 is the button
Seat 1: kvcsszblcs ($209.86 in chips) 
Seat 2: Fero128 ($22.43 in chips) 
Seat 3: Gfoer ($100.48 in chips) 
Seat 4: steepfell ($106.25 in chips) 
Seat 5: BumHuntKing ($100 in chips) 
Seat 6: shootingGRID ($102.50 in chips) 
Gfoer: posts small blind $0.50
steepfell: posts big blind $1
*** HOLE CARDS ***
BumHuntKing: raises $1.20 to $2.20
shootingGRID: folds 
kvcsszblcs: folds 
Fero128: folds 
Gfoer: raises $10.30 to $12.50
steepfell: folds 
BumHuntKing: folds 
Uncalled bet ($10.30) returned to Gfoer
Gfoer collected $5.40 from pot
Gfoer: doesn't show hand 
*** SUMMARY ***
Total pot $5.40 | Rake $0 
Seat 1: kvcsszblcs folded before Flop (didn't bet)
Seat 2: Fero128 (button) folded before Flop (didn't bet)
Seat 3: Gfoer (small blind) collected ($5.40)
Seat 4: steepfell (big blind) folded before Flop
Seat 5: BumHuntKing folded before Flop
Seat 6: shootingGRID folded before Flop (didn't bet)



PokerStars Hand #254321179011:  Hold'em No Limit ($0.50/$1.00 USD) - 2025/01/11 22:10:02 WET [2025/01/11 17:10:02 ET]
Table 'Simona III' 6-max Seat #3 is the button
Seat 1: kvcsszblcs ($209.86 in chips) 
Seat 2: Fero128 ($22.43 in chips) 
Seat 3: Gfoer ($103.68 in chips) 
Seat 4: steepfell ($105.25 in chips) 
Seat 5: BumHuntKing ($100 in chips) 
Seat 6: shootingGRID ($102.50 in chips) 
steepfell: posts small blind $0.50
BumHuntKing: posts big blind $1
*** HOLE CARDS ***
shootingGRID: raises $1.25 to $2.25
kvcsszblcs: folds 
Fero128: calls $2.25
Gfoer: folds 
steepfell: folds 
BumHuntKing: folds 
*** FLOP *** [2d 9c 5c]
shootingGRID: checks 
Fero128: checks 
*** TURN *** [2d 9c 5c] [Kc]
shootingGRID: bets $4.28
Fero128: calls $4.28
*** RIVER *** [2d 9c 5c Kc] [7c]
shootingGRID: checks 
Fero128: checks 
*** SHOW DOWN ***
shootingGRID: shows [5s 5h] (three of a kind, Fives)
Fero128: mucks hand 
shootingGRID collected $13.83 from pot
*** SUMMARY ***
Total pot $14.56 | Rake $0.73 
Board [2d 9c 5c Kc 7c]
Seat 1: kvcsszblcs folded before Flop (didn't bet)
Seat 2: Fero128 mucked
Seat 3: Gfoer (button) folded before Flop (didn't bet)
Seat 4: steepfell (small blind) folded before Flop
Seat 5: BumHuntKing (big blind) folded before Flop
Seat 6: shootingGRID showed [5s 5h] and won ($13.83) with three of a kind, Fives



PokerStars Hand #254321201251:  Hold'em No Limit ($0.50/$1.00 USD) - 2025/01/11 22:11:10 WET [2025/01/11 17:11:10 ET]
Table 'Simona III' 6-max Seat #4 is the button
Seat 1: kvcsszblcs ($209.86 in chips) 
Seat 2: Fero128 ($15.90 in chips) 
Seat 3: Gfoer ($103.68 in chips) 
Seat 4: steepfell ($104.75 in chips) 
Seat 5: BumHuntKing ($100 in chips) 
Seat 6: shootingGRID ($109.80 in chips) 
BumHuntKing: posts small blind $0.50
shootingGRID: posts big blind $1
*** HOLE CARDS ***
kvcsszblcs: folds 
Fero128: calls $1
Gfoer: folds 
steepfell: raises $7 to $8
BumHuntKing: folds 
shootingGRID: folds 
Fero128: folds 
Uncalled bet ($7) returned to steepfell
steepfell collected $3.50 from pot
steepfell: doesn't show hand 
*** SUMMARY ***
Total pot $3.50 | Rake $0 
Seat 1: kvcsszblcs folded before Flop (didn't bet)
Seat 2: Fero128 folded before Flop
Seat 3: Gfoer folded before Flop (didn't bet)
Seat 4: steepfell (button) collected ($3.50)
Seat 5: BumHuntKing (small blind) folded before Flop
Seat 6: shootingGRID (big blind) folded before Flop



PokerStars Hand #254321208623:  Hold'em No Limit ($0.50/$1.00 USD) - 2025/01/11 22:11:33 WET [2025/01/11 17:11:33 ET]
Table 'Simona III' 6-max Seat #5 is the button
Seat 1: kvcsszblcs ($209.86 in chips) 
Seat 2: Fero128 ($14.90 in chips) 
Seat 3: Gfoer ($103.68 in chips) 
Seat 4: steepfell ($107.25 in chips) 
Seat 5: BumHuntKing ($100 in chips) 
Seat 6: shootingGRID ($108.80 in chips) 
shootingGRID: posts small blind $0.50
kvcsszblcs: posts big blind $1
*** HOLE CARDS ***
Fero128: raises $13.90 to $14.90 and is all-in
Gfoer: folds 
steepfell: folds 
BumHuntKing: folds 
shootingGRID: folds 
kvcsszblcs: calls $13.90
*** FLOP *** [3h 7s 2s]
*** TURN *** [3h 7s 2s] [4d]
*** RIVER *** [3h 7s 2s 4d] [Qc]
*** SHOW DOWN ***
kvcsszblcs: shows [Jc Kh] (high card King)
Fero128: shows [6c 6h] (a pair of Sixes)
Fero128 collected $28.78 from pot
*** SUMMARY ***
Total pot $30.30 | Rake $1.52 
Board [3h 7s 2s 4d Qc]
Seat 1: kvcsszblcs (big blind) showed [Jc Kh] and lost with high card King
Seat 2: Fero128 showed [6c 6h] and won ($28.78) with a pair of Sixes
Seat 3: Gfoer folded before Flop (didn't bet)
Seat 4: steepfell folded before Flop (didn't bet)
Seat 5: BumHuntKing (button) folded before Flop (didn't bet)
Seat 6: shootingGRID (small blind) folded before Flop



PokerStars Hand #254321217001:  Hold'em No Limit ($0.50/$1.00 USD) - 2025/01/11 22:11:59 WET [2025/01/11 17:11:59 ET]
Table 'Simona III' 6-max Seat #6 is the button
Seat 1: kvcsszblcs ($194.96 in chips) 
Seat 2: Fero128 ($28.78 in chips) 
Seat 3: Gfoer ($103.68 in chips) 
Seat 4: steepfell ($107.25 in chips) 
Seat 5: BumHuntKing ($100 in chips) 
Seat 6: shootingGRID ($108.30 in chips) 
kvcsszblcs: posts small blind $0.50
Fero128: posts big blind $1
*** HOLE CARDS ***
Gfoer: raises $1.20 to $2.20
steepfell: folds 
BumHuntKing: folds 
shootingGRID: folds 
kvcsszblcs: folds 
Fero128: folds 
Uncalled bet ($1.20) returned to Gfoer
Gfoer collected $2.50 from pot
Gfoer: doesn't show hand 
*** SUMMARY ***
Total pot $2.50 | Rake $0 
Seat 1: kvcsszblcs (small blind) folded before Flop
Seat 2: Fero128 (big blind) folded before Flop
Seat 3: Gfoer collected ($2.50)
Seat 4: steepfell folded before Flop (didn't bet)
Seat 5: BumHuntKing folded before Flop (didn't bet)
Seat 6: shootingGRID (button) folded before Flop (didn't bet)



PokerStars Hand #254321225392:  Hold'em No Limit ($0.50/$1.00 USD) - 2025/01/11 22:12:24 WET [2025/01/11 17:12:24 ET]
Table 'Simona III' 6-max Seat #1 is the button
Seat 1: kvcsszblcs ($194.46 in chips) 
Seat 2: Fero128 ($27.78 in chips) 
Seat 3: Gfoer ($105.18 in chips) 
Seat 4: steepfell ($107.25 in chips) 
Seat 5: BumHuntKing ($100 in chips) 
Seat 6: shootingGRID ($108.30 in chips) 
Fero128: posts small blind $0.50
Gfoer: posts big blind $1
*** HOLE CARDS ***
steepfell: folds 
BumHuntKing: raises $1.20 to $2.20
shootingGRID: folds 
kvcsszblcs: calls $2.20
Fero128: calls $1.70
Gfoer: folds 
*** FLOP *** [Qd 7c 3c]
Fero128: checks 
BumHuntKing: checks 
kvcsszblcs: checks 
*** TURN *** [Qd 7c 3c] [Jh]
Fero128: bets $4.61
BumHuntKing: calls $4.61
kvcsszblcs: folds 
*** RIVER *** [Qd 7c 3c Jh] [9s]
Fero128: bets $20.97 and is all-in
BumHuntKing: calls $20.97
*** SHOW DOWN ***
Fero128: shows [3s Qs] (two pair, Queens and Threes)
BumHuntKing: shows [Qh Ac] (a pair of Queens)
Fero128 collected $56.26 from pot
*** SUMMARY ***
Total pot $58.76 | Rake $2.50 
Board [Qd 7c 3c Jh 9s]
Seat 1: kvcsszblcs (button) folded on the Turn
Seat 2: Fero128 (small blind) showed [3s Qs] and won ($56.26) with two pair, Queens and Threes
Seat 3: Gfoer (big blind) folded before Flop
Seat 4: steepfell folded before Flop (didn't bet)
Seat 5: BumHuntKing showed [Qh Ac] and lost with a pair of Queens
Seat 6: shootingGRID folded before Flop (didn't bet)



PokerStars Hand #254321241090:  Hold'em No Limit ($0.50/$1.00 USD) - 2025/01/11 22:13:12 WET [2025/01/11 17:13:12 ET]
Table 'Simona III' 6-max Seat #2 is the button
Seat 1: kvcsszblcs ($192.26 in chips) 
Seat 2: Fero128 ($56.26 in chips) 
Seat 3: Gfoer ($104.18 in chips) 
Seat 4: steepfell ($107.25 in chips) 
Seat 5: BumHuntKing ($100 in chips) 
Seat 6: shootingGRID ($108.30 in chips) 
Gfoer: posts small blind $0.50
steepfell: posts big blind $1
*** HOLE CARDS ***
BumHuntKing: folds 
shootingGRID: folds 
kvcsszblcs: folds 
Fero128: folds 
Gfoer: folds 
Uncalled bet ($0.50) returned to steepfell
steepfell collected $1 from pot
steepfell: doesn't show hand 
*** SUMMARY ***
Total pot $1 | Rake $0 
Seat 1: kvcsszblcs folded before Flop (didn't bet)
Seat 2: Fero128 (button) folded before Flop (didn't bet)
Seat 3: Gfoer (small blind) folded before Flop
Seat 4: steepfell (big blind) collected ($1)
Seat 5: BumHuntKing folded before Flop (didn't bet)
Seat 6: shootingGRID folded before Flop (didn't bet)



PokerStars Hand #254321244621:  Hold'em No Limit ($0.50/$1.00 USD) - 2025/01/11 22:13:23 WET [2025/01/11 17:13:23 ET]
Table 'Simona III' 6-max Seat #3 is the button
Seat 1: kvcsszblcs ($192.26 in chips) 
Seat 2: Fero128 ($56.26 in chips) 
Seat 3: Gfoer ($103.68 in chips) 
Seat 4: steepfell ($107.75 in chips) 
Seat 5: BumHuntKing ($100 in chips) 
Seat 6: shootingGRID ($108.30 in chips) 
steepfell: posts small blind $0.50
BumHuntKing: posts big blind $1
*** HOLE CARDS ***
shootingGRID: folds 
kvcsszblcs: folds 
Fero128: folds 
Gfoer: folds 
steepfell: raises $2 to $3
BumHuntKing: calls $2
*** FLOP *** [6s 6d Ah]
steepfell: checks 
BumHuntKing: checks 
*** TURN *** [6s 6d Ah] [7h]
steepfell: checks 
BumHuntKing: bets $4.28
steepfell: folds 
Uncalled bet ($4.28) returned to BumHuntKing
BumHuntKing collected $5.70 from pot
BumHuntKing: doesn't show hand 
*** SUMMARY ***
Total pot $6 | Rake $0.30 
Board [6s 6d Ah 7h]
Seat 1: kvcsszblcs folded before Flop (didn't bet)
Seat 2: Fero128 folded before Flop (didn't bet)
Seat 3: Gfoer (button) folded before Flop (didn't bet)
Seat 4: steepfell (small blind) folded on the Turn
Seat 5: BumHuntKing (big blind) collected ($5.70)
Seat 6: shootingGRID folded before Flop (didn't bet)



PokerStars Hand #254321264926:  Hold'em No Limit ($0.50/$1.00 USD) - 2025/01/11 22:14:26 WET [2025/01/11 17:14:26 ET]
Table 'Simona III' 6-max Seat #4 is the button
Seat 1: kvcsszblcs ($192.26 in chips) 
Seat 2: Fero128 ($56.26 in chips) 
Seat 3: Gfoer ($103.68 in chips) 
Seat 4: steepfell ($104.75 in chips) 
Seat 5: BumHuntKing ($102.70 in chips) 
Seat 6: shootingGRID ($108.30 in chips) 
BumHuntKing: posts small blind $0.50
shootingGRID: posts big blind $1
*** HOLE CARDS ***
kvcsszblcs: folds 
Fero128: calls $1
Gfoer: folds 
steepfell: folds 
BumHuntKing: folds 
shootingGRID: checks 
*** FLOP *** [Ad 5s 3s]
shootingGRID: bets $1.79
Fero128: calls $1.79
*** TURN *** [Ad 5s 3s] [8h]
shootingGRID: bets $105.51 and is all-in
Fero128: folds 
Uncalled bet ($105.51) returned to shootingGRID
shootingGRID collected $5.78 from pot
*** SUMMARY ***
Total pot $6.08 | Rake $0.30 
Board [Ad 5s 3s 8h]
Seat 1: kvcsszblcs folded before Flop (didn't bet)
Seat 2: Fero128 folded on the Turn
Seat 3: Gfoer folded before Flop (didn't bet)
Seat 4: steepfell (button) folded before Flop (didn't bet)
Seat 5: BumHuntKing (small blind) folded before Flop
Seat 6: shootingGRID (big blind) collected ($5.78)



PokerStars Hand #254321278635:  Hold'em No Limit ($0.50/$1.00 USD) - 2025/01/11 22:15:08 WET [2025/01/11 17:15:08 ET]
Table 'Simona III' 6-max Seat #5 is the button
Seat 1: kvcsszblcs ($192.26 in chips) 
Seat 2: Fero128 ($53.47 in chips) 
Seat 3: Gfoer ($103.68 in chips) 
Seat 4: steepfell ($104.75 in chips) 
Seat 5: BumHuntKing ($102.20 in chips) 
Seat 6: shootingGRID ($111.29 in chips) 
shootingGRID: posts small blind $0.50
kvcsszblcs: posts big blind $1
*** HOLE CARDS ***
Fero128: folds 
Gfoer: folds 
steepfell: folds 
BumHuntKing: folds 
shootingGRID: raises $2 to $3
kvcsszblcs: folds 
Uncalled bet ($2) returned to shootingGRID
shootingGRID collected $2 from pot
*** SUMMARY ***
Total pot $2 | Rake $0 
Seat 1: kvcsszblcs (big blind) folded before Flop
Seat 2: Fero128 folded before Flop (didn't bet)
Seat 3: Gfoer folded before Flop (didn't bet)
Seat 4: steepfell folded before Flop (didn't bet)
Seat 5: BumHuntKing (button) folded before Flop (didn't bet)
Seat 6: shootingGRID (small blind) collected ($2)



PokerStars Hand #254321283906:  Hold'em No Limit ($0.50/$1.00 USD) - 2025/01/11 22:15:24 WET [2025/01/11 17:15:24 ET]
Table 'Simona III' 6-max Seat #6 is the button
Seat 1: kvcsszblcs ($191.26 in chips) 
Seat 2: Fero128 ($53.47 in chips) 
Seat 3: Gfoer ($103.68 in chips) 
Seat 4: steepfell ($104.75 in chips) 
Seat 5: BumHuntKing ($102.20 in chips) 
Seat 6: shootingGRID ($112.29 in chips) 
kvcsszblcs: posts small blind $0.50
Fero128: posts big blind $1
*** HOLE CARDS ***
Gfoer: folds 
steepfell: folds 
BumHuntKing: raises $1.20 to $2.20
shootingGRID: folds 
kvcsszblcs: folds 
Fero128: calls $1.20
*** FLOP *** [9s Ah 7d]
Fero128: checks 
BumHuntKing: bets $1.54
Fero128: calls $1.54
*** TURN *** [9s Ah 7d] [Qc]
Fero128: checks 
BumHuntKing: checks 
*** RIVER *** [9s Ah 7d Qc] [7h]
Fero128: bets $7.58
BumHuntKing: folds 
Uncalled bet ($7.58) returned to Fero128
Fero128 collected $7.58 from pot
*** SUMMARY ***
Total pot $7.98 | Rake $0.40 
Board [9s Ah 7d Qc 7h]
Seat 1: kvcsszblcs (small blind) folded before Flop
Seat 2: Fero128 (big blind) collected ($7.58)
Seat 3: Gfoer folded before Flop (didn't bet)
Seat 4: steepfell folded before Flop (didn't bet)
Seat 5: BumHuntKing folded on the River
Seat 6: shootingGRID (button) folded before Flop (didn't bet)



PokerStars Hand #254321293132:  Hold'em No Limit ($0.50/$1.00 USD) - 2025/01/11 22:15:53 WET [2025/01/11 17:15:53 ET]
Table 'Simona III' 6-max Seat #1 is the button
Seat 1: kvcsszblcs ($190.76 in chips) 
Seat 2: Fero128 ($57.31 in chips) 
Seat 3: Gfoer ($103.68 in chips) 
Seat 4: steepfell ($104.75 in chips) 
Seat 5: BumHuntKing ($100 in chips) 
Seat 6: shootingGRID ($112.29 in chips) 
Fero128: posts small blind $0.50
Gfoer: posts big blind $1
*** HOLE CARDS ***
steepfell: folds 
BumHuntKing: raises $1.20 to $2.20
shootingGRID: folds 
kvcsszblcs: raises $5.80 to $8
Fero128: folds 
Gfoer: folds 
BumHuntKing: calls $5.80
*** FLOP *** [Kh Js 3c]
BumHuntKing: checks 
kvcsszblcs: bets $4.16
BumHuntKing: calls $4.16
*** TURN *** [Kh Js 3c] [8h]
BumHuntKing: checks 
kvcsszblcs: bets $18.40
BumHuntKing: folds 
Uncalled bet ($18.40) returned to kvcsszblcs
kvcsszblcs collected $24.53 from pot
kvcsszblcs: doesn't show hand 
*** SUMMARY ***
Total pot $25.82 | Rake $1.29 
Board [Kh Js 3c 8h]
Seat 1: kvcsszblcs (button) collected ($24.53)
Seat 2: Fero128 (small blind) folded before Flop
Seat 3: Gfoer (big blind) folded before Flop
Seat 4: steepfell folded before Flop (didn't bet)
Seat 5: BumHuntKing folded on the Turn
Seat 6: shootingGRID folded before Flop (didn't bet)



PokerStars Hand #254321307414:  Hold'em No Limit ($0.50/$1.00 USD) - 2025/01/11 22:16:37 WET [2025/01/11 17:16:37 ET]
Table 'Simona III' 6-max Seat #2 is the button
Seat 1: kvcsszblcs ($203.13 in chips) 
Seat 2: Fero128 ($56.81 in chips) 
Seat 3: Gfoer ($102.68 in chips) 
Seat 4: steepfell ($104.75 in chips) 
Seat 5: BumHuntKing ($100 in chips) 
Seat 6: shootingGRID ($112.29 in chips) 
Gfoer: posts small blind $0.50
steepfell: posts big blind $1
*** HOLE CARDS ***
BumHuntKing: folds 
shootingGRID: folds 
kvcsszblcs: raises $1 to $2
Fero128: raises $3 to $5
Gfoer: folds 
steepfell: folds 
kvcsszblcs: calls $3
*** FLOP *** [6s 3s Th]
kvcsszblcs: checks 
Fero128: checks 
*** TURN *** [6s 3s Th] [9h]
kvcsszblcs: checks 
Fero128: bets $2
kvcsszblcs: raises $11.19 to $13.19
Fero128: calls $11.19
*** RIVER *** [6s 3s Th 9h] [Qc]
kvcsszblcs: bets $184.94 and is all-in
Fero128: calls $38.62 and is all-in
Uncalled bet ($146.32) returned to kvcsszblcs
*** SHOW DOWN ***
kvcsszblcs: shows [9d 9s] (three of a kind, Nines)
Fero128: shows [Jd Qh] (a pair of Queens)
kvcsszblcs collected $112.62 from pot
*** SUMMARY ***
Total pot $115.12 | Rake $2.50 
Board [6s 3s Th 9h Qc]
Seat 1: kvcsszblcs showed [9d 9s] and won ($112.62) with three of a kind, Nines
Seat 2: Fero128 (button) showed [Jd Qh] and lost with a pair of Queens
Seat 3: Gfoer (small blind) folded before Flop
Seat 4: steepfell (big blind) folded before Flop
Seat 5: BumHuntKing folded before Flop (didn't bet)
Seat 6: shootingGRID folded before Flop (didn't bet)



PokerStars Hand #254321332956:  Hold'em No Limit ($0.50/$1.00 USD) - 2025/01/11 22:17:56 WET [2025/01/11 17:17:56 ET]
Table 'Simona III' 6-max Seat #3 is the button
Seat 2: Fero128 ($0 in chips) is sitting out
Seat 1: kvcsszblcs ($258.94 in chips) 
Seat 3: Gfoer ($102.18 in chips) 
Seat 4: steepfell ($103.75 in chips) 
Seat 5: BumHuntKing ($100 in chips) 
Seat 6: shootingGRID ($112.29 in chips) 
steepfell: posts small blind $0.50
BumHuntKing: posts big blind $1
*** HOLE CARDS ***
shootingGRID: folds 
kvcsszblcs: raises $1 to $2
Gfoer: folds 
steepfell: folds 
BumHuntKing: folds 
Uncalled bet ($1) returned to kvcsszblcs
kvcsszblcs collected $2.50 from pot
kvcsszblcs: doesn't show hand 
*** SUMMARY ***
Total pot $2.50 | Rake $0 
Seat 2: Fero128
Seat 1: kvcsszblcs collected ($2.50)
Seat 3: Gfoer (button) folded before Flop (didn't bet)
Seat 4: steepfell (small blind) folded before Flop
Seat 5: BumHuntKing (big blind) folded before Flop
Seat 6: shootingGRID folded before Flop (didn't bet)



PokerStars Hand #254321338248:  Hold'em No Limit ($0.50/$1.00 USD) - 2025/01/11 22:18:13 WET [2025/01/11 17:18:13 ET]
Table 'Simona III' 6-max Seat #4 is the button
Seat 2: Fero128 ($0 in chips) is sitting out
Seat 1: kvcsszblcs ($260.44 in chips) 
Seat 3: Gfoer ($102.18 in chips) 
Seat 4: steepfell ($103.25 in chips) 
Seat 5: BumHuntKing ($100 in chips) 
Seat 6: shootingGRID ($112.29 in chips) 
BumHuntKing: posts small blind $0.50
shootingGRID: posts big blind $1
*** HOLE CARDS ***
kvcsszblcs: raises $1 to $2
Gfoer: folds 
steepfell: folds 
BumHuntKing: folds 
shootingGRID: folds 
Uncalled bet ($1) returned to kvcsszblcs
kvcsszblcs collected $2.50 from pot
kvcsszblcs: doesn't show hand 
*** SUMMARY ***
Total pot $2.50 | Rake $0 
Seat 2: Fero128
Seat 1: kvcsszblcs collected ($2.50)
Seat 3: Gfoer folded before Flop (didn't bet)
Seat 4: steepfell (button) folded before Flop (didn't bet)
Seat 5: BumHuntKing (small blind) folded before Flop
Seat 6: shootingGRID (big blind) folded before Flop



PokerStars Hand #254321343361:  Hold'em No Limit ($0.50/$1.00 USD) - 2025/01/11 22:18:28 WET [2025/01/11 17:18:28 ET]
Table 'Simona III' 6-max Seat #5 is the button
Seat 2: Fero128 ($0 in chips) is sitting out
Seat 1: kvcsszblcs ($261.94 in chips) 
Seat 3: Gfoer ($102.18 in chips) 
Seat 4: steepfell ($103.25 in chips) 
Seat 5: BumHuntKing ($100 in chips) 
Seat 6: shootingGRID ($111.29 in chips) 
shootingGRID: posts small blind $0.50
kvcsszblcs: posts big blind $1
*** HOLE CARDS ***
Gfoer: folds 
steepfell: folds 
BumHuntKing: raises $1.50 to $2.50
shootingGRID: folds 
kvcsszblcs: raises $9.50 to $12
Fero128 leaves the table
BumHuntKing: calls $9.50
*** FLOP *** [8s 9d 4s]
kvcsszblcs: bets $15.38
BumHuntKing: raises $19.62 to $35
kvcsszblcs: raises $214.94 to $249.94 and is all-in
BumHuntKing: calls $53 and is all-in
Uncalled bet ($161.94) returned to kvcsszblcs
*** TURN *** [8s 9d 4s] [4c]
*** RIVER *** [8s 9d 4s 4c] [9s]
*** SHOW DOWN ***
kvcsszblcs: shows [Js As] (a flush, Ace high)
BumHuntKing: shows [8c 9c] (a full house, Nines full of Eights)
BumHuntKing collected $198 from pot
*** SUMMARY ***
Total pot $200.50 | Rake $2.50 
Board [8s 9d 4s 4c 9s]
Seat 2: Fero128
Seat 1: kvcsszblcs (big blind) showed [Js As] and lost with a flush, Ace high
Seat 3: Gfoer folded before Flop (didn't bet)
Seat 4: steepfell folded before Flop (didn't bet)
Seat 5: BumHuntKing (button) showed [8c 9c] and won ($198) with a full house, Nines full of Eights
Seat 6: shootingGRID (small blind) folded before Flop



PokerStars Hand #254321370025:  Hold'em No Limit ($0.50/$1.00 USD) - 2025/01/11 22:19:50 WET [2025/01/11 17:19:50 ET]
Table 'Simona III' 6-max Seat #6 is the button
Seat 3: Gfoer ($102.18 in chips) is sitting out
Seat 1: kvcsszblcs ($161.94 in chips) 
Seat 4: steepfell ($103.25 in chips) 
Seat 5: BumHuntKing ($198 in chips) 
Seat 6: shootingGRID ($110.79 in chips) 
kvcsszblcs: posts small blind $0.50
Gfoer: is sitting out 
steepfell: posts big blind $1
*** HOLE CARDS ***
Gfoer leaves the table
BumHuntKing: folds 
shootingGRID: folds 
kvcsszblcs: folds 
Uncalled bet ($0.50) returned to steepfell
steepfell collected $1 from pot
steepfell: doesn't show hand 
*** SUMMARY ***
Total pot $1 | Rake $0 
Seat 3: Gfoer
Seat 1: kvcsszblcs (small blind) folded before Flop
Seat 4: steepfell (big blind) collected ($1)
Seat 5: BumHuntKing folded before Flop (didn't bet)
Seat 6: shootingGRID (button) folded before Flop (didn't bet)



PokerStars Hand #254321376497:  Hold'em No Limit ($0.50/$1.00 USD) - 2025/01/11 22:20:10 WET [2025/01/11 17:20:10 ET]
Table 'Simona III' 6-max Seat #4 is the button
Seat 5: BumHuntKing ($198 in chips) is sitting out
Seat 6: shootingGRID ($110.79 in chips) is sitting out
Seat 1: kvcsszblcs ($161.44 in chips) 
Seat 4: steepfell ($103.75 in chips) 
steepfell: posts small blind $0.50
BumHuntKing: is sitting out 
shootingGRID: is sitting out 
kvcsszblcs: posts big blind $1
*** HOLE CARDS ***
shootingGRID leaves the table
steepfell: raises $1.50 to $2.50
BumHuntKing leaves the table
kvcsszblcs: raises $9.50 to $12
steepfell: folds 
Uncalled bet ($9.50) returned to kvcsszblcs
kvcsszblcs collected $5 from pot
kvcsszblcs: doesn't show hand 
*** SUMMARY ***
Total pot $5 | Rake $0 
Seat 5: BumHuntKing
Seat 6: shootingGRID
Seat 1: kvcsszblcs (big blind) collected ($5)
Seat 4: steepfell (button) (small blind) folded before Flop



PokerStars Hand #254321381665:  Hold'em No Limit ($0.50/$1.00 USD) - 2025/01/11 22:20:26 WET [2025/01/11 17:20:26 ET]
Table 'Simona III' 6-max Seat #1 is the button
Seat 1: kvcsszblcs ($163.94 in chips) 
Seat 4: steepfell ($101.25 in chips) 
kvcsszblcs: posts small blind $0.50
steepfell: posts big blind $1
*** HOLE CARDS ***
kvcsszblcs: raises $1.25 to $2.25
steepfell: calls $1.25
*** FLOP *** [3c 4c 4d]
steepfell: checks 
kvcsszblcs: bets $2.14
steepfell: folds 
Uncalled bet ($2.14) returned to kvcsszblcs
kvcsszblcs collected $4.28 from pot
kvcsszblcs: doesn't show hand 
*** SUMMARY ***
Total pot $4.50 | Rake $0.22 
Board [3c 4c 4d]
Seat 1: kvcsszblcs (button) (small blind) collected ($4.28)
Seat 4: steepfell (big blind) folded on the Flop



