PokerStars Hand #254308631354:  Hold'em No Limit ($0.50/$1.00 USD) - 2025/01/11 5:32:54 WET [2025/01/11 0:32:54 ET]
Table 'Euryalos III' 6-max Seat #2 is the button
Seat 1: TheRealDzikas1 ($25.49 in chips) 
Seat 2: Heskey27 ($103.97 in chips) 
Seat 3: Supermegopro ($112.52 in chips) 
Seat 4: MaRKiToScoK ($105.63 in chips) 
Seat 5: DamjanD ($100 in chips) 
Seat 6: UK Boetseun ($109.81 in chips) 
Supermegopro: posts small blind $0.50
MaRKiToScoK: posts big blind $1
*** HOLE CARDS ***
DamjanD: folds 
UK Boetseun: folds 
TheRealDzikas1: raises $1 to $2
Heskey27: folds 
Supermegopro: folds 
MaRKiToScoK: calls $1
*** FLOP *** [Ah 6s 4s]
MaRKiToScoK: checks 
TheRealDzikas1: bets $2
MaRKiToScoK: folds 
Uncalled bet ($2) returned to TheRealDzikas1
TheRealDzikas1 collected $4.28 from pot
*** SUMMARY ***
Total pot $4.50 | Rake $0.22 
Board [Ah 6s 4s]
Seat 1: TheRealDzikas1 collected ($4.28)
Seat 2: Heskey27 (button) folded before Flop (didn't bet)
Seat 3: Supermegopro (small blind) folded before Flop
Seat 4: MaRKiToScoK (big blind) folded on the Flop
Seat 5: DamjanD folded before Flop (didn't bet)
Seat 6: UK Boetseun folded before Flop (didn't bet)



PokerStars Hand #254308635819:  Hold'em No Limit ($0.50/$1.00 USD) - 2025/01/11 5:33:37 WET [2025/01/11 0:33:37 ET]
Table 'Euryalos III' 6-max Seat #3 is the button
Seat 1: TheRealDzikas1 ($27.77 in chips) 
Seat 2: Heskey27 ($103.97 in chips) 
Seat 3: Supermegopro ($112.02 in chips) 
Seat 4: MaRKiToScoK ($103.63 in chips) 
Seat 5: DamjanD ($100 in chips) 
Seat 6: UK Boetseun ($109.81 in chips) 
MaRKiToScoK: posts small blind $0.50
DamjanD: posts big blind $1
*** HOLE CARDS ***
UK Boetseun: raises $2.50 to $3.50
TheRealDzikas1: folds 
Heskey27: folds 
Supermegopro: folds 
MaRKiToScoK: folds 
DamjanD: folds 
Uncalled bet ($2.50) returned to UK Boetseun
UK Boetseun collected $2.50 from pot
*** SUMMARY ***
Total pot $2.50 | Rake $0 
Seat 1: TheRealDzikas1 folded before Flop (didn't bet)
Seat 2: Heskey27 folded before Flop (didn't bet)
Seat 3: Supermegopro (button) folded before Flop (didn't bet)
Seat 4: MaRKiToScoK (small blind) folded before Flop
Seat 5: DamjanD (big blind) folded before Flop
Seat 6: UK Boetseun collected ($2.50)



PokerStars Hand #254308636988:  Hold'em No Limit ($0.50/$1.00 USD) - 2025/01/11 5:33:48 WET [2025/01/11 0:33:48 ET]
Table 'Euryalos III' 6-max Seat #4 is the button
Seat 1: TheRealDzikas1 ($27.77 in chips) 
Seat 2: Heskey27 ($103.97 in chips) 
Seat 3: Supermegopro ($112.02 in chips) 
Seat 4: MaRKiToScoK ($103.13 in chips) 
Seat 5: DamjanD ($100 in chips) 
Seat 6: UK Boetseun ($111.31 in chips) 
DamjanD: posts small blind $0.50
UK Boetseun: posts big blind $1
*** HOLE CARDS ***
TheRealDzikas1: folds 
Heskey27: folds 
Supermegopro: folds 
MaRKiToScoK: raises $1.33 to $2.33
DamjanD: raises $8.67 to $11
UK Boetseun: folds 
MaRKiToScoK: folds 
Uncalled bet ($8.67) returned to DamjanD
DamjanD collected $5.66 from pot
DamjanD: doesn't show hand 
*** SUMMARY ***
Total pot $5.66 | Rake $0 
Seat 1: TheRealDzikas1 folded before Flop (didn't bet)
Seat 2: Heskey27 folded before Flop (didn't bet)
Seat 3: Supermegopro folded before Flop (didn't bet)
Seat 4: MaRKiToScoK (button) folded before Flop
Seat 5: DamjanD (small blind) collected ($5.66)
Seat 6: UK Boetseun (big blind) folded before Flop



PokerStars Hand #254308642781:  Hold'em No Limit ($0.50/$1.00 USD) - 2025/01/11 5:34:44 WET [2025/01/11 0:34:44 ET]
Table 'Euryalos III' 6-max Seat #5 is the button
Seat 1: TheRealDzikas1 ($27.77 in chips) 
Seat 2: Heskey27 ($103.97 in chips) 
Seat 3: Supermegopro ($112.02 in chips) 
Seat 4: MaRKiToScoK ($100.80 in chips) 
Seat 5: DamjanD ($103.33 in chips) 
Seat 6: UK Boetseun ($110.31 in chips) 
UK Boetseun: posts small blind $0.50
TheRealDzikas1: posts big blind $1
*** HOLE CARDS ***
Heskey27: folds 
Supermegopro: raises $1.50 to $2.50
MaRKiToScoK: folds 
DamjanD: calls $2.50
UK Boetseun: folds 
TheRealDzikas1: folds 
*** FLOP *** [Ks 3s 9h]
Supermegopro: bets $3.09
DamjanD: calls $3.09
*** TURN *** [Ks 3s 9h] [4d]
Supermegopro: bets $7.23
DamjanD: folds 
Uncalled bet ($7.23) returned to Supermegopro
Supermegopro collected $12.05 from pot
Supermegopro: doesn't show hand 
*** SUMMARY ***
Total pot $12.68 | Rake $0.63 
Board [Ks 3s 9h 4d]
Seat 1: TheRealDzikas1 (big blind) folded before Flop
Seat 2: Heskey27 folded before Flop (didn't bet)
Seat 3: Supermegopro collected ($12.05)
Seat 4: MaRKiToScoK folded before Flop (didn't bet)
Seat 5: DamjanD (button) folded on the Turn
Seat 6: UK Boetseun (small blind) folded before Flop



PokerStars Hand #254308647473:  Hold'em No Limit ($0.50/$1.00 USD) - 2025/01/11 5:35:29 WET [2025/01/11 0:35:29 ET]
Table 'Euryalos III' 6-max Seat #6 is the button
Seat 1: TheRealDzikas1 ($26.77 in chips) 
Seat 2: Heskey27 ($103.97 in chips) 
Seat 3: Supermegopro ($118.48 in chips) 
Seat 4: MaRKiToScoK ($100.80 in chips) 
Seat 5: DamjanD ($100 in chips) 
Seat 6: UK Boetseun ($109.81 in chips) 
TheRealDzikas1: posts small blind $0.50
Heskey27: posts big blind $1
*** HOLE CARDS ***
Supermegopro: folds 
MaRKiToScoK: folds 
DamjanD: folds 
UK Boetseun: folds 
TheRealDzikas1: raises $1 to $2
Heskey27: folds 
Uncalled bet ($1) returned to TheRealDzikas1
TheRealDzikas1 collected $2 from pot
*** SUMMARY ***
Total pot $2 | Rake $0 
Seat 1: TheRealDzikas1 (small blind) collected ($2)
Seat 2: Heskey27 (big blind) folded before Flop
Seat 3: Supermegopro folded before Flop (didn't bet)
Seat 4: MaRKiToScoK folded before Flop (didn't bet)
Seat 5: DamjanD folded before Flop (didn't bet)
Seat 6: UK Boetseun (button) folded before Flop (didn't bet)



PokerStars Hand #254308648963:  Hold'em No Limit ($0.50/$1.00 USD) - 2025/01/11 5:35:44 WET [2025/01/11 0:35:44 ET]
Table 'Euryalos III' 6-max Seat #1 is the button
Seat 1: TheRealDzikas1 ($27.77 in chips) 
Seat 2: Heskey27 ($102.97 in chips) 
Seat 3: Supermegopro ($118.48 in chips) 
Seat 4: MaRKiToScoK ($100.80 in chips) 
Seat 5: DamjanD ($100 in chips) 
Seat 6: UK Boetseun ($109.81 in chips) 
Heskey27: posts small blind $0.50
Supermegopro: posts big blind $1
*** HOLE CARDS ***
MaRKiToScoK: folds 
DamjanD: raises $1 to $2
UK Boetseun: folds 
TheRealDzikas1: folds 
Heskey27: folds 
Supermegopro: calls $1
*** FLOP *** [3d 8c Ac]
Supermegopro: checks 
DamjanD: checks 
*** TURN *** [3d 8c Ac] [Qs]
Supermegopro: checks 
DamjanD: bets $2.82
Supermegopro: calls $2.82
*** RIVER *** [3d 8c Ac Qs] [Ah]
Supermegopro: checks 
DamjanD: bets $3.18
Supermegopro: calls $3.18
*** SHOW DOWN ***
DamjanD: shows [Jh Qd] (two pair, Aces and Queens)
Supermegopro: shows [Qh Jd] (two pair, Aces and Queens)
Supermegopro collected $7.84 from pot
DamjanD collected $7.84 from pot
*** SUMMARY ***
Total pot $16.50 | Rake $0.82 
Board [3d 8c Ac Qs Ah]
Seat 1: TheRealDzikas1 (button) folded before Flop (didn't bet)
Seat 2: Heskey27 (small blind) folded before Flop
Seat 3: Supermegopro (big blind) showed [Qh Jd] and won ($7.84) with two pair, Aces and Queens
Seat 4: MaRKiToScoK folded before Flop (didn't bet)
Seat 5: DamjanD showed [Jh Qd] and won ($7.84) with two pair, Aces and Queens
Seat 6: UK Boetseun folded before Flop (didn't bet)



PokerStars Hand #254308654184:  Hold'em No Limit ($0.50/$1.00 USD) - 2025/01/11 5:36:34 WET [2025/01/11 0:36:34 ET]
Table 'Euryalos III' 6-max Seat #2 is the button
Seat 1: TheRealDzikas1 ($27.77 in chips) 
Seat 2: Heskey27 ($102.47 in chips) 
Seat 3: Supermegopro ($118.32 in chips) 
Seat 4: MaRKiToScoK ($100.80 in chips) 
Seat 5: DamjanD ($100 in chips) 
Seat 6: UK Boetseun ($109.81 in chips) 
Supermegopro: posts small blind $0.50
MaRKiToScoK: posts big blind $1
*** HOLE CARDS ***
DamjanD: folds 
UK Boetseun: raises $2.50 to $3.50
TheRealDzikas1: folds 
Heskey27: folds 
Supermegopro: folds 
MaRKiToScoK: folds 
Uncalled bet ($2.50) returned to UK Boetseun
UK Boetseun collected $2.50 from pot
*** SUMMARY ***
Total pot $2.50 | Rake $0 
Seat 1: TheRealDzikas1 folded before Flop (didn't bet)
Seat 2: Heskey27 (button) folded before Flop (didn't bet)
Seat 3: Supermegopro (small blind) folded before Flop
Seat 4: MaRKiToScoK (big blind) folded before Flop
Seat 5: DamjanD folded before Flop (didn't bet)
Seat 6: UK Boetseun collected ($2.50)



PokerStars Hand #254308656303:  Hold'em No Limit ($0.50/$1.00 USD) - 2025/01/11 5:36:55 WET [2025/01/11 0:36:55 ET]
Table 'Euryalos III' 6-max Seat #3 is the button
Seat 5: DamjanD ($100 in chips) is sitting out
Seat 1: TheRealDzikas1 ($27.77 in chips) 
Seat 2: Heskey27 ($102.47 in chips) 
Seat 3: Supermegopro ($117.82 in chips) 
Seat 4: MaRKiToScoK ($100 in chips) 
Seat 6: UK Boetseun ($111.31 in chips) 
MaRKiToScoK: posts small blind $0.50
UK Boetseun: posts big blind $1
*** HOLE CARDS ***
TheRealDzikas1: raises $1 to $2
Heskey27: folds 
Supermegopro: folds 
MaRKiToScoK: calls $1.50
UK Boetseun: raises $6 to $8
TheRealDzikas1: folds 
MaRKiToScoK: calls $6
*** FLOP *** [5d 6h Kd]
MaRKiToScoK: checks 
UK Boetseun: bets $17.10
MaRKiToScoK: calls $17.10
*** TURN *** [5d 6h Kd] [Tc]
MaRKiToScoK: checks 
UK Boetseun: checks 
*** RIVER *** [5d 6h Kd Tc] [Th]
MaRKiToScoK: checks 
UK Boetseun: bets $6
MaRKiToScoK: calls $6
*** SHOW DOWN ***
UK Boetseun: shows [Kc Qc] (two pair, Kings and Tens)
MaRKiToScoK: mucks hand 
UK Boetseun collected $61.70 from pot
*** SUMMARY ***
Total pot $64.20 | Rake $2.50 
Board [5d 6h Kd Tc Th]
Seat 5: DamjanD
Seat 1: TheRealDzikas1 folded before Flop
Seat 2: Heskey27 folded before Flop (didn't bet)
Seat 3: Supermegopro (button) folded before Flop (didn't bet)
Seat 4: MaRKiToScoK (small blind) mucked
Seat 6: UK Boetseun (big blind) showed [Kc Qc] and won ($61.70) with two pair, Kings and Tens



PokerStars Hand #254308661465:  Hold'em No Limit ($0.50/$1.00 USD) - 2025/01/11 5:37:46 WET [2025/01/11 0:37:46 ET]
Table 'Euryalos III' 6-max Seat #4 is the button
Seat 5: DamjanD ($100 in chips) is sitting out
Seat 1: TheRealDzikas1 ($25.77 in chips) 
Seat 2: Heskey27 ($102.47 in chips) 
Seat 3: Supermegopro ($117.82 in chips) 
Seat 4: MaRKiToScoK ($100 in chips) 
Seat 6: UK Boetseun ($141.91 in chips) 
UK Boetseun: posts small blind $0.50
TheRealDzikas1: posts big blind $1
*** HOLE CARDS ***
Heskey27: folds 
Supermegopro: folds 
MaRKiToScoK: raises $1.33 to $2.33
UK Boetseun: folds 
TheRealDzikas1: calls $1.33
*** FLOP *** [3h Qs Js]
TheRealDzikas1: checks 
MaRKiToScoK: checks 
*** TURN *** [3h Qs Js] [2c]
TheRealDzikas1: bets $2
MaRKiToScoK: calls $2
*** RIVER *** [3h Qs Js 2c] [8s]
TheRealDzikas1: bets $7
MaRKiToScoK: folds 
Uncalled bet ($7) returned to TheRealDzikas1
TheRealDzikas1 collected $8.70 from pot
*** SUMMARY ***
Total pot $9.16 | Rake $0.46 
Board [3h Qs Js 2c 8s]
Seat 5: DamjanD
Seat 1: TheRealDzikas1 (big blind) collected ($8.70)
Seat 2: Heskey27 folded before Flop (didn't bet)
Seat 3: Supermegopro folded before Flop (didn't bet)
Seat 4: MaRKiToScoK (button) folded on the River
Seat 6: UK Boetseun (small blind) folded before Flop



PokerStars Hand #254308665673:  Hold'em No Limit ($0.50/$1.00 USD) - 2025/01/11 5:38:27 WET [2025/01/11 0:38:27 ET]
Table 'Euryalos III' 6-max Seat #6 is the button
Seat 5: DamjanD ($100 in chips) is sitting out
Seat 1: TheRealDzikas1 ($30.14 in chips) 
Seat 2: Heskey27 ($102.47 in chips) 
Seat 3: Supermegopro ($117.82 in chips) 
Seat 4: MaRKiToScoK ($100 in chips) 
Seat 6: UK Boetseun ($141.41 in chips) 
TheRealDzikas1: posts small blind $0.50
Heskey27: posts big blind $1
DamjanD: sits out 
*** HOLE CARDS ***
Supermegopro: folds 
MaRKiToScoK: raises $1.22 to $2.22
UK Boetseun: calls $2.22
TheRealDzikas1: calls $1.72
Heskey27: folds 
*** FLOP *** [Ks Qh 4s]
TheRealDzikas1: checks 
MaRKiToScoK: checks 
UK Boetseun: bets $9
TheRealDzikas1: calls $9
MaRKiToScoK: folds 
*** TURN *** [Ks Qh 4s] [Kh]
TheRealDzikas1: checks 
UK Boetseun: checks 
*** RIVER *** [Ks Qh 4s Kh] [5s]
TheRealDzikas1: bets $18.92 and is all-in
UK Boetseun: folds 
Uncalled bet ($18.92) returned to TheRealDzikas1
TheRealDzikas1 collected $24.38 from pot
*** SUMMARY ***
Total pot $25.66 | Rake $1.28 
Board [Ks Qh 4s Kh 5s]
Seat 5: DamjanD
Seat 1: TheRealDzikas1 (small blind) collected ($24.38)
Seat 2: Heskey27 (big blind) folded before Flop
Seat 3: Supermegopro folded before Flop (didn't bet)
Seat 4: MaRKiToScoK folded on the Flop
Seat 6: UK Boetseun (button) folded on the River



PokerStars Hand #254308670968:  Hold'em No Limit ($0.50/$1.00 USD) - 2025/01/11 5:39:19 WET [2025/01/11 0:39:19 ET]
Table 'Euryalos III' 6-max Seat #1 is the button
Seat 5: DamjanD ($100 in chips) is sitting out
Seat 1: TheRealDzikas1 ($43.30 in chips) 
Seat 2: Heskey27 ($101.47 in chips) 
Seat 3: Supermegopro ($117.82 in chips) 
Seat 4: MaRKiToScoK ($100 in chips) 
Seat 6: UK Boetseun ($130.19 in chips) 
Heskey27: posts small blind $0.50
Supermegopro: posts big blind $1
DamjanD: sits out 
*** HOLE CARDS ***
MaRKiToScoK: raises $1.07 to $2.07
UK Boetseun: folds 
TheRealDzikas1: folds 
Heskey27: folds 
Supermegopro: folds 
Uncalled bet ($1.07) returned to MaRKiToScoK
MaRKiToScoK collected $2.50 from pot
*** SUMMARY ***
Total pot $2.50 | Rake $0 
Seat 5: DamjanD
Seat 1: TheRealDzikas1 (button) folded before Flop (didn't bet)
Seat 2: Heskey27 (small blind) folded before Flop
Seat 3: Supermegopro (big blind) folded before Flop
Seat 4: MaRKiToScoK collected ($2.50)
Seat 6: UK Boetseun folded before Flop (didn't bet)



PokerStars Hand #254308672248:  Hold'em No Limit ($0.50/$1.00 USD) - 2025/01/11 5:39:32 WET [2025/01/11 0:39:32 ET]
Table 'Euryalos III' 6-max Seat #2 is the button
Seat 5: DamjanD ($100 in chips) is sitting out
Seat 1: TheRealDzikas1 ($43.30 in chips) 
Seat 2: Heskey27 ($100.97 in chips) 
Seat 3: Supermegopro ($116.82 in chips) 
Seat 4: MaRKiToScoK ($101.50 in chips) 
Seat 6: UK Boetseun ($130.19 in chips) 
Supermegopro: posts small blind $0.50
MaRKiToScoK: posts big blind $1
DamjanD: sits out 
*** HOLE CARDS ***
UK Boetseun: raises $1 to $2
TheRealDzikas1: calls $2
Heskey27: folds 
Supermegopro: folds 
MaRKiToScoK: calls $1
*** FLOP *** [9h 5s Th]
MaRKiToScoK: checks 
UK Boetseun: bets $8
TheRealDzikas1: calls $8
MaRKiToScoK: folds 
*** TURN *** [9h 5s Th] [5d]
UK Boetseun: checks 
TheRealDzikas1: checks 
*** RIVER *** [9h 5s Th 5d] [6d]
UK Boetseun: checks 
TheRealDzikas1: checks 
*** SHOW DOWN ***
UK Boetseun: shows [As 8c] (a pair of Fives)
TheRealDzikas1: shows [Ts 7c] (two pair, Tens and Fives)
TheRealDzikas1 collected $21.38 from pot
*** SUMMARY ***
Total pot $22.50 | Rake $1.12 
Board [9h 5s Th 5d 6d]
Seat 5: DamjanD
Seat 1: TheRealDzikas1 showed [Ts 7c] and won ($21.38) with two pair, Tens and Fives
Seat 2: Heskey27 (button) folded before Flop (didn't bet)
Seat 3: Supermegopro (small blind) folded before Flop
Seat 4: MaRKiToScoK (big blind) folded on the Flop
Seat 6: UK Boetseun showed [As 8c] and lost with a pair of Fives



PokerStars Hand #254308677947:  Hold'em No Limit ($0.50/$1.00 USD) - 2025/01/11 5:40:28 WET [2025/01/11 0:40:28 ET]
Table 'Euryalos III' 6-max Seat #3 is the button
Seat 1: TheRealDzikas1 ($54.68 in chips) 
Seat 2: Heskey27 ($100.97 in chips) 
Seat 3: Supermegopro ($116.32 in chips) 
Seat 4: MaRKiToScoK ($100 in chips) 
Seat 5: DamjanD ($100 in chips) 
Seat 6: UK Boetseun ($120.19 in chips) 
MaRKiToScoK: posts small blind $0.50
DamjanD: posts big blind $1
*** HOLE CARDS ***
UK Boetseun: folds 
TheRealDzikas1: raises $1 to $2
Heskey27: folds 
Supermegopro: calls $2
MaRKiToScoK: folds 
DamjanD: folds 
*** FLOP *** [7h 3c 7s]
TheRealDzikas1: checks 
Supermegopro: bets $3.48
TheRealDzikas1: calls $3.48
*** TURN *** [7h 3c 7s] [Ad]
TheRealDzikas1: checks 
Supermegopro: checks 
*** RIVER *** [7h 3c 7s Ad] [5h]
TheRealDzikas1: bets $4
Supermegopro: folds 
Uncalled bet ($4) returned to TheRealDzikas1
TheRealDzikas1 collected $11.84 from pot
*** SUMMARY ***
Total pot $12.46 | Rake $0.62 
Board [7h 3c 7s Ad 5h]
Seat 1: TheRealDzikas1 collected ($11.84)
Seat 2: Heskey27 folded before Flop (didn't bet)
Seat 3: Supermegopro (button) folded on the River
Seat 4: MaRKiToScoK (small blind) folded before Flop
Seat 5: DamjanD (big blind) folded before Flop
Seat 6: UK Boetseun folded before Flop (didn't bet)



PokerStars Hand #254308682953:  Hold'em No Limit ($0.50/$1.00 USD) - 2025/01/11 5:41:17 WET [2025/01/11 0:41:17 ET]
Table 'Euryalos III' 6-max Seat #4 is the button
Seat 1: TheRealDzikas1 ($61.04 in chips) 
Seat 2: Heskey27 ($100.97 in chips) 
Seat 3: Supermegopro ($110.84 in chips) 
Seat 4: MaRKiToScoK ($100 in chips) 
Seat 5: DamjanD ($100 in chips) 
Seat 6: UK Boetseun ($120.19 in chips) 
DamjanD: posts small blind $0.50
UK Boetseun: posts big blind $1
*** HOLE CARDS ***
TheRealDzikas1: raises $1 to $2
Heskey27: folds 
Supermegopro: folds 
MaRKiToScoK: folds 
DamjanD: folds 
UK Boetseun: folds 
Uncalled bet ($1) returned to TheRealDzikas1
TheRealDzikas1 collected $2.50 from pot
*** SUMMARY ***
Total pot $2.50 | Rake $0 
Seat 1: TheRealDzikas1 collected ($2.50)
Seat 2: Heskey27 folded before Flop (didn't bet)
Seat 3: Supermegopro folded before Flop (didn't bet)
Seat 4: MaRKiToScoK (button) folded before Flop (didn't bet)
Seat 5: DamjanD (small blind) folded before Flop
Seat 6: UK Boetseun (big blind) folded before Flop



PokerStars Hand #254308685820:  Hold'em No Limit ($0.50/$1.00 USD) - 2025/01/11 5:41:45 WET [2025/01/11 0:41:45 ET]
Table 'Euryalos III' 6-max Seat #5 is the button
Seat 1: TheRealDzikas1 ($62.54 in chips) 
Seat 2: Heskey27 ($100.97 in chips) 
Seat 3: Supermegopro ($110.84 in chips) 
Seat 4: MaRKiToScoK ($100 in chips) 
Seat 5: DamjanD ($100 in chips) 
Seat 6: UK Boetseun ($119.19 in chips) 
UK Boetseun: posts small blind $0.50
TheRealDzikas1: posts big blind $1
*** HOLE CARDS ***
Heskey27: folds 
Supermegopro: folds 
MaRKiToScoK: folds 
DamjanD: raises $1.50 to $2.50
UK Boetseun: folds 
TheRealDzikas1: calls $1.50
*** FLOP *** [Qd 4d 2s]
TheRealDzikas1: checks 
DamjanD: checks 
*** TURN *** [Qd 4d 2s] [7c]
TheRealDzikas1: bets $2
DamjanD: folds 
Uncalled bet ($2) returned to TheRealDzikas1
TheRealDzikas1 collected $5.22 from pot
*** SUMMARY ***
Total pot $5.50 | Rake $0.28 
Board [Qd 4d 2s 7c]
Seat 1: TheRealDzikas1 (big blind) collected ($5.22)
Seat 2: Heskey27 folded before Flop (didn't bet)
Seat 3: Supermegopro folded before Flop (didn't bet)
Seat 4: MaRKiToScoK folded before Flop (didn't bet)
Seat 5: DamjanD (button) folded on the Turn
Seat 6: UK Boetseun (small blind) folded before Flop



PokerStars Hand #254308690703:  Hold'em No Limit ($0.50/$1.00 USD) - 2025/01/11 5:42:33 WET [2025/01/11 0:42:33 ET]
Table 'Euryalos III' 6-max Seat #6 is the button
Seat 1: TheRealDzikas1 ($65.26 in chips) 
Seat 2: Heskey27 ($100.97 in chips) 
Seat 3: Supermegopro ($110.84 in chips) 
Seat 4: MaRKiToScoK ($100 in chips) 
Seat 5: DamjanD ($100 in chips) 
Seat 6: UK Boetseun ($118.69 in chips) 
TheRealDzikas1: posts small blind $0.50
Heskey27: posts big blind $1
*** HOLE CARDS ***
Supermegopro: folds 
MaRKiToScoK: folds 
DamjanD: folds 
UK Boetseun: raises $2.50 to $3.50
TheRealDzikas1: folds 
Heskey27: folds 
Uncalled bet ($2.50) returned to UK Boetseun
UK Boetseun collected $2.50 from pot
*** SUMMARY ***
Total pot $2.50 | Rake $0 
Seat 1: TheRealDzikas1 (small blind) folded before Flop
Seat 2: Heskey27 (big blind) folded before Flop
Seat 3: Supermegopro folded before Flop (didn't bet)
Seat 4: MaRKiToScoK folded before Flop (didn't bet)
Seat 5: DamjanD folded before Flop (didn't bet)
Seat 6: UK Boetseun (button) collected ($2.50)



PokerStars Hand #254308692347:  Hold'em No Limit ($0.50/$1.00 USD) - 2025/01/11 5:42:49 WET [2025/01/11 0:42:49 ET]
Table 'Euryalos III' 6-max Seat #1 is the button
Seat 1: TheRealDzikas1 ($64.76 in chips) 
Seat 2: Heskey27 ($100 in chips) 
Seat 3: Supermegopro ($110.84 in chips) 
Seat 4: MaRKiToScoK ($100 in chips) 
Seat 5: DamjanD ($100 in chips) 
Seat 6: UK Boetseun ($120.19 in chips) 
Heskey27: posts small blind $0.50
Supermegopro: posts big blind $1
*** HOLE CARDS ***
MaRKiToScoK: folds 
DamjanD: folds 
UK Boetseun: folds 
TheRealDzikas1: folds 
Heskey27: folds 
Uncalled bet ($0.50) returned to Supermegopro
Supermegopro collected $1 from pot
Supermegopro: doesn't show hand 
*** SUMMARY ***
Total pot $1 | Rake $0 
Seat 1: TheRealDzikas1 (button) folded before Flop (didn't bet)
Seat 2: Heskey27 (small blind) folded before Flop
Seat 3: Supermegopro (big blind) collected ($1)
Seat 4: MaRKiToScoK folded before Flop (didn't bet)
Seat 5: DamjanD folded before Flop (didn't bet)
Seat 6: UK Boetseun folded before Flop (didn't bet)



PokerStars Hand #254308693499:  Hold'em No Limit ($0.50/$1.00 USD) - 2025/01/11 5:43:00 WET [2025/01/11 0:43:00 ET]
Table 'Euryalos III' 6-max Seat #2 is the button
Seat 1: TheRealDzikas1 ($64.76 in chips) 
Seat 2: Heskey27 ($100 in chips) 
Seat 3: Supermegopro ($111.34 in chips) 
Seat 4: MaRKiToScoK ($100 in chips) 
Seat 5: DamjanD ($100 in chips) 
Seat 6: UK Boetseun ($120.19 in chips) 
Supermegopro: posts small blind $0.50
MaRKiToScoK: posts big blind $1
*** HOLE CARDS ***
DamjanD: folds 
UK Boetseun: folds 
TheRealDzikas1: raises $1 to $2
Heskey27: folds 
Supermegopro: folds 
MaRKiToScoK: folds 
Uncalled bet ($1) returned to TheRealDzikas1
TheRealDzikas1 collected $2.50 from pot
*** SUMMARY ***
Total pot $2.50 | Rake $0 
Seat 1: TheRealDzikas1 collected ($2.50)
Seat 2: Heskey27 (button) folded before Flop (didn't bet)
Seat 3: Supermegopro (small blind) folded before Flop
Seat 4: MaRKiToScoK (big blind) folded before Flop
Seat 5: DamjanD folded before Flop (didn't bet)
Seat 6: UK Boetseun folded before Flop (didn't bet)



PokerStars Hand #254308698041:  Hold'em No Limit ($0.50/$1.00 USD) - 2025/01/11 5:43:45 WET [2025/01/11 0:43:45 ET]
Table 'Euryalos III' 6-max Seat #3 is the button
Seat 1: TheRealDzikas1 ($66.26 in chips) 
Seat 2: Heskey27 ($100 in chips) 
Seat 3: Supermegopro ($110.84 in chips) 
Seat 4: MaRKiToScoK ($100 in chips) 
Seat 5: DamjanD ($100 in chips) 
Seat 6: UK Boetseun ($120.19 in chips) 
MaRKiToScoK: posts small blind $0.50
DamjanD: posts big blind $1
*** HOLE CARDS ***
UK Boetseun: folds 
TheRealDzikas1: folds 
Heskey27: folds 
Supermegopro: raises $1.50 to $2.50
MaRKiToScoK: raises $8.50 to $11
DamjanD: folds 
Supermegopro: calls $8.50
*** FLOP *** [Ac 5d 6d]
MaRKiToScoK: bets $6.56
Supermegopro: calls $6.56
*** TURN *** [Ac 5d 6d] [6h]
MaRKiToScoK: bets $22.50
Supermegopro: folds 
Uncalled bet ($22.50) returned to MaRKiToScoK
MaRKiToScoK collected $34.31 from pot
*** SUMMARY ***
Total pot $36.12 | Rake $1.81 
Board [Ac 5d 6d 6h]
Seat 1: TheRealDzikas1 folded before Flop (didn't bet)
Seat 2: Heskey27 folded before Flop (didn't bet)
Seat 3: Supermegopro (button) folded on the Turn
Seat 4: MaRKiToScoK (small blind) collected ($34.31)
Seat 5: DamjanD (big blind) folded before Flop
Seat 6: UK Boetseun folded before Flop (didn't bet)



PokerStars Hand #254308703169:  Hold'em No Limit ($0.50/$1.00 USD) - 2025/01/11 5:44:36 WET [2025/01/11 0:44:36 ET]
Table 'Euryalos III' 6-max Seat #4 is the button
Seat 1: TheRealDzikas1 ($66.26 in chips) 
Seat 2: Heskey27 ($100 in chips) 
Seat 3: Supermegopro ($100 in chips) 
Seat 4: MaRKiToScoK ($116.75 in chips) 
Seat 5: DamjanD ($100 in chips) 
Seat 6: UK Boetseun ($120.19 in chips) 
DamjanD: posts small blind $0.50
UK Boetseun: posts big blind $1
*** HOLE CARDS ***
TheRealDzikas1: folds 
Heskey27: raises $1.20 to $2.20
Supermegopro: folds 
MaRKiToScoK: folds 
DamjanD: calls $1.70
UK Boetseun: raises $6.60 to $8.80
Heskey27: raises $14.20 to $23
DamjanD: folds 
UK Boetseun: folds 
Uncalled bet ($14.20) returned to Heskey27
Heskey27 collected $19.80 from pot
Heskey27: doesn't show hand 
*** SUMMARY ***
Total pot $19.80 | Rake $0 
Seat 1: TheRealDzikas1 folded before Flop (didn't bet)
Seat 2: Heskey27 collected ($19.80)
Seat 3: Supermegopro folded before Flop (didn't bet)
Seat 4: MaRKiToScoK (button) folded before Flop (didn't bet)
Seat 5: DamjanD (small blind) folded before Flop
Seat 6: UK Boetseun (big blind) folded before Flop



PokerStars Hand #254308706318:  Hold'em No Limit ($0.50/$1.00 USD) - 2025/01/11 5:45:07 WET [2025/01/11 0:45:07 ET]
Table 'Euryalos III' 6-max Seat #5 is the button
Seat 1: TheRealDzikas1 ($66.26 in chips) 
Seat 2: Heskey27 ($111 in chips) 
Seat 3: Supermegopro ($100 in chips) 
Seat 4: MaRKiToScoK ($116.75 in chips) 
Seat 5: DamjanD ($100 in chips) 
Seat 6: UK Boetseun ($111.39 in chips) 
UK Boetseun: posts small blind $0.50
TheRealDzikas1: posts big blind $1
*** HOLE CARDS ***
Heskey27: folds 
Supermegopro: folds 
MaRKiToScoK: folds 
DamjanD: raises $1.50 to $2.50
UK Boetseun: folds 
TheRealDzikas1: calls $1.50
*** FLOP *** [Kc 2s 5s]
TheRealDzikas1: checks 
DamjanD: bets $3.45
TheRealDzikas1: calls $3.45
*** TURN *** [Kc 2s 5s] [3d]
TheRealDzikas1: checks 
DamjanD: bets $7.77
TheRealDzikas1: calls $7.77
*** RIVER *** [Kc 2s 5s 3d] [Qh]
TheRealDzikas1: checks 
DamjanD: checks 
*** SHOW DOWN ***
TheRealDzikas1: shows [As 5c] (a pair of Fives)
DamjanD: shows [Kh 6h] (a pair of Kings)
DamjanD collected $26.54 from pot
*** SUMMARY ***
Total pot $27.94 | Rake $1.40 
Board [Kc 2s 5s 3d Qh]
Seat 1: TheRealDzikas1 (big blind) showed [As 5c] and lost with a pair of Fives
Seat 2: Heskey27 folded before Flop (didn't bet)
Seat 3: Supermegopro folded before Flop (didn't bet)
Seat 4: MaRKiToScoK folded before Flop (didn't bet)
Seat 5: DamjanD (button) showed [Kh 6h] and won ($26.54) with a pair of Kings
Seat 6: UK Boetseun (small blind) folded before Flop



PokerStars Hand #254308709787:  Hold'em No Limit ($0.50/$1.00 USD) - 2025/01/11 5:45:42 WET [2025/01/11 0:45:42 ET]
Table 'Euryalos III' 6-max Seat #6 is the button
Seat 1: TheRealDzikas1 ($52.54 in chips) 
Seat 2: Heskey27 ($111 in chips) 
Seat 3: Supermegopro ($100 in chips) 
Seat 4: MaRKiToScoK ($116.75 in chips) 
Seat 5: DamjanD ($112.82 in chips) 
Seat 6: UK Boetseun ($110.89 in chips) 
TheRealDzikas1: posts small blind $0.50
Heskey27: posts big blind $1
*** HOLE CARDS ***
Supermegopro: folds 
MaRKiToScoK: folds 
DamjanD: folds 
UK Boetseun: folds 
TheRealDzikas1: folds 
Uncalled bet ($0.50) returned to Heskey27
Heskey27 collected $1 from pot
Heskey27: doesn't show hand 
*** SUMMARY ***
Total pot $1 | Rake $0 
Seat 1: TheRealDzikas1 (small blind) folded before Flop
Seat 2: Heskey27 (big blind) collected ($1)
Seat 3: Supermegopro folded before Flop (didn't bet)
Seat 4: MaRKiToScoK folded before Flop (didn't bet)
Seat 5: DamjanD folded before Flop (didn't bet)
Seat 6: UK Boetseun (button) folded before Flop (didn't bet)



PokerStars Hand #254308711327:  Hold'em No Limit ($0.50/$1.00 USD) - 2025/01/11 5:45:58 WET [2025/01/11 0:45:58 ET]
Table 'Euryalos III' 6-max Seat #1 is the button
Seat 1: TheRealDzikas1 ($52.04 in chips) 
Seat 2: Heskey27 ($111.50 in chips) 
Seat 3: Supermegopro ($100 in chips) 
Seat 4: MaRKiToScoK ($116.75 in chips) 
Seat 5: DamjanD ($112.82 in chips) 
Seat 6: UK Boetseun ($110.89 in chips) 
Heskey27: posts small blind $0.50
Supermegopro: posts big blind $1
*** HOLE CARDS ***
MaRKiToScoK: folds 
DamjanD: folds 
UK Boetseun: folds 
TheRealDzikas1: raises $1 to $2
Heskey27: folds 
Supermegopro: raises $7 to $9
TheRealDzikas1: calls $7
*** FLOP *** [As 6c Ac]
Supermegopro: checks 
TheRealDzikas1: checks 
*** TURN *** [As 6c Ac] [Tc]
Supermegopro: checks 
TheRealDzikas1: bets $6
Supermegopro: calls $6
*** RIVER *** [As 6c Ac Tc] [Th]
Supermegopro: checks 
TheRealDzikas1: checks 
*** SHOW DOWN ***
Supermegopro: shows [Qd Qs] (two pair, Aces and Queens)
TheRealDzikas1: shows [Jc 3c] (a flush, Ace high)
TheRealDzikas1 collected $28.98 from pot
*** SUMMARY ***
Total pot $30.50 | Rake $1.52 
Board [As 6c Ac Tc Th]
Seat 1: TheRealDzikas1 (button) showed [Jc 3c] and won ($28.98) with a flush, Ace high
Seat 2: Heskey27 (small blind) folded before Flop
Seat 3: Supermegopro (big blind) showed [Qd Qs] and lost with two pair, Aces and Queens
Seat 4: MaRKiToScoK folded before Flop (didn't bet)
Seat 5: DamjanD folded before Flop (didn't bet)
Seat 6: UK Boetseun folded before Flop (didn't bet)



PokerStars Hand #254308715163:  Hold'em No Limit ($0.50/$1.00 USD) - 2025/01/11 5:46:35 WET [2025/01/11 0:46:35 ET]
Table 'Euryalos III' 6-max Seat #2 is the button
Seat 1: TheRealDzikas1 ($66.02 in chips) 
Seat 2: Heskey27 ($111 in chips) 
Seat 3: Supermegopro ($100 in chips) 
Seat 4: MaRKiToScoK ($116.75 in chips) 
Seat 5: DamjanD ($112.82 in chips) 
Seat 6: UK Boetseun ($110.89 in chips) 
Supermegopro: posts small blind $0.50
MaRKiToScoK: posts big blind $1
*** HOLE CARDS ***
DamjanD: folds 
UK Boetseun: folds 
TheRealDzikas1: raises $1 to $2
Heskey27: folds 
Supermegopro: folds 
MaRKiToScoK: calls $1
*** FLOP *** [8s Kc 5s]
MaRKiToScoK: checks 
TheRealDzikas1: checks 
*** TURN *** [8s Kc 5s] [7h]
MaRKiToScoK: bets $1.41
TheRealDzikas1: calls $1.41
*** RIVER *** [8s Kc 5s 7h] [4d]
MaRKiToScoK: bets $6.50
TheRealDzikas1: calls $6.50
*** SHOW DOWN ***
MaRKiToScoK: shows [Jh 3h] (high card King)
TheRealDzikas1: shows [7c Jc] (a pair of Sevens)
TheRealDzikas1 collected $19.30 from pot
*** SUMMARY ***
Total pot $20.32 | Rake $1.02 
Board [8s Kc 5s 7h 4d]
Seat 1: TheRealDzikas1 showed [7c Jc] and won ($19.30) with a pair of Sevens
Seat 2: Heskey27 (button) folded before Flop (didn't bet)
Seat 3: Supermegopro (small blind) folded before Flop
Seat 4: MaRKiToScoK (big blind) showed [Jh 3h] and lost with high card King
Seat 5: DamjanD folded before Flop (didn't bet)
Seat 6: UK Boetseun folded before Flop (didn't bet)



PokerStars Hand #254308719885:  Hold'em No Limit ($0.50/$1.00 USD) - 2025/01/11 5:47:22 WET [2025/01/11 0:47:22 ET]
Table 'Euryalos III' 6-max Seat #3 is the button
Seat 1: TheRealDzikas1 ($75.41 in chips) 
Seat 2: Heskey27 ($111 in chips) 
Seat 3: Supermegopro ($100 in chips) 
Seat 4: MaRKiToScoK ($106.84 in chips) 
Seat 5: DamjanD ($112.82 in chips) 
Seat 6: UK Boetseun ($110.89 in chips) 
MaRKiToScoK: posts small blind $0.50
DamjanD: posts big blind $1
*** HOLE CARDS ***
UK Boetseun: raises $2.50 to $3.50
TheRealDzikas1: folds 
Heskey27: folds 
Supermegopro: calls $3.50
MaRKiToScoK: folds 
DamjanD: folds 
*** FLOP *** [5s 4s Js]
UK Boetseun: bets $8.08
Supermegopro: calls $8.08
*** TURN *** [5s 4s Js] [9h]
UK Boetseun: bets $11.72
Supermegopro: calls $11.72
*** RIVER *** [5s 4s Js 9h] [Jc]
UK Boetseun: bets $87.59 and is all-in
Supermegopro: calls $76.70 and is all-in
Uncalled bet ($10.89) returned to UK Boetseun
*** SHOW DOWN ***
UK Boetseun: shows [Ks Jh] (three of a kind, Jacks)
Supermegopro: shows [Jd Td] (three of a kind, Jacks - lower kicker)
UK Boetseun collected $199 from pot
*** SUMMARY ***
Total pot $201.50 | Rake $2.50 
Board [5s 4s Js 9h Jc]
Seat 1: TheRealDzikas1 folded before Flop (didn't bet)
Seat 2: Heskey27 folded before Flop (didn't bet)
Seat 3: Supermegopro (button) showed [Jd Td] and lost with three of a kind, Jacks
Seat 4: MaRKiToScoK (small blind) folded before Flop
Seat 5: DamjanD (big blind) folded before Flop
Seat 6: UK Boetseun showed [Ks Jh] and won ($199) with three of a kind, Jacks



PokerStars Hand #254308724635:  Hold'em No Limit ($0.50/$1.00 USD) - 2025/01/11 5:48:09 WET [2025/01/11 0:48:09 ET]
Table 'Euryalos III' 6-max Seat #4 is the button
Seat 1: TheRealDzikas1 ($75.41 in chips) 
Seat 2: Heskey27 ($111 in chips) 
Seat 3: Supermegopro ($100 in chips) 
Seat 4: MaRKiToScoK ($106.34 in chips) 
Seat 5: DamjanD ($111.82 in chips) 
Seat 6: UK Boetseun ($209.89 in chips) 
DamjanD: posts small blind $0.50
UK Boetseun: posts big blind $1
*** HOLE CARDS ***
TheRealDzikas1: folds 
Heskey27: folds 
Supermegopro: raises $1.50 to $2.50
MaRKiToScoK: folds 
DamjanD: folds 
UK Boetseun: folds 
Uncalled bet ($1.50) returned to Supermegopro
Supermegopro collected $2.50 from pot
Supermegopro: doesn't show hand 
*** SUMMARY ***
Total pot $2.50 | Rake $0 
Seat 1: TheRealDzikas1 folded before Flop (didn't bet)
Seat 2: Heskey27 folded before Flop (didn't bet)
Seat 3: Supermegopro collected ($2.50)
Seat 4: MaRKiToScoK (button) folded before Flop (didn't bet)
Seat 5: DamjanD (small blind) folded before Flop
Seat 6: UK Boetseun (big blind) folded before Flop



PokerStars Hand #254308726803:  Hold'em No Limit ($0.50/$1.00 USD) - 2025/01/11 5:48:31 WET [2025/01/11 0:48:31 ET]
Table 'Euryalos III' 6-max Seat #5 is the button
Seat 1: TheRealDzikas1 ($75.41 in chips) 
Seat 2: Heskey27 ($111 in chips) 
Seat 3: Supermegopro ($101.50 in chips) 
Seat 4: MaRKiToScoK ($106.34 in chips) 
Seat 5: DamjanD ($111.32 in chips) 
Seat 6: UK Boetseun ($208.89 in chips) 
UK Boetseun: posts small blind $0.50
TheRealDzikas1: posts big blind $1
*** HOLE CARDS ***
Heskey27: folds 
Supermegopro: folds 
MaRKiToScoK: folds 
DamjanD: folds 
UK Boetseun: folds 
Uncalled bet ($0.50) returned to TheRealDzikas1
TheRealDzikas1 collected $1 from pot
*** SUMMARY ***
Total pot $1 | Rake $0 
Seat 1: TheRealDzikas1 (big blind) collected ($1)
Seat 2: Heskey27 folded before Flop (didn't bet)
Seat 3: Supermegopro folded before Flop (didn't bet)
Seat 4: MaRKiToScoK folded before Flop (didn't bet)
Seat 5: DamjanD (button) folded before Flop (didn't bet)
Seat 6: UK Boetseun (small blind) folded before Flop



PokerStars Hand #254308728029:  Hold'em No Limit ($0.50/$1.00 USD) - 2025/01/11 5:48:44 WET [2025/01/11 0:48:44 ET]
Table 'Euryalos III' 6-max Seat #6 is the button
Seat 1: TheRealDzikas1 ($75.91 in chips) 
Seat 2: Heskey27 ($111 in chips) 
Seat 3: Supermegopro ($101.50 in chips) 
Seat 4: MaRKiToScoK ($106.34 in chips) 
Seat 5: DamjanD ($111.32 in chips) 
Seat 6: UK Boetseun ($208.39 in chips) 
TheRealDzikas1: posts small blind $0.50
Heskey27: posts big blind $1
*** HOLE CARDS ***
Supermegopro: raises $1.50 to $2.50
MaRKiToScoK: folds 
DamjanD: folds 
UK Boetseun: raises $1.50 to $4
TheRealDzikas1: calls $3.50
Heskey27: folds 
Supermegopro: calls $1.50
*** FLOP *** [Kc 9c 7s]
TheRealDzikas1: bets $6
Supermegopro: calls $6
UK Boetseun: folds 
*** TURN *** [Kc 9c 7s] [4d]
TheRealDzikas1: bets $9.88
Supermegopro: calls $9.88
*** RIVER *** [Kc 9c 7s 4d] [4s]
TheRealDzikas1: bets $17
Supermegopro: folds 
Uncalled bet ($17) returned to TheRealDzikas1
TheRealDzikas1 collected $42.52 from pot
*** SUMMARY ***
Total pot $44.76 | Rake $2.24 
Board [Kc 9c 7s 4d 4s]
Seat 1: TheRealDzikas1 (small blind) collected ($42.52)
Seat 2: Heskey27 (big blind) folded before Flop
Seat 3: Supermegopro folded on the River
Seat 4: MaRKiToScoK folded before Flop (didn't bet)
Seat 5: DamjanD folded before Flop (didn't bet)
Seat 6: UK Boetseun (button) folded on the Flop



PokerStars Hand #254308732322:  Hold'em No Limit ($0.50/$1.00 USD) - 2025/01/11 5:49:27 WET [2025/01/11 0:49:27 ET]
Table 'Euryalos III' 6-max Seat #1 is the button
Seat 1: TheRealDzikas1 ($98.55 in chips) 
Seat 2: Heskey27 ($110 in chips) 
Seat 3: Supermegopro ($100 in chips) 
Seat 4: MaRKiToScoK ($106.34 in chips) 
Seat 5: DamjanD ($111.32 in chips) 
Seat 6: UK Boetseun ($204.39 in chips) 
Heskey27: posts small blind $0.50
Supermegopro: posts big blind $1
*** HOLE CARDS ***
MaRKiToScoK: raises $1.07 to $2.07
DamjanD: folds 
UK Boetseun: folds 
TheRealDzikas1: folds 
Heskey27: folds 
Supermegopro: folds 
Uncalled bet ($1.07) returned to MaRKiToScoK
MaRKiToScoK collected $2.50 from pot
*** SUMMARY ***
Total pot $2.50 | Rake $0 
Seat 1: TheRealDzikas1 (button) folded before Flop (didn't bet)
Seat 2: Heskey27 (small blind) folded before Flop
Seat 3: Supermegopro (big blind) folded before Flop
Seat 4: MaRKiToScoK collected ($2.50)
Seat 5: DamjanD folded before Flop (didn't bet)
Seat 6: UK Boetseun folded before Flop (didn't bet)



PokerStars Hand #254308733907:  Hold'em No Limit ($0.50/$1.00 USD) - 2025/01/11 5:49:42 WET [2025/01/11 0:49:42 ET]
Table 'Euryalos III' 6-max Seat #2 is the button
Seat 1: TheRealDzikas1 ($98.55 in chips) 
Seat 2: Heskey27 ($109.50 in chips) 
Seat 3: Supermegopro ($100 in chips) 
Seat 4: MaRKiToScoK ($107.84 in chips) 
Seat 5: DamjanD ($111.32 in chips) 
Seat 6: UK Boetseun ($204.39 in chips) 
Supermegopro: posts small blind $0.50
MaRKiToScoK: posts big blind $1
*** HOLE CARDS ***
DamjanD: folds 
UK Boetseun: raises $3 to $4
TheRealDzikas1: folds 
Heskey27: folds 
Supermegopro: folds 
MaRKiToScoK: folds 
Uncalled bet ($3) returned to UK Boetseun
UK Boetseun collected $2.50 from pot
*** SUMMARY ***
Total pot $2.50 | Rake $0 
Seat 1: TheRealDzikas1 folded before Flop (didn't bet)
Seat 2: Heskey27 (button) folded before Flop (didn't bet)
Seat 3: Supermegopro (small blind) folded before Flop
Seat 4: MaRKiToScoK (big blind) folded before Flop
Seat 5: DamjanD folded before Flop (didn't bet)
Seat 6: UK Boetseun collected ($2.50)



PokerStars Hand #254308736097:  Hold'em No Limit ($0.50/$1.00 USD) - 2025/01/11 5:50:05 WET [2025/01/11 0:50:05 ET]
Table 'Euryalos III' 6-max Seat #3 is the button
Seat 1: TheRealDzikas1 ($98.55 in chips) 
Seat 2: Heskey27 ($109.50 in chips) 
Seat 3: Supermegopro ($100 in chips) 
Seat 4: MaRKiToScoK ($106.84 in chips) 
Seat 5: DamjanD ($111.32 in chips) 
Seat 6: UK Boetseun ($205.89 in chips) 
MaRKiToScoK: posts small blind $0.50
DamjanD: posts big blind $1
*** HOLE CARDS ***
UK Boetseun: folds 
TheRealDzikas1: raises $1 to $2
Heskey27: folds 
Supermegopro: folds 
MaRKiToScoK: calls $1.50
DamjanD: folds 
*** FLOP *** [9c 5s 7h]
MaRKiToScoK: checks 
TheRealDzikas1: checks 
*** TURN *** [9c 5s 7h] [4h]
MaRKiToScoK: checks 
TheRealDzikas1: bets $2
MaRKiToScoK: folds 
Uncalled bet ($2) returned to TheRealDzikas1
TheRealDzikas1 collected $4.75 from pot
*** SUMMARY ***
Total pot $5 | Rake $0.25 
Board [9c 5s 7h 4h]
Seat 1: TheRealDzikas1 collected ($4.75)
Seat 2: Heskey27 folded before Flop (didn't bet)
Seat 3: Supermegopro (button) folded before Flop (didn't bet)
Seat 4: MaRKiToScoK (small blind) folded on the Turn
Seat 5: DamjanD (big blind) folded before Flop
Seat 6: UK Boetseun folded before Flop (didn't bet)



PokerStars Hand #254308739480:  Hold'em No Limit ($0.50/$1.00 USD) - 2025/01/11 5:50:40 WET [2025/01/11 0:50:40 ET]
Table 'Euryalos III' 6-max Seat #4 is the button
Seat 1: TheRealDzikas1 ($101.30 in chips) 
Seat 2: Heskey27 ($109.50 in chips) 
Seat 3: Supermegopro ($100 in chips) 
Seat 4: MaRKiToScoK ($104.84 in chips) 
Seat 5: DamjanD ($110.32 in chips) 
Seat 6: UK Boetseun ($205.89 in chips) 
DamjanD: posts small blind $0.50
UK Boetseun: posts big blind $1
*** HOLE CARDS ***
TheRealDzikas1: folds 
Heskey27: folds 
Supermegopro: folds 
MaRKiToScoK: raises $1.33 to $2.33
DamjanD: raises $8.67 to $11
UK Boetseun: folds 
MaRKiToScoK: calls $8.67
*** FLOP *** [9c As Ah]
DamjanD: bets $7.21
MaRKiToScoK: calls $7.21
*** TURN *** [9c As Ah] [Jd]
DamjanD: bets $11.73
MaRKiToScoK: calls $11.73
*** RIVER *** [9c As Ah Jd] [4s]
DamjanD: bets $19.27
MaRKiToScoK: calls $19.27
*** SHOW DOWN ***
DamjanD: shows [Ad 8c] (three of a kind, Aces)
MaRKiToScoK: shows [Ac 2c] (three of a kind, Aces)
DamjanD collected $48.46 from pot
MaRKiToScoK collected $48.46 from pot
*** SUMMARY ***
Total pot $99.42 | Rake $2.50 
Board [9c As Ah Jd 4s]
Seat 1: TheRealDzikas1 folded before Flop (didn't bet)
Seat 2: Heskey27 folded before Flop (didn't bet)
Seat 3: Supermegopro folded before Flop (didn't bet)
Seat 4: MaRKiToScoK (button) showed [Ac 2c] and won ($48.46) with three of a kind, Aces
Seat 5: DamjanD (small blind) showed [Ad 8c] and won ($48.46) with three of a kind, Aces
Seat 6: UK Boetseun (big blind) folded before Flop



PokerStars Hand #254308747835:  Hold'em No Limit ($0.50/$1.00 USD) - 2025/01/11 5:52:06 WET [2025/01/11 0:52:06 ET]
Table 'Euryalos III' 6-max Seat #5 is the button
Seat 1: TheRealDzikas1 ($101.30 in chips) 
Seat 2: Heskey27 ($109.50 in chips) 
Seat 3: Supermegopro ($100 in chips) 
Seat 4: MaRKiToScoK ($104.09 in chips) 
Seat 5: DamjanD ($109.57 in chips) 
Seat 6: UK Boetseun ($204.89 in chips) 
UK Boetseun: posts small blind $0.50
TheRealDzikas1: posts big blind $1
*** HOLE CARDS ***
Heskey27: folds 
Supermegopro: folds 
MaRKiToScoK: folds 
DamjanD: folds 
UK Boetseun: raises $3 to $4
TheRealDzikas1: calls $3
*** FLOP *** [8s Kc 7c]
UK Boetseun: checks 
TheRealDzikas1: bets $2
UK Boetseun: folds 
Uncalled bet ($2) returned to TheRealDzikas1
TheRealDzikas1 collected $7.60 from pot
*** SUMMARY ***
Total pot $8 | Rake $0.40 
Board [8s Kc 7c]
Seat 1: TheRealDzikas1 (big blind) collected ($7.60)
Seat 2: Heskey27 folded before Flop (didn't bet)
Seat 3: Supermegopro folded before Flop (didn't bet)
Seat 4: MaRKiToScoK folded before Flop (didn't bet)
Seat 5: DamjanD (button) folded before Flop (didn't bet)
Seat 6: UK Boetseun (small blind) folded on the Flop



PokerStars Hand #254308750527:  Hold'em No Limit ($0.50/$1.00 USD) - 2025/01/11 5:52:33 WET [2025/01/11 0:52:33 ET]
Table 'Euryalos III' 6-max Seat #6 is the button
Seat 1: TheRealDzikas1 ($104.90 in chips) 
Seat 2: Heskey27 ($109.50 in chips) 
Seat 3: Supermegopro ($100 in chips) 
Seat 4: MaRKiToScoK ($104.09 in chips) 
Seat 5: DamjanD ($109.57 in chips) 
Seat 6: UK Boetseun ($200.89 in chips) 
TheRealDzikas1: posts small blind $0.50
Heskey27: posts big blind $1
*** HOLE CARDS ***
Supermegopro: raises $1.50 to $2.50
MaRKiToScoK: folds 
DamjanD: folds 
UK Boetseun: raises $6.50 to $9
TheRealDzikas1: calls $8.50
Heskey27: folds 
Supermegopro: calls $6.50
*** FLOP *** [6c 7c Qd]
TheRealDzikas1: checks 
Supermegopro: checks 
UK Boetseun: bets $26.60
TheRealDzikas1: folds 
Supermegopro: raises $64.40 to $91 and is all-in
UK Boetseun: calls $64.40
*** TURN *** [6c 7c Qd] [4s]
*** RIVER *** [6c 7c Qd 4s] [2d]
*** SHOW DOWN ***
Supermegopro: shows [Ts Qs] (a pair of Queens)
UK Boetseun: shows [Qh As] (a pair of Queens - Ace kicker)
UK Boetseun collected $207.50 from pot
*** SUMMARY ***
Total pot $210 | Rake $2.50 
Board [6c 7c Qd 4s 2d]
Seat 1: TheRealDzikas1 (small blind) folded on the Flop
Seat 2: Heskey27 (big blind) folded before Flop
Seat 3: Supermegopro showed [Ts Qs] and lost with a pair of Queens
Seat 4: MaRKiToScoK folded before Flop (didn't bet)
Seat 5: DamjanD folded before Flop (didn't bet)
Seat 6: UK Boetseun (button) showed [Qh As] and won ($207.50) with a pair of Queens



PokerStars Hand #254308754392:  Hold'em No Limit ($0.50/$1.00 USD) - 2025/01/11 5:53:13 WET [2025/01/11 0:53:13 ET]
Table 'Euryalos III' 6-max Seat #1 is the button
Seat 1: TheRealDzikas1 ($95.90 in chips) 
Seat 2: Heskey27 ($108.50 in chips) 
Seat 3: Supermegopro ($100 in chips) 
Seat 4: MaRKiToScoK ($104.09 in chips) 
Seat 5: DamjanD ($109.57 in chips) 
Seat 6: UK Boetseun ($308.39 in chips) 
Heskey27: posts small blind $0.50
Supermegopro: posts big blind $1
*** HOLE CARDS ***
MaRKiToScoK: raises $1.07 to $2.07
DamjanD: folds 
UK Boetseun: folds 
TheRealDzikas1: calls $2.07
Heskey27: folds 
Supermegopro: calls $1.07
*** FLOP *** [3d Kd 3s]
Supermegopro: checks 
MaRKiToScoK: bets $1.91
TheRealDzikas1: calls $1.91
Supermegopro: folds 
*** TURN *** [3d Kd 3s] [As]
MaRKiToScoK: checks 
TheRealDzikas1: bets $6
MaRKiToScoK: folds 
Uncalled bet ($6) returned to TheRealDzikas1
TheRealDzikas1 collected $10 from pot
*** SUMMARY ***
Total pot $10.53 | Rake $0.53 
Board [3d Kd 3s As]
Seat 1: TheRealDzikas1 (button) collected ($10)
Seat 2: Heskey27 (small blind) folded before Flop
Seat 3: Supermegopro (big blind) folded on the Flop
Seat 4: MaRKiToScoK folded on the Turn
Seat 5: DamjanD folded before Flop (didn't bet)
Seat 6: UK Boetseun folded before Flop (didn't bet)



PokerStars Hand #254308761024:  Hold'em No Limit ($0.50/$1.00 USD) - 2025/01/11 5:54:22 WET [2025/01/11 0:54:22 ET]
Table 'Euryalos III' 6-max Seat #2 is the button
Seat 1: TheRealDzikas1 ($101.92 in chips) 
Seat 2: Heskey27 ($108 in chips) 
Seat 3: Supermegopro ($100 in chips) 
Seat 4: MaRKiToScoK ($100.11 in chips) 
Seat 5: DamjanD ($109.57 in chips) 
Seat 6: UK Boetseun ($308.39 in chips) 
Supermegopro: posts small blind $0.50
MaRKiToScoK: posts big blind $1
*** HOLE CARDS ***
DamjanD: folds 
UK Boetseun: folds 
TheRealDzikas1: raises $2 to $3
Heskey27: folds 
Supermegopro: folds 
MaRKiToScoK: folds 
Uncalled bet ($2) returned to TheRealDzikas1
TheRealDzikas1 collected $2.50 from pot
*** SUMMARY ***
Total pot $2.50 | Rake $0 
Seat 1: TheRealDzikas1 collected ($2.50)
Seat 2: Heskey27 (button) folded before Flop (didn't bet)
Seat 3: Supermegopro (small blind) folded before Flop
Seat 4: MaRKiToScoK (big blind) folded before Flop
Seat 5: DamjanD folded before Flop (didn't bet)
Seat 6: UK Boetseun folded before Flop (didn't bet)



PokerStars Hand #254308762731:  Hold'em No Limit ($0.50/$1.00 USD) - 2025/01/11 5:54:39 WET [2025/01/11 0:54:39 ET]
Table 'Euryalos III' 6-max Seat #3 is the button
Seat 1: TheRealDzikas1 ($103.42 in chips) 
Seat 2: Heskey27 ($108 in chips) 
Seat 3: Supermegopro ($100 in chips) 
Seat 4: MaRKiToScoK ($100 in chips) 
Seat 5: DamjanD ($109.57 in chips) 
Seat 6: UK Boetseun ($308.39 in chips) 
MaRKiToScoK: posts small blind $0.50
DamjanD: posts big blind $1
*** HOLE CARDS ***
UK Boetseun: folds 
TheRealDzikas1: raises $2 to $3
Heskey27: folds 
Supermegopro: folds 
UK Boetseun leaves the table
MaRKiToScoK: raises $9 to $12
DamjanD: folds 
TheRealDzikas1: calls $9
*** FLOP *** [Ts Jh Ah]
MaRKiToScoK: bets $17.81
TheRealDzikas1: calls $17.81
*** TURN *** [Ts Jh Ah] [5d]
MaRKiToScoK: bets $70.19 and is all-in
TheRealDzikas1: folds 
Uncalled bet ($70.19) returned to MaRKiToScoK
MaRKiToScoK collected $58.12 from pot
*** SUMMARY ***
Total pot $60.62 | Rake $2.50 
Board [Ts Jh Ah 5d]
Seat 1: TheRealDzikas1 folded on the Turn
Seat 2: Heskey27 folded before Flop (didn't bet)
Seat 3: Supermegopro (button) folded before Flop (didn't bet)
Seat 4: MaRKiToScoK (small blind) collected ($58.12)
Seat 5: DamjanD (big blind) folded before Flop
Seat 6: UK Boetseun folded before Flop (didn't bet)



PokerStars Hand #254308765198:  Hold'em No Limit ($0.50/$1.00 USD) - 2025/01/11 5:55:05 WET [2025/01/11 0:55:05 ET]
Table 'Euryalos III' 6-max Seat #4 is the button
Seat 1: TheRealDzikas1 ($73.61 in chips) 
Seat 2: Heskey27 ($108 in chips) 
Seat 3: Supermegopro ($100 in chips) 
Seat 4: MaRKiToScoK ($128.31 in chips) 
Seat 5: DamjanD ($108.57 in chips) 
DamjanD: posts small blind $0.50
TheRealDzikas1: posts big blind $1
*** HOLE CARDS ***
Heskey27: raises $1.50 to $2.50
Supermegopro: folds 
MaRKiToScoK: folds 
XneferX joins the table at seat #6 
DamjanD: folds 
TheRealDzikas1: calls $1.50
*** FLOP *** [4c Qd Ad]
TheRealDzikas1: checks 
Heskey27: bets $3
TheRealDzikas1: calls $3
*** TURN *** [4c Qd Ad] [7d]
TheRealDzikas1: bets $7
Heskey27: calls $7
*** RIVER *** [4c Qd Ad 7d] [Th]
TheRealDzikas1: bets $19
Heskey27: calls $19
*** SHOW DOWN ***
TheRealDzikas1: shows [2c Tc] (a pair of Tens)
Heskey27: shows [As Qh] (two pair, Aces and Queens)
Heskey27 collected $61 from pot
*** SUMMARY ***
Total pot $63.50 | Rake $2.50 
Board [4c Qd Ad 7d Th]
Seat 1: TheRealDzikas1 (big blind) showed [2c Tc] and lost with a pair of Tens
Seat 2: Heskey27 showed [As Qh] and won ($61) with two pair, Aces and Queens
Seat 3: Supermegopro folded before Flop (didn't bet)
Seat 4: MaRKiToScoK (button) folded before Flop (didn't bet)
Seat 5: DamjanD (small blind) folded before Flop



PokerStars Hand #254308768391:  Hold'em No Limit ($0.50/$1.00 USD) - 2025/01/11 5:55:45 WET [2025/01/11 0:55:45 ET]
Table 'Euryalos III' 6-max Seat #5 is the button
Seat 6: XneferX ($100.70 in chips) is sitting out
Seat 1: TheRealDzikas1 ($42.11 in chips) 
Seat 2: Heskey27 ($137.50 in chips) 
Seat 3: Supermegopro ($100 in chips) 
Seat 4: MaRKiToScoK ($128.31 in chips) 
Seat 5: DamjanD ($108.07 in chips) 
TheRealDzikas1: posts small blind $0.50
Heskey27: posts big blind $1
*** HOLE CARDS ***
Supermegopro: folds 
MaRKiToScoK: folds 
DamjanD: folds 
TheRealDzikas1: raises $1 to $2
Heskey27: calls $1
*** FLOP *** [Tc 2c 4s]
TheRealDzikas1: checks 
Heskey27: checks 
*** TURN *** [Tc 2c 4s] [6h]
TheRealDzikas1: checks 
Heskey27: checks 
*** RIVER *** [Tc 2c 4s 6h] [Kc]
TheRealDzikas1: bets $2
Heskey27: folds 
Uncalled bet ($2) returned to TheRealDzikas1
TheRealDzikas1 collected $3.80 from pot
*** SUMMARY ***
Total pot $4 | Rake $0.20 
Board [Tc 2c 4s 6h Kc]
Seat 6: XneferX
Seat 1: TheRealDzikas1 (small blind) collected ($3.80)
Seat 2: Heskey27 (big blind) folded on the River
Seat 3: Supermegopro folded before Flop (didn't bet)
Seat 4: MaRKiToScoK folded before Flop (didn't bet)
Seat 5: DamjanD (button) folded before Flop (didn't bet)



PokerStars Hand #254308770408:  Hold'em No Limit ($0.50/$1.00 USD) - 2025/01/11 5:56:09 WET [2025/01/11 0:56:09 ET]
Table 'Euryalos III' 6-max Seat #1 is the button
Seat 6: XneferX ($100.70 in chips) is sitting out
Seat 1: TheRealDzikas1 ($43.91 in chips) 
Seat 2: Heskey27 ($135.50 in chips) 
Seat 3: Supermegopro ($100 in chips) 
Seat 4: MaRKiToScoK ($128.31 in chips) 
Seat 5: DamjanD ($108.07 in chips) 
Heskey27: posts small blind $0.50
Supermegopro: posts big blind $1
XneferX: sits out 
*** HOLE CARDS ***
MaRKiToScoK: raises $1.07 to $2.07
DamjanD: folds 
TheRealDzikas1: calls $2.07
Heskey27: folds 
Supermegopro: folds 
*** FLOP *** [3h 5s 6c]
MaRKiToScoK: bets $1.61
TheRealDzikas1: raises $3.39 to $5
MaRKiToScoK: calls $3.39
*** TURN *** [3h 5s 6c] [Qs]
MaRKiToScoK: checks 
TheRealDzikas1: bets $14.86
MaRKiToScoK: raises $55.72 to $70.58
TheRealDzikas1: calls $21.98 and is all-in
Uncalled bet ($33.74) returned to MaRKiToScoK
*** RIVER *** [3h 5s 6c Qs] [9s]
*** SHOW DOWN ***
MaRKiToScoK: shows [As 7s] (a flush, Ace high)
TheRealDzikas1: shows [4d 2d] (a straight, Deuce to Six)
MaRKiToScoK collected $86.82 from pot
*** SUMMARY ***
Total pot $89.32 | Rake $2.50 
Board [3h 5s 6c Qs 9s]
Seat 6: XneferX
Seat 1: TheRealDzikas1 (button) showed [4d 2d] and lost with a straight, Deuce to Six
Seat 2: Heskey27 (small blind) folded before Flop
Seat 3: Supermegopro (big blind) folded before Flop
Seat 4: MaRKiToScoK showed [As 7s] and won ($86.82) with a flush, Ace high
Seat 5: DamjanD folded before Flop (didn't bet)



PokerStars Hand #254308773934:  Hold'em No Limit ($0.50/$1.00 USD) - 2025/01/11 5:56:54 WET [2025/01/11 0:56:54 ET]
Table 'Euryalos III' 6-max Seat #2 is the button
Seat 1: TheRealDzikas1 ($0 in chips) is sitting out
Seat 4: MaRKiToScoK ($171.22 in chips) is sitting out
Seat 6: XneferX ($100.70 in chips) is sitting out
Seat 2: Heskey27 ($135 in chips) 
Seat 3: Supermegopro ($100 in chips) 
Seat 5: DamjanD ($108.07 in chips) 
Supermegopro: posts small blind $0.50
MaRKiToScoK: is sitting out 
DamjanD: posts big blind $1
XneferX: sits out 
*** HOLE CARDS ***
Heskey27: folds 
Supermegopro: raises $2 to $3
TheRealDzikas1 is disconnected 
DamjanD: folds 
Uncalled bet ($2) returned to Supermegopro
Supermegopro collected $2 from pot
Supermegopro: doesn't show hand 
*** SUMMARY ***
Total pot $2 | Rake $0 
Seat 1: TheRealDzikas1
Seat 4: MaRKiToScoK
Seat 6: XneferX
Seat 2: Heskey27 (button) folded before Flop (didn't bet)
Seat 3: Supermegopro (small blind) collected ($2)
Seat 5: DamjanD (big blind) folded before Flop



PokerStars Hand #254308775042:  Hold'em No Limit ($0.50/$1.00 USD) - 2025/01/11 5:57:07 WET [2025/01/11 0:57:07 ET]
Table 'Euryalos III' 6-max Seat #3 is the button
Seat 1: TheRealDzikas1 ($0 in chips) is sitting out
Seat 4: MaRKiToScoK ($171.22 in chips) is sitting out
Seat 2: Heskey27 ($135 in chips) 
Seat 3: Supermegopro ($101 in chips) 
Seat 5: DamjanD ($107.07 in chips) 
Seat 6: XneferX ($100.70 in chips) 
DamjanD: posts small blind $0.50
XneferX: posts big blind $1
*** HOLE CARDS ***
Heskey27: folds 
Supermegopro: raises $1.50 to $2.50
DamjanD: folds 
XneferX: folds 
Uncalled bet ($1.50) returned to Supermegopro
Supermegopro collected $2.50 from pot
Supermegopro: doesn't show hand 
*** SUMMARY ***
Total pot $2.50 | Rake $0 
Seat 1: TheRealDzikas1
Seat 4: MaRKiToScoK
Seat 2: Heskey27 folded before Flop (didn't bet)
Seat 3: Supermegopro (button) collected ($2.50)
Seat 5: DamjanD (small blind) folded before Flop
Seat 6: XneferX (big blind) folded before Flop



PokerStars Hand #254308776427:  Hold'em No Limit ($0.50/$1.00 USD) - 2025/01/11 5:57:24 WET [2025/01/11 0:57:24 ET]
Table 'Euryalos III' 6-max Seat #5 is the button
Seat 1: TheRealDzikas1 ($0 in chips) is sitting out
Seat 4: MaRKiToScoK ($171.22 in chips) is sitting out
Seat 2: Heskey27 ($135 in chips) 
Seat 3: Supermegopro ($102.50 in chips) 
Seat 5: DamjanD ($106.57 in chips) 
Seat 6: XneferX ($100 in chips) 
XneferX: posts small blind $0.50
Heskey27: posts big blind $1
*** HOLE CARDS ***
Supermegopro: folds 
Supermegopro leaves the table
DamjanD: folds 
XneferX: folds 
Uncalled bet ($0.50) returned to Heskey27
Heskey27 collected $1 from pot
Heskey27: doesn't show hand 
*** SUMMARY ***
Total pot $1 | Rake $0 
Seat 1: TheRealDzikas1
Seat 4: MaRKiToScoK
Seat 2: Heskey27 (big blind) collected ($1)
Seat 3: Supermegopro folded before Flop (didn't bet)
Seat 5: DamjanD (button) folded before Flop (didn't bet)
Seat 6: XneferX (small blind) folded before Flop



PokerStars Hand #254308778149:  Hold'em No Limit ($0.50/$1.00 USD) - 2025/01/11 5:57:45 WET [2025/01/11 0:57:45 ET]
Table 'Euryalos III' 6-max Seat #6 is the button
Seat 1: TheRealDzikas1 ($0 in chips) is sitting out
Seat 4: MaRKiToScoK ($171.22 in chips) is sitting out
Seat 2: Heskey27 ($135.50 in chips) 
Seat 5: DamjanD ($106.57 in chips) 
Seat 6: XneferX ($100 in chips) 
Heskey27: posts small blind $0.50
DamjanD: posts big blind $1
*** HOLE CARDS ***
XneferX: folds 
Heskey27: folds 
Uncalled bet ($0.50) returned to DamjanD
DamjanD collected $1 from pot
DamjanD: doesn't show hand 
*** SUMMARY ***
Total pot $1 | Rake $0 
Seat 1: TheRealDzikas1
Seat 4: MaRKiToScoK
Seat 2: Heskey27 (small blind) folded before Flop
Seat 5: DamjanD (big blind) collected ($1)
Seat 6: XneferX (button) folded before Flop (didn't bet)



PokerStars Hand #254308778709:  Hold'em No Limit ($0.50/$1.00 USD) - 2025/01/11 5:57:52 WET [2025/01/11 0:57:52 ET]
Table 'Euryalos III' 6-max Seat #2 is the button
Seat 1: TheRealDzikas1 ($0 in chips) is sitting out
Seat 4: MaRKiToScoK ($171.22 in chips) is sitting out
Seat 2: Heskey27 ($135 in chips) 
Seat 5: DamjanD ($107.07 in chips) 
Seat 6: XneferX ($100 in chips) 
DamjanD: posts small blind $0.50
XneferX: posts big blind $1
*** HOLE CARDS ***
Heskey27: raises $1.50 to $2.50
DamjanD: raises $8 to $10.50
XneferX: folds 
Heskey27: calls $8
*** FLOP *** [4s 6h 3c]
DamjanD: checks 
Heskey27: bets $8
DamjanD: folds 
Uncalled bet ($8) returned to Heskey27
Heskey27 collected $21 from pot
Heskey27: doesn't show hand 
*** SUMMARY ***
Total pot $22 | Rake $1 
Board [4s 6h 3c]
Seat 1: TheRealDzikas1
Seat 4: MaRKiToScoK
Seat 2: Heskey27 (button) collected ($21)
Seat 5: DamjanD (small blind) folded on the Flop
Seat 6: XneferX (big blind) folded before Flop



PokerStars Hand #254308781295:  Hold'em No Limit ($0.50/$1.00 USD) - 2025/01/11 5:58:24 WET [2025/01/11 0:58:24 ET]
Table 'Euryalos III' 6-max Seat #5 is the button
Seat 1: TheRealDzikas1 ($0 in chips) is sitting out
Seat 4: MaRKiToScoK ($171.22 in chips) is sitting out
Seat 2: Heskey27 ($145.50 in chips) 
Seat 5: DamjanD ($100 in chips) 
Seat 6: XneferX ($100 in chips) 
XneferX: posts small blind $0.50
Heskey27: posts big blind $1
*** HOLE CARDS ***
DamjanD: folds 
XneferX: folds 
Uncalled bet ($0.50) returned to Heskey27
Heskey27 collected $1 from pot
Heskey27: doesn't show hand 
*** SUMMARY ***
Total pot $1 | Rake $0 
Seat 1: TheRealDzikas1
Seat 4: MaRKiToScoK
Seat 2: Heskey27 (big blind) collected ($1)
Seat 5: DamjanD (button) folded before Flop (didn't bet)
Seat 6: XneferX (small blind) folded before Flop



PokerStars Hand #254308782604:  Hold'em No Limit ($0.50/$1.00 USD) - 2025/01/11 5:58:40 WET [2025/01/11 0:58:40 ET]
Table 'Euryalos III' 6-max Seat #6 is the button
Seat 1: TheRealDzikas1 ($0 in chips) is sitting out
Seat 4: MaRKiToScoK ($171.22 in chips) is sitting out
Seat 2: Heskey27 ($146 in chips) 
Seat 5: DamjanD ($100 in chips) 
Seat 6: XneferX ($100 in chips) 
Heskey27: posts small blind $0.50
DamjanD: posts big blind $1
*** HOLE CARDS ***
XneferX: folds 
Heskey27: folds 
Uncalled bet ($0.50) returned to DamjanD
DamjanD collected $1 from pot
DamjanD: doesn't show hand 
*** SUMMARY ***
Total pot $1 | Rake $0 
Seat 1: TheRealDzikas1
Seat 4: MaRKiToScoK
Seat 2: Heskey27 (small blind) folded before Flop
Seat 5: DamjanD (big blind) collected ($1)
Seat 6: XneferX (button) folded before Flop (didn't bet)



PokerStars Hand #254308783279:  Hold'em No Limit ($0.50/$1.00 USD) - 2025/01/11 5:58:48 WET [2025/01/11 0:58:48 ET]
Table 'Euryalos III' 6-max Seat #5 is the button
Seat 1: TheRealDzikas1 ($0 in chips) is sitting out
Seat 4: MaRKiToScoK ($171.22 in chips) is sitting out
Seat 2: Heskey27 ($145.50 in chips) 
Seat 5: DamjanD ($100.50 in chips) 
DamjanD: posts small blind $0.50
XneferX leaves the table
Heskey27: posts big blind $1
*** HOLE CARDS ***
DamjanD: folds 
Uncalled bet ($0.50) returned to Heskey27
Heskey27 collected $1 from pot
MaRKiToScoK leaves the table
Heskey27: doesn't show hand 
*** SUMMARY ***
Total pot $1 | Rake $0 
Seat 1: TheRealDzikas1
Seat 4: MaRKiToScoK
Seat 2: Heskey27 (big blind) collected ($1)
Seat 5: DamjanD (button) (small blind) folded before Flop



PokerStars Hand #254308783721:  Hold'em No Limit ($0.50/$1.00 USD) - 2025/01/11 5:58:54 WET [2025/01/11 0:58:54 ET]
Table 'Euryalos III' 6-max Seat #2 is the button
Seat 1: TheRealDzikas1 ($0 in chips) is sitting out
Seat 2: Heskey27 ($146 in chips) 
Seat 5: DamjanD ($100 in chips) 
Heskey27: posts small blind $0.50
DamjanD: posts big blind $1
*** HOLE CARDS ***
Heskey27: raises $1.50 to $2.50
DamjanD: calls $1.50
*** FLOP *** [5h Th Kc]
DamjanD: checks 
Heskey27: bets $1.57
DamjanD: folds 
Uncalled bet ($1.57) returned to Heskey27
Heskey27 collected $4.75 from pot
Heskey27: doesn't show hand 
*** SUMMARY ***
Total pot $5 | Rake $0.25 
Board [5h Th Kc]
Seat 1: TheRealDzikas1
Seat 2: Heskey27 (button) (small blind) collected ($4.75)
Seat 5: DamjanD (big blind) folded on the Flop



PokerStars Hand #254308786360:  Hold'em No Limit ($0.50/$1.00 USD) - 2025/01/11 5:59:26 WET [2025/01/11 0:59:26 ET]
Table 'Euryalos III' 6-max Seat #5 is the button
Seat 1: TheRealDzikas1 ($0 in chips) is sitting out
Seat 2: Heskey27 ($148.25 in chips) 
Seat 5: DamjanD ($100 in chips) 
DamjanD: posts small blind $0.50
Heskey27: posts big blind $1
*** HOLE CARDS ***
DamjanD: folds 
Uncalled bet ($0.50) returned to Heskey27
Heskey27 collected $1 from pot
Heskey27: doesn't show hand 
*** SUMMARY ***
Total pot $1 | Rake $0 
Seat 1: TheRealDzikas1
Seat 2: Heskey27 (big blind) collected ($1)
Seat 5: DamjanD (button) (small blind) folded before Flop



PokerStars Hand #254308554695:  Hold'em No Limit ($0.50/$1.00 USD) - 2025/01/11 5:20:38 WET [2025/01/11 0:20:38 ET]
Table 'Euryalos III' 6-max Seat #1 is the button
Seat 1: TheRealDzikas1 ($15.06 in chips) 
Seat 2: Heskey27 ($100 in chips) 
TheRealDzikas1: posts small blind $0.50
Heskey27: posts big blind $1
*** HOLE CARDS ***
TheRealDzikas1: calls $0.50
Heskey27: checks 
*** FLOP *** [Ks 3c 6s]
Supermegopro joins the table at seat #3 
Heskey27: bets $1
TheRealDzikas1: calls $1
*** TURN *** [Ks 3c 6s] [9s]
Heskey27: checks 
TheRealDzikas1: checks 
*** RIVER *** [Ks 3c 6s 9s] [Qd]
Heskey27: checks 
TheRealDzikas1: checks 
*** SHOW DOWN ***
Heskey27: shows [8d 6c] (a pair of Sixes)
TheRealDzikas1: shows [9c 8c] (a pair of Nines)
TheRealDzikas1 collected $3.80 from pot
*** SUMMARY ***
Total pot $4 | Rake $0.20 
Board [Ks 3c 6s 9s Qd]
Seat 1: TheRealDzikas1 (button) (small blind) showed [9c 8c] and won ($3.80) with a pair of Nines
Seat 2: Heskey27 (big blind) showed [8d 6c] and lost with a pair of Sixes



PokerStars Hand #254308556760:  Hold'em No Limit ($0.50/$1.00 USD) - 2025/01/11 5:20:58 WET [2025/01/11 0:20:58 ET]
Table 'Euryalos III' 6-max Seat #1 is the button
Seat 1: TheRealDzikas1 ($16.86 in chips) 
Seat 2: Heskey27 ($100 in chips) 
Seat 3: Supermegopro ($100 in chips) 
Heskey27: posts small blind $0.50
Supermegopro: posts big blind $1
*** HOLE CARDS ***
TheRealDzikas1: folds 
Heskey27: raises $2 to $3
ddyyjj joins the table at seat #4 
Supermegopro: folds 
Uncalled bet ($2) returned to Heskey27
ddyyjj is disconnected 
Heskey27 collected $2 from pot
Heskey27: doesn't show hand 
*** SUMMARY ***
Total pot $2 | Rake $0 
Seat 1: TheRealDzikas1 (button) folded before Flop (didn't bet)
Seat 2: Heskey27 (small blind) collected ($2)
Seat 3: Supermegopro (big blind) folded before Flop



PokerStars Hand #254308558301:  Hold'em No Limit ($0.50/$1.00 USD) - 2025/01/11 5:21:12 WET [2025/01/11 0:21:12 ET]
Table 'Euryalos III' 6-max Seat #2 is the button
Seat 1: TheRealDzikas1 ($16.86 in chips) 
Seat 2: Heskey27 ($101 in chips) 
Seat 3: Supermegopro ($100 in chips) 
Seat 4: ddyyjj ($100 in chips) 
Supermegopro: posts small blind $0.50
ddyyjj: posts big blind $1
*** HOLE CARDS ***
TheRealDzikas1: raises $1 to $2
Heskey27: folds 
DamjanD joins the table at seat #5 
Supermegopro: calls $1.50
ddyyjj: calls $1
*** FLOP *** [Qh 3d 6h]
Supermegopro: checks 
ddyyjj: checks 
TheRealDzikas1: checks 
*** TURN *** [Qh 3d 6h] [5d]
Supermegopro: checks 
ddyyjj: bets $3.99
TheRealDzikas1: folds 
Supermegopro: folds 
Uncalled bet ($3.99) returned to ddyyjj
ddyyjj collected $5.70 from pot
ddyyjj: doesn't show hand 
*** SUMMARY ***
Total pot $6 | Rake $0.30 
Board [Qh 3d 6h 5d]
Seat 1: TheRealDzikas1 folded on the Turn
Seat 2: Heskey27 (button) folded before Flop (didn't bet)
Seat 3: Supermegopro (small blind) folded on the Turn
Seat 4: ddyyjj (big blind) collected ($5.70)



PokerStars Hand #254308560996:  Hold'em No Limit ($0.50/$1.00 USD) - 2025/01/11 5:21:39 WET [2025/01/11 0:21:39 ET]
Table 'Euryalos III' 6-max Seat #3 is the button
Seat 5: DamjanD ($100 in chips) is sitting out
Seat 1: TheRealDzikas1 ($14.86 in chips) 
Seat 2: Heskey27 ($101 in chips) 
Seat 3: Supermegopro ($100 in chips) 
TheRealDzikas1: posts small blind $0.50
Heskey27: posts big blind $1
*** HOLE CARDS ***
Supermegopro: folds 
TheRealDzikas1: folds 
Uncalled bet ($0.50) returned to Heskey27
Heskey27 collected $1 from pot
Heskey27: doesn't show hand 
*** SUMMARY ***
Total pot $1 | Rake $0 
Seat 5: DamjanD
Seat 1: TheRealDzikas1 (small blind) folded before Flop
Seat 2: Heskey27 (big blind) collected ($1)
Seat 3: Supermegopro (button) folded before Flop (didn't bet)



PokerStars Hand #254308562203:  Hold'em No Limit ($0.50/$1.00 USD) - 2025/01/11 5:21:50 WET [2025/01/11 0:21:50 ET]
Table 'Euryalos III' 6-max Seat #1 is the button
Seat 5: DamjanD ($100 in chips) is sitting out
Seat 1: TheRealDzikas1 ($14.36 in chips) 
Seat 2: Heskey27 ($101.50 in chips) 
Seat 3: Supermegopro ($100 in chips) 
Heskey27: posts small blind $0.50
Supermegopro: posts big blind $1
DamjanD: sits out 
*** HOLE CARDS ***
TheRealDzikas1: folds 
Heskey27: raises $2 to $3
Supermegopro: folds 
Uncalled bet ($2) returned to Heskey27
Heskey27 collected $2 from pot
Heskey27: doesn't show hand 
*** SUMMARY ***
Total pot $2 | Rake $0 
Seat 5: DamjanD
Seat 1: TheRealDzikas1 (button) folded before Flop (didn't bet)
Seat 2: Heskey27 (small blind) collected ($2)
Seat 3: Supermegopro (big blind) folded before Flop



PokerStars Hand #254308563409:  Hold'em No Limit ($0.50/$1.00 USD) - 2025/01/11 5:22:02 WET [2025/01/11 0:22:02 ET]
Table 'Euryalos III' 6-max Seat #2 is the button
Seat 1: TheRealDzikas1 ($14.36 in chips) 
Seat 2: Heskey27 ($102.50 in chips) 
Seat 3: Supermegopro ($100 in chips) 
Seat 5: DamjanD ($100 in chips) 
Supermegopro: posts small blind $0.50
DamjanD: posts big blind $1
*** HOLE CARDS ***
TheRealDzikas1: folds 
Heskey27: folds 
Supermegopro: raises $2 to $3
DamjanD: calls $2
*** FLOP *** [8s 5h Qd]
Supermegopro: bets $2
DamjanD: calls $2
*** TURN *** [8s 5h Qd] [Th]
Supermegopro: bets $2.38
DamjanD: raises $9.62 to $12
Supermegopro: folds 
Uncalled bet ($9.62) returned to DamjanD
DamjanD collected $14.02 from pot
DamjanD: doesn't show hand 
*** SUMMARY ***
Total pot $14.76 | Rake $0.74 
Board [8s 5h Qd Th]
Seat 1: TheRealDzikas1 folded before Flop (didn't bet)
Seat 2: Heskey27 (button) folded before Flop (didn't bet)
Seat 3: Supermegopro (small blind) folded on the Turn
Seat 5: DamjanD (big blind) collected ($14.02)



PokerStars Hand #254308567853:  Hold'em No Limit ($0.50/$1.00 USD) - 2025/01/11 5:22:44 WET [2025/01/11 0:22:44 ET]
Table 'Euryalos III' 6-max Seat #3 is the button
Seat 1: TheRealDzikas1 ($14.36 in chips) 
Seat 2: Heskey27 ($102.50 in chips) 
Seat 3: Supermegopro ($100 in chips) 
Seat 5: DamjanD ($106.64 in chips) 
DamjanD: posts small blind $0.50
TheRealDzikas1: posts big blind $1
*** HOLE CARDS ***
Heskey27: raises $1.20 to $2.20
Supermegopro: raises $5.30 to $7.50
DamjanD: folds 
TheRealDzikas1: folds 
Heskey27: folds 
Uncalled bet ($5.30) returned to Supermegopro
Supermegopro collected $5.90 from pot
Supermegopro: doesn't show hand 
*** SUMMARY ***
Total pot $5.90 | Rake $0 
Seat 1: TheRealDzikas1 (big blind) folded before Flop
Seat 2: Heskey27 folded before Flop
Seat 3: Supermegopro (button) collected ($5.90)
Seat 5: DamjanD (small blind) folded before Flop



PokerStars Hand #254308569738:  Hold'em No Limit ($0.50/$1.00 USD) - 2025/01/11 5:23:03 WET [2025/01/11 0:23:03 ET]
Table 'Euryalos III' 6-max Seat #5 is the button
Seat 1: TheRealDzikas1 ($13.36 in chips) 
Seat 2: Heskey27 ($100.30 in chips) 
Seat 3: Supermegopro ($103.70 in chips) 
Seat 5: DamjanD ($106.14 in chips) 
TheRealDzikas1: posts small blind $0.50
Heskey27: posts big blind $1
*** HOLE CARDS ***
Supermegopro: raises $1.50 to $2.50
DamjanD: calls $2.50
TheRealDzikas1: raises $10.86 to $13.36 and is all-in
Heskey27: folds 
Supermegopro: raises $11.64 to $25
DamjanD: folds 
Uncalled bet ($11.64) returned to Supermegopro
*** FLOP *** [7h 2s Tc]
*** TURN *** [7h 2s Tc] [8h]
*** RIVER *** [7h 2s Tc 8h] [3s]
*** SHOW DOWN ***
TheRealDzikas1: shows [8d 8s] (three of a kind, Eights)
Supermegopro: shows [3c 3d] (three of a kind, Threes)
TheRealDzikas1 collected $29.22 from pot
*** SUMMARY ***
Total pot $30.22 | Rake $1 
Board [7h 2s Tc 8h 3s]
Seat 1: TheRealDzikas1 (small blind) showed [8d 8s] and won ($29.22) with three of a kind, Eights
Seat 2: Heskey27 (big blind) folded before Flop
Seat 3: Supermegopro showed [3c 3d] and lost with three of a kind, Threes
Seat 5: DamjanD (button) folded before Flop



PokerStars Hand #254308572846:  Hold'em No Limit ($0.50/$1.00 USD) - 2025/01/11 5:23:32 WET [2025/01/11 0:23:32 ET]
Table 'Euryalos III' 6-max Seat #1 is the button
Seat 1: TheRealDzikas1 ($29.22 in chips) 
Seat 2: Heskey27 ($100 in chips) 
Seat 3: Supermegopro ($100 in chips) 
Seat 5: DamjanD ($103.64 in chips) 
Heskey27: posts small blind $0.50
Supermegopro: posts big blind $1
*** HOLE CARDS ***
DamjanD: folds 
TheRealDzikas1: raises $1 to $2
Heskey27: folds 
Supermegopro: calls $1
*** FLOP *** [6h 9s 3s]
Supermegopro: checks 
TheRealDzikas1: checks 
*** TURN *** [6h 9s 3s] [6d]
Supermegopro: bets $5.35
TheRealDzikas1: calls $5.35
*** RIVER *** [6h 9s 3s 6d] [8c]
Supermegopro: checks 
TheRealDzikas1: checks 
*** SHOW DOWN ***
Supermegopro: shows [Ts 8s] (two pair, Eights and Sixes)
TheRealDzikas1: mucks hand 
Supermegopro collected $14.44 from pot
*** SUMMARY ***
Total pot $15.20 | Rake $0.76 
Board [6h 9s 3s 6d 8c]
Seat 1: TheRealDzikas1 (button) mucked
Seat 2: Heskey27 (small blind) folded before Flop
Seat 3: Supermegopro (big blind) showed [Ts 8s] and won ($14.44) with two pair, Eights and Sixes
Seat 5: DamjanD folded before Flop (didn't bet)



PokerStars Hand #254308575176:  Hold'em No Limit ($0.50/$1.00 USD) - 2025/01/11 5:23:54 WET [2025/01/11 0:23:54 ET]
Table 'Euryalos III' 6-max Seat #2 is the button
Seat 1: TheRealDzikas1 ($21.87 in chips) 
Seat 2: Heskey27 ($100 in chips) 
Seat 3: Supermegopro ($107.09 in chips) 
Seat 5: DamjanD ($103.64 in chips) 
Supermegopro: posts small blind $0.50
DamjanD: posts big blind $1
*** HOLE CARDS ***
TheRealDzikas1: folds 
Heskey27: raises $1.50 to $2.50
Supermegopro: folds 
DamjanD: folds 
Uncalled bet ($1.50) returned to Heskey27
Heskey27 collected $2.50 from pot
Heskey27: doesn't show hand 
*** SUMMARY ***
Total pot $2.50 | Rake $0 
Seat 1: TheRealDzikas1 folded before Flop (didn't bet)
Seat 2: Heskey27 (button) collected ($2.50)
Seat 3: Supermegopro (small blind) folded before Flop
Seat 5: DamjanD (big blind) folded before Flop



PokerStars Hand #254308576641:  Hold'em No Limit ($0.50/$1.00 USD) - 2025/01/11 5:24:08 WET [2025/01/11 0:24:08 ET]
Table 'Euryalos III' 6-max Seat #3 is the button
Seat 1: TheRealDzikas1 ($21.87 in chips) 
Seat 2: Heskey27 ($101.50 in chips) 
Seat 3: Supermegopro ($106.59 in chips) 
Seat 5: DamjanD ($102.64 in chips) 
DamjanD: posts small blind $0.50
TheRealDzikas1: posts big blind $1
*** HOLE CARDS ***
Heskey27: folds 
Supermegopro: raises $1.50 to $2.50
DamjanD: folds 
TheRealDzikas1: calls $1.50
*** FLOP *** [Kc Qc 9d]
TheRealDzikas1: checks 
Supermegopro: checks 
*** TURN *** [Kc Qc 9d] [3s]
TheRealDzikas1: checks 
Supermegopro: bets $1.72
TheRealDzikas1: calls $1.72
*** RIVER *** [Kc Qc 9d 3s] [Ks]
TheRealDzikas1: bets $5
Supermegopro: calls $5
*** SHOW DOWN ***
TheRealDzikas1: shows [Td 5d] (a pair of Kings)
Supermegopro: shows [2s Qs] (two pair, Kings and Queens)
MaRKiToScoK joins the table at seat #4 
Supermegopro collected $17.99 from pot
*** SUMMARY ***
Total pot $18.94 | Rake $0.95 
Board [Kc Qc 9d 3s Ks]
Seat 1: TheRealDzikas1 (big blind) showed [Td 5d] and lost with a pair of Kings
Seat 2: Heskey27 folded before Flop (didn't bet)
Seat 3: Supermegopro (button) showed [2s Qs] and won ($17.99) with two pair, Kings and Queens
Seat 5: DamjanD (small blind) folded before Flop



PokerStars Hand #254308579648:  Hold'em No Limit ($0.50/$1.00 USD) - 2025/01/11 5:24:37 WET [2025/01/11 0:24:37 ET]
Table 'Euryalos III' 6-max Seat #5 is the button
Seat 4: MaRKiToScoK ($100 in chips) is sitting out
Seat 1: TheRealDzikas1 ($12.65 in chips) 
Seat 2: Heskey27 ($101.50 in chips) 
Seat 3: Supermegopro ($115.36 in chips) 
Seat 5: DamjanD ($102.14 in chips) 
TheRealDzikas1: posts small blind $0.50
Heskey27: posts big blind $1
MaRKiToScoK: sits out 
*** HOLE CARDS ***
Supermegopro: folds 
DamjanD: folds 
UK Boetseun joins the table at seat #6 
UK Boetseun is disconnected 
TheRealDzikas1: raises $1 to $2
Heskey27: calls $1
*** FLOP *** [Ks Ah Ac]
TheRealDzikas1: checks 
Heskey27: checks 
*** TURN *** [Ks Ah Ac] [6h]
TheRealDzikas1: bets $2
Heskey27: folds 
Uncalled bet ($2) returned to TheRealDzikas1
TheRealDzikas1 collected $3.80 from pot
*** SUMMARY ***
Total pot $4 | Rake $0.20 
Board [Ks Ah Ac 6h]
Seat 4: MaRKiToScoK
Seat 1: TheRealDzikas1 (small blind) collected ($3.80)
Seat 2: Heskey27 (big blind) folded on the Turn
Seat 3: Supermegopro folded before Flop (didn't bet)
Seat 5: DamjanD (button) folded before Flop (didn't bet)



PokerStars Hand #254308581684:  Hold'em No Limit ($0.50/$1.00 USD) - 2025/01/11 5:24:56 WET [2025/01/11 0:24:56 ET]
Table 'Euryalos III' 6-max Seat #1 is the button
Seat 4: MaRKiToScoK ($100 in chips) is sitting out
Seat 1: TheRealDzikas1 ($14.45 in chips) 
Seat 2: Heskey27 ($100 in chips) 
Seat 3: Supermegopro ($115.36 in chips) 
Seat 5: DamjanD ($102.14 in chips) 
Seat 6: UK Boetseun ($100 in chips) 
Heskey27: posts small blind $0.50
Supermegopro: posts big blind $1
MaRKiToScoK: sits out 
UK Boetseun: posts big blind $1
*** HOLE CARDS ***
DamjanD: raises $3 to $4
UK Boetseun: raises $3 to $7
TheRealDzikas1: folds 
Heskey27: folds 
Supermegopro: folds 
DamjanD: calls $3
*** FLOP *** [2c 4s 4c]
DamjanD: checks 
UK Boetseun: checks 
*** TURN *** [2c 4s 4c] [7d]
DamjanD: bets $4.86
UK Boetseun: folds 
Uncalled bet ($4.86) returned to DamjanD
DamjanD collected $14.72 from pot
DamjanD: doesn't show hand 
*** SUMMARY ***
Total pot $15.50 | Rake $0.78 
Board [2c 4s 4c 7d]
Seat 4: MaRKiToScoK
Seat 1: TheRealDzikas1 (button) folded before Flop (didn't bet)
Seat 2: Heskey27 (small blind) folded before Flop
Seat 3: Supermegopro (big blind) folded before Flop
Seat 5: DamjanD collected ($14.72)
Seat 6: UK Boetseun folded on the Turn



PokerStars Hand #254308585153:  Hold'em No Limit ($0.50/$1.00 USD) - 2025/01/11 5:25:30 WET [2025/01/11 0:25:30 ET]
Table 'Euryalos III' 6-max Seat #2 is the button
Seat 1: TheRealDzikas1 ($14.45 in chips) 
Seat 2: Heskey27 ($100 in chips) 
Seat 3: Supermegopro ($114.36 in chips) 
Seat 4: MaRKiToScoK ($100 in chips) 
Seat 5: DamjanD ($109.86 in chips) 
Seat 6: UK Boetseun ($93 in chips) 
Supermegopro: posts small blind $0.50
MaRKiToScoK: posts big blind $1
*** HOLE CARDS ***
DamjanD: folds 
UK Boetseun: raises $2 to $3
TheRealDzikas1: raises $11.45 to $14.45 and is all-in
Heskey27: folds 
Supermegopro: folds 
MaRKiToScoK: folds 
UK Boetseun: folds 
Uncalled bet ($11.45) returned to TheRealDzikas1
TheRealDzikas1 collected $7.50 from pot
*** SUMMARY ***
Total pot $7.50 | Rake $0 
Seat 1: TheRealDzikas1 collected ($7.50)
Seat 2: Heskey27 (button) folded before Flop (didn't bet)
Seat 3: Supermegopro (small blind) folded before Flop
Seat 4: MaRKiToScoK (big blind) folded before Flop
Seat 5: DamjanD folded before Flop (didn't bet)
Seat 6: UK Boetseun folded before Flop



PokerStars Hand #254308587263:  Hold'em No Limit ($0.50/$1.00 USD) - 2025/01/11 5:25:50 WET [2025/01/11 0:25:50 ET]
Table 'Euryalos III' 6-max Seat #3 is the button
Seat 1: TheRealDzikas1 ($18.95 in chips) 
Seat 2: Heskey27 ($100 in chips) 
Seat 3: Supermegopro ($113.86 in chips) 
Seat 4: MaRKiToScoK ($100 in chips) 
Seat 5: DamjanD ($109.86 in chips) 
Seat 6: UK Boetseun ($90 in chips) 
MaRKiToScoK: posts small blind $0.50
DamjanD: posts big blind $1
*** HOLE CARDS ***
UK Boetseun: folds 
TheRealDzikas1: folds 
Heskey27: folds 
Supermegopro: raises $1.50 to $2.50
MaRKiToScoK: folds 
DamjanD: calls $1.50
*** FLOP *** [Kc Ah 2h]
DamjanD: checks 
Supermegopro: checks 
*** TURN *** [Kc Ah 2h] [Ts]
DamjanD: bets $1.72
Supermegopro: calls $1.72
*** RIVER *** [Kc Ah 2h Ts] [4d]
DamjanD: bets $2.80
Supermegopro: folds 
Uncalled bet ($2.80) returned to DamjanD
DamjanD collected $8.49 from pot
DamjanD: doesn't show hand 
*** SUMMARY ***
Total pot $8.94 | Rake $0.45 
Board [Kc Ah 2h Ts 4d]
Seat 1: TheRealDzikas1 folded before Flop (didn't bet)
Seat 2: Heskey27 folded before Flop (didn't bet)
Seat 3: Supermegopro (button) folded on the River
Seat 4: MaRKiToScoK (small blind) folded before Flop
Seat 5: DamjanD (big blind) collected ($8.49)
Seat 6: UK Boetseun folded before Flop (didn't bet)



PokerStars Hand #254308592915:  Hold'em No Limit ($0.50/$1.00 USD) - 2025/01/11 5:26:44 WET [2025/01/11 0:26:44 ET]
Table 'Euryalos III' 6-max Seat #4 is the button
Seat 1: TheRealDzikas1 ($18.95 in chips) 
Seat 2: Heskey27 ($100 in chips) 
Seat 3: Supermegopro ($109.64 in chips) 
Seat 4: MaRKiToScoK ($100 in chips) 
Seat 5: DamjanD ($114.13 in chips) 
Seat 6: UK Boetseun ($90 in chips) 
DamjanD: posts small blind $0.50
UK Boetseun: posts big blind $1
*** HOLE CARDS ***
TheRealDzikas1: folds 
Heskey27: folds 
Supermegopro: raises $1.50 to $2.50
MaRKiToScoK: calls $2.50
DamjanD: folds 
UK Boetseun: raises $1.50 to $4
Supermegopro: calls $1.50
MaRKiToScoK: calls $1.50
*** FLOP *** [Ac 4c 2d]
UK Boetseun: checks 
Supermegopro: bets $10.10
MaRKiToScoK: folds 
UK Boetseun: folds 
Uncalled bet ($10.10) returned to Supermegopro
Supermegopro collected $11.88 from pot
Supermegopro: doesn't show hand 
*** SUMMARY ***
Total pot $12.50 | Rake $0.62 
Board [Ac 4c 2d]
Seat 1: TheRealDzikas1 folded before Flop (didn't bet)
Seat 2: Heskey27 folded before Flop (didn't bet)
Seat 3: Supermegopro collected ($11.88)
Seat 4: MaRKiToScoK (button) folded on the Flop
Seat 5: DamjanD (small blind) folded before Flop
Seat 6: UK Boetseun (big blind) folded on the Flop



PokerStars Hand #254308598348:  Hold'em No Limit ($0.50/$1.00 USD) - 2025/01/11 5:27:36 WET [2025/01/11 0:27:36 ET]
Table 'Euryalos III' 6-max Seat #5 is the button
Seat 1: TheRealDzikas1 ($18.95 in chips) 
Seat 2: Heskey27 ($100 in chips) 
Seat 3: Supermegopro ($117.52 in chips) 
Seat 4: MaRKiToScoK ($100 in chips) 
Seat 5: DamjanD ($113.63 in chips) 
Seat 6: UK Boetseun ($86 in chips) 
UK Boetseun: posts small blind $0.50
TheRealDzikas1: posts big blind $1
*** HOLE CARDS ***
Heskey27: folds 
Supermegopro: folds 
MaRKiToScoK: raises $1.30 to $2.30
DamjanD: folds 
UK Boetseun: calls $1.80
TheRealDzikas1: folds 
*** FLOP *** [4c 2h 6c]
UK Boetseun: bets $5.32
MaRKiToScoK: calls $5.32
*** TURN *** [4c 2h 6c] [Qc]
UK Boetseun: checks 
MaRKiToScoK: checks 
*** RIVER *** [4c 2h 6c Qc] [Qd]
UK Boetseun: bets $15.43
MaRKiToScoK: calls $15.43
*** SHOW DOWN ***
UK Boetseun: shows [7c 8c] (a flush, Queen high)
MaRKiToScoK: mucks hand 
UK Boetseun collected $44.74 from pot
*** SUMMARY ***
Total pot $47.10 | Rake $2.36 
Board [4c 2h 6c Qc Qd]
Seat 1: TheRealDzikas1 (big blind) folded before Flop
Seat 2: Heskey27 folded before Flop (didn't bet)
Seat 3: Supermegopro folded before Flop (didn't bet)
Seat 4: MaRKiToScoK mucked
Seat 5: DamjanD (button) folded before Flop (didn't bet)
Seat 6: UK Boetseun (small blind) showed [7c 8c] and won ($44.74) with a flush, Queen high



PokerStars Hand #254308604977:  Hold'em No Limit ($0.50/$1.00 USD) - 2025/01/11 5:28:41 WET [2025/01/11 0:28:41 ET]
Table 'Euryalos III' 6-max Seat #6 is the button
Seat 1: TheRealDzikas1 ($17.95 in chips) 
Seat 2: Heskey27 ($100 in chips) 
Seat 3: Supermegopro ($117.52 in chips) 
Seat 4: MaRKiToScoK ($100 in chips) 
Seat 5: DamjanD ($113.63 in chips) 
Seat 6: UK Boetseun ($107.69 in chips) 
TheRealDzikas1: posts small blind $0.50
Heskey27: posts big blind $1
*** HOLE CARDS ***
Supermegopro: folds 
MaRKiToScoK: raises $2.50 to $3.50
DamjanD: folds 
UK Boetseun: folds 
TheRealDzikas1: folds 
Heskey27: folds 
Uncalled bet ($2.50) returned to MaRKiToScoK
MaRKiToScoK collected $2.50 from pot
*** SUMMARY ***
Total pot $2.50 | Rake $0 
Seat 1: TheRealDzikas1 (small blind) folded before Flop
Seat 2: Heskey27 (big blind) folded before Flop
Seat 3: Supermegopro folded before Flop (didn't bet)
Seat 4: MaRKiToScoK collected ($2.50)
Seat 5: DamjanD folded before Flop (didn't bet)
Seat 6: UK Boetseun (button) folded before Flop (didn't bet)



PokerStars Hand #254308457635:  Hold'em No Limit ($0.50/$1.00 USD) - 2025/01/11 5:05:31 WET [2025/01/11 0:05:31 ET]
Table 'Euryalos III' 6-max Seat #4 is the button
Seat 6: MaRKiToScoK ($100 in chips) is sitting out
Seat 1: jeilsons ($100 in chips) 
Seat 4: B1GBankroll ($119.30 in chips) 
B1GBankroll: posts small blind $0.50
jeilsons: posts big blind $1
*** HOLE CARDS ***
B1GBankroll: raises $1.50 to $2.50
jeilsons: folds 
Uncalled bet ($1.50) returned to B1GBankroll
fedevalle joins the table at seat #2 
B1GBankroll collected $2 from pot
B1GBankroll: doesn't show hand 
fedevalle is disconnected 
*** SUMMARY ***
Total pot $2 | Rake $0 
Seat 6: MaRKiToScoK
Seat 1: jeilsons (big blind) folded before Flop
Seat 4: B1GBankroll (button) (small blind) collected ($2)



PokerStars Hand #254308459291:  Hold'em No Limit ($0.50/$1.00 USD) - 2025/01/11 5:05:46 WET [2025/01/11 0:05:46 ET]
Table 'Euryalos III' 6-max Seat #4 is the button
Seat 6: MaRKiToScoK ($100 in chips) is sitting out
Seat 1: jeilsons ($100 in chips) 
Seat 2: fedevalle ($40.18 in chips) 
Seat 4: B1GBankroll ($120.30 in chips) 
jeilsons: posts small blind $0.50
fedevalle: posts big blind $1
*** HOLE CARDS ***
B1GBankroll: folds 
jeilsons: raises $2 to $3
B1GBankroll leaves the table
fedevalle: folds 
Uncalled bet ($2) returned to jeilsons
jeilsons collected $2 from pot
jeilsons: doesn't show hand 
*** SUMMARY ***
Total pot $2 | Rake $0 
Seat 6: MaRKiToScoK
Seat 1: jeilsons (small blind) collected ($2)
Seat 2: fedevalle (big blind) folded before Flop
Seat 4: B1GBankroll (button) folded before Flop (didn't bet)



PokerStars Hand #254308372545:  Hold'em No Limit ($0.50/$1.00 USD) - 2025/01/11 4:51:42 WET [2025/01/10 23:51:42 ET]
Table 'Euryalos III' 6-max Seat #3 is the button
Seat 1: 4ihKZ ($100 in chips) 
Seat 2: Heskey27 ($100 in chips) 
Seat 3: Rysiff ($100 in chips) 
Seat 4: B1GBankroll ($101.38 in chips) 
Seat 5: XneferX ($100 in chips) 
Seat 6: Artur_Castro05 ($25.22 in chips) 
B1GBankroll: posts small blind $0.50
XneferX: posts big blind $1
*** HOLE CARDS ***
Artur_Castro05: calls $1
4ihKZ: folds 
Heskey27: folds 
Rysiff: folds 
B1GBankroll: folds 
XneferX: checks 
*** FLOP *** [4h 6c Ah]
XneferX: checks 
Artur_Castro05: checks 
*** TURN *** [4h 6c Ah] [9d]
XneferX: checks 
Artur_Castro05: checks 
*** RIVER *** [4h 6c Ah 9d] [Tc]
XneferX: checks 
Artur_Castro05: bets $5.38
XneferX: folds 
Uncalled bet ($5.38) returned to Artur_Castro05
Artur_Castro05 collected $2.38 from pot
*** SUMMARY ***
Total pot $2.50 | Rake $0.12 
Board [4h 6c Ah 9d Tc]
Seat 1: 4ihKZ folded before Flop (didn't bet)
Seat 2: Heskey27 folded before Flop (didn't bet)
Seat 3: Rysiff (button) folded before Flop (didn't bet)
Seat 4: B1GBankroll (small blind) folded before Flop
Seat 5: XneferX (big blind) folded on the River
Seat 6: Artur_Castro05 collected ($2.38)



PokerStars Hand #254308379203:  Hold'em No Limit ($0.50/$1.00 USD) - 2025/01/11 4:52:43 WET [2025/01/10 23:52:43 ET]
Table 'Euryalos III' 6-max Seat #4 is the button
Seat 1: 4ihKZ ($100 in chips) 
Seat 2: Heskey27 ($100 in chips) 
Seat 3: Rysiff ($100 in chips) 
Seat 4: B1GBankroll ($100.88 in chips) 
Seat 5: XneferX ($100 in chips) 
Seat 6: Artur_Castro05 ($26.60 in chips) 
XneferX: posts small blind $0.50
Artur_Castro05: posts big blind $1
*** HOLE CARDS ***
4ihKZ: folds 
Heskey27: folds 
Rysiff: folds 
B1GBankroll: folds 
XneferX: folds 
Uncalled bet ($0.50) returned to Artur_Castro05
Artur_Castro05 collected $1 from pot
*** SUMMARY ***
Total pot $1 | Rake $0 
Seat 1: 4ihKZ folded before Flop (didn't bet)
Seat 2: Heskey27 folded before Flop (didn't bet)
Seat 3: Rysiff folded before Flop (didn't bet)
Seat 4: B1GBankroll (button) folded before Flop (didn't bet)
Seat 5: XneferX (small blind) folded before Flop
Seat 6: Artur_Castro05 (big blind) collected ($1)



PokerStars Hand #254308381622:  Hold'em No Limit ($0.50/$1.00 USD) - 2025/01/11 4:53:04 WET [2025/01/10 23:53:04 ET]
Table 'Euryalos III' 6-max Seat #5 is the button
Seat 1: 4ihKZ ($100 in chips) 
Seat 2: Heskey27 ($100 in chips) 
Seat 3: Rysiff ($100 in chips) 
Seat 4: B1GBankroll ($100.88 in chips) 
Seat 5: XneferX ($100 in chips) 
Seat 6: Artur_Castro05 ($27.10 in chips) 
Artur_Castro05: posts small blind $0.50
4ihKZ: posts big blind $1
*** HOLE CARDS ***
Heskey27: folds 
Rysiff: folds 
B1GBankroll: raises $1.50 to $2.50
XneferX: raises $5 to $7.50
Artur_Castro05: folds 
4ihKZ: folds 
B1GBankroll: folds 
Uncalled bet ($5) returned to XneferX
XneferX collected $6.50 from pot
XneferX: doesn't show hand 
*** SUMMARY ***
Total pot $6.50 | Rake $0 
Seat 1: 4ihKZ (big blind) folded before Flop
Seat 2: Heskey27 folded before Flop (didn't bet)
Seat 3: Rysiff folded before Flop (didn't bet)
Seat 4: B1GBankroll folded before Flop
Seat 5: XneferX (button) collected ($6.50)
Seat 6: Artur_Castro05 (small blind) folded before Flop



PokerStars Hand #254308384616:  Hold'em No Limit ($0.50/$1.00 USD) - 2025/01/11 4:53:31 WET [2025/01/10 23:53:31 ET]
Table 'Euryalos III' 6-max Seat #6 is the button
Seat 1: 4ihKZ ($99 in chips) 
Seat 2: Heskey27 ($100 in chips) 
Seat 3: Rysiff ($100 in chips) 
Seat 4: B1GBankroll ($100 in chips) 
Seat 5: XneferX ($104 in chips) 
Seat 6: Artur_Castro05 ($26.60 in chips) 
4ihKZ: posts small blind $0.50
Heskey27: posts big blind $1
*** HOLE CARDS ***
Rysiff: folds 
B1GBankroll: folds 
XneferX: folds 
Artur_Castro05: calls $1
4ihKZ: raises $4 to $5
Heskey27: folds 
Artur_Castro05: folds 
Uncalled bet ($4) returned to 4ihKZ
4ihKZ collected $3 from pot
4ihKZ: doesn't show hand 
*** SUMMARY ***
Total pot $3 | Rake $0 
Seat 1: 4ihKZ (small blind) collected ($3)
Seat 2: Heskey27 (big blind) folded before Flop
Seat 3: Rysiff folded before Flop (didn't bet)
Seat 4: B1GBankroll folded before Flop (didn't bet)
Seat 5: XneferX folded before Flop (didn't bet)
Seat 6: Artur_Castro05 (button) folded before Flop



PokerStars Hand #254308386640:  Hold'em No Limit ($0.50/$1.00 USD) - 2025/01/11 4:53:49 WET [2025/01/10 23:53:49 ET]
Table 'Euryalos III' 6-max Seat #1 is the button
Seat 1: 4ihKZ ($101 in chips) 
Seat 2: Heskey27 ($100 in chips) 
Seat 3: Rysiff ($100 in chips) 
Seat 4: B1GBankroll ($100 in chips) 
Seat 5: XneferX ($104 in chips) 
Seat 6: Artur_Castro05 ($25.60 in chips) 
Heskey27: posts small blind $0.50
Rysiff: posts big blind $1
*** HOLE CARDS ***
B1GBankroll: folds 
XneferX: raises $1.20 to $2.20
Artur_Castro05: folds 
4ihKZ: folds 
Heskey27: raises $7.80 to $10
Rysiff: folds 
XneferX: raises $12.50 to $22.50
Heskey27: folds 
Uncalled bet ($12.50) returned to XneferX
XneferX collected $21 from pot
XneferX: doesn't show hand 
*** SUMMARY ***
Total pot $21 | Rake $0 
Seat 1: 4ihKZ (button) folded before Flop (didn't bet)
Seat 2: Heskey27 (small blind) folded before Flop
Seat 3: Rysiff (big blind) folded before Flop
Seat 4: B1GBankroll folded before Flop (didn't bet)
Seat 5: XneferX collected ($21)
Seat 6: Artur_Castro05 folded before Flop (didn't bet)



PokerStars Hand #254308390411:  Hold'em No Limit ($0.50/$1.00 USD) - 2025/01/11 4:54:22 WET [2025/01/10 23:54:22 ET]
Table 'Euryalos III' 6-max Seat #2 is the button
Seat 1: 4ihKZ ($101 in chips) 
Seat 2: Heskey27 ($100 in chips) 
Seat 3: Rysiff ($100 in chips) 
Seat 4: B1GBankroll ($100 in chips) 
Seat 5: XneferX ($115 in chips) 
Seat 6: Artur_Castro05 ($25.60 in chips) 
Rysiff: posts small blind $0.50
B1GBankroll: posts big blind $1
*** HOLE CARDS ***
XneferX: raises $1.20 to $2.20
Artur_Castro05: folds 
4ihKZ: folds 
Heskey27: raises $4.80 to $7
Rysiff: folds 
B1GBankroll: raises $12 to $19
XneferX: folds 
Heskey27: folds 
Uncalled bet ($12) returned to B1GBankroll
B1GBankroll collected $16.70 from pot
B1GBankroll: doesn't show hand 
*** SUMMARY ***
Total pot $16.70 | Rake $0 
Seat 1: 4ihKZ folded before Flop (didn't bet)
Seat 2: Heskey27 (button) folded before Flop
Seat 3: Rysiff (small blind) folded before Flop
Seat 4: B1GBankroll (big blind) collected ($16.70)
Seat 5: XneferX folded before Flop
Seat 6: Artur_Castro05 folded before Flop (didn't bet)



PokerStars Hand #254308395986:  Hold'em No Limit ($0.50/$1.00 USD) - 2025/01/11 4:55:15 WET [2025/01/10 23:55:15 ET]
Table 'Euryalos III' 6-max Seat #3 is the button
Seat 1: 4ihKZ ($101 in chips) is sitting out
Seat 2: Heskey27 ($100 in chips) 
Seat 3: Rysiff ($100 in chips) 
Seat 4: B1GBankroll ($109.70 in chips) 
Seat 5: XneferX ($112.80 in chips) 
Seat 6: Artur_Castro05 ($25.60 in chips) 
B1GBankroll: posts small blind $0.50
XneferX: posts big blind $1
*** HOLE CARDS ***
Artur_Castro05: calls $1
Heskey27: folds 
Rysiff: raises $1.50 to $2.50
B1GBankroll: folds 
XneferX: folds 
Artur_Castro05: calls $1.50
*** FLOP *** [2s 8s 6s]
Artur_Castro05: bets $4
Rysiff: calls $4
*** TURN *** [2s 8s 6s] [7d]
Artur_Castro05: bets $4
Rysiff: calls $4
*** RIVER *** [2s 8s 6s 7d] [5h]
Artur_Castro05: checks 
Rysiff: bets $17.10
Artur_Castro05: calls $15.10 and is all-in
Uncalled bet ($2) returned to Rysiff
*** SHOW DOWN ***
Rysiff: shows [As Ts] (a flush, Ace high)
Artur_Castro05: shows [8c 8d] (three of a kind, Eights)
Rysiff collected $50.20 from pot
*** SUMMARY ***
Total pot $52.70 | Rake $2.50 
Board [2s 8s 6s 7d 5h]
Seat 1: 4ihKZ
Seat 2: Heskey27 folded before Flop (didn't bet)
Seat 3: Rysiff (button) showed [As Ts] and won ($50.20) with a flush, Ace high
Seat 4: B1GBankroll (small blind) folded before Flop
Seat 5: XneferX (big blind) folded before Flop
Seat 6: Artur_Castro05 showed [8c 8d] and lost with three of a kind, Eights



PokerStars Hand #254308403354:  Hold'em No Limit ($0.50/$1.00 USD) - 2025/01/11 4:56:36 WET [2025/01/10 23:56:36 ET]
Table 'Euryalos III' 6-max Seat #4 is the button
Seat 6: Artur_Castro05 ($0 in chips) is sitting out
Seat 1: 4ihKZ ($101 in chips) 
Seat 2: Heskey27 ($100 in chips) 
Seat 3: Rysiff ($124.60 in chips) 
Seat 4: B1GBankroll ($109.20 in chips) 
Seat 5: XneferX ($111.80 in chips) 
XneferX: posts small blind $0.50
4ihKZ: posts big blind $1
*** HOLE CARDS ***
Heskey27: folds 
Artur_Castro05 leaves the table
Rysiff: raises $1.50 to $2.50
B1GBankroll: folds 
XneferX: folds 
4ihKZ: folds 
Uncalled bet ($1.50) returned to Rysiff
Rysiff collected $2.50 from pot
Rysiff: doesn't show hand 
*** SUMMARY ***
Total pot $2.50 | Rake $0 
Seat 6: Artur_Castro05
Seat 1: 4ihKZ (big blind) folded before Flop
Seat 2: Heskey27 folded before Flop (didn't bet)
Seat 3: Rysiff collected ($2.50)
Seat 4: B1GBankroll (button) folded before Flop (didn't bet)
Seat 5: XneferX (small blind) folded before Flop



PokerStars Hand #254308404535:  Hold'em No Limit ($0.50/$1.00 USD) - 2025/01/11 4:56:49 WET [2025/01/10 23:56:49 ET]
Table 'Euryalos III' 6-max Seat #5 is the button
Seat 1: 4ihKZ ($100 in chips) 
Seat 2: Heskey27 ($100 in chips) 
Seat 3: Rysiff ($126.10 in chips) 
Seat 4: B1GBankroll ($109.20 in chips) 
Seat 5: XneferX ($111.30 in chips) 
4ihKZ: posts small blind $0.50
Heskey27: posts big blind $1
*** HOLE CARDS ***
Rysiff: raises $1.50 to $2.50
B1GBankroll: folds 
XneferX: folds 
4ihKZ: folds 
Heskey27: folds 
Uncalled bet ($1.50) returned to Rysiff
Rysiff collected $2.50 from pot
Rysiff: doesn't show hand 
*** SUMMARY ***
Total pot $2.50 | Rake $0 
Seat 1: 4ihKZ (small blind) folded before Flop
Seat 2: Heskey27 (big blind) folded before Flop
Seat 3: Rysiff collected ($2.50)
Seat 4: B1GBankroll folded before Flop (didn't bet)
Seat 5: XneferX (button) folded before Flop (didn't bet)



PokerStars Hand #254308405976:  Hold'em No Limit ($0.50/$1.00 USD) - 2025/01/11 4:57:04 WET [2025/01/10 23:57:04 ET]
Table 'Euryalos III' 6-max Seat #1 is the button
Seat 3: Rysiff ($127.60 in chips) is sitting out
Seat 1: 4ihKZ ($99.50 in chips) 
Seat 2: Heskey27 ($100 in chips) 
Seat 4: B1GBankroll ($109.20 in chips) 
Seat 5: XneferX ($111.30 in chips) 
Heskey27: posts small blind $0.50
Rysiff: is sitting out 
B1GBankroll: posts big blind $1
*** HOLE CARDS ***
XneferX: raises $1.20 to $2.20
4ihKZ: folds 
Heskey27: folds 
B1GBankroll: calls $1.20
*** FLOP *** [Ad 7c Tc]
B1GBankroll: checks 
XneferX: bets $1.58
4ihKZ leaves the table
Rysiff leaves the table
B1GBankroll: calls $1.58
*** TURN *** [Ad 7c Tc] [6c]
B1GBankroll: checks 
XneferX: checks 
*** RIVER *** [Ad 7c Tc 6c] [Kd]
B1GBankroll: bets $6.82
XneferX: calls $6.82
*** SHOW DOWN ***
B1GBankroll: shows [Qc Js] (a straight, Ten to Ace)
XneferX: mucks hand 
B1GBankroll collected $20.70 from pot
*** SUMMARY ***
Total pot $21.70 | Rake $1 
Board [Ad 7c Tc 6c Kd]
Seat 3: Rysiff
Seat 1: 4ihKZ (button) folded before Flop (didn't bet)
Seat 2: Heskey27 (small blind) folded before Flop
Seat 4: B1GBankroll (big blind) showed [Qc Js] and won ($20.70) with a straight, Ten to Ace
Seat 5: XneferX mucked



PokerStars Hand #254307423898:  Hold'em No Limit ($0.50/$1.00 USD) - 2025/01/11 3:50:56 WET [2025/01/10 22:50:56 ET]
Table 'Euryalos III' 6-max Seat #5 is the button
Seat 1: papatango123 ($100 in chips) 
Seat 3: G.HANSEN333 ($100.64 in chips) 
Seat 5: 7bekon7 ($212.23 in chips) 
Seat 6: Resin_NZ ($16.46 in chips) 
Resin_NZ: posts small blind $0.50
papatango123: posts big blind $1
*** HOLE CARDS ***
G.HANSEN333: raises $1.50 to $2.50
7bekon7: folds 
Resin_NZ: folds 
papatango123: folds 
Uncalled bet ($1.50) returned to G.HANSEN333
Resin_NZ leaves the table
G.HANSEN333 collected $2.50 from pot
G.HANSEN333: doesn't show hand 
*** SUMMARY ***
Total pot $2.50 | Rake $0 
Seat 1: papatango123 (big blind) folded before Flop
Seat 3: G.HANSEN333 collected ($2.50)
Seat 5: 7bekon7 (button) folded before Flop (didn't bet)
Seat 6: Resin_NZ (small blind) folded before Flop



PokerStars Hand #254307425248:  Hold'em No Limit ($0.50/$1.00 USD) - 2025/01/11 3:51:06 WET [2025/01/10 22:51:06 ET]
Table 'Euryalos III' 6-max Seat #1 is the button
Seat 1: papatango123 ($100 in chips) 
Seat 3: G.HANSEN333 ($102.14 in chips) 
Seat 5: 7bekon7 ($212.23 in chips) 
G.HANSEN333: posts small blind $0.50
7bekon7: posts big blind $1
*** HOLE CARDS ***
papatango123: raises $1.50 to $2.50
G.HANSEN333: folds 
7bekon7: folds 
Uncalled bet ($1.50) returned to papatango123
papatango123 collected $2.50 from pot
papatango123: doesn't show hand 
*** SUMMARY ***
Total pot $2.50 | Rake $0 
Seat 1: papatango123 (button) collected ($2.50)
Seat 3: G.HANSEN333 (small blind) folded before Flop
Seat 5: 7bekon7 (big blind) folded before Flop



PokerStars Hand #254307427610:  Hold'em No Limit ($0.50/$1.00 USD) - 2025/01/11 3:51:23 WET [2025/01/10 22:51:23 ET]
Table 'Euryalos III' 6-max Seat #3 is the button
Seat 1: papatango123 ($101.50 in chips) 
Seat 3: G.HANSEN333 ($101.64 in chips) 
Seat 5: 7bekon7 ($211.23 in chips) 
7bekon7: posts small blind $0.50
papatango123: posts big blind $1
*** HOLE CARDS ***
G.HANSEN333: folds 
7bekon7: folds 
Uncalled bet ($0.50) returned to papatango123
papatango123 collected $1 from pot
papatango123: doesn't show hand 
*** SUMMARY ***
Total pot $1 | Rake $0 
Seat 1: papatango123 (big blind) collected ($1)
Seat 3: G.HANSEN333 (button) folded before Flop (didn't bet)
Seat 5: 7bekon7 (small blind) folded before Flop



PokerStars Hand #254307428883:  Hold'em No Limit ($0.50/$1.00 USD) - 2025/01/11 3:51:32 WET [2025/01/10 22:51:32 ET]
Table 'Euryalos III' 6-max Seat #5 is the button
Seat 1: papatango123 ($102 in chips) 
Seat 3: G.HANSEN333 ($101.64 in chips) 
Seat 5: 7bekon7 ($210.73 in chips) 
papatango123: posts small blind $0.50
G.HANSEN333: posts big blind $1
*** HOLE CARDS ***
7bekon7: folds 
papatango123: raises $2 to $3
G.HANSEN333: folds 
Uncalled bet ($2) returned to papatango123
papatango123 collected $2 from pot
papatango123: doesn't show hand 
*** SUMMARY ***
Total pot $2 | Rake $0 
Seat 1: papatango123 (small blind) collected ($2)
Seat 3: G.HANSEN333 (big blind) folded before Flop
Seat 5: 7bekon7 (button) folded before Flop (didn't bet)



