PokerStars Hand #254322217966:  Hold'em No Limit ($0.50/$1.00 USD) - 2025/01/11 23:06:56 WET [2025/01/11 18:06:56 ET]
Table 'Verbaandert II' 6-max Seat #4 is the button
Seat 2: Dantepoke226 ($100 in chips) is sitting out
Seat 6: Manifestorr ($100 in chips) is sitting out
Seat 1: andutu34 ($100 in chips) 
Seat 3: SorinS28 ($100 in chips) 
Seat 4: LuckyShikari ($100 in chips) 
Seat 5: m0nTTu ($119.50 in chips) 
m0nTTu: posts small blind $0.50
Manifestorr: is sitting out 
andutu34: posts big blind $1
Dantepoke226: sits out 
*** HOLE CARDS ***
Manifestorr leaves the table
SorinS28: folds 
LuckyShikari: raises $1.50 to $2.50
m0nTTu: folds 
andutu34: calls $1.50
*** FLOP *** [Js Jc 2d]
andutu34: checks 
LuckyShikari: bets $1.25
andutu34: calls $1.25
*** TURN *** [Js Jc 2d] [Qd]
andutu34: checks 
LuckyShikari: checks 
*** RIVER *** [Js Jc 2d Qd] [6c]
andutu34: checks 
LuckyShikari: checks 
*** SHOW DOWN ***
andutu34: shows [7h Ac] (a pair of Jacks)
LuckyShikari: mucks hand 
andutu34 collected $7.60 from pot
*** SUMMARY ***
Total pot $8 | Rake $0.40 
Board [Js Jc 2d Qd 6c]
Seat 2: Dantepoke226
Seat 6: Manifestorr
Seat 1: andutu34 (big blind) showed [7h Ac] and won ($7.60) with a pair of Jacks
Seat 3: SorinS28 folded before Flop (didn't bet)
Seat 4: LuckyShikari (button) mucked
Seat 5: m0nTTu (small blind) folded before Flop



PokerStars Hand #254322228993:  Hold'em No Limit ($0.50/$1.00 USD) - 2025/01/11 23:07:33 WET [2025/01/11 18:07:33 ET]
Table 'Verbaandert II' 6-max Seat #5 is the button
Seat 1: andutu34 ($103.85 in chips) 
Seat 2: Dantepoke226 ($100 in chips) 
Seat 3: SorinS28 ($100 in chips) 
Seat 4: LuckyShikari ($100 in chips) 
Seat 5: m0nTTu ($119 in chips) 
andutu34: posts small blind $0.50
Dantepoke226: posts big blind $1
*** HOLE CARDS ***
SorinS28: folds 
LuckyShikari: raises $1.50 to $2.50
SorinS28 leaves the table
m0nTTu: folds 
andutu34: folds 
Dantepoke226: folds 
Uncalled bet ($1.50) returned to LuckyShikari
LuckyShikari collected $2.50 from pot
LuckyShikari: doesn't show hand 
*** SUMMARY ***
Total pot $2.50 | Rake $0 
Seat 1: andutu34 (small blind) folded before Flop
Seat 2: Dantepoke226 (big blind) folded before Flop
Seat 3: SorinS28 folded before Flop (didn't bet)
Seat 4: LuckyShikari collected ($2.50)
Seat 5: m0nTTu (button) folded before Flop (didn't bet)



PokerStars Hand #254322233550:  Hold'em No Limit ($0.50/$1.00 USD) - 2025/01/11 23:07:49 WET [2025/01/11 18:07:49 ET]
Table 'Verbaandert II' 6-max Seat #1 is the button
Seat 1: andutu34 ($103.35 in chips) 
Seat 2: Dantepoke226 ($100 in chips) 
Seat 4: LuckyShikari ($101.50 in chips) 
Seat 5: m0nTTu ($119 in chips) 
Dantepoke226: posts small blind $0.50
LuckyShikari: posts big blind $1
*** HOLE CARDS ***
m0nTTu: folds 
andutu34: raises $1.49 to $2.49
Dantepoke226: folds 
LuckyShikari: calls $1.49
*** FLOP *** [Tc Jc 7s]
LuckyShikari: checks 
andutu34: bets $3.91
LuckyShikari: folds 
Uncalled bet ($3.91) returned to andutu34
andutu34 collected $5.21 from pot
andutu34: doesn't show hand 
*** SUMMARY ***
Total pot $5.48 | Rake $0.27 
Board [Tc Jc 7s]
Seat 1: andutu34 (button) collected ($5.21)
Seat 2: Dantepoke226 (small blind) folded before Flop
Seat 4: LuckyShikari (big blind) folded on the Flop
Seat 5: m0nTTu folded before Flop (didn't bet)



PokerStars Hand #254322244008:  Hold'em No Limit ($0.50/$1.00 USD) - 2025/01/11 23:08:24 WET [2025/01/11 18:08:24 ET]
Table 'Verbaandert II' 6-max Seat #4 is the button
Seat 1: andutu34 ($106.07 in chips) is sitting out
Seat 5: m0nTTu ($119 in chips) is sitting out
Seat 2: Dantepoke226 ($100 in chips) 
Seat 4: LuckyShikari ($100 in chips) 
LuckyShikari: posts small blind $0.50
m0nTTu: is sitting out 
andutu34: is sitting out 
Dantepoke226: posts big blind $1
*** HOLE CARDS ***
andutu34 leaves the table
LuckyShikari: raises $1.50 to $2.50
Dantepoke226: folds 
Uncalled bet ($1.50) returned to LuckyShikari
LuckyShikari collected $2 from pot
LuckyShikari: doesn't show hand 
*** SUMMARY ***
Total pot $2 | Rake $0 
Seat 1: andutu34
Seat 5: m0nTTu
Seat 2: Dantepoke226 (big blind) folded before Flop
Seat 4: LuckyShikari (button) (small blind) collected ($2)



PokerStars Hand #254322246755:  Hold'em No Limit ($0.50/$1.00 USD) - 2025/01/11 23:08:33 WET [2025/01/11 18:08:33 ET]
Table 'Verbaandert II' 6-max Seat #2 is the button
Seat 2: Dantepoke226 ($100 in chips) 
Seat 4: LuckyShikari ($101 in chips) 
m0nTTu leaves the table
Dantepoke226: posts small blind $0.50
LuckyShikari: posts big blind $1
*** HOLE CARDS ***
Dantepoke226: raises $2 to $3
LuckyShikari: calls $2
*** FLOP *** [Qc 4c Qs]
LuckyShikari: checks 
Dantepoke226: bets $2
LuckyShikari: folds 
Uncalled bet ($2) returned to Dantepoke226
Dantepoke226 collected $5.70 from pot
Dantepoke226: doesn't show hand 
*** SUMMARY ***
Total pot $6 | Rake $0.30 
Board [Qc 4c Qs]
Seat 2: Dantepoke226 (button) (small blind) collected ($5.70)
Seat 4: LuckyShikari (big blind) folded on the Flop



