PokerStars Hand #254325358720:  Hold'em No Limit ($0.50/$1.00 USD) - 2025/01/11 3:13:35 WET [2025/01/11 22:13:35 ET]
Table 'Alrami' 6-max Seat #4 is the button
Seat 1: m0nTTu ($10 in chips) 
Seat 2: Sarabe nab ($17 in chips) 
Seat 3: EasyGamerrr ($100 in chips) 
Seat 4: LuckyShikari ($10 in chips) 
Seat 5: XneferX ($100 in chips) 
XneferX: posts small blind $0.50
m0nTTu: posts big blind $1
*** HOLE CARDS ***
Sarabe nab: folds 
EasyGamerrr: folds 
LuckyShikari: folds 
XneferX: raises $1.90 to $2.90
m0nTTu: folds 
Uncalled bet ($1.90) returned to XneferX
XneferX collected $2 from pot
XneferX: doesn't show hand 
*** SUMMARY ***
Total pot $2 | Rake $0 
Seat 1: m0nTTu (big blind) folded before Flop
Seat 2: Sarabe nab folded before Flop (didn't bet)
Seat 3: EasyGamerrr folded before Flop (didn't bet)
Seat 4: LuckyShikari (button) folded before Flop (didn't bet)
Seat 5: XneferX (small blind) collected ($2)



PokerStars Hand #254325362945:  Hold'em No Limit ($0.50/$1.00 USD) - 2025/01/11 3:14:04 WET [2025/01/11 22:14:04 ET]
Table 'Alrami' 6-max Seat #5 is the button
Seat 1: m0nTTu ($10 in chips) 
Seat 2: Sarabe nab ($17 in chips) 
Seat 3: EasyGamerrr ($100 in chips) 
Seat 4: LuckyShikari ($100 in chips) 
Seat 5: XneferX ($101 in chips) 
m0nTTu: posts small blind $0.50
Sarabe nab: posts big blind $1
*** HOLE CARDS ***
EasyGamerrr: folds 
LuckyShikari: folds 
XneferX: folds 
m0nTTu: folds 
Uncalled bet ($0.50) returned to Sarabe nab
Sarabe nab collected $1 from pot
Sarabe nab: doesn't show hand 
*** SUMMARY ***
Total pot $1 | Rake $0 
Seat 1: m0nTTu (small blind) folded before Flop
Seat 2: Sarabe nab (big blind) collected ($1)
Seat 3: EasyGamerrr folded before Flop (didn't bet)
Seat 4: LuckyShikari folded before Flop (didn't bet)
Seat 5: XneferX (button) folded before Flop (didn't bet)



PokerStars Hand #254325365907:  Hold'em No Limit ($0.50/$1.00 USD) - 2025/01/11 3:14:25 WET [2025/01/11 22:14:25 ET]
Table 'Alrami' 6-max Seat #1 is the button
Seat 1: m0nTTu ($10 in chips) 
Seat 2: Sarabe nab ($17.50 in chips) 
Seat 3: EasyGamerrr ($100 in chips) 
Seat 4: LuckyShikari ($100 in chips) 
Seat 5: XneferX ($101 in chips) 
Sarabe nab: posts small blind $0.50
EasyGamerrr: posts big blind $1
*** HOLE CARDS ***
LuckyShikari: folds 
XneferX: raises $1.20 to $2.20
m0nTTu: folds 
Sarabe nab: folds 
EasyGamerrr: folds 
Uncalled bet ($1.20) returned to XneferX
XneferX collected $2.50 from pot
XneferX: doesn't show hand 
*** SUMMARY ***
Total pot $2.50 | Rake $0 
Seat 1: m0nTTu (button) folded before Flop (didn't bet)
Seat 2: Sarabe nab (small blind) folded before Flop
Seat 3: EasyGamerrr (big blind) folded before Flop
Seat 4: LuckyShikari folded before Flop (didn't bet)
Seat 5: XneferX collected ($2.50)



PokerStars Hand #254325368951:  Hold'em No Limit ($0.50/$1.00 USD) - 2025/01/11 3:14:46 WET [2025/01/11 22:14:46 ET]
Table 'Alrami' 6-max Seat #2 is the button
Seat 1: m0nTTu ($10 in chips) 
Seat 2: Sarabe nab ($17 in chips) 
Seat 3: EasyGamerrr ($100 in chips) 
Seat 4: LuckyShikari ($100 in chips) 
Seat 5: XneferX ($102.50 in chips) 
EasyGamerrr: posts small blind $0.50
LuckyShikari: posts big blind $1
*** HOLE CARDS ***
XneferX: folds 
m0nTTu: raises $9 to $10 and is all-in
Sarabe nab: folds 
EasyGamerrr: folds 
LuckyShikari: calls $9
*** FLOP *** [7c Td 4h]
*** TURN *** [7c Td 4h] [Qc]
*** RIVER *** [7c Td 4h Qc] [2c]
*** SHOW DOWN ***
LuckyShikari: shows [Js Kc] (high card King)
m0nTTu: shows [5s 5c] (a pair of Fives)
m0nTTu collected $19.48 from pot
*** SUMMARY ***
Total pot $20.50 | Rake $1.02 
Board [7c Td 4h Qc 2c]
Seat 1: m0nTTu showed [5s 5c] and won ($19.48) with a pair of Fives
Seat 2: Sarabe nab (button) folded before Flop (didn't bet)
Seat 3: EasyGamerrr (small blind) folded before Flop
Seat 4: LuckyShikari (big blind) showed [Js Kc] and lost with high card King
Seat 5: XneferX folded before Flop (didn't bet)



PokerStars Hand #254325373123:  Hold'em No Limit ($0.50/$1.00 USD) - 2025/01/11 3:15:14 WET [2025/01/11 22:15:14 ET]
Table 'Alrami' 6-max Seat #3 is the button
Seat 1: m0nTTu ($19.48 in chips) 
Seat 2: Sarabe nab ($17 in chips) 
Seat 3: EasyGamerrr ($100 in chips) 
Seat 4: LuckyShikari ($100 in chips) 
Seat 5: XneferX ($102.50 in chips) 
LuckyShikari: posts small blind $0.50
XneferX: posts big blind $1
*** HOLE CARDS ***
m0nTTu: folds 
Sarabe nab: folds 
EasyGamerrr: raises $1.50 to $2.50
LuckyShikari: folds 
XneferX: calls $1.50
*** FLOP *** [8c 8d 5s]
XneferX: checks 
EasyGamerrr: bets $1.72
XneferX: folds 
Uncalled bet ($1.72) returned to EasyGamerrr
EasyGamerrr collected $5.22 from pot
EasyGamerrr: doesn't show hand 
*** SUMMARY ***
Total pot $5.50 | Rake $0.28 
Board [8c 8d 5s]
Seat 1: m0nTTu folded before Flop (didn't bet)
Seat 2: Sarabe nab folded before Flop (didn't bet)
Seat 3: EasyGamerrr (button) collected ($5.22)
Seat 4: LuckyShikari (small blind) folded before Flop
Seat 5: XneferX (big blind) folded on the Flop



PokerStars Hand #254325379916:  Hold'em No Limit ($0.50/$1.00 USD) - 2025/01/11 3:16:00 WET [2025/01/11 22:16:00 ET]
Table 'Alrami' 6-max Seat #4 is the button
Seat 1: m0nTTu ($19.48 in chips) is sitting out
Seat 2: Sarabe nab ($17 in chips) 
Seat 3: EasyGamerrr ($102.72 in chips) 
Seat 4: LuckyShikari ($100 in chips) 
Seat 5: XneferX ($100 in chips) 
XneferX: posts small blind $0.50
m0nTTu: is sitting out 
Sarabe nab: posts big blind $1
*** HOLE CARDS ***
EasyGamerrr: folds 
m0nTTu leaves the table
LuckyShikari: folds 
XneferX: folds 
Uncalled bet ($0.50) returned to Sarabe nab
Sarabe nab collected $1 from pot
Sarabe nab: doesn't show hand 
*** SUMMARY ***
Total pot $1 | Rake $0 
Seat 1: m0nTTu
Seat 2: Sarabe nab (big blind) collected ($1)
Seat 3: EasyGamerrr folded before Flop (didn't bet)
Seat 4: LuckyShikari (button) folded before Flop (didn't bet)
Seat 5: XneferX (small blind) folded before Flop



PokerStars Hand #254325381280:  Hold'em No Limit ($0.50/$1.00 USD) - 2025/01/11 3:16:09 WET [2025/01/11 22:16:09 ET]
Table 'Alrami' 6-max Seat #5 is the button
Seat 2: Sarabe nab ($17.50 in chips) 
Seat 3: EasyGamerrr ($102.72 in chips) 
Seat 4: LuckyShikari ($100 in chips) 
Seat 5: XneferX ($100 in chips) 
Sarabe nab: posts small blind $0.50
EasyGamerrr: posts big blind $1
*** HOLE CARDS ***
LuckyShikari: folds 
XneferX: folds 
Sarabe nab: calls $0.50
EasyGamerrr: raises $54.50 to $55.50
Sarabe nab: folds 
Uncalled bet ($54.50) returned to EasyGamerrr
EasyGamerrr collected $2 from pot
EasyGamerrr: doesn't show hand 
*** SUMMARY ***
Total pot $2 | Rake $0 
Seat 2: Sarabe nab (small blind) folded before Flop
Seat 3: EasyGamerrr (big blind) collected ($2)
Seat 4: LuckyShikari folded before Flop (didn't bet)
Seat 5: XneferX (button) folded before Flop (didn't bet)



PokerStars Hand #254325383803:  Hold'em No Limit ($0.50/$1.00 USD) - 2025/01/11 3:16:27 WET [2025/01/11 22:16:27 ET]
Table 'Alrami' 6-max Seat #2 is the button
Seat 2: Sarabe nab ($16.50 in chips) 
Seat 3: EasyGamerrr ($103.72 in chips) 
Seat 4: LuckyShikari ($100 in chips) 
Seat 5: XneferX ($100 in chips) 
EasyGamerrr: posts small blind $0.50
LuckyShikari: posts big blind $1
*** HOLE CARDS ***
XneferX: folds 
Sarabe nab: folds 
EasyGamerrr: folds 
Uncalled bet ($0.50) returned to LuckyShikari
LuckyShikari collected $1 from pot
LuckyShikari: doesn't show hand 
*** SUMMARY ***
Total pot $1 | Rake $0 
Seat 2: Sarabe nab (button) folded before Flop (didn't bet)
Seat 3: EasyGamerrr (small blind) folded before Flop
Seat 4: LuckyShikari (big blind) collected ($1)
Seat 5: XneferX folded before Flop (didn't bet)



PokerStars Hand #254325385267:  Hold'em No Limit ($0.50/$1.00 USD) - 2025/01/11 3:16:37 WET [2025/01/11 22:16:37 ET]
Table 'Alrami' 6-max Seat #3 is the button
Seat 2: Sarabe nab ($16.50 in chips) 
Seat 3: EasyGamerrr ($103.22 in chips) 
Seat 4: LuckyShikari ($100.50 in chips) 
Seat 5: XneferX ($100 in chips) 
LuckyShikari: posts small blind $0.50
XneferX: posts big blind $1
*** HOLE CARDS ***
Sarabe nab: folds 
EasyGamerrr: folds 
LuckyShikari: raises $1.50 to $2.50
XneferX: folds 
Uncalled bet ($1.50) returned to LuckyShikari
LuckyShikari collected $2 from pot
LuckyShikari: doesn't show hand 
*** SUMMARY ***
Total pot $2 | Rake $0 
Seat 2: Sarabe nab folded before Flop (didn't bet)
Seat 3: EasyGamerrr (button) folded before Flop (didn't bet)
Seat 4: LuckyShikari (small blind) collected ($2)
Seat 5: XneferX (big blind) folded before Flop



PokerStars Hand #254325390068:  Hold'em No Limit ($0.50/$1.00 USD) - 2025/01/11 3:17:10 WET [2025/01/11 22:17:10 ET]
Table 'Alrami' 6-max Seat #4 is the button
Seat 2: Sarabe nab ($16.50 in chips) 
Seat 3: EasyGamerrr ($103.22 in chips) 
Seat 4: LuckyShikari ($101.50 in chips) 
Seat 5: XneferX ($100 in chips) 
XneferX: posts small blind $0.50
Sarabe nab: posts big blind $1
*** HOLE CARDS ***
EasyGamerrr: folds 
LuckyShikari: raises $1.50 to $2.50
7bekon7 joins the table at seat #6 
XneferX: folds 
Sarabe nab: calls $1.50
*** FLOP *** [Ah 4c 3h]
Sarabe nab: checks 
LuckyShikari: bets $1.25
Sarabe nab: calls $1.25
*** TURN *** [Ah 4c 3h] [6c]
Sarabe nab: checks 
LuckyShikari: bets $2.50
Sarabe nab: calls $2.50
*** RIVER *** [Ah 4c 3h 6c] [Jc]
Sarabe nab: checks 
LuckyShikari: checks 
*** SHOW DOWN ***
Sarabe nab: shows [Jh Th] (a pair of Jacks)
LuckyShikari: mucks hand 
Sarabe nab collected $12.35 from pot
*** SUMMARY ***
Total pot $13 | Rake $0.65 
Board [Ah 4c 3h 6c Jc]
Seat 2: Sarabe nab (big blind) showed [Jh Th] and won ($12.35) with a pair of Jacks
Seat 3: EasyGamerrr folded before Flop (didn't bet)
Seat 4: LuckyShikari (button) mucked
Seat 5: XneferX (small blind) folded before Flop



PokerStars Hand #254325396113:  Hold'em No Limit ($0.50/$1.00 USD) - 2025/01/11 3:17:53 WET [2025/01/11 22:17:53 ET]
Table 'Alrami' 6-max Seat #5 is the button
Seat 6: 7bekon7 ($100 in chips) is sitting out
Seat 2: Sarabe nab ($22.60 in chips) 
Seat 3: EasyGamerrr ($103.22 in chips) 
Seat 4: LuckyShikari ($100 in chips) 
Seat 5: XneferX ($100 in chips) 
Sarabe nab: posts small blind $0.50
EasyGamerrr: posts big blind $1
*** HOLE CARDS ***
LuckyShikari: folds 
XneferX: folds 
Sarabe nab: calls $0.50
EasyGamerrr: raises $2.50 to $3.50
Sarabe nab: calls $2.50
*** FLOP *** [8d 2c Kc]
Sarabe nab: checks 
EasyGamerrr: bets $2.19
Sarabe nab: folds 
Uncalled bet ($2.19) returned to EasyGamerrr
EasyGamerrr collected $6.65 from pot
EasyGamerrr: doesn't show hand 
*** SUMMARY ***
Total pot $7 | Rake $0.35 
Board [8d 2c Kc]
Seat 6: 7bekon7
Seat 2: Sarabe nab (small blind) folded on the Flop
Seat 3: EasyGamerrr (big blind) collected ($6.65)
Seat 4: LuckyShikari folded before Flop (didn't bet)
Seat 5: XneferX (button) folded before Flop (didn't bet)



PokerStars Hand #254325400599:  Hold'em No Limit ($0.50/$1.00 USD) - 2025/01/11 3:18:24 WET [2025/01/11 22:18:24 ET]
Table 'Alrami' 6-max Seat #2 is the button
Seat 6: 7bekon7 ($100 in chips) is sitting out
Seat 2: Sarabe nab ($19.10 in chips) 
Seat 3: EasyGamerrr ($106.37 in chips) 
Seat 4: LuckyShikari ($100 in chips) 
Seat 5: XneferX ($100 in chips) 
EasyGamerrr: posts small blind $0.50
LuckyShikari: posts big blind $1
7bekon7: sits out 
*** HOLE CARDS ***
XneferX: folds 
Sarabe nab: calls $1
EasyGamerrr: folds 
LuckyShikari: checks 
*** FLOP *** [5c Ad 5h]
LuckyShikari: checks 
Sarabe nab: checks 
*** TURN *** [5c Ad 5h] [8s]
LuckyShikari: checks 
Sarabe nab: bets $1.19
LuckyShikari: folds 
Uncalled bet ($1.19) returned to Sarabe nab
Sarabe nab collected $2.38 from pot
Sarabe nab: doesn't show hand 
*** SUMMARY ***
Total pot $2.50 | Rake $0.12 
Board [5c Ad 5h 8s]
Seat 6: 7bekon7
Seat 2: Sarabe nab (button) collected ($2.38)
Seat 3: EasyGamerrr (small blind) folded before Flop
Seat 4: LuckyShikari (big blind) folded on the Turn
Seat 5: XneferX folded before Flop (didn't bet)



PokerStars Hand #254325404235:  Hold'em No Limit ($0.50/$1.00 USD) - 2025/01/11 3:18:49 WET [2025/01/11 22:18:49 ET]
Table 'Alrami' 6-max Seat #3 is the button
Seat 6: 7bekon7 ($100 in chips) is sitting out
Seat 2: Sarabe nab ($20.48 in chips) 
Seat 3: EasyGamerrr ($105.87 in chips) 
Seat 4: LuckyShikari ($100 in chips) 
Seat 5: XneferX ($100 in chips) 
LuckyShikari: posts small blind $0.50
XneferX: posts big blind $1
7bekon7: sits out 
*** HOLE CARDS ***
Sarabe nab: folds 
EasyGamerrr: raises $1.50 to $2.50
LuckyShikari: raises $6 to $8.50
XneferX: folds 
EasyGamerrr: calls $6
*** FLOP *** [Tc 2c 8s]
LuckyShikari: bets $2.50
EasyGamerrr: raises $6.50 to $9
LuckyShikari: raises $26.33 to $35.33
EasyGamerrr: raises $62.04 to $97.37 and is all-in
LuckyShikari: calls $56.17 and is all-in
Uncalled bet ($5.87) returned to EasyGamerrr
*** FIRST TURN *** [Tc 2c 8s] [4s]
*** FIRST RIVER *** [Tc 2c 8s 4s] [5h]
*** SECOND TURN *** [Tc 2c 8s] [9s]
*** SECOND RIVER *** [Tc 2c 8s 9s] [8d]
*** FIRST SHOW DOWN ***
LuckyShikari: shows [Qd Ts] (a pair of Tens)
EasyGamerrr: shows [Th 8h] (two pair, Tens and Eights)
EasyGamerrr collected $100 from pot
*** SECOND SHOW DOWN ***
LuckyShikari: shows [Qd Ts] (two pair, Tens and Eights)
EasyGamerrr: shows [Th 8h] (a full house, Eights full of Tens)
EasyGamerrr collected $100 from pot
*** SUMMARY ***
Total pot $201 | Rake $1 
Hand was run twice
FIRST Board [Tc 2c 8s 4s 5h]
SECOND Board [Tc 2c 8s 9s 8d]
Seat 6: 7bekon7
Seat 2: Sarabe nab folded before Flop (didn't bet)
Seat 3: EasyGamerrr (button) showed [Th 8h] and won ($100) with two pair, Tens and Eights, and won ($100) with a full house, Eights full of Tens
Seat 4: LuckyShikari (small blind) showed [Qd Ts] and lost with a pair of Tens, and lost with two pair, Tens and Eights
Seat 5: XneferX (big blind) folded before Flop



PokerStars Hand #254325416269:  Hold'em No Limit ($0.50/$1.00 USD) - 2025/01/11 3:20:13 WET [2025/01/11 22:20:13 ET]
Table 'Alrami' 6-max Seat #4 is the button
Seat 2: Sarabe nab ($20.48 in chips) 
Seat 3: EasyGamerrr ($205.87 in chips) 
Seat 4: LuckyShikari ($100 in chips) 
Seat 5: XneferX ($100 in chips) 
Seat 6: 7bekon7 ($100 in chips) 
XneferX: posts small blind $0.50
7bekon7: posts big blind $1
*** HOLE CARDS ***
Sarabe nab: calls $1
EasyGamerrr: folds 
LuckyShikari: folds 
XneferX: calls $0.50
7bekon7: checks 
*** FLOP *** [6d Td Ks]
abramovich87 joins the table at seat #1 
XneferX: bets $2.19
7bekon7: folds 
Sarabe nab: calls $2.19
*** TURN *** [6d Td Ks] [5c]
XneferX: bets $4.70
Sarabe nab: calls $4.70
*** RIVER *** [6d Td Ks 5c] [Qc]
XneferX: checks 
Sarabe nab: bets $5
XneferX: calls $5
*** SHOW DOWN ***
Sarabe nab: shows [Ad Jh] (a straight, Ten to Ace)
XneferX: mucks hand 
Sarabe nab collected $25.44 from pot
*** SUMMARY ***
Total pot $26.78 | Rake $1.34 
Board [6d Td Ks 5c Qc]
Seat 2: Sarabe nab showed [Ad Jh] and won ($25.44) with a straight, Ten to Ace
Seat 3: EasyGamerrr folded before Flop (didn't bet)
Seat 4: LuckyShikari (button) folded before Flop (didn't bet)
Seat 5: XneferX (small blind) mucked
Seat 6: 7bekon7 (big blind) folded on the Flop



PokerStars Hand #254325430208:  Hold'em No Limit ($0.50/$1.00 USD) - 2025/01/11 3:21:50 WET [2025/01/11 22:21:50 ET]
Table 'Alrami' 6-max Seat #5 is the button
Seat 1: abramovich87 ($100 in chips) 
Seat 2: Sarabe nab ($33.03 in chips) 
Seat 3: EasyGamerrr ($205.87 in chips) 
Seat 4: LuckyShikari ($100 in chips) 
Seat 5: XneferX ($100 in chips) 
Seat 6: 7bekon7 ($100 in chips) 
7bekon7: posts small blind $0.50
abramovich87: posts big blind $1
*** HOLE CARDS ***
Sarabe nab: folds 
EasyGamerrr: folds 
LuckyShikari: raises $1.50 to $2.50
XneferX: folds 
7bekon7: folds 
abramovich87: calls $1.50
*** FLOP *** [5s 2s 8d]
abramovich87: checks 
LuckyShikari: bets $5.22
abramovich87: folds 
Uncalled bet ($5.22) returned to LuckyShikari
LuckyShikari collected $5.22 from pot
LuckyShikari: doesn't show hand 
*** SUMMARY ***
Total pot $5.50 | Rake $0.28 
Board [5s 2s 8d]
Seat 1: abramovich87 (big blind) folded on the Flop
Seat 2: Sarabe nab folded before Flop (didn't bet)
Seat 3: EasyGamerrr folded before Flop (didn't bet)
Seat 4: LuckyShikari collected ($5.22)
Seat 5: XneferX (button) folded before Flop (didn't bet)
Seat 6: 7bekon7 (small blind) folded before Flop



PokerStars Hand #254325434198:  Hold'em No Limit ($0.50/$1.00 USD) - 2025/01/11 3:22:17 WET [2025/01/11 22:22:17 ET]
Table 'Alrami' 6-max Seat #6 is the button
Seat 1: abramovich87 ($100 in chips) 
Seat 2: Sarabe nab ($33.03 in chips) 
Seat 3: EasyGamerrr ($205.87 in chips) 
Seat 4: LuckyShikari ($102.72 in chips) 
Seat 5: XneferX ($100 in chips) 
Seat 6: 7bekon7 ($100 in chips) 
abramovich87: posts small blind $0.50
Sarabe nab: posts big blind $1
*** HOLE CARDS ***
EasyGamerrr: raises $1 to $2
LuckyShikari: raises $7 to $9
XneferX: folds 
7bekon7: folds 
abramovich87: folds 
Sarabe nab: folds 
EasyGamerrr: folds 
Uncalled bet ($7) returned to LuckyShikari
LuckyShikari collected $5.50 from pot
LuckyShikari: doesn't show hand 
*** SUMMARY ***
Total pot $5.50 | Rake $0 
Seat 1: abramovich87 (small blind) folded before Flop
Seat 2: Sarabe nab (big blind) folded before Flop
Seat 3: EasyGamerrr folded before Flop
Seat 4: LuckyShikari collected ($5.50)
Seat 5: XneferX folded before Flop (didn't bet)
Seat 6: 7bekon7 (button) folded before Flop (didn't bet)



PokerStars Hand #254325436991:  Hold'em No Limit ($0.50/$1.00 USD) - 2025/01/11 3:22:37 WET [2025/01/11 22:22:37 ET]
Table 'Alrami' 6-max Seat #1 is the button
Seat 1: abramovich87 ($100 in chips) 
Seat 2: Sarabe nab ($32.03 in chips) 
Seat 3: EasyGamerrr ($203.87 in chips) 
Seat 4: LuckyShikari ($106.22 in chips) 
Seat 5: XneferX ($100 in chips) 
Seat 6: 7bekon7 ($100 in chips) 
Sarabe nab: posts small blind $0.50
EasyGamerrr: posts big blind $1
*** HOLE CARDS ***
LuckyShikari: raises $2 to $3
XneferX: folds 
7bekon7: folds 
abramovich87: folds 
Sarabe nab: calls $2.50
EasyGamerrr: folds 
*** FLOP *** [6c 4d Ad]
Sarabe nab: checks 
LuckyShikari: bets $3
Sarabe nab: folds 
Uncalled bet ($3) returned to LuckyShikari
LuckyShikari collected $6.65 from pot
LuckyShikari: doesn't show hand 
*** SUMMARY ***
Total pot $7 | Rake $0.35 
Board [6c 4d Ad]
Seat 1: abramovich87 (button) folded before Flop (didn't bet)
Seat 2: Sarabe nab (small blind) folded on the Flop
Seat 3: EasyGamerrr (big blind) folded before Flop
Seat 4: LuckyShikari collected ($6.65)
Seat 5: XneferX folded before Flop (didn't bet)
Seat 6: 7bekon7 folded before Flop (didn't bet)



PokerStars Hand #254325441204:  Hold'em No Limit ($0.50/$1.00 USD) - 2025/01/11 3:23:07 WET [2025/01/11 22:23:07 ET]
Table 'Alrami' 6-max Seat #2 is the button
Seat 1: abramovich87 ($100 in chips) 
Seat 2: Sarabe nab ($29.03 in chips) 
Seat 3: EasyGamerrr ($202.87 in chips) 
Seat 4: LuckyShikari ($109.87 in chips) 
Seat 5: XneferX ($100 in chips) 
Seat 6: 7bekon7 ($100 in chips) 
EasyGamerrr: posts small blind $0.50
LuckyShikari: posts big blind $1
*** HOLE CARDS ***
XneferX: folds 
7bekon7: folds 
abramovich87: raises $2 to $3
Sarabe nab: folds 
EasyGamerrr: folds 
LuckyShikari: folds 
Uncalled bet ($2) returned to abramovich87
abramovich87 collected $2.50 from pot
abramovich87: doesn't show hand 
*** SUMMARY ***
Total pot $2.50 | Rake $0 
Seat 1: abramovich87 collected ($2.50)
Seat 2: Sarabe nab (button) folded before Flop (didn't bet)
Seat 3: EasyGamerrr (small blind) folded before Flop
Seat 4: LuckyShikari (big blind) folded before Flop
Seat 5: XneferX folded before Flop (didn't bet)
Seat 6: 7bekon7 folded before Flop (didn't bet)



PokerStars Hand #254325445302:  Hold'em No Limit ($0.50/$1.00 USD) - 2025/01/11 3:23:36 WET [2025/01/11 22:23:36 ET]
Table 'Alrami' 6-max Seat #3 is the button
Seat 1: abramovich87 ($101.50 in chips) 
Seat 2: Sarabe nab ($29.03 in chips) 
Seat 3: EasyGamerrr ($202.37 in chips) 
Seat 4: LuckyShikari ($108.87 in chips) 
Seat 5: XneferX ($100 in chips) 
Seat 6: 7bekon7 ($100 in chips) 
LuckyShikari: posts small blind $0.50
XneferX: posts big blind $1
*** HOLE CARDS ***
7bekon7: folds 
abramovich87: folds 
Sarabe nab: calls $1
EasyGamerrr: raises $2.50 to $3.50
LuckyShikari: raises $12.50 to $16
XneferX: folds 
Sarabe nab: folds 
EasyGamerrr: folds 
Uncalled bet ($12.50) returned to LuckyShikari
LuckyShikari collected $9 from pot
LuckyShikari: doesn't show hand 
*** SUMMARY ***
Total pot $9 | Rake $0 
Seat 1: abramovich87 folded before Flop (didn't bet)
Seat 2: Sarabe nab folded before Flop
Seat 3: EasyGamerrr (button) folded before Flop
Seat 4: LuckyShikari (small blind) collected ($9)
Seat 5: XneferX (big blind) folded before Flop
Seat 6: 7bekon7 folded before Flop (didn't bet)



PokerStars Hand #254325449970:  Hold'em No Limit ($0.50/$1.00 USD) - 2025/01/11 3:24:09 WET [2025/01/11 22:24:09 ET]
Table 'Alrami' 6-max Seat #4 is the button
Seat 1: abramovich87 ($101.50 in chips) 
Seat 2: Sarabe nab ($28.03 in chips) 
Seat 3: EasyGamerrr ($198.87 in chips) 
Seat 4: LuckyShikari ($114.37 in chips) 
Seat 5: XneferX ($100 in chips) 
Seat 6: 7bekon7 ($100 in chips) 
XneferX: posts small blind $0.50
7bekon7: posts big blind $1
*** HOLE CARDS ***
abramovich87: raises $2 to $3
Sarabe nab: folds 
EasyGamerrr: folds 
LuckyShikari: folds 
XneferX: folds 
7bekon7: folds 
Uncalled bet ($2) returned to abramovich87
abramovich87 collected $2.50 from pot
abramovich87: doesn't show hand 
*** SUMMARY ***
Total pot $2.50 | Rake $0 
Seat 1: abramovich87 collected ($2.50)
Seat 2: Sarabe nab folded before Flop (didn't bet)
Seat 3: EasyGamerrr folded before Flop (didn't bet)
Seat 4: LuckyShikari (button) folded before Flop (didn't bet)
Seat 5: XneferX (small blind) folded before Flop
Seat 6: 7bekon7 (big blind) folded before Flop



PokerStars Hand #254325452664:  Hold'em No Limit ($0.50/$1.00 USD) - 2025/01/11 3:24:28 WET [2025/01/11 22:24:28 ET]
Table 'Alrami' 6-max Seat #5 is the button
Seat 1: abramovich87 ($103 in chips) 
Seat 2: Sarabe nab ($28.03 in chips) 
Seat 3: EasyGamerrr ($198.87 in chips) 
Seat 4: LuckyShikari ($114.37 in chips) 
Seat 5: XneferX ($100 in chips) 
Seat 6: 7bekon7 ($100 in chips) 
7bekon7: posts small blind $0.50
abramovich87: posts big blind $1
*** HOLE CARDS ***
Sarabe nab: folds 
EasyGamerrr: folds 
LuckyShikari: raises $2 to $3
XneferX: calls $3
7bekon7: folds 
abramovich87: calls $2
*** FLOP *** [Tc Jd Jc]
abramovich87: checks 
LuckyShikari: bets $3
XneferX: calls $3
abramovich87: folds 
*** TURN *** [Tc Jd Jc] [As]
LuckyShikari: bets $3
XneferX: raises $16.54 to $19.54
LuckyShikari: folds 
Uncalled bet ($16.54) returned to XneferX
XneferX collected $20.42 from pot
XneferX: doesn't show hand 
*** SUMMARY ***
Total pot $21.50 | Rake $1.08 
Board [Tc Jd Jc As]
Seat 1: abramovich87 (big blind) folded on the Flop
Seat 2: Sarabe nab folded before Flop (didn't bet)
Seat 3: EasyGamerrr folded before Flop (didn't bet)
Seat 4: LuckyShikari folded on the Turn
Seat 5: XneferX (button) collected ($20.42)
Seat 6: 7bekon7 (small blind) folded before Flop



PokerStars Hand #254325461282:  Hold'em No Limit ($0.50/$1.00 USD) - 2025/01/11 3:25:29 WET [2025/01/11 22:25:29 ET]
Table 'Alrami' 6-max Seat #6 is the button
Seat 1: abramovich87 ($100 in chips) 
Seat 2: Sarabe nab ($28.03 in chips) 
Seat 3: EasyGamerrr ($198.87 in chips) 
Seat 4: LuckyShikari ($105.37 in chips) 
Seat 5: XneferX ($111.42 in chips) 
Seat 6: 7bekon7 ($100 in chips) 
abramovich87: posts small blind $0.50
Sarabe nab: posts big blind $1
*** HOLE CARDS ***
EasyGamerrr: folds 
LuckyShikari: folds 
XneferX: folds 
7bekon7: folds 
abramovich87: raises $2 to $3
Sarabe nab: calls $2
*** FLOP *** [6c 6h Ts]
abramovich87: bets $3.76
Sarabe nab: raises $21.27 to $25.03 and is all-in
abramovich87: calls $21.27
*** TURN *** [6c 6h Ts] [7c]
*** RIVER *** [6c 6h Ts 7c] [8d]
*** SHOW DOWN ***
abramovich87: shows [Tc Qh] (two pair, Tens and Sixes)
Sarabe nab: shows [4h 6s] (three of a kind, Sixes)
Sarabe nab collected $53.56 from pot
*** SUMMARY ***
Total pot $56.06 | Rake $2.50 
Board [6c 6h Ts 7c 8d]
Seat 1: abramovich87 (small blind) showed [Tc Qh] and lost with two pair, Tens and Sixes
Seat 2: Sarabe nab (big blind) showed [4h 6s] and won ($53.56) with three of a kind, Sixes
Seat 3: EasyGamerrr folded before Flop (didn't bet)
Seat 4: LuckyShikari folded before Flop (didn't bet)
Seat 5: XneferX folded before Flop (didn't bet)
Seat 6: 7bekon7 (button) folded before Flop (didn't bet)



PokerStars Hand #254325465823:  Hold'em No Limit ($0.50/$1.00 USD) - 2025/01/11 3:26:02 WET [2025/01/11 22:26:02 ET]
Table 'Alrami' 6-max Seat #1 is the button
Seat 1: abramovich87 ($100 in chips) 
Seat 2: Sarabe nab ($53.56 in chips) 
Seat 3: EasyGamerrr ($198.87 in chips) 
Seat 4: LuckyShikari ($105.37 in chips) 
Seat 5: XneferX ($111.42 in chips) 
Seat 6: 7bekon7 ($100 in chips) 
Sarabe nab: posts small blind $0.50
EasyGamerrr: posts big blind $1
*** HOLE CARDS ***
LuckyShikari: folds 
XneferX: folds 
7bekon7: raises $1.50 to $2.50
abramovich87: folds 
Sarabe nab: folds 
EasyGamerrr: folds 
Uncalled bet ($1.50) returned to 7bekon7
7bekon7 collected $2.50 from pot
7bekon7: doesn't show hand 
*** SUMMARY ***
Total pot $2.50 | Rake $0 
Seat 1: abramovich87 (button) folded before Flop (didn't bet)
Seat 2: Sarabe nab (small blind) folded before Flop
Seat 3: EasyGamerrr (big blind) folded before Flop
Seat 4: LuckyShikari folded before Flop (didn't bet)
Seat 5: XneferX folded before Flop (didn't bet)
Seat 6: 7bekon7 collected ($2.50)



PokerStars Hand #254325467967:  Hold'em No Limit ($0.50/$1.00 USD) - 2025/01/11 3:26:17 WET [2025/01/11 22:26:17 ET]
Table 'Alrami' 6-max Seat #2 is the button
Seat 1: abramovich87 ($100 in chips) 
Seat 2: Sarabe nab ($53.06 in chips) 
Seat 3: EasyGamerrr ($197.87 in chips) 
Seat 4: LuckyShikari ($105.37 in chips) 
Seat 5: XneferX ($111.42 in chips) 
Seat 6: 7bekon7 ($101.50 in chips) 
EasyGamerrr: posts small blind $0.50
LuckyShikari: posts big blind $1
*** HOLE CARDS ***
XneferX: folds 
7bekon7: folds 
abramovich87: folds 
Sarabe nab: calls $1
EasyGamerrr: folds 
LuckyShikari: checks 
*** FLOP *** [2s 7c Ts]
LuckyShikari: bets $3
Sarabe nab: calls $3
*** TURN *** [2s 7c Ts] [Qh]
LuckyShikari: bets $3
Sarabe nab: calls $3
*** RIVER *** [2s 7c Ts Qh] [Ah]
LuckyShikari: bets $3
Sarabe nab: calls $3
*** SHOW DOWN ***
LuckyShikari: shows [Td 6h] (a pair of Tens)
Sarabe nab: shows [Th 9d] (a pair of Tens - Ace+Queen+Nine kicker)
Sarabe nab collected $19.48 from pot
*** SUMMARY ***
Total pot $20.50 | Rake $1.02 
Board [2s 7c Ts Qh Ah]
Seat 1: abramovich87 folded before Flop (didn't bet)
Seat 2: Sarabe nab (button) showed [Th 9d] and won ($19.48) with a pair of Tens
Seat 3: EasyGamerrr (small blind) folded before Flop
Seat 4: LuckyShikari (big blind) showed [Td 6h] and lost with a pair of Tens
Seat 5: XneferX folded before Flop (didn't bet)
Seat 6: 7bekon7 folded before Flop (didn't bet)



PokerStars Hand #254325474936:  Hold'em No Limit ($0.50/$1.00 USD) - 2025/01/11 3:27:06 WET [2025/01/11 22:27:06 ET]
Table 'Alrami' 6-max Seat #3 is the button
Seat 1: abramovich87 ($100 in chips) 
Seat 2: Sarabe nab ($62.54 in chips) 
Seat 3: EasyGamerrr ($197.37 in chips) 
Seat 4: LuckyShikari ($100 in chips) 
Seat 5: XneferX ($111.42 in chips) 
Seat 6: 7bekon7 ($101.50 in chips) 
LuckyShikari: posts small blind $0.50
XneferX: posts big blind $1
*** HOLE CARDS ***
7bekon7: folds 
abramovich87: folds 
Sarabe nab: folds 
EasyGamerrr: raises $1.50 to $2.50
LuckyShikari: raises $12.50 to $15
Sarabe nab leaves the table
XneferX: folds 
EasyGamerrr: raises $13 to $28
LuckyShikari: folds 
Uncalled bet ($13) returned to EasyGamerrr
EasyGamerrr collected $31 from pot
EasyGamerrr: doesn't show hand 
*** SUMMARY ***
Total pot $31 | Rake $0 
Seat 1: abramovich87 folded before Flop (didn't bet)
Seat 2: Sarabe nab folded before Flop (didn't bet)
Seat 3: EasyGamerrr (button) collected ($31)
Seat 4: LuckyShikari (small blind) folded before Flop
Seat 5: XneferX (big blind) folded before Flop
Seat 6: 7bekon7 folded before Flop (didn't bet)



PokerStars Hand #254325479956:  Hold'em No Limit ($0.50/$1.00 USD) - 2025/01/11 3:27:42 WET [2025/01/11 22:27:42 ET]
Table 'Alrami' 6-max Seat #4 is the button
Seat 6: 7bekon7 ($101.50 in chips) is sitting out
Seat 1: abramovich87 ($100 in chips) 
Seat 3: EasyGamerrr ($213.37 in chips) 
Seat 4: LuckyShikari ($100 in chips) 
Seat 5: XneferX ($110.42 in chips) 
XneferX: posts small blind $0.50
7bekon7: is sitting out 
abramovich87: posts big blind $1
*** HOLE CARDS ***
EasyGamerrr: raises $1.50 to $2.50
7bekon7 leaves the table
LuckyShikari: raises $6.50 to $9
XneferX: folds 
abramovich87: folds 
EasyGamerrr: raises $204.37 to $213.37 and is all-in
LuckyShikari: folds 
Uncalled bet ($204.37) returned to EasyGamerrr
EasyGamerrr collected $19.50 from pot
EasyGamerrr: doesn't show hand 
*** SUMMARY ***
Total pot $19.50 | Rake $0 
Seat 6: 7bekon7
Seat 1: abramovich87 (big blind) folded before Flop
Seat 3: EasyGamerrr collected ($19.50)
Seat 4: LuckyShikari (button) folded before Flop
Seat 5: XneferX (small blind) folded before Flop



PokerStars Hand #254325483653:  Hold'em No Limit ($0.50/$1.00 USD) - 2025/01/11 3:28:08 WET [2025/01/11 22:28:08 ET]
Table 'Alrami' 6-max Seat #5 is the button
Seat 3: EasyGamerrr ($223.87 in chips) is sitting out
Seat 1: abramovich87 ($100 in chips) 
Seat 4: LuckyShikari ($100 in chips) 
Seat 5: XneferX ($109.92 in chips) 
abramovich87: posts small blind $0.50
EasyGamerrr: is sitting out 
LuckyShikari: posts big blind $1
*** HOLE CARDS ***
EasyGamerrr leaves the table
XneferX: raises $1.77 to $2.77
abramovich87: folds 
LuckyShikari: calls $1.77
*** FLOP *** [5c 9h Ts]
LuckyShikari: checks 
XneferX: bets $4.42
LuckyShikari: raises $14.42 to $18.84
XneferX: folds 
Uncalled bet ($14.42) returned to LuckyShikari
LuckyShikari collected $14.14 from pot
LuckyShikari: doesn't show hand 
XneferX leaves the table
*** SUMMARY ***
Total pot $14.88 | Rake $0.74 
Board [5c 9h Ts]
Seat 3: EasyGamerrr
Seat 1: abramovich87 (small blind) folded before Flop
Seat 4: LuckyShikari (big blind) collected ($14.14)
Seat 5: XneferX (button) folded on the Flop



PokerStars Hand #254325489746:  Hold'em No Limit ($0.50/$1.00 USD) - 2025/01/11 3:28:51 WET [2025/01/11 22:28:51 ET]
Table 'Alrami' 6-max Seat #4 is the button
Seat 1: abramovich87 ($100 in chips) 
Seat 4: LuckyShikari ($106.95 in chips) 
LuckyShikari: posts small blind $0.50
abramovich87: posts big blind $1
*** HOLE CARDS ***
LuckyShikari: raises $2 to $3
abramovich87: folds 
Uncalled bet ($2) returned to LuckyShikari
LuckyShikari collected $2 from pot
LuckyShikari: doesn't show hand 
*** SUMMARY ***
Total pot $2 | Rake $0 
Seat 1: abramovich87 (big blind) folded before Flop
Seat 4: LuckyShikari (button) (small blind) collected ($2)



PokerStars Hand #254325492629:  Hold'em No Limit ($0.50/$1.00 USD) - 2025/01/11 3:29:12 WET [2025/01/11 22:29:12 ET]
Table 'Alrami' 6-max Seat #1 is the button
Seat 1: abramovich87 ($100 in chips) 
Seat 4: LuckyShikari ($107.95 in chips) 
abramovich87: posts small blind $0.50
LuckyShikari: posts big blind $1
*** HOLE CARDS ***
abramovich87: folds 
Uncalled bet ($0.50) returned to LuckyShikari
abramovich87 leaves the table
LuckyShikari collected $1 from pot
LuckyShikari: doesn't show hand 
*** SUMMARY ***
Total pot $1 | Rake $0 
Seat 1: abramovich87 (button) (small blind) folded before Flop
Seat 4: LuckyShikari (big blind) collected ($1)



PokerStars Hand #254325507483:  Hold'em No Limit ($0.50/$1.00 USD) - 2025/01/11 3:30:58 WET [2025/01/11 22:30:58 ET]
Table 'Alrami' 6-max Seat #2 is the button
Seat 1: Manifestorr ($100 in chips) 
Seat 2: Rysiff ($100 in chips) 
Seat 3: Consig|iori ($100 in chips) 
Seat 4: LuckyShikari ($108.45 in chips) 
Seat 5: StephenFlynn ($100 in chips) 
Seat 6: EasyGamerrr ($223.87 in chips) 
Consig|iori: posts small blind $0.50
LuckyShikari: posts big blind $1
*** HOLE CARDS ***
StephenFlynn: folds 
EasyGamerrr: raises $1 to $2
Manifestorr: folds 
Rysiff: folds 
Consig|iori: folds 
LuckyShikari: raises $11 to $13
EasyGamerrr: calls $11
*** FLOP *** [Jh 5c Kd]
LuckyShikari: bets $3
EasyGamerrr: calls $3
*** TURN *** [Jh 5c Kd] [Kc]
LuckyShikari: bets $20
EasyGamerrr: folds 
Uncalled bet ($20) returned to LuckyShikari
LuckyShikari collected $30.88 from pot
LuckyShikari: doesn't show hand 
*** SUMMARY ***
Total pot $32.50 | Rake $1.62 
Board [Jh 5c Kd Kc]
Seat 1: Manifestorr folded before Flop (didn't bet)
Seat 2: Rysiff (button) folded before Flop (didn't bet)
Seat 3: Consig|iori (small blind) folded before Flop
Seat 4: LuckyShikari (big blind) collected ($30.88)
Seat 5: StephenFlynn folded before Flop (didn't bet)
Seat 6: EasyGamerrr folded on the Turn



PokerStars Hand #254325514464:  Hold'em No Limit ($0.50/$1.00 USD) - 2025/01/11 3:31:49 WET [2025/01/11 22:31:49 ET]
Table 'Alrami' 6-max Seat #3 is the button
Seat 1: Manifestorr ($100 in chips) 
Seat 2: Rysiff ($100 in chips) 
Seat 3: Consig|iori ($100 in chips) 
Seat 4: LuckyShikari ($123.33 in chips) 
Seat 5: StephenFlynn ($100 in chips) 
Seat 6: EasyGamerrr ($207.87 in chips) 
LuckyShikari: posts small blind $0.50
StephenFlynn: posts big blind $1
*** HOLE CARDS ***
EasyGamerrr: folds 
Manifestorr: folds 
Rysiff: folds 
Consig|iori: folds 
LuckyShikari: raises $2 to $3
StephenFlynn: folds 
Uncalled bet ($2) returned to LuckyShikari
LuckyShikari collected $2 from pot
LuckyShikari: doesn't show hand 
*** SUMMARY ***
Total pot $2 | Rake $0 
Seat 1: Manifestorr folded before Flop (didn't bet)
Seat 2: Rysiff folded before Flop (didn't bet)
Seat 3: Consig|iori (button) folded before Flop (didn't bet)
Seat 4: LuckyShikari (small blind) collected ($2)
Seat 5: StephenFlynn (big blind) folded before Flop
Seat 6: EasyGamerrr folded before Flop (didn't bet)



PokerStars Hand #254325516737:  Hold'em No Limit ($0.50/$1.00 USD) - 2025/01/11 3:32:06 WET [2025/01/11 22:32:06 ET]
Table 'Alrami' 6-max Seat #4 is the button
Seat 1: Manifestorr ($100 in chips) 
Seat 2: Rysiff ($100 in chips) 
Seat 3: Consig|iori ($100 in chips) 
Seat 4: LuckyShikari ($124.33 in chips) 
Seat 5: StephenFlynn ($99 in chips) 
Seat 6: EasyGamerrr ($207.87 in chips) 
StephenFlynn: posts small blind $0.50
EasyGamerrr: posts big blind $1
*** HOLE CARDS ***
Manifestorr: folds 
Rysiff: folds 
Consig|iori: folds 
LuckyShikari: raises $2 to $3
StephenFlynn: calls $2.50
EasyGamerrr: folds 
*** FLOP *** [Qh 6s 3s]
StephenFlynn: checks 
LuckyShikari: bets $3
StephenFlynn: calls $3
*** TURN *** [Qh 6s 3s] [4s]
StephenFlynn: checks 
LuckyShikari: bets $3
StephenFlynn: raises $6 to $9
LuckyShikari: calls $6
*** RIVER *** [Qh 6s 3s 4s] [2d]
StephenFlynn: bets $14
LuckyShikari: calls $14
*** SHOW DOWN ***
StephenFlynn: shows [3c As] (a pair of Threes)
LuckyShikari: shows [Td Th] (a pair of Tens)
LuckyShikari collected $56.50 from pot
*** SUMMARY ***
Total pot $59 | Rake $2.50 
Board [Qh 6s 3s 4s 2d]
Seat 1: Manifestorr folded before Flop (didn't bet)
Seat 2: Rysiff folded before Flop (didn't bet)
Seat 3: Consig|iori folded before Flop (didn't bet)
Seat 4: LuckyShikari (button) showed [Td Th] and won ($56.50) with a pair of Tens
Seat 5: StephenFlynn (small blind) showed [3c As] and lost with a pair of Threes
Seat 6: EasyGamerrr (big blind) folded before Flop



PokerStars Hand #254325523068:  Hold'em No Limit ($0.50/$1.00 USD) - 2025/01/11 3:32:52 WET [2025/01/11 22:32:52 ET]
Table 'Alrami' 6-max Seat #5 is the button
Seat 1: Manifestorr ($100 in chips) 
Seat 2: Rysiff ($100 in chips) 
Seat 3: Consig|iori ($100 in chips) 
Seat 4: LuckyShikari ($151.83 in chips) 
Seat 5: StephenFlynn ($70 in chips) 
Seat 6: EasyGamerrr ($206.87 in chips) 
EasyGamerrr: posts small blind $0.50
Manifestorr: posts big blind $1
*** HOLE CARDS ***
Rysiff: raises $1.50 to $2.50
Consig|iori: folds 
LuckyShikari: folds 
StephenFlynn: folds 
EasyGamerrr: folds 
Manifestorr: folds 
Uncalled bet ($1.50) returned to Rysiff
Rysiff collected $2.50 from pot
Rysiff: doesn't show hand 
*** SUMMARY ***
Total pot $2.50 | Rake $0 
Seat 1: Manifestorr (big blind) folded before Flop
Seat 2: Rysiff collected ($2.50)
Seat 3: Consig|iori folded before Flop (didn't bet)
Seat 4: LuckyShikari folded before Flop (didn't bet)
Seat 5: StephenFlynn (button) folded before Flop (didn't bet)
Seat 6: EasyGamerrr (small blind) folded before Flop



PokerStars Hand #254325525005:  Hold'em No Limit ($0.50/$1.00 USD) - 2025/01/11 3:33:07 WET [2025/01/11 22:33:07 ET]
Table 'Alrami' 6-max Seat #6 is the button
Seat 1: Manifestorr ($100 in chips) 
Seat 2: Rysiff ($101.50 in chips) 
Seat 3: Consig|iori ($100 in chips) 
Seat 4: LuckyShikari ($151.83 in chips) 
Seat 5: StephenFlynn ($70 in chips) 
Seat 6: EasyGamerrr ($206.37 in chips) 
Manifestorr: posts small blind $0.50
Rysiff: posts big blind $1
*** HOLE CARDS ***
Consig|iori: folds 
LuckyShikari: folds 
StephenFlynn: raises $2 to $3
EasyGamerrr: folds 
Manifestorr: folds 
Rysiff: calls $2
*** FLOP *** [Kd Th 9s]
Rysiff: checks 
StephenFlynn: bets $3
Rysiff: folds 
Uncalled bet ($3) returned to StephenFlynn
StephenFlynn collected $6.18 from pot
*** SUMMARY ***
Total pot $6.50 | Rake $0.32 
Board [Kd Th 9s]
Seat 1: Manifestorr (small blind) folded before Flop
Seat 2: Rysiff (big blind) folded on the Flop
Seat 3: Consig|iori folded before Flop (didn't bet)
Seat 4: LuckyShikari folded before Flop (didn't bet)
Seat 5: StephenFlynn collected ($6.18)
Seat 6: EasyGamerrr (button) folded before Flop (didn't bet)



PokerStars Hand #254325529247:  Hold'em No Limit ($0.50/$1.00 USD) - 2025/01/11 3:33:38 WET [2025/01/11 22:33:38 ET]
Table 'Alrami' 6-max Seat #1 is the button
Seat 1: Manifestorr ($100 in chips) 
Seat 2: Rysiff ($100 in chips) 
Seat 3: Consig|iori ($100 in chips) 
Seat 4: LuckyShikari ($151.83 in chips) 
Seat 5: StephenFlynn ($73.18 in chips) 
Seat 6: EasyGamerrr ($206.37 in chips) 
Rysiff: posts small blind $0.50
Consig|iori: posts big blind $1
*** HOLE CARDS ***
LuckyShikari: folds 
StephenFlynn: raises $2 to $3
EasyGamerrr: folds 
Manifestorr: folds 
Rysiff: folds 
Consig|iori: folds 
Uncalled bet ($2) returned to StephenFlynn
StephenFlynn collected $2.50 from pot
*** SUMMARY ***
Total pot $2.50 | Rake $0 
Seat 1: Manifestorr (button) folded before Flop (didn't bet)
Seat 2: Rysiff (small blind) folded before Flop
Seat 3: Consig|iori (big blind) folded before Flop
Seat 4: LuckyShikari folded before Flop (didn't bet)
Seat 5: StephenFlynn collected ($2.50)
Seat 6: EasyGamerrr folded before Flop (didn't bet)



PokerStars Hand #254325532454:  Hold'em No Limit ($0.50/$1.00 USD) - 2025/01/11 3:34:01 WET [2025/01/11 22:34:01 ET]
Table 'Alrami' 6-max Seat #2 is the button
Seat 1: Manifestorr ($100 in chips) 
Seat 2: Rysiff ($100 in chips) 
Seat 3: Consig|iori ($100 in chips) 
Seat 4: LuckyShikari ($151.83 in chips) 
Seat 5: StephenFlynn ($74.68 in chips) 
Seat 6: EasyGamerrr ($206.37 in chips) 
Consig|iori: posts small blind $0.50
LuckyShikari: posts big blind $1
*** HOLE CARDS ***
StephenFlynn: folds 
EasyGamerrr: folds 
Manifestorr: raises $1.20 to $2.20
Rysiff: folds 
Consig|iori: raises $8.30 to $10.50
LuckyShikari: folds 
Manifestorr: folds 
Uncalled bet ($8.30) returned to Consig|iori
Consig|iori collected $5.40 from pot
Consig|iori: doesn't show hand 
*** SUMMARY ***
Total pot $5.40 | Rake $0 
Seat 1: Manifestorr folded before Flop
Seat 2: Rysiff (button) folded before Flop (didn't bet)
Seat 3: Consig|iori (small blind) collected ($5.40)
Seat 4: LuckyShikari (big blind) folded before Flop
Seat 5: StephenFlynn folded before Flop (didn't bet)
Seat 6: EasyGamerrr folded before Flop (didn't bet)



PokerStars Hand #254325536627:  Hold'em No Limit ($0.50/$1.00 USD) - 2025/01/11 3:34:32 WET [2025/01/11 22:34:32 ET]
Table 'Alrami' 6-max Seat #3 is the button
Seat 1: Manifestorr ($100 in chips) 
Seat 2: Rysiff ($100 in chips) 
Seat 3: Consig|iori ($103.20 in chips) 
Seat 4: LuckyShikari ($150.83 in chips) 
Seat 5: StephenFlynn ($74.68 in chips) 
Seat 6: EasyGamerrr ($206.37 in chips) 
LuckyShikari: posts small blind $0.50
StephenFlynn: posts big blind $1
*** HOLE CARDS ***
EasyGamerrr: folds 
Manifestorr: folds 
Rysiff: raises $1.50 to $2.50
Consig|iori: folds 
LuckyShikari: folds 
StephenFlynn: calls $1.50
*** FLOP *** [Qs 5h 5s]
StephenFlynn: checks 
Rysiff: bets $2.61
StephenFlynn: folds 
Uncalled bet ($2.61) returned to Rysiff
Rysiff collected $5.22 from pot
Rysiff: doesn't show hand 
*** SUMMARY ***
Total pot $5.50 | Rake $0.28 
Board [Qs 5h 5s]
Seat 1: Manifestorr folded before Flop (didn't bet)
Seat 2: Rysiff collected ($5.22)
Seat 3: Consig|iori (button) folded before Flop (didn't bet)
Seat 4: LuckyShikari (small blind) folded before Flop
Seat 5: StephenFlynn (big blind) folded on the Flop
Seat 6: EasyGamerrr folded before Flop (didn't bet)



PokerStars Hand #254325541573:  Hold'em No Limit ($0.50/$1.00 USD) - 2025/01/11 3:35:09 WET [2025/01/11 22:35:09 ET]
Table 'Alrami' 6-max Seat #4 is the button
Seat 1: Manifestorr ($100 in chips) 
Seat 2: Rysiff ($102.72 in chips) 
Seat 3: Consig|iori ($103.20 in chips) 
Seat 4: LuckyShikari ($150.33 in chips) 
Seat 5: StephenFlynn ($72.18 in chips) 
Seat 6: EasyGamerrr ($206.37 in chips) 
StephenFlynn: posts small blind $0.50
EasyGamerrr: posts big blind $1
*** HOLE CARDS ***
Manifestorr: folds 
Rysiff: folds 
Consig|iori: folds 
LuckyShikari: raises $2 to $3
StephenFlynn: calls $2.50
EasyGamerrr: folds 
*** FLOP *** [Td 3c Kh]
StephenFlynn: checks 
LuckyShikari: bets $3
StephenFlynn: calls $3
*** TURN *** [Td 3c Kh] [7s]
StephenFlynn: checks 
LuckyShikari: checks 
*** RIVER *** [Td 3c Kh 7s] [3d]
StephenFlynn: checks 
LuckyShikari: checks 
*** SHOW DOWN ***
StephenFlynn: shows [Ac Qs] (a pair of Threes)
LuckyShikari: mucks hand 
StephenFlynn collected $12.35 from pot
*** SUMMARY ***
Total pot $13 | Rake $0.65 
Board [Td 3c Kh 7s 3d]
Seat 1: Manifestorr folded before Flop (didn't bet)
Seat 2: Rysiff folded before Flop (didn't bet)
Seat 3: Consig|iori folded before Flop (didn't bet)
Seat 4: LuckyShikari (button) mucked
Seat 5: StephenFlynn (small blind) showed [Ac Qs] and won ($12.35) with a pair of Threes
Seat 6: EasyGamerrr (big blind) folded before Flop



PokerStars Hand #254325546839:  Hold'em No Limit ($0.50/$1.00 USD) - 2025/01/11 3:35:47 WET [2025/01/11 22:35:47 ET]
Table 'Alrami' 6-max Seat #5 is the button
Seat 1: Manifestorr ($100 in chips) 
Seat 2: Rysiff ($102.72 in chips) 
Seat 3: Consig|iori ($103.20 in chips) 
Seat 4: LuckyShikari ($144.33 in chips) 
Seat 5: StephenFlynn ($78.53 in chips) 
Seat 6: EasyGamerrr ($205.37 in chips) 
EasyGamerrr: posts small blind $0.50
Manifestorr: posts big blind $1
*** HOLE CARDS ***
Rysiff: folds 
Consig|iori: folds 
LuckyShikari: raises $2 to $3
StephenFlynn: folds 
EasyGamerrr: folds 
Manifestorr: folds 
Uncalled bet ($2) returned to LuckyShikari
LuckyShikari collected $2.50 from pot
LuckyShikari: doesn't show hand 
*** SUMMARY ***
Total pot $2.50 | Rake $0 
Seat 1: Manifestorr (big blind) folded before Flop
Seat 2: Rysiff folded before Flop (didn't bet)
Seat 3: Consig|iori folded before Flop (didn't bet)
Seat 4: LuckyShikari collected ($2.50)
Seat 5: StephenFlynn (button) folded before Flop (didn't bet)
Seat 6: EasyGamerrr (small blind) folded before Flop



PokerStars Hand #254325548898:  Hold'em No Limit ($0.50/$1.00 USD) - 2025/01/11 3:36:02 WET [2025/01/11 22:36:02 ET]
Table 'Alrami' 6-max Seat #6 is the button
Seat 1: Manifestorr ($100 in chips) 
Seat 2: Rysiff ($102.72 in chips) 
Seat 3: Consig|iori ($103.20 in chips) 
Seat 4: LuckyShikari ($145.83 in chips) 
Seat 5: StephenFlynn ($78.53 in chips) 
Seat 6: EasyGamerrr ($204.87 in chips) 
Manifestorr: posts small blind $0.50
Rysiff: posts big blind $1
*** HOLE CARDS ***
Consig|iori: folds 
LuckyShikari: folds 
StephenFlynn: raises $2 to $3
EasyGamerrr: folds 
Manifestorr: folds 
Rysiff: folds 
Uncalled bet ($2) returned to StephenFlynn
StephenFlynn collected $2.50 from pot
*** SUMMARY ***
Total pot $2.50 | Rake $0 
Seat 1: Manifestorr (small blind) folded before Flop
Seat 2: Rysiff (big blind) folded before Flop
Seat 3: Consig|iori folded before Flop (didn't bet)
Seat 4: LuckyShikari folded before Flop (didn't bet)
Seat 5: StephenFlynn collected ($2.50)
Seat 6: EasyGamerrr (button) folded before Flop (didn't bet)



PokerStars Hand #254325550477:  Hold'em No Limit ($0.50/$1.00 USD) - 2025/01/11 3:36:14 WET [2025/01/11 22:36:14 ET]
Table 'Alrami' 6-max Seat #1 is the button
Seat 3: Consig|iori ($103.20 in chips) is sitting out
Seat 1: Manifestorr ($100 in chips) 
Seat 2: Rysiff ($101.72 in chips) 
Seat 4: LuckyShikari ($145.83 in chips) 
Seat 5: StephenFlynn ($80.03 in chips) 
Seat 6: EasyGamerrr ($204.87 in chips) 
Rysiff: posts small blind $0.50
Consig|iori: is sitting out 
LuckyShikari: posts big blind $1
*** HOLE CARDS ***
StephenFlynn: folds 
Consig|iori leaves the table
EasyGamerrr: folds 
Manifestorr: folds 
Rysiff: folds 
Uncalled bet ($0.50) returned to LuckyShikari
LuckyShikari collected $1 from pot
LuckyShikari: doesn't show hand 
*** SUMMARY ***
Total pot $1 | Rake $0 
Seat 3: Consig|iori
Seat 1: Manifestorr (button) folded before Flop (didn't bet)
Seat 2: Rysiff (small blind) folded before Flop
Seat 4: LuckyShikari (big blind) collected ($1)
Seat 5: StephenFlynn folded before Flop (didn't bet)
Seat 6: EasyGamerrr folded before Flop (didn't bet)



PokerStars Hand #254325551948:  Hold'em No Limit ($0.50/$1.00 USD) - 2025/01/11 3:36:24 WET [2025/01/11 22:36:24 ET]
Table 'Alrami' 6-max Seat #2 is the button
Seat 1: Manifestorr ($100 in chips) 
Seat 2: Rysiff ($101.22 in chips) 
Seat 4: LuckyShikari ($146.33 in chips) 
Seat 5: StephenFlynn ($80.03 in chips) 
Seat 6: EasyGamerrr ($204.87 in chips) 
LuckyShikari: posts small blind $0.50
StephenFlynn: posts big blind $1
*** HOLE CARDS ***
EasyGamerrr: folds 
Manifestorr: folds 
Rysiff: folds 
LuckyShikari: raises $2 to $3
StephenFlynn: calls $2
*** FLOP *** [5h As 7c]
LuckyShikari: bets $3
StephenFlynn: calls $3
*** TURN *** [5h As 7c] [5d]
XneferX joins the table at seat #3 
LuckyShikari: checks 
StephenFlynn: bets $5
LuckyShikari: folds 
Uncalled bet ($5) returned to StephenFlynn
StephenFlynn collected $11.40 from pot
*** SUMMARY ***
Total pot $12 | Rake $0.60 
Board [5h As 7c 5d]
Seat 1: Manifestorr folded before Flop (didn't bet)
Seat 2: Rysiff (button) folded before Flop (didn't bet)
Seat 4: LuckyShikari (small blind) folded on the Turn
Seat 5: StephenFlynn (big blind) collected ($11.40)
Seat 6: EasyGamerrr folded before Flop (didn't bet)



PokerStars Hand #254325555923:  Hold'em No Limit ($0.50/$1.00 USD) - 2025/01/11 3:36:53 WET [2025/01/11 22:36:53 ET]
Table 'Alrami' 6-max Seat #4 is the button
Seat 3: XneferX ($102.73 in chips) is sitting out
Seat 1: Manifestorr ($100 in chips) 
Seat 2: Rysiff ($101.22 in chips) 
Seat 4: LuckyShikari ($140.33 in chips) 
Seat 5: StephenFlynn ($85.43 in chips) 
Seat 6: EasyGamerrr ($204.87 in chips) 
StephenFlynn: posts small blind $0.50
EasyGamerrr: posts big blind $1
XneferX: sits out 
*** HOLE CARDS ***
Manifestorr: folds 
Rysiff: folds 
LuckyShikari: raises $2.50 to $3.50
StephenFlynn: folds 
EasyGamerrr: folds 
Uncalled bet ($2.50) returned to LuckyShikari
LuckyShikari collected $2.50 from pot
LuckyShikari: doesn't show hand 
*** SUMMARY ***
Total pot $2.50 | Rake $0 
Seat 3: XneferX
Seat 1: Manifestorr folded before Flop (didn't bet)
Seat 2: Rysiff folded before Flop (didn't bet)
Seat 4: LuckyShikari (button) collected ($2.50)
Seat 5: StephenFlynn (small blind) folded before Flop
Seat 6: EasyGamerrr (big blind) folded before Flop



PokerStars Hand #254325557966:  Hold'em No Limit ($0.50/$1.00 USD) - 2025/01/11 3:37:08 WET [2025/01/11 22:37:08 ET]
Table 'Alrami' 6-max Seat #5 is the button
Seat 3: XneferX ($102.73 in chips) is sitting out
Seat 1: Manifestorr ($100 in chips) 
Seat 2: Rysiff ($101.22 in chips) 
Seat 4: LuckyShikari ($141.83 in chips) 
Seat 5: StephenFlynn ($84.93 in chips) 
Seat 6: EasyGamerrr ($203.87 in chips) 
EasyGamerrr: posts small blind $0.50
Manifestorr: posts big blind $1
XneferX: sits out 
*** HOLE CARDS ***
Rysiff: folds 
LuckyShikari: folds 
StephenFlynn: folds 
EasyGamerrr: raises $2 to $3
Manifestorr: folds 
Uncalled bet ($2) returned to EasyGamerrr
EasyGamerrr collected $2 from pot
EasyGamerrr: doesn't show hand 
*** SUMMARY ***
Total pot $2 | Rake $0 
Seat 3: XneferX
Seat 1: Manifestorr (big blind) folded before Flop
Seat 2: Rysiff folded before Flop (didn't bet)
Seat 4: LuckyShikari folded before Flop (didn't bet)
Seat 5: StephenFlynn (button) folded before Flop (didn't bet)
Seat 6: EasyGamerrr (small blind) collected ($2)



PokerStars Hand #254325559469:  Hold'em No Limit ($0.50/$1.00 USD) - 2025/01/11 3:37:19 WET [2025/01/11 22:37:19 ET]
Table 'Alrami' 6-max Seat #6 is the button
Seat 3: XneferX ($102.73 in chips) is sitting out
Seat 1: Manifestorr ($100 in chips) 
Seat 2: Rysiff ($101.22 in chips) 
Seat 4: LuckyShikari ($141.83 in chips) 
Seat 5: StephenFlynn ($84.93 in chips) 
Seat 6: EasyGamerrr ($204.87 in chips) 
Manifestorr: posts small blind $0.50
Rysiff: posts big blind $1
XneferX: sits out 
*** HOLE CARDS ***
LuckyShikari: folds 
StephenFlynn: folds 
EasyGamerrr: folds 
Manifestorr: raises $2 to $3
Rysiff: calls $2
*** FLOP *** [Kh 5d 2h]
Manifestorr: bets $4.28
Rysiff: calls $4.28
*** TURN *** [Kh 5d 2h] [2s]
Manifestorr: checks 
Rysiff: bets $11.06
Manifestorr: folds 
Uncalled bet ($11.06) returned to Rysiff
Rysiff collected $13.83 from pot
Rysiff: doesn't show hand 
*** SUMMARY ***
Total pot $14.56 | Rake $0.73 
Board [Kh 5d 2h 2s]
Seat 3: XneferX
Seat 1: Manifestorr (small blind) folded on the Turn
Seat 2: Rysiff (big blind) collected ($13.83)
Seat 4: LuckyShikari folded before Flop (didn't bet)
Seat 5: StephenFlynn folded before Flop (didn't bet)
Seat 6: EasyGamerrr (button) folded before Flop (didn't bet)



PokerStars Hand #254325567513:  Hold'em No Limit ($0.50/$1.00 USD) - 2025/01/11 3:38:19 WET [2025/01/11 22:38:19 ET]
Table 'Alrami' 6-max Seat #1 is the button
Seat 1: Manifestorr ($100 in chips) 
Seat 2: Rysiff ($107.77 in chips) 
Seat 3: XneferX ($102.73 in chips) 
Seat 4: LuckyShikari ($141.83 in chips) 
Seat 5: StephenFlynn ($84.93 in chips) 
Seat 6: EasyGamerrr ($204.87 in chips) 
Rysiff: posts small blind $0.50
XneferX: posts big blind $1
*** HOLE CARDS ***
LuckyShikari: folds 
StephenFlynn: raises $2 to $3
EasyGamerrr: raises $6 to $9
Manifestorr: folds 
Rysiff: folds 
XneferX: folds 
StephenFlynn: calls $6
*** FLOP *** [3c 3h Th]
StephenFlynn: checks 
EasyGamerrr: bets $6.11
StephenFlynn: folds 
Uncalled bet ($6.11) returned to EasyGamerrr
EasyGamerrr collected $18.52 from pot
EasyGamerrr: doesn't show hand 
*** SUMMARY ***
Total pot $19.50 | Rake $0.98 
Board [3c 3h Th]
Seat 1: Manifestorr (button) folded before Flop (didn't bet)
Seat 2: Rysiff (small blind) folded before Flop
Seat 3: XneferX (big blind) folded before Flop
Seat 4: LuckyShikari folded before Flop (didn't bet)
Seat 5: StephenFlynn folded on the Flop
Seat 6: EasyGamerrr collected ($18.52)



PokerStars Hand #254325571957:  Hold'em No Limit ($0.50/$1.00 USD) - 2025/01/11 3:38:52 WET [2025/01/11 22:38:52 ET]
Table 'Alrami' 6-max Seat #2 is the button
Seat 1: Manifestorr ($100 in chips) 
Seat 2: Rysiff ($107.27 in chips) 
Seat 3: XneferX ($101.73 in chips) 
Seat 4: LuckyShikari ($141.83 in chips) 
Seat 5: StephenFlynn ($75.93 in chips) 
Seat 6: EasyGamerrr ($214.39 in chips) 
XneferX: posts small blind $0.50
LuckyShikari: posts big blind $1
*** HOLE CARDS ***
StephenFlynn: raises $2 to $3
EasyGamerrr: folds 
Manifestorr: folds 
Rysiff: folds 
XneferX: folds 
LuckyShikari: folds 
Uncalled bet ($2) returned to StephenFlynn
StephenFlynn collected $2.50 from pot
*** SUMMARY ***
Total pot $2.50 | Rake $0 
Seat 1: Manifestorr folded before Flop (didn't bet)
Seat 2: Rysiff (button) folded before Flop (didn't bet)
Seat 3: XneferX (small blind) folded before Flop
Seat 4: LuckyShikari (big blind) folded before Flop
Seat 5: StephenFlynn collected ($2.50)
Seat 6: EasyGamerrr folded before Flop (didn't bet)



PokerStars Hand #254325574467:  Hold'em No Limit ($0.50/$1.00 USD) - 2025/01/11 3:39:10 WET [2025/01/11 22:39:10 ET]
Table 'Alrami' 6-max Seat #4 is the button
Seat 3: XneferX ($101.23 in chips) is sitting out
Seat 1: Manifestorr ($100 in chips) 
Seat 2: Rysiff ($107.27 in chips) 
Seat 4: LuckyShikari ($140.83 in chips) 
Seat 5: StephenFlynn ($77.43 in chips) 
Seat 6: EasyGamerrr ($214.39 in chips) 
StephenFlynn: posts small blind $0.50
EasyGamerrr: posts big blind $1
*** HOLE CARDS ***
Manifestorr: folds 
Rysiff: folds 
LuckyShikari: raises $3 to $4
StephenFlynn: calls $3.50
EasyGamerrr: calls $3
*** FLOP *** [Qh Th 4c]
StephenFlynn: checks 
EasyGamerrr: checks 
LuckyShikari: bets $3
StephenFlynn: raises $6 to $9
EasyGamerrr: folds 
LuckyShikari: folds 
Uncalled bet ($6) returned to StephenFlynn
StephenFlynn collected $17.10 from pot
*** SUMMARY ***
Total pot $18 | Rake $0.90 
Board [Qh Th 4c]
Seat 3: XneferX
Seat 1: Manifestorr folded before Flop (didn't bet)
Seat 2: Rysiff folded before Flop (didn't bet)
Seat 4: LuckyShikari (button) folded on the Flop
Seat 5: StephenFlynn (small blind) collected ($17.10)
Seat 6: EasyGamerrr (big blind) folded on the Flop



PokerStars Hand #254325579962:  Hold'em No Limit ($0.50/$1.00 USD) - 2025/01/11 3:39:51 WET [2025/01/11 22:39:51 ET]
Table 'Alrami' 6-max Seat #5 is the button
Seat 3: XneferX ($101.23 in chips) is sitting out
Seat 1: Manifestorr ($100 in chips) 
Seat 2: Rysiff ($107.27 in chips) 
Seat 4: LuckyShikari ($133.83 in chips) 
Seat 5: StephenFlynn ($87.53 in chips) 
Seat 6: EasyGamerrr ($210.39 in chips) 
EasyGamerrr: posts small blind $0.50
Manifestorr: posts big blind $1
*** HOLE CARDS ***
Rysiff: raises $1.50 to $2.50
LuckyShikari: folds 
StephenFlynn: folds 
EasyGamerrr: folds 
Manifestorr: folds 
Uncalled bet ($1.50) returned to Rysiff
Rysiff collected $2.50 from pot
Rysiff: doesn't show hand 
*** SUMMARY ***
Total pot $2.50 | Rake $0 
Seat 3: XneferX
Seat 1: Manifestorr (big blind) folded before Flop
Seat 2: Rysiff collected ($2.50)
Seat 4: LuckyShikari folded before Flop (didn't bet)
Seat 5: StephenFlynn (button) folded before Flop (didn't bet)
Seat 6: EasyGamerrr (small blind) folded before Flop



PokerStars Hand #254325581349:  Hold'em No Limit ($0.50/$1.00 USD) - 2025/01/11 3:40:02 WET [2025/01/11 22:40:02 ET]
Table 'Alrami' 6-max Seat #6 is the button
Seat 3: XneferX ($101.23 in chips) is sitting out
Seat 1: Manifestorr ($100 in chips) 
Seat 2: Rysiff ($108.77 in chips) 
Seat 4: LuckyShikari ($133.83 in chips) 
Seat 5: StephenFlynn ($87.53 in chips) 
Seat 6: EasyGamerrr ($209.89 in chips) 
Manifestorr: posts small blind $0.50
Rysiff: posts big blind $1
*** HOLE CARDS ***
LuckyShikari: raises $2 to $3
StephenFlynn: folds 
EasyGamerrr: folds 
Manifestorr: folds 
Rysiff: folds 
Uncalled bet ($2) returned to LuckyShikari
LuckyShikari collected $2.50 from pot
LuckyShikari: doesn't show hand 
*** SUMMARY ***
Total pot $2.50 | Rake $0 
Seat 3: XneferX
Seat 1: Manifestorr (small blind) folded before Flop
Seat 2: Rysiff (big blind) folded before Flop
Seat 4: LuckyShikari collected ($2.50)
Seat 5: StephenFlynn folded before Flop (didn't bet)
Seat 6: EasyGamerrr (button) folded before Flop (didn't bet)



PokerStars Hand #254325582960:  Hold'em No Limit ($0.50/$1.00 USD) - 2025/01/11 3:40:13 WET [2025/01/11 22:40:13 ET]
Table 'Alrami' 6-max Seat #1 is the button
Seat 3: XneferX ($101.23 in chips) is sitting out
Seat 1: Manifestorr ($100 in chips) 
Seat 2: Rysiff ($107.77 in chips) 
Seat 4: LuckyShikari ($135.33 in chips) 
Seat 5: StephenFlynn ($87.53 in chips) 
Seat 6: EasyGamerrr ($209.89 in chips) 
Rysiff: posts small blind $0.50
LuckyShikari: posts big blind $1
*** HOLE CARDS ***
StephenFlynn: folds 
EasyGamerrr: folds 
Manifestorr: folds 
Rysiff: raises $2 to $3
LuckyShikari: raises $3.50 to $6.50
Rysiff: calls $3.50
*** FLOP *** [9h 3c Kc]
Rysiff: checks 
LuckyShikari: bets $3
Rysiff: calls $3
*** TURN *** [9h 3c Kc] [4c]
Rysiff: checks 
LuckyShikari: bets $13.54
Rysiff: calls $13.54
*** RIVER *** [9h 3c Kc 4c] [Qs]
Rysiff: checks 
LuckyShikari: checks 
*** SHOW DOWN ***
Rysiff: shows [Ac 5c] (a flush, Ace high)
LuckyShikari: mucks hand 
Rysiff collected $43.78 from pot
*** SUMMARY ***
Total pot $46.08 | Rake $2.30 
Board [9h 3c Kc 4c Qs]
Seat 3: XneferX
Seat 1: Manifestorr (button) folded before Flop (didn't bet)
Seat 2: Rysiff (small blind) showed [Ac 5c] and won ($43.78) with a flush, Ace high
Seat 4: LuckyShikari (big blind) mucked
Seat 5: StephenFlynn folded before Flop (didn't bet)
Seat 6: EasyGamerrr folded before Flop (didn't bet)



PokerStars Hand #254325591811:  Hold'em No Limit ($0.50/$1.00 USD) - 2025/01/11 3:41:20 WET [2025/01/11 22:41:20 ET]
Table 'Alrami' 6-max Seat #2 is the button
Seat 3: XneferX ($101.23 in chips) is sitting out
Seat 1: Manifestorr ($100 in chips) 
Seat 2: Rysiff ($128.51 in chips) 
Seat 4: LuckyShikari ($112.29 in chips) 
Seat 5: StephenFlynn ($87.53 in chips) 
Seat 6: EasyGamerrr ($209.89 in chips) 
LuckyShikari: posts small blind $0.50
StephenFlynn: posts big blind $1
*** HOLE CARDS ***
EasyGamerrr: folds 
Manifestorr: raises $1.20 to $2.20
Rysiff: folds 
LuckyShikari: raises $9.80 to $12
StephenFlynn: folds 
Manifestorr: folds 
Uncalled bet ($9.80) returned to LuckyShikari
LuckyShikari collected $5.40 from pot
LuckyShikari: doesn't show hand 
*** SUMMARY ***
Total pot $5.40 | Rake $0 
Seat 3: XneferX
Seat 1: Manifestorr folded before Flop
Seat 2: Rysiff (button) folded before Flop (didn't bet)
Seat 4: LuckyShikari (small blind) collected ($5.40)
Seat 5: StephenFlynn (big blind) folded before Flop
Seat 6: EasyGamerrr folded before Flop (didn't bet)



PokerStars Hand #254325594730:  Hold'em No Limit ($0.50/$1.00 USD) - 2025/01/11 3:41:42 WET [2025/01/11 22:41:42 ET]
Table 'Alrami' 6-max Seat #4 is the button
Seat 3: XneferX ($101.23 in chips) is sitting out
Seat 1: Manifestorr ($100 in chips) 
Seat 2: Rysiff ($128.51 in chips) 
Seat 4: LuckyShikari ($115.49 in chips) 
Seat 5: StephenFlynn ($86.53 in chips) 
Seat 6: EasyGamerrr ($209.89 in chips) 
StephenFlynn: posts small blind $0.50
EasyGamerrr: posts big blind $1
*** HOLE CARDS ***
Manifestorr: folds 
Rysiff: folds 
LuckyShikari: raises $2 to $3
StephenFlynn: calls $2.50
EasyGamerrr: folds 
*** FLOP *** [2c 3h 3c]
StephenFlynn: checks 
LuckyShikari: bets $3
StephenFlynn: calls $3
*** TURN *** [2c 3h 3c] [5h]
StephenFlynn: checks 
LuckyShikari: bets $18.53
StephenFlynn: folds 
Uncalled bet ($18.53) returned to LuckyShikari
LuckyShikari collected $12.35 from pot
LuckyShikari: doesn't show hand 
*** SUMMARY ***
Total pot $13 | Rake $0.65 
Board [2c 3h 3c 5h]
Seat 3: XneferX
Seat 1: Manifestorr folded before Flop (didn't bet)
Seat 2: Rysiff folded before Flop (didn't bet)
Seat 4: LuckyShikari (button) collected ($12.35)
Seat 5: StephenFlynn (small blind) folded on the Turn
Seat 6: EasyGamerrr (big blind) folded before Flop



PokerStars Hand #254325600304:  Hold'em No Limit ($0.50/$1.00 USD) - 2025/01/11 3:42:23 WET [2025/01/11 22:42:23 ET]
Table 'Alrami' 6-max Seat #5 is the button
Seat 3: XneferX ($101.23 in chips) is sitting out
Seat 1: Manifestorr ($100 in chips) 
Seat 2: Rysiff ($128.51 in chips) 
Seat 4: LuckyShikari ($121.84 in chips) 
Seat 5: StephenFlynn ($80.53 in chips) 
Seat 6: EasyGamerrr ($208.89 in chips) 
EasyGamerrr: posts small blind $0.50
Manifestorr: posts big blind $1
XneferX: sits out 
*** HOLE CARDS ***
Rysiff: folds 
LuckyShikari: folds 
StephenFlynn: folds 
EasyGamerrr: raises $2 to $3
Manifestorr: folds 
Uncalled bet ($2) returned to EasyGamerrr
EasyGamerrr collected $2 from pot
EasyGamerrr: doesn't show hand 
*** SUMMARY ***
Total pot $2 | Rake $0 
Seat 3: XneferX
Seat 1: Manifestorr (big blind) folded before Flop
Seat 2: Rysiff folded before Flop (didn't bet)
Seat 4: LuckyShikari folded before Flop (didn't bet)
Seat 5: StephenFlynn (button) folded before Flop (didn't bet)
Seat 6: EasyGamerrr (small blind) collected ($2)



PokerStars Hand #254325602429:  Hold'em No Limit ($0.50/$1.00 USD) - 2025/01/11 3:42:40 WET [2025/01/11 22:42:40 ET]
Table 'Alrami' 6-max Seat #6 is the button
Seat 3: XneferX ($101.23 in chips) is sitting out
Seat 1: Manifestorr ($100 in chips) 
Seat 2: Rysiff ($128.51 in chips) 
Seat 4: LuckyShikari ($121.84 in chips) 
Seat 5: StephenFlynn ($80.53 in chips) 
Seat 6: EasyGamerrr ($209.89 in chips) 
Manifestorr: posts small blind $0.50
Rysiff: posts big blind $1
XneferX: sits out 
*** HOLE CARDS ***
LuckyShikari: folds 
StephenFlynn: raises $2 to $3
EasyGamerrr: folds 
Manifestorr: folds 
Rysiff: folds 
Uncalled bet ($2) returned to StephenFlynn
StephenFlynn collected $2.50 from pot
*** SUMMARY ***
Total pot $2.50 | Rake $0 
Seat 3: XneferX
Seat 1: Manifestorr (small blind) folded before Flop
Seat 2: Rysiff (big blind) folded before Flop
Seat 4: LuckyShikari folded before Flop (didn't bet)
Seat 5: StephenFlynn collected ($2.50)
Seat 6: EasyGamerrr (button) folded before Flop (didn't bet)



PokerStars Hand #254325603907:  Hold'em No Limit ($0.50/$1.00 USD) - 2025/01/11 3:42:51 WET [2025/01/11 22:42:51 ET]
Table 'Alrami' 6-max Seat #1 is the button
Seat 1: Manifestorr ($100 in chips) 
Seat 2: Rysiff ($127.51 in chips) 
Seat 3: XneferX ($101.23 in chips) 
Seat 4: LuckyShikari ($121.84 in chips) 
Seat 5: StephenFlynn ($82.03 in chips) 
Seat 6: EasyGamerrr ($209.89 in chips) 
Rysiff: posts small blind $0.50
XneferX: posts big blind $1
*** HOLE CARDS ***
LuckyShikari: raises $2 to $3
StephenFlynn: calls $3
EasyGamerrr: folds 
Manifestorr: folds 
Rysiff: folds 
XneferX: folds 
*** FLOP *** [5s As 8s]
LuckyShikari: bets $3
StephenFlynn: calls $3
*** TURN *** [5s As 8s] [9h]
LuckyShikari: bets $3
StephenFlynn: folds 
Uncalled bet ($3) returned to LuckyShikari
LuckyShikari collected $12.82 from pot
LuckyShikari: doesn't show hand 
*** SUMMARY ***
Total pot $13.50 | Rake $0.68 
Board [5s As 8s 9h]
Seat 1: Manifestorr (button) folded before Flop (didn't bet)
Seat 2: Rysiff (small blind) folded before Flop
Seat 3: XneferX (big blind) folded before Flop
Seat 4: LuckyShikari collected ($12.82)
Seat 5: StephenFlynn folded on the Turn
Seat 6: EasyGamerrr folded before Flop (didn't bet)



PokerStars Hand #254325608356:  Hold'em No Limit ($0.50/$1.00 USD) - 2025/01/11 3:43:24 WET [2025/01/11 22:43:24 ET]
Table 'Alrami' 6-max Seat #2 is the button
Seat 1: Manifestorr ($100 in chips) 
Seat 2: Rysiff ($127.01 in chips) 
Seat 3: XneferX ($100.23 in chips) 
Seat 4: LuckyShikari ($128.66 in chips) 
Seat 5: StephenFlynn ($76.03 in chips) 
Seat 6: EasyGamerrr ($209.89 in chips) 
XneferX: posts small blind $0.50
LuckyShikari: posts big blind $1
*** HOLE CARDS ***
StephenFlynn: folds 
EasyGamerrr: raises $1 to $2
Manifestorr: folds 
Rysiff: folds 
XneferX: folds 
LuckyShikari: folds 
Uncalled bet ($1) returned to EasyGamerrr
EasyGamerrr collected $2.50 from pot
EasyGamerrr: doesn't show hand 
*** SUMMARY ***
Total pot $2.50 | Rake $0 
Seat 1: Manifestorr folded before Flop (didn't bet)
Seat 2: Rysiff (button) folded before Flop (didn't bet)
Seat 3: XneferX (small blind) folded before Flop
Seat 4: LuckyShikari (big blind) folded before Flop
Seat 5: StephenFlynn folded before Flop (didn't bet)
Seat 6: EasyGamerrr collected ($2.50)



PokerStars Hand #254325611543:  Hold'em No Limit ($0.50/$1.00 USD) - 2025/01/11 3:43:48 WET [2025/01/11 22:43:48 ET]
Table 'Alrami' 6-max Seat #3 is the button
Seat 1: Manifestorr ($100 in chips) 
Seat 2: Rysiff ($127.01 in chips) 
Seat 3: XneferX ($100 in chips) 
Seat 4: LuckyShikari ($127.66 in chips) 
Seat 5: StephenFlynn ($76.03 in chips) 
Seat 6: EasyGamerrr ($211.39 in chips) 
LuckyShikari: posts small blind $0.50
StephenFlynn: posts big blind $1
*** HOLE CARDS ***
EasyGamerrr: folds 
Manifestorr: raises $1.20 to $2.20
Rysiff: folds 
XneferX: folds 
LuckyShikari: folds 
StephenFlynn: folds 
Uncalled bet ($1.20) returned to Manifestorr
Manifestorr collected $2.50 from pot
*** SUMMARY ***
Total pot $2.50 | Rake $0 
Seat 1: Manifestorr collected ($2.50)
Seat 2: Rysiff folded before Flop (didn't bet)
Seat 3: XneferX (button) folded before Flop (didn't bet)
Seat 4: LuckyShikari (small blind) folded before Flop
Seat 5: StephenFlynn (big blind) folded before Flop
Seat 6: EasyGamerrr folded before Flop (didn't bet)



PokerStars Hand #254325613832:  Hold'em No Limit ($0.50/$1.00 USD) - 2025/01/11 3:44:06 WET [2025/01/11 22:44:06 ET]
Table 'Alrami' 6-max Seat #4 is the button
Seat 1: Manifestorr ($101.50 in chips) 
Seat 2: Rysiff ($127.01 in chips) 
Seat 3: XneferX ($100 in chips) 
Seat 4: LuckyShikari ($127.16 in chips) 
Seat 5: StephenFlynn ($75.03 in chips) 
Seat 6: EasyGamerrr ($211.39 in chips) 
StephenFlynn: posts small blind $0.50
EasyGamerrr: posts big blind $1
*** HOLE CARDS ***
Manifestorr: folds 
Rysiff: folds 
XneferX: folds 
LuckyShikari: raises $2 to $3
StephenFlynn: calls $2.50
EasyGamerrr: folds 
*** FLOP *** [Qd 9h 7d]
StephenFlynn: checks 
LuckyShikari: bets $3
StephenFlynn: raises $4 to $7
LuckyShikari: calls $4
*** TURN *** [Qd 9h 7d] [7s]
StephenFlynn: bets $10
LuckyShikari: calls $10
*** RIVER *** [Qd 9h 7d 7s] [4c]
StephenFlynn: bets $20.48
LuckyShikari: calls $20.48
*** SHOW DOWN ***
StephenFlynn: shows [8d As] (a pair of Sevens)
LuckyShikari: shows [3d Qh] (two pair, Queens and Sevens)
LuckyShikari collected $79.46 from pot
*** SUMMARY ***
Total pot $81.96 | Rake $2.50 
Board [Qd 9h 7d 7s 4c]
Seat 1: Manifestorr folded before Flop (didn't bet)
Seat 2: Rysiff folded before Flop (didn't bet)
Seat 3: XneferX folded before Flop (didn't bet)
Seat 4: LuckyShikari (button) showed [3d Qh] and won ($79.46) with two pair, Queens and Sevens
Seat 5: StephenFlynn (small blind) showed [8d As] and lost with a pair of Sevens
Seat 6: EasyGamerrr (big blind) folded before Flop



PokerStars Hand #254325620839:  Hold'em No Limit ($0.50/$1.00 USD) - 2025/01/11 3:45:00 WET [2025/01/11 22:45:00 ET]
Table 'Alrami' 6-max Seat #5 is the button
Seat 1: Manifestorr ($101.50 in chips) 
Seat 2: Rysiff ($127.01 in chips) 
Seat 3: XneferX ($100 in chips) 
Seat 4: LuckyShikari ($166.14 in chips) 
Seat 5: StephenFlynn ($34.55 in chips) 
Seat 6: EasyGamerrr ($210.39 in chips) 
EasyGamerrr: posts small blind $0.50
Manifestorr: posts big blind $1
*** HOLE CARDS ***
Rysiff: folds 
XneferX: folds 
LuckyShikari: folds 
StephenFlynn: raises $2 to $3
EasyGamerrr: folds 
Manifestorr is connected 
Manifestorr: calls $2
*** FLOP *** [2d 9d 7h]
Manifestorr: checks 
StephenFlynn: bets $4
Manifestorr: folds 
Uncalled bet ($4) returned to StephenFlynn
StephenFlynn collected $6.18 from pot
*** SUMMARY ***
Total pot $6.50 | Rake $0.32 
Board [2d 9d 7h]
Seat 1: Manifestorr (big blind) folded on the Flop
Seat 2: Rysiff folded before Flop (didn't bet)
Seat 3: XneferX folded before Flop (didn't bet)
Seat 4: LuckyShikari folded before Flop (didn't bet)
Seat 5: StephenFlynn (button) collected ($6.18)
Seat 6: EasyGamerrr (small blind) folded before Flop



PokerStars Hand #254325625101:  Hold'em No Limit ($0.50/$1.00 USD) - 2025/01/11 3:45:32 WET [2025/01/11 22:45:32 ET]
Table 'Alrami' 6-max Seat #6 is the button
Seat 1: Manifestorr ($98.50 in chips) 
Seat 2: Rysiff ($127.01 in chips) 
Seat 3: XneferX ($100 in chips) 
Seat 4: LuckyShikari ($166.14 in chips) 
Seat 5: StephenFlynn ($37.73 in chips) 
Seat 6: EasyGamerrr ($209.89 in chips) 
Manifestorr: posts small blind $0.50
Rysiff: posts big blind $1
*** HOLE CARDS ***
XneferX: raises $1.20 to $2.20
LuckyShikari: folds 
StephenFlynn: calls $2.20
EasyGamerrr: folds 
Manifestorr: folds 
Rysiff: folds 
*** FLOP *** [Jh 7c 8d]
XneferX: bets $1.20
StephenFlynn: folds 
Uncalled bet ($1.20) returned to XneferX
XneferX collected $5.60 from pot
XneferX: doesn't show hand 
*** SUMMARY ***
Total pot $5.90 | Rake $0.30 
Board [Jh 7c 8d]
Seat 1: Manifestorr (small blind) folded before Flop
Seat 2: Rysiff (big blind) folded before Flop
Seat 3: XneferX collected ($5.60)
Seat 4: LuckyShikari folded before Flop (didn't bet)
Seat 5: StephenFlynn folded on the Flop
Seat 6: EasyGamerrr (button) folded before Flop (didn't bet)



PokerStars Hand #254325629707:  Hold'em No Limit ($0.50/$1.00 USD) - 2025/01/11 3:46:08 WET [2025/01/11 22:46:08 ET]
Table 'Alrami' 6-max Seat #1 is the button
Seat 1: Manifestorr ($98 in chips) 
Seat 2: Rysiff ($126.01 in chips) 
Seat 3: XneferX ($103.40 in chips) 
Seat 4: LuckyShikari ($166.14 in chips) 
Seat 5: StephenFlynn ($35.53 in chips) 
Seat 6: EasyGamerrr ($209.89 in chips) 
Rysiff: posts small blind $0.50
XneferX: posts big blind $1
*** HOLE CARDS ***
LuckyShikari: folds 
StephenFlynn: folds 
EasyGamerrr: folds 
Manifestorr: folds 
Rysiff: raises $2 to $3
XneferX: calls $2
*** FLOP *** [Ks 9h 6s]
Rysiff: checks 
XneferX: checks 
*** TURN *** [Ks 9h 6s] [3c]
Rysiff: checks 
XneferX: checks 
*** RIVER *** [Ks 9h 6s 3c] [Jc]
Rysiff: bets $1.88
XneferX: folds 
Uncalled bet ($1.88) returned to Rysiff
Rysiff collected $5.70 from pot
Rysiff: doesn't show hand 
*** SUMMARY ***
Total pot $6 | Rake $0.30 
Board [Ks 9h 6s 3c Jc]
Seat 1: Manifestorr (button) folded before Flop (didn't bet)
Seat 2: Rysiff (small blind) collected ($5.70)
Seat 3: XneferX (big blind) folded on the River
Seat 4: LuckyShikari folded before Flop (didn't bet)
Seat 5: StephenFlynn folded before Flop (didn't bet)
Seat 6: EasyGamerrr folded before Flop (didn't bet)



PokerStars Hand #254325640586:  Hold'em No Limit ($0.50/$1.00 USD) - 2025/01/11 3:47:32 WET [2025/01/11 22:47:32 ET]
Table 'Alrami' 6-max Seat #2 is the button
Seat 1: Manifestorr ($98 in chips) 
Seat 2: Rysiff ($128.71 in chips) 
Seat 3: XneferX ($100.40 in chips) 
Seat 4: LuckyShikari ($166.14 in chips) 
Seat 5: StephenFlynn ($35.53 in chips) 
Seat 6: EasyGamerrr ($209.89 in chips) 
XneferX: posts small blind $0.50
LuckyShikari: posts big blind $1
*** HOLE CARDS ***
StephenFlynn: raises $2 to $3
EasyGamerrr: folds 
Manifestorr: folds 
Rysiff: raises $6 to $9
XneferX: folds 
LuckyShikari: folds 
StephenFlynn: calls $6
*** FLOP *** [Jc 6d 4d]
StephenFlynn: checks 
Rysiff: bets $3.70
StephenFlynn: calls $3.70
*** TURN *** [Jc 6d 4d] [7s]
StephenFlynn: checks 
Rysiff: bets $5.11
StephenFlynn: raises $17.72 to $22.83 and is all-in
Rysiff: calls $17.72
*** RIVER *** [Jc 6d 4d 7s] [4h]
*** SHOW DOWN ***
StephenFlynn: shows [Th 8c] (a pair of Fours)
Rysiff: shows [Jd Kd] (two pair, Jacks and Fours)
Rysiff collected $70.06 from pot
*** SUMMARY ***
Total pot $72.56 | Rake $2.50 
Board [Jc 6d 4d 7s 4h]
Seat 1: Manifestorr folded before Flop (didn't bet)
Seat 2: Rysiff (button) showed [Jd Kd] and won ($70.06) with two pair, Jacks and Fours
Seat 3: XneferX (small blind) folded before Flop
Seat 4: LuckyShikari (big blind) folded before Flop
Seat 5: StephenFlynn showed [Th 8c] and lost with a pair of Fours
Seat 6: EasyGamerrr folded before Flop (didn't bet)



PokerStars Hand #254325649810:  Hold'em No Limit ($0.50/$1.00 USD) - 2025/01/11 3:48:43 WET [2025/01/11 22:48:43 ET]
Table 'Alrami' 6-max Seat #3 is the button
Seat 5: StephenFlynn ($0 in chips) is sitting out
Seat 1: Manifestorr ($98 in chips) 
Seat 2: Rysiff ($163.24 in chips) 
Seat 3: XneferX ($100 in chips) 
Seat 4: LuckyShikari ($165.14 in chips) 
Seat 6: EasyGamerrr ($209.89 in chips) 
LuckyShikari: posts small blind $0.50
EasyGamerrr: posts big blind $1
*** HOLE CARDS ***
Manifestorr: folds 
Rysiff: folds 
XneferX: folds 
LuckyShikari: raises $2 to $3
StephenFlynn leaves the table
EasyGamerrr: folds 
Uncalled bet ($2) returned to LuckyShikari
LuckyShikari collected $2 from pot
LuckyShikari: doesn't show hand 
*** SUMMARY ***
Total pot $2 | Rake $0 
Seat 5: StephenFlynn
Seat 1: Manifestorr folded before Flop (didn't bet)
Seat 2: Rysiff folded before Flop (didn't bet)
Seat 3: XneferX (button) folded before Flop (didn't bet)
Seat 4: LuckyShikari (small blind) collected ($2)
Seat 6: EasyGamerrr (big blind) folded before Flop



PokerStars Hand #254325652667:  Hold'em No Limit ($0.50/$1.00 USD) - 2025/01/11 3:49:04 WET [2025/01/11 22:49:04 ET]
Table 'Alrami' 6-max Seat #4 is the button
Seat 6: EasyGamerrr ($208.89 in chips) is sitting out
Seat 1: Manifestorr ($98 in chips) 
Seat 2: Rysiff ($163.24 in chips) 
Seat 3: XneferX ($100 in chips) 
Seat 4: LuckyShikari ($166.14 in chips) 
Manifestorr: posts small blind $0.50
Rysiff: posts big blind $1
*** HOLE CARDS ***
XneferX: raises $1.20 to $2.20
LuckyShikari: folds 
Manifestorr: folds 
Rysiff: folds 
Uncalled bet ($1.20) returned to XneferX
EasyGamerrr leaves the table
XneferX collected $2.50 from pot
XneferX: doesn't show hand 
*** SUMMARY ***
Total pot $2.50 | Rake $0 
Seat 6: EasyGamerrr
Seat 1: Manifestorr (small blind) folded before Flop
Seat 2: Rysiff (big blind) folded before Flop
Seat 3: XneferX collected ($2.50)
Seat 4: LuckyShikari (button) folded before Flop (didn't bet)



PokerStars Hand #254325655514:  Hold'em No Limit ($0.50/$1.00 USD) - 2025/01/11 3:49:26 WET [2025/01/11 22:49:26 ET]
Table 'Alrami' 6-max Seat #1 is the button
Seat 3: XneferX ($101.50 in chips) is sitting out
Seat 1: Manifestorr ($97.50 in chips) 
Seat 2: Rysiff ($162.24 in chips) 
Seat 4: LuckyShikari ($166.14 in chips) 
Rysiff: posts small blind $0.50
LuckyShikari: posts big blind $1
*** HOLE CARDS ***
XneferX leaves the table
Manifestorr: folds 
Rysiff: folds 
Uncalled bet ($0.50) returned to LuckyShikari
LuckyShikari collected $1 from pot
LuckyShikari: doesn't show hand 
*** SUMMARY ***
Total pot $1 | Rake $0 
Seat 3: XneferX
Seat 1: Manifestorr (button) folded before Flop (didn't bet)
Seat 2: Rysiff (small blind) folded before Flop
Seat 4: LuckyShikari (big blind) collected ($1)



PokerStars Hand #254325660521:  Hold'em No Limit ($0.50/$1.00 USD) - 2025/01/11 3:50:05 WET [2025/01/11 22:50:05 ET]
Table 'Alrami' 6-max Seat #2 is the button
Seat 2: BeauParleur ($100 in chips) 
Seat 3: EasyGamerrr ($208.89 in chips) 
Seat 4: LuckyShikari ($166.64 in chips) 
EasyGamerrr: posts small blind $0.50
LuckyShikari: posts big blind $1
*** HOLE CARDS ***
BeauParleur: raises $1.50 to $2.50
EasyGamerrr: folds 
LuckyShikari: calls $1.50
*** FLOP *** [9h Ac 2s]
LuckyShikari: checks 
BeauParleur: bets $1.72
LuckyShikari: calls $1.72
*** TURN *** [9h Ac 2s] [6c]
LuckyShikari: bets $3
BeauParleur: raises $18.11 to $21.11
LuckyShikari: folds 
Uncalled bet ($18.11) returned to BeauParleur
BeauParleur collected $14.19 from pot
BeauParleur: doesn't show hand 
*** SUMMARY ***
Total pot $14.94 | Rake $0.75 
Board [9h Ac 2s 6c]
Seat 2: BeauParleur (button) collected ($14.19)
Seat 3: EasyGamerrr (small blind) folded before Flop
Seat 4: LuckyShikari (big blind) folded on the Turn



PokerStars Hand #254325665906:  Hold'em No Limit ($0.50/$1.00 USD) - 2025/01/11 3:50:46 WET [2025/01/11 22:50:46 ET]
Table 'Alrami' 6-max Seat #3 is the button
Seat 2: BeauParleur ($106.97 in chips) 
Seat 3: EasyGamerrr ($208.39 in chips) 
Seat 4: LuckyShikari ($159.42 in chips) 
LuckyShikari: posts small blind $0.50
BeauParleur: posts big blind $1
*** HOLE CARDS ***
EasyGamerrr: folds 
sofian503 joins the table at seat #5 
sofian503 is disconnected 
LuckyShikari: raises $2 to $3
Rysiff joins the table at seat #1 
BeauParleur: raises $7 to $10
LuckyShikari: folds 
Uncalled bet ($7) returned to BeauParleur
BeauParleur collected $6 from pot
BeauParleur: doesn't show hand 
*** SUMMARY ***
Total pot $6 | Rake $0 
Seat 2: BeauParleur (big blind) collected ($6)
Seat 3: EasyGamerrr (button) folded before Flop (didn't bet)
Seat 4: LuckyShikari (small blind) folded before Flop



PokerStars Hand #254325669114:  Hold'em No Limit ($0.50/$1.00 USD) - 2025/01/11 3:51:11 WET [2025/01/11 22:51:11 ET]
Table 'Alrami' 6-max Seat #4 is the button
Seat 1: Rysiff ($161.74 in chips) is sitting out
Seat 5: sofian503 ($12.45 in chips) is sitting out
Seat 2: BeauParleur ($109.97 in chips) 
Seat 3: EasyGamerrr ($208.39 in chips) 
Seat 4: LuckyShikari ($156.42 in chips) 
BeauParleur: posts small blind $0.50
EasyGamerrr: posts big blind $1
*** HOLE CARDS ***
LuckyShikari: raises $2 to $3
BeauParleur: folds 
XneferX joins the table at seat #6 
EasyGamerrr: calls $2
*** FLOP *** [8s Th Kd]
EasyGamerrr: checks 
LuckyShikari: bets $3
EasyGamerrr: folds 
Uncalled bet ($3) returned to LuckyShikari
LuckyShikari collected $6.18 from pot
LuckyShikari: doesn't show hand 
*** SUMMARY ***
Total pot $6.50 | Rake $0.32 
Board [8s Th Kd]
Seat 1: Rysiff
Seat 5: sofian503
Seat 2: BeauParleur (small blind) folded before Flop
Seat 3: EasyGamerrr (big blind) folded on the Flop
Seat 4: LuckyShikari (button) collected ($6.18)



PokerStars Hand #254325673181:  Hold'em No Limit ($0.50/$1.00 USD) - 2025/01/11 3:51:43 WET [2025/01/11 22:51:43 ET]
Table 'Alrami' 6-max Seat #2 is the button
Seat 1: Rysiff ($161.74 in chips) is sitting out
Seat 5: sofian503 ($12.45 in chips) is sitting out
Seat 6: XneferX ($101.50 in chips) is sitting out
Seat 2: BeauParleur ($109.47 in chips) 
Seat 3: EasyGamerrr ($205.39 in chips) 
Seat 4: LuckyShikari ($159.60 in chips) 
EasyGamerrr: posts small blind $0.50
LuckyShikari: posts big blind $1
sofian503: sits out 
XneferX: sits out 
Rysiff: sits out 
*** HOLE CARDS ***
BeauParleur: raises $1.50 to $2.50
EasyGamerrr: raises $8.50 to $11
LuckyShikari: folds 
BeauParleur: calls $8.50
*** FLOP *** [2c 4s Qh]
EasyGamerrr: bets $7.26
BeauParleur: folds 
Uncalled bet ($7.26) returned to EasyGamerrr
EasyGamerrr collected $22 from pot
EasyGamerrr: doesn't show hand 
*** SUMMARY ***
Total pot $23 | Rake $1 
Board [2c 4s Qh]
Seat 1: Rysiff
Seat 5: sofian503
Seat 6: XneferX
Seat 2: BeauParleur (button) folded on the Flop
Seat 3: EasyGamerrr (small blind) collected ($22)
Seat 4: LuckyShikari (big blind) folded before Flop



PokerStars Hand #254325677944:  Hold'em No Limit ($0.50/$1.00 USD) - 2025/01/11 3:52:20 WET [2025/01/11 22:52:20 ET]
Table 'Alrami' 6-max Seat #3 is the button
Seat 1: Rysiff ($161.74 in chips) is sitting out
Seat 6: XneferX ($101.50 in chips) is sitting out
Seat 2: BeauParleur ($100 in chips) 
Seat 3: EasyGamerrr ($216.39 in chips) 
Seat 4: LuckyShikari ($158.60 in chips) 
Seat 5: sofian503 ($12.45 in chips) 
LuckyShikari: posts small blind $0.50
sofian503: posts big blind $1
XneferX: sits out 
Rysiff: sits out 
*** HOLE CARDS ***
BeauParleur: raises $1.25 to $2.25
EasyGamerrr: folds 
LuckyShikari: calls $1.75
sofian503: raises $10.20 to $12.45 and is all-in
BeauParleur: raises $13.55 to $26
LuckyShikari: folds 
Uncalled bet ($13.55) returned to BeauParleur
EasyGamerrr leaves the table
*** FLOP *** [4d Qc 3s]
*** TURN *** [4d Qc 3s] [Ts]
*** RIVER *** [4d Qc 3s Ts] [5d]
*** SHOW DOWN ***
sofian503: shows [Jc 7c] (high card Queen)
BeauParleur: shows [Td Ad] (a pair of Tens)
BeauParleur collected $26.15 from pot
*** SUMMARY ***
Total pot $27.15 | Rake $1 
Board [4d Qc 3s Ts 5d]
Seat 1: Rysiff
Seat 6: XneferX
Seat 2: BeauParleur showed [Td Ad] and won ($26.15) with a pair of Tens
Seat 3: EasyGamerrr (button) folded before Flop (didn't bet)
Seat 4: LuckyShikari (small blind) folded before Flop
Seat 5: sofian503 (big blind) showed [Jc 7c] and lost with high card Queen



PokerStars Hand #254325683125:  Hold'em No Limit ($0.50/$1.00 USD) - 2025/01/11 3:53:01 WET [2025/01/11 22:53:01 ET]
Table 'Alrami' 6-max Seat #4 is the button
Seat 1: Rysiff ($161.74 in chips) is sitting out
Seat 5: sofian503 ($0 in chips) is sitting out
Seat 6: XneferX ($101.50 in chips) is sitting out
Seat 2: BeauParleur ($113.70 in chips) 
Seat 4: LuckyShikari ($156.35 in chips) 
LuckyShikari: posts small blind $0.50
BeauParleur: posts big blind $1
*** HOLE CARDS ***
LuckyShikari: raises $2.50 to $3.50
BeauParleur: folds 
Uncalled bet ($2.50) returned to LuckyShikari
LuckyShikari collected $2 from pot
LuckyShikari: doesn't show hand 
*** SUMMARY ***
Total pot $2 | Rake $0 
Seat 1: Rysiff
Seat 5: sofian503
Seat 6: XneferX
Seat 2: BeauParleur (big blind) folded before Flop
Seat 4: LuckyShikari (button) (small blind) collected ($2)



PokerStars Hand #254325683992:  Hold'em No Limit ($0.50/$1.00 USD) - 2025/01/11 3:53:08 WET [2025/01/11 22:53:08 ET]
Table 'Alrami' 6-max Seat #2 is the button
Seat 1: Rysiff ($161.74 in chips) is sitting out
Seat 5: sofian503 ($0 in chips) is sitting out
Seat 2: BeauParleur ($112.70 in chips) 
Seat 4: LuckyShikari ($157.35 in chips) 
Seat 6: XneferX ($101.50 in chips) 
LuckyShikari: posts small blind $0.50
XneferX: posts big blind $1
Rysiff: sits out 
*** HOLE CARDS ***
BeauParleur: raises $1.50 to $2.50
sofian503 leaves the table
LuckyShikari: folds 
XneferX: folds 
Uncalled bet ($1.50) returned to BeauParleur
BeauParleur collected $2.50 from pot
BeauParleur: doesn't show hand 
*** SUMMARY ***
Total pot $2.50 | Rake $0 
Seat 1: Rysiff
Seat 5: sofian503
Seat 2: BeauParleur (button) collected ($2.50)
Seat 4: LuckyShikari (small blind) folded before Flop
Seat 6: XneferX (big blind) folded before Flop



PokerStars Hand #254325685496:  Hold'em No Limit ($0.50/$1.00 USD) - 2025/01/11 3:53:19 WET [2025/01/11 22:53:19 ET]
Table 'Alrami' 6-max Seat #4 is the button
Seat 1: Rysiff ($161.74 in chips) 
Seat 2: BeauParleur ($114.20 in chips) 
Seat 4: LuckyShikari ($156.85 in chips) 
Seat 6: XneferX ($100.50 in chips) 
XneferX: posts small blind $0.50
Rysiff: posts big blind $1
*** HOLE CARDS ***
BeauParleur: folds 
LuckyShikari: raises $2.50 to $3.50
XneferX: folds 
Rysiff: folds 
Uncalled bet ($2.50) returned to LuckyShikari
XneferX leaves the table
LuckyShikari collected $2.50 from pot
LuckyShikari: doesn't show hand 
*** SUMMARY ***
Total pot $2.50 | Rake $0 
Seat 1: Rysiff (big blind) folded before Flop
Seat 2: BeauParleur folded before Flop (didn't bet)
Seat 4: LuckyShikari (button) collected ($2.50)
Seat 6: XneferX (small blind) folded before Flop



PokerStars Hand #254325689869:  Hold'em No Limit ($0.50/$1.00 USD) - 2025/01/11 3:53:54 WET [2025/01/11 22:53:54 ET]
Table 'Alrami' 6-max Seat #1 is the button
Seat 1: Rysiff ($160.74 in chips) 
Seat 2: BeauParleur ($114.20 in chips) 
Seat 4: LuckyShikari ($158.35 in chips) 
BeauParleur: posts small blind $0.50
LuckyShikari: posts big blind $1
*** HOLE CARDS ***
Rysiff: folds 
BeauParleur: folds 
Uncalled bet ($0.50) returned to LuckyShikari
LuckyShikari collected $1 from pot
LuckyShikari: doesn't show hand 
*** SUMMARY ***
Total pot $1 | Rake $0 
Seat 1: Rysiff (button) folded before Flop (didn't bet)
Seat 2: BeauParleur (small blind) folded before Flop
Seat 4: LuckyShikari (big blind) collected ($1)



PokerStars Hand #254325690939:  Hold'em No Limit ($0.50/$1.00 USD) - 2025/01/11 3:54:03 WET [2025/01/11 22:54:03 ET]
Table 'Alrami' 6-max Seat #4 is the button
Seat 1: Rysiff ($160.74 in chips) is sitting out
Seat 2: BeauParleur ($113.70 in chips) 
Seat 4: LuckyShikari ($158.85 in chips) 
LuckyShikari: posts small blind $0.50
Rysiff: is sitting out 
BeauParleur: posts big blind $1
*** HOLE CARDS ***
Rysiff leaves the table
LuckyShikari: raises $2.50 to $3.50
BeauParleur: folds 
Uncalled bet ($2.50) returned to LuckyShikari
LuckyShikari collected $2 from pot
LuckyShikari: doesn't show hand 
*** SUMMARY ***
Total pot $2 | Rake $0 
Seat 1: Rysiff
Seat 2: BeauParleur (big blind) folded before Flop
Seat 4: LuckyShikari (button) (small blind) collected ($2)



PokerStars Hand #254325693637:  Hold'em No Limit ($0.50/$1.00 USD) - 2025/01/11 3:54:24 WET [2025/01/11 22:54:24 ET]
Table 'Alrami' 6-max Seat #2 is the button
Seat 2: BeauParleur ($112.70 in chips) 
Seat 4: LuckyShikari ($159.85 in chips) 
BeauParleur: posts small blind $0.50
LuckyShikari: posts big blind $1
*** HOLE CARDS ***
BeauParleur: raises $1.50 to $2.50
LuckyShikari: calls $1.50
*** FLOP *** [7d Qh As]
LuckyShikari: checks 
BeauParleur: bets $5.94
LuckyShikari: folds 
Uncalled bet ($5.94) returned to BeauParleur
BeauParleur collected $4.75 from pot
BeauParleur: doesn't show hand 
*** SUMMARY ***
Total pot $5 | Rake $0.25 
Board [7d Qh As]
Seat 2: BeauParleur (button) (small blind) collected ($4.75)
Seat 4: LuckyShikari (big blind) folded on the Flop



PokerStars Hand #254325696726:  Hold'em No Limit ($0.50/$1.00 USD) - 2025/01/11 3:54:48 WET [2025/01/11 22:54:48 ET]
Table 'Alrami' 6-max Seat #4 is the button
Seat 2: BeauParleur ($114.95 in chips) 
Seat 4: LuckyShikari ($157.35 in chips) 
LuckyShikari: posts small blind $0.50
BeauParleur: posts big blind $1
*** HOLE CARDS ***
LuckyShikari: raises $2.50 to $3.50
BeauParleur: raises $8.50 to $12
LuckyShikari: calls $8.50
*** FLOP *** [2d Qc 2c]
BeauParleur: bets $11.50
LuckyShikari: calls $11.50
*** TURN *** [2d Qc 2c] [Kd]
BeauParleur: bets $34.50
LuckyShikari: raises $99.35 to $133.85 and is all-in
BeauParleur: folds 
Uncalled bet ($99.35) returned to LuckyShikari
LuckyShikari collected $115 from pot
LuckyShikari: doesn't show hand 
*** SUMMARY ***
Total pot $116 | Rake $1 
Board [2d Qc 2c Kd]
Seat 2: BeauParleur (big blind) folded on the Turn
Seat 4: LuckyShikari (button) (small blind) collected ($115)



PokerStars Hand #254325700774:  Hold'em No Limit ($0.50/$1.00 USD) - 2025/01/11 3:55:24 WET [2025/01/11 22:55:24 ET]
Table 'Alrami' 6-max Seat #2 is the button
Seat 2: BeauParleur ($100 in chips) 
Seat 4: LuckyShikari ($214.35 in chips) 
BeauParleur: posts small blind $0.50
LuckyShikari: posts big blind $1
*** HOLE CARDS ***
BeauParleur: raises $1.50 to $2.50
LuckyShikari: calls $1.50
*** FLOP *** [4s Jh Ad]
LuckyShikari: checks 
BeauParleur: checks 
*** TURN *** [4s Jh Ad] [6d]
LuckyShikari: bets $3.50
BeauParleur: calls $3.50
*** RIVER *** [4s Jh Ad 6d] [Ks]
LuckyShikari: checks 
BeauParleur: checks 
*** SHOW DOWN ***
LuckyShikari: shows [5c 9h] (high card Ace)
BeauParleur: shows [7c As] (a pair of Aces)
BeauParleur collected $11.40 from pot
*** SUMMARY ***
Total pot $12 | Rake $0.60 
Board [4s Jh Ad 6d Ks]
Seat 2: BeauParleur (button) (small blind) showed [7c As] and won ($11.40) with a pair of Aces
Seat 4: LuckyShikari (big blind) showed [5c 9h] and lost with high card Ace



