PokerStars Hand #254311424442:  Hold'em No Limit ($0.50/$1.00 USD) - 2025/01/11 11:42:42 WET [2025/01/11 6:42:42 ET]
Table 'Lynx III' 6-max Seat #5 is the button
Seat 1: Rax1966 ($33.36 in chips) 
Seat 2: v.sting ($101.50 in chips) 
Seat 3: An1an1 ($101 in chips) 
Seat 4: gig.gyty ($101 in chips) 
Seat 5: MAO_DZEDYN_S ($99.50 in chips) 
Seat 6: gudrozd ($100.50 in chips) 
gudrozd: posts small blind $0.50
Rax1966: posts big blind $1
*** HOLE CARDS ***
v.sting: folds 
An1an1: folds 
gig.gyty: folds 
MAO_DZEDYN_S: folds 
gudrozd: raises $2 to $3
Rax1966: calls $2
*** FLOP *** [Th 7c 9s]
v.sting leaves the table
gudrozd: checks 
Rax1966: bets $2.85
gudrozd: folds 
Uncalled bet ($2.85) returned to Rax1966
Rax1966 collected $5.62 from pot
*** SUMMARY ***
Total pot $6 | Rake $0.38 
Board [Th 7c 9s]
Seat 1: Rax1966 (big blind) collected ($5.62)
Seat 2: v.sting folded before Flop (didn't bet)
Seat 3: An1an1 folded before Flop (didn't bet)
Seat 4: gig.gyty folded before Flop (didn't bet)
Seat 5: MAO_DZEDYN_S (button) folded before Flop (didn't bet)
Seat 6: gudrozd (small blind) folded on the Flop



PokerStars Hand #254311430787:  Hold'em No Limit ($0.50/$1.00 USD) - 2025/01/11 11:43:24 WET [2025/01/11 6:43:24 ET]
Table 'Lynx III' 6-max Seat #6 is the button
Seat 3: An1an1 ($101 in chips) is sitting out
Seat 1: Rax1966 ($35.98 in chips) 
Seat 4: gig.gyty ($101 in chips) 
Seat 5: MAO_DZEDYN_S ($99.50 in chips) 
Seat 6: gudrozd ($100 in chips) 
Rax1966: posts small blind $0.50
An1an1: is sitting out 
gig.gyty: posts big blind $1
*** HOLE CARDS ***
MAO_DZEDYN_S: folds 
gudrozd: folds 
Rax1966: folds 
Uncalled bet ($0.50) returned to gig.gyty
gig.gyty collected $1 from pot
gig.gyty: doesn't show hand 
An1an1 leaves the table
*** SUMMARY ***
Total pot $1 | Rake $0 
Seat 3: An1an1
Seat 1: Rax1966 (small blind) folded before Flop
Seat 4: gig.gyty (big blind) collected ($1)
Seat 5: MAO_DZEDYN_S folded before Flop (didn't bet)
Seat 6: gudrozd (button) folded before Flop (didn't bet)



PokerStars Hand #254311432125:  Hold'em No Limit ($0.50/$1.00 USD) - 2025/01/11 11:43:33 WET [2025/01/11 6:43:33 ET]
Table 'Lynx III' 6-max Seat #1 is the button
Seat 5: MAO_DZEDYN_S ($99.50 in chips) is sitting out
Seat 1: Rax1966 ($35.48 in chips) 
Seat 4: gig.gyty ($101.50 in chips) 
Seat 6: gudrozd ($100 in chips) 
gig.gyty: posts small blind $0.50
MAO_DZEDYN_S: is sitting out 
gudrozd: posts big blind $1
*** HOLE CARDS ***
Rax1966: folds 
gig.gyty: raises $2 to $3
gudrozd: folds 
Uncalled bet ($2) returned to gig.gyty
gig.gyty collected $2 from pot
gig.gyty: doesn't show hand 
*** SUMMARY ***
Total pot $2 | Rake $0 
Seat 5: MAO_DZEDYN_S
Seat 1: Rax1966 (button) folded before Flop (didn't bet)
Seat 4: gig.gyty (small blind) collected ($2)
Seat 6: gudrozd (big blind) folded before Flop



PokerStars Hand #254311433719:  Hold'em No Limit ($0.50/$1.00 USD) - 2025/01/11 11:43:44 WET [2025/01/11 6:43:44 ET]
Table 'Lynx III' 6-max Seat #4 is the button
Seat 5: MAO_DZEDYN_S ($99.50 in chips) is sitting out
Seat 1: Rax1966 ($35.48 in chips) 
Seat 4: gig.gyty ($102.50 in chips) 
Seat 6: gudrozd ($100 in chips) 
gudrozd: posts small blind $0.50
Rax1966: posts big blind $1
*** HOLE CARDS ***
gig.gyty: raises $1.50 to $2.50
MAO_DZEDYN_S leaves the table
gudrozd: folds 
Rax1966: calls $1.50
*** FLOP *** [4s 8c Th]
gudrozd leaves the table
Rax1966: checks 
gig.gyty: bets $1.72
Rax1966: calls $1.72
*** TURN *** [4s 8c Th] [Ac]
Rax1966: checks 
gig.gyty: bets $7.40
Rax1966: folds 
Uncalled bet ($7.40) returned to gig.gyty
gig.gyty collected $8.49 from pot
gig.gyty: doesn't show hand 
*** SUMMARY ***
Total pot $8.94 | Rake $0.45 
Board [4s 8c Th Ac]
Seat 5: MAO_DZEDYN_S
Seat 1: Rax1966 (big blind) folded on the Turn
Seat 4: gig.gyty (button) collected ($8.49)
Seat 6: gudrozd (small blind) folded before Flop



PokerStars Hand #254311466457:  Hold'em No Limit ($0.50/$1.00 USD) - 2025/01/11 11:47:20 WET [2025/01/11 6:47:20 ET]
Table 'Lynx III' 6-max Seat #6 is the button
Seat 4: gudrozd ($100 in chips) 
Seat 6: Jdell16 ($100 in chips) 
Jdell16: posts small blind $0.50
gudrozd: posts big blind $1
*** HOLE CARDS ***
Jdell16: raises $1 to $2
gudrozd: calls $1
*** FLOP *** [Js 8c Ah]
gudrozd: checks 
Jdell16: bets $2
gudrozd: calls $2
*** TURN *** [Js 8c Ah] [4h]
gudrozd: checks 
Jdell16: bets $5.60
gudrozd: raises $9.40 to $15
Jdell16: calls $9.40
*** RIVER *** [Js 8c Ah 4h] [Kh]
gudrozd: bets $22
Jdell16: raises $59 to $81 and is all-in
gudrozd: calls $59 and is all-in
*** SHOW DOWN ***
Jdell16: shows [9d Ts] (high card Ace)
gudrozd: shows [9h Th] (a flush, Ace high)
gudrozd collected $199 from pot
*** SUMMARY ***
Total pot $200 | Rake $1 
Board [Js 8c Ah 4h Kh]
Seat 4: gudrozd (big blind) showed [9h Th] and won ($199) with a flush, Ace high
Seat 6: Jdell16 (button) (small blind) showed [9d Ts] and lost with high card Ace



PokerStars Hand #254311541546:  Hold'em No Limit ($0.50/$1.00 USD) - 2025/01/11 11:55:50 WET [2025/01/11 6:55:50 ET]
Table 'Lynx III' 6-max Seat #1 is the button
Seat 1: Royal012023 ($100 in chips) 
Seat 6: Jdell16 ($100 in chips) 
Royal012023: posts small blind $0.50
Jdell16: posts big blind $1
*** HOLE CARDS ***
Royal012023: raises $2 to $3
Jdell16: folds 
Uncalled bet ($2) returned to Royal012023
Royal012023 collected $2 from pot
*** SUMMARY ***
Total pot $2 | Rake $0 
Seat 1: Royal012023 (button) (small blind) collected ($2)
Seat 6: Jdell16 (big blind) folded before Flop



