PokerStars Hand #254316411679:  Hold'em No Limit ($0.50/$1.00 USD) - 2025/01/11 18:02:25 WET [2025/01/11 13:02:25 ET]
Table 'Tamara III' 6-max Seat #1 is the button
Seat 1: CichiChanMarian ($104.27 in chips) 
Seat 2: MAO_DZEDYN_S ($140.57 in chips) 
Seat 3: Evelexy1 ($100 in chips) 
Seat 4: GR1995877 ($56.83 in chips) 
Seat 5: StayFit4 ($100 in chips) 
Seat 6: vadjkeee ($100 in chips) 
MAO_DZEDYN_S: posts small blind $0.50
Evelexy1: posts big blind $1
*** HOLE CARDS ***
GR1995877: folds 
StayFit4: raises $1 to $2
vadjkeee: folds 
CichiChanMarian: folds 
MAO_DZEDYN_S: folds 
Evelexy1: calls $1
*** FLOP *** [4s 7c 3h]
Evelexy1: bets $1.43
StayFit4: calls $1.43
*** TURN *** [4s 7c 3h] [Ah]
Evelexy1: checks 
StayFit4: bets $5.24
Evelexy1: calls $5.24
*** RIVER *** [4s 7c 3h Ah] [9c]
Evelexy1: checks 
StayFit4: bets $12.71
Evelexy1: raises $78.62 to $91.33 and is all-in
StayFit4 has timed out
StayFit4: folds 
Uncalled bet ($78.62) returned to Evelexy1
Evelexy1 collected $41.10 from pot
Evelexy1: doesn't show hand 
*** SUMMARY ***
Total pot $43.26 | Rake $2.16 
Board [4s 7c 3h Ah 9c]
Seat 1: CichiChanMarian (button) folded before Flop (didn't bet)
Seat 2: MAO_DZEDYN_S (small blind) folded before Flop
Seat 3: Evelexy1 (big blind) collected ($41.10)
Seat 4: GR1995877 folded before Flop (didn't bet)
Seat 5: StayFit4 folded on the River
Seat 6: vadjkeee folded before Flop (didn't bet)



PokerStars Hand #254316438790:  Hold'em No Limit ($0.50/$1.00 USD) - 2025/01/11 18:03:56 WET [2025/01/11 13:03:56 ET]
Table 'Tamara III' 6-max Seat #2 is the button
Seat 1: CichiChanMarian ($104.27 in chips) 
Seat 2: MAO_DZEDYN_S ($140.07 in chips) 
Seat 3: Evelexy1 ($119.72 in chips) 
Seat 4: GR1995877 ($56.83 in chips) 
Seat 5: StayFit4 ($100 in chips) 
Seat 6: vadjkeee ($100 in chips) 
Evelexy1: posts small blind $0.50
GR1995877: posts big blind $1
*** HOLE CARDS ***
StayFit4: folds 
vadjkeee: folds 
CichiChanMarian: folds 
MAO_DZEDYN_S: raises $1.50 to $2.50
Evelexy1: folds 
GR1995877: raises $5.50 to $8
MAO_DZEDYN_S: calls $5.50
*** FLOP *** [2c 7c 5d]
GR1995877: bets $8
Evelexy1 leaves the table
MAO_DZEDYN_S: folds 
Uncalled bet ($8) returned to GR1995877
GR1995877 collected $15.68 from pot
*** SUMMARY ***
Total pot $16.50 | Rake $0.82 
Board [2c 7c 5d]
Seat 1: CichiChanMarian folded before Flop (didn't bet)
Seat 2: MAO_DZEDYN_S (button) folded on the Flop
Seat 3: Evelexy1 (small blind) folded before Flop
Seat 4: GR1995877 (big blind) collected ($15.68)
Seat 5: StayFit4 folded before Flop (didn't bet)
Seat 6: vadjkeee folded before Flop (didn't bet)



PokerStars Hand #254316452657:  Hold'em No Limit ($0.50/$1.00 USD) - 2025/01/11 18:04:42 WET [2025/01/11 13:04:42 ET]
Table 'Tamara III' 6-max Seat #4 is the button
Seat 1: CichiChanMarian ($104.27 in chips) 
Seat 2: MAO_DZEDYN_S ($132.07 in chips) 
Seat 4: GR1995877 ($64.51 in chips) 
Seat 5: StayFit4 ($100 in chips) 
Seat 6: vadjkeee ($100 in chips) 
StayFit4: posts small blind $0.50
vadjkeee: posts big blind $1
*** HOLE CARDS ***
CichiChanMarian: folds 
MAO_DZEDYN_S: folds 
franco232315 joins the table at seat #3 
GR1995877: folds 
StayFit4: folds 
Uncalled bet ($0.50) returned to vadjkeee
vadjkeee collected $1 from pot
vadjkeee: doesn't show hand 
*** SUMMARY ***
Total pot $1 | Rake $0 
Seat 1: CichiChanMarian folded before Flop (didn't bet)
Seat 2: MAO_DZEDYN_S folded before Flop (didn't bet)
Seat 4: GR1995877 (button) folded before Flop (didn't bet)
Seat 5: StayFit4 (small blind) folded before Flop
Seat 6: vadjkeee (big blind) collected ($1)



PokerStars Hand #254316459601:  Hold'em No Limit ($0.50/$1.00 USD) - 2025/01/11 18:05:04 WET [2025/01/11 13:05:04 ET]
Table 'Tamara III' 6-max Seat #5 is the button
Seat 1: CichiChanMarian ($104.27 in chips) is sitting out
Seat 2: MAO_DZEDYN_S ($132.07 in chips) is sitting out
Seat 3: franco232315 ($100 in chips) 
Seat 4: GR1995877 ($64.51 in chips) 
Seat 5: StayFit4 ($100 in chips) 
Seat 6: vadjkeee ($100.50 in chips) 
vadjkeee: posts small blind $0.50
CichiChanMarian: is sitting out 
MAO_DZEDYN_S: is sitting out 
franco232315: posts big blind $1
*** HOLE CARDS ***
GR1995877: raises $2 to $3
StayFit4: folds 
MAO_DZEDYN_S leaves the table
vadjkeee: folds 
franco232315: folds 
Uncalled bet ($2) returned to GR1995877
GR1995877 collected $2.50 from pot
CichiChanMarian leaves the table
*** SUMMARY ***
Total pot $2.50 | Rake $0 
Seat 1: CichiChanMarian
Seat 2: MAO_DZEDYN_S
Seat 3: franco232315 (big blind) folded before Flop
Seat 4: GR1995877 collected ($2.50)
Seat 5: StayFit4 (button) folded before Flop (didn't bet)
Seat 6: vadjkeee (small blind) folded before Flop



PokerStars Hand #254316463754:  Hold'em No Limit ($0.50/$1.00 USD) - 2025/01/11 18:05:17 WET [2025/01/11 13:05:17 ET]
Table 'Tamara III' 6-max Seat #6 is the button
Seat 3: franco232315 ($100 in chips) 
Seat 4: GR1995877 ($66.01 in chips) 
Seat 5: StayFit4 ($100 in chips) 
Seat 6: vadjkeee ($100 in chips) 
franco232315: posts small blind $0.50
GR1995877: posts big blind $1
*** HOLE CARDS ***
StayFit4: raises $1.50 to $2.50
vadjkeee: folds 
franco232315: folds 
EyzRED joins the table at seat #2 
GR1995877: folds 
Uncalled bet ($1.50) returned to StayFit4
StayFit4 collected $2.50 from pot
StayFit4: doesn't show hand 
*** SUMMARY ***
Total pot $2.50 | Rake $0 
Seat 3: franco232315 (small blind) folded before Flop
Seat 4: GR1995877 (big blind) folded before Flop
Seat 5: StayFit4 collected ($2.50)
Seat 6: vadjkeee (button) folded before Flop (didn't bet)



PokerStars Hand #254316468217:  Hold'em No Limit ($0.50/$1.00 USD) - 2025/01/11 18:05:32 WET [2025/01/11 13:05:32 ET]
Table 'Tamara III' 6-max Seat #3 is the button
Seat 5: StayFit4 ($101.50 in chips) is sitting out
Seat 6: vadjkeee ($100 in chips) is sitting out
Seat 2: EyzRED ($100 in chips) 
Seat 3: franco232315 ($100 in chips) 
Seat 4: GR1995877 ($65.01 in chips) 
GR1995877: posts small blind $0.50
StayFit4: is sitting out 
vadjkeee: is sitting out 
EyzRED: posts big blind $1
*** HOLE CARDS ***
StayFit4 leaves the table
franco232315: raises $1.50 to $2.50
vadjkeee leaves the table
GR1995877: raises $4.50 to $7
EyzRED: folds 
franco232315: calls $4.50
*** FLOP *** [Jd 5c 4c]
GR1995877: bets $3
franco232315: calls $3
*** TURN *** [Jd 5c 4c] [5s]
GR1995877: bets $9
franco232315: raises $13 to $22
GR1995877: raises $33.01 to $55.01 and is all-in
franco232315: calls $33.01
*** RIVER *** [Jd 5c 4c 5s] [7c]
*** SHOW DOWN ***
GR1995877: shows [Qs Qh] (two pair, Queens and Fives)
franco232315: shows [5h 7h] (a full house, Fives full of Sevens)
franco232315 collected $130.02 from pot
*** SUMMARY ***
Total pot $131.02 | Rake $1 
Board [Jd 5c 4c 5s 7c]
Seat 5: StayFit4
Seat 6: vadjkeee
Seat 2: EyzRED (big blind) folded before Flop
Seat 3: franco232315 (button) showed [5h 7h] and won ($130.02) with a full house, Fives full of Sevens
Seat 4: GR1995877 (small blind) showed [Qs Qh] and lost with two pair, Queens and Fives



