PokerStars Hand #254310126033:  Hold'em No Limit ($0.50/$1.00 USD) - 2025/01/11 8:39:52 WET [2025/01/11 3:39:52 ET]
Table 'Dawn II' 6-max Seat #2 is the button
Seat 5: KeR888 ($100 in chips) is sitting out
Seat 1: lakers824Mamba ($104.80 in chips) 
Seat 2: Y_19 ($100 in chips) 
Seat 3: fobot21 ($109.79 in chips) 
Seat 4: KarP93 ($100 in chips) 
fobot21: posts small blind $0.50
KarP93: posts big blind $1
KeR888: sits out 
*** HOLE CARDS ***
lakers824Mamba: folds 
Y_19: folds 
fobot21: folds 
Uncalled bet ($0.50) returned to KarP93
KarP93 collected $1 from pot
KarP93: doesn't show hand 
*** SUMMARY ***
Total pot $1 | Rake $0 
Seat 5: KeR888
Seat 1: lakers824Mamba folded before Flop (didn't bet)
Seat 2: Y_19 (button) folded before Flop (didn't bet)
Seat 3: fobot21 (small blind) folded before Flop
Seat 4: KarP93 (big blind) collected ($1)



PokerStars Hand #254310126996:  Hold'em No Limit ($0.50/$1.00 USD) - 2025/01/11 8:40:02 WET [2025/01/11 3:40:02 ET]
Table 'Dawn II' 6-max Seat #3 is the button
Seat 1: lakers824Mamba ($104.80 in chips) 
Seat 2: Y_19 ($100 in chips) 
Seat 3: fobot21 ($109.29 in chips) 
Seat 4: KarP93 ($100.50 in chips) 
Seat 5: KeR888 ($100 in chips) 
KarP93: posts small blind $0.50
KeR888: posts big blind $1
*** HOLE CARDS ***
lakers824Mamba: folds 
Y_19: folds 
fobot21: folds 
KarP93: folds 
Uncalled bet ($0.50) returned to KeR888
KeR888 collected $1 from pot
KeR888: doesn't show hand 
*** SUMMARY ***
Total pot $1 | Rake $0 
Seat 1: lakers824Mamba folded before Flop (didn't bet)
Seat 2: Y_19 folded before Flop (didn't bet)
Seat 3: fobot21 (button) folded before Flop (didn't bet)
Seat 4: KarP93 (small blind) folded before Flop
Seat 5: KeR888 (big blind) collected ($1)



PokerStars Hand #254310128609:  Hold'em No Limit ($0.50/$1.00 USD) - 2025/01/11 8:40:19 WET [2025/01/11 3:40:19 ET]
Table 'Dawn II' 6-max Seat #4 is the button
Seat 1: lakers824Mamba ($104.80 in chips) 
Seat 2: Y_19 ($100 in chips) 
Seat 3: fobot21 ($109.29 in chips) 
Seat 4: KarP93 ($100 in chips) 
Seat 5: KeR888 ($100.50 in chips) 
KeR888: posts small blind $0.50
lakers824Mamba: posts big blind $1
*** HOLE CARDS ***
Y_19: raises $1.23 to $2.23
fobot21: calls $2.23
KarP93: folds 
KeR888: folds 
lakers824Mamba: calls $1.23
*** FLOP *** [6s 4c 7s]
lakers824Mamba: bets $3
Y_19: folds 
fobot21: raises $6 to $9
lakers824Mamba: folds 
Uncalled bet ($6) returned to fobot21
Twistenko joins the table at seat #6 
fobot21 collected $12.53 from pot
fobot21: doesn't show hand 
*** SUMMARY ***
Total pot $13.19 | Rake $0.66 
Board [6s 4c 7s]
Seat 1: lakers824Mamba (big blind) folded on the Flop
Seat 2: Y_19 folded on the Flop
Seat 3: fobot21 collected ($12.53)
Seat 4: KarP93 (button) folded before Flop (didn't bet)
Seat 5: KeR888 (small blind) folded before Flop



PokerStars Hand #254310133638:  Hold'em No Limit ($0.50/$1.00 USD) - 2025/01/11 8:41:11 WET [2025/01/11 3:41:11 ET]
Table 'Dawn II' 6-max Seat #5 is the button
Seat 6: Twistenko ($100 in chips) is sitting out
Seat 1: lakers824Mamba ($99.57 in chips) 
Seat 2: Y_19 ($100 in chips) 
Seat 3: fobot21 ($116.59 in chips) 
Seat 4: KarP93 ($100 in chips) 
Seat 5: KeR888 ($100 in chips) 
lakers824Mamba: posts small blind $0.50
Y_19: posts big blind $1
*** HOLE CARDS ***
fobot21: folds 
KarP93: raises $1.50 to $2.50
KeR888: folds 
lakers824Mamba: folds 
Y_19: calls $1.50
*** FLOP *** [Ac 5d Kd]
Y_19: checks 
KarP93: bets $3.92
Y_19: calls $3.92
*** TURN *** [Ac 5d Kd] [Ts]
Y_19: checks 
KarP93: checks 
*** RIVER *** [Ac 5d Kd Ts] [7c]
Y_19: bets $9.50
KarP93: calls $9.50
*** SHOW DOWN ***
Y_19: shows [5h Ah] (two pair, Aces and Fives)
KarP93: mucks hand 
Y_19 collected $30.72 from pot
*** SUMMARY ***
Total pot $32.34 | Rake $1.62 
Board [Ac 5d Kd Ts 7c]
Seat 6: Twistenko
Seat 1: lakers824Mamba (small blind) folded before Flop
Seat 2: Y_19 (big blind) showed [5h Ah] and won ($30.72) with two pair, Aces and Fives
Seat 3: fobot21 folded before Flop (didn't bet)
Seat 4: KarP93 mucked
Seat 5: KeR888 (button) folded before Flop (didn't bet)



PokerStars Hand #254310144392:  Hold'em No Limit ($0.50/$1.00 USD) - 2025/01/11 8:43:01 WET [2025/01/11 3:43:01 ET]
Table 'Dawn II' 6-max Seat #1 is the button
Seat 6: Twistenko ($100 in chips) is sitting out
Seat 1: lakers824Mamba ($99.07 in chips) 
Seat 2: Y_19 ($114.80 in chips) 
Seat 3: fobot21 ($116.59 in chips) 
Seat 4: KarP93 ($100 in chips) 
Seat 5: KeR888 ($100 in chips) 
Y_19: posts small blind $0.50
fobot21: posts big blind $1
Twistenko: sits out 
*** HOLE CARDS ***
KarP93: folds 
KeR888: folds 
lakers824Mamba: calls $1
Y_19: raises $3.50 to $4.50
fobot21: calls $3.50
lakers824Mamba: calls $3.50
*** FLOP *** [7c 4d Tc]
Y_19: bets $4.23
fobot21: folds 
lakers824Mamba: raises $6.23 to $10.46
Y_19: folds 
Uncalled bet ($6.23) returned to lakers824Mamba
lakers824Mamba collected $20.86 from pot
*** SUMMARY ***
Total pot $21.96 | Rake $1.10 
Board [7c 4d Tc]
Seat 6: Twistenko
Seat 1: lakers824Mamba (button) collected ($20.86)
Seat 2: Y_19 (small blind) folded on the Flop
Seat 3: fobot21 (big blind) folded on the Flop
Seat 4: KarP93 folded before Flop (didn't bet)
Seat 5: KeR888 folded before Flop (didn't bet)



PokerStars Hand #254310149557:  Hold'em No Limit ($0.50/$1.00 USD) - 2025/01/11 8:43:54 WET [2025/01/11 3:43:54 ET]
Table 'Dawn II' 6-max Seat #2 is the button
Seat 6: Twistenko ($100 in chips) is sitting out
Seat 1: lakers824Mamba ($111.20 in chips) 
Seat 2: Y_19 ($106.07 in chips) 
Seat 3: fobot21 ($112.09 in chips) 
Seat 4: KarP93 ($100 in chips) 
Seat 5: KeR888 ($100 in chips) 
fobot21: posts small blind $0.50
KarP93: posts big blind $1
Twistenko: sits out 
*** HOLE CARDS ***
KeR888: folds 
lakers824Mamba: calls $1
Y_19: folds 
fobot21: folds 
KarP93: checks 
*** FLOP *** [8s 6h 3h]
KarP93: checks 
lakers824Mamba: bets $4
KarP93: calls $4
*** TURN *** [8s 6h 3h] [9s]
KarP93: checks 
lakers824Mamba: bets $6
KarP93: calls $6
*** RIVER *** [8s 6h 3h 9s] [Ah]
KarP93: checks 
lakers824Mamba: checks 
*** SHOW DOWN ***
KarP93: shows [5s 8d] (a pair of Eights)
lakers824Mamba: shows [Jc 9h] (a pair of Nines)
lakers824Mamba collected $21.38 from pot
*** SUMMARY ***
Total pot $22.50 | Rake $1.12 
Board [8s 6h 3h 9s Ah]
Seat 6: Twistenko
Seat 1: lakers824Mamba showed [Jc 9h] and won ($21.38) with a pair of Nines
Seat 2: Y_19 (button) folded before Flop (didn't bet)
Seat 3: fobot21 (small blind) folded before Flop
Seat 4: KarP93 (big blind) showed [5s 8d] and lost with a pair of Eights
Seat 5: KeR888 folded before Flop (didn't bet)



PokerStars Hand #254310156202:  Hold'em No Limit ($0.50/$1.00 USD) - 2025/01/11 8:45:01 WET [2025/01/11 3:45:01 ET]
Table 'Dawn II' 6-max Seat #3 is the button
Seat 6: Twistenko ($100 in chips) is sitting out
Seat 1: lakers824Mamba ($121.58 in chips) 
Seat 2: Y_19 ($106.07 in chips) 
Seat 3: fobot21 ($111.59 in chips) 
Seat 4: KarP93 ($100 in chips) 
Seat 5: KeR888 ($100 in chips) 
KarP93: posts small blind $0.50
KeR888: posts big blind $1
Twistenko: sits out 
*** HOLE CARDS ***
lakers824Mamba: folds 
Y_19: folds 
fobot21: raises $1.50 to $2.50
KarP93: folds 
KeR888: folds 
Uncalled bet ($1.50) returned to fobot21
fobot21 collected $2.50 from pot
fobot21: doesn't show hand 
*** SUMMARY ***
Total pot $2.50 | Rake $0 
Seat 6: Twistenko
Seat 1: lakers824Mamba folded before Flop (didn't bet)
Seat 2: Y_19 folded before Flop (didn't bet)
Seat 3: fobot21 (button) collected ($2.50)
Seat 4: KarP93 (small blind) folded before Flop
Seat 5: KeR888 (big blind) folded before Flop



PokerStars Hand #254310158378:  Hold'em No Limit ($0.50/$1.00 USD) - 2025/01/11 8:45:24 WET [2025/01/11 3:45:24 ET]
Table 'Dawn II' 6-max Seat #4 is the button
Seat 1: lakers824Mamba ($121.58 in chips) 
Seat 2: Y_19 ($106.07 in chips) 
Seat 3: fobot21 ($113.09 in chips) 
Seat 4: KarP93 ($100 in chips) 
Seat 5: KeR888 ($100 in chips) 
Seat 6: Twistenko ($100 in chips) 
KeR888: posts small blind $0.50
Twistenko: posts big blind $1
*** HOLE CARDS ***
lakers824Mamba: folds 
Y_19: folds 
fobot21: folds 
KarP93: folds 
KeR888: folds 
Uncalled bet ($0.50) returned to Twistenko
Twistenko collected $1 from pot
Twistenko: doesn't show hand 
*** SUMMARY ***
Total pot $1 | Rake $0 
Seat 1: lakers824Mamba folded before Flop (didn't bet)
Seat 2: Y_19 folded before Flop (didn't bet)
Seat 3: fobot21 folded before Flop (didn't bet)
Seat 4: KarP93 (button) folded before Flop (didn't bet)
Seat 5: KeR888 (small blind) folded before Flop
Seat 6: Twistenko (big blind) collected ($1)



PokerStars Hand #254310159437:  Hold'em No Limit ($0.50/$1.00 USD) - 2025/01/11 8:45:34 WET [2025/01/11 3:45:34 ET]
Table 'Dawn II' 6-max Seat #5 is the button
Seat 1: lakers824Mamba ($121.58 in chips) 
Seat 2: Y_19 ($106.07 in chips) 
Seat 3: fobot21 ($113.09 in chips) 
Seat 4: KarP93 ($100 in chips) 
Seat 5: KeR888 ($100 in chips) 
Seat 6: Twistenko ($100.50 in chips) 
Twistenko: posts small blind $0.50
lakers824Mamba: posts big blind $1
*** HOLE CARDS ***
Y_19: folds 
fobot21: folds 
KarP93: folds 
KeR888: raises $1.50 to $2.50
Twistenko: folds 
lakers824Mamba: folds 
Uncalled bet ($1.50) returned to KeR888
KeR888 collected $2.50 from pot
KeR888: doesn't show hand 
*** SUMMARY ***
Total pot $2.50 | Rake $0 
Seat 1: lakers824Mamba (big blind) folded before Flop
Seat 2: Y_19 folded before Flop (didn't bet)
Seat 3: fobot21 folded before Flop (didn't bet)
Seat 4: KarP93 folded before Flop (didn't bet)
Seat 5: KeR888 (button) collected ($2.50)
Seat 6: Twistenko (small blind) folded before Flop



PokerStars Hand #254310161055:  Hold'em No Limit ($0.50/$1.00 USD) - 2025/01/11 8:45:51 WET [2025/01/11 3:45:51 ET]
Table 'Dawn II' 6-max Seat #6 is the button
Seat 1: lakers824Mamba ($120.58 in chips) 
Seat 2: Y_19 ($106.07 in chips) 
Seat 3: fobot21 ($113.09 in chips) 
Seat 4: KarP93 ($100 in chips) 
Seat 5: KeR888 ($101.50 in chips) 
Seat 6: Twistenko ($100 in chips) 
lakers824Mamba: posts small blind $0.50
Y_19: posts big blind $1
*** HOLE CARDS ***
fobot21: folds 
KarP93: folds 
KeR888: folds 
Twistenko: folds 
lakers824Mamba: raises $2 to $3
Y_19: calls $2
*** FLOP *** [2h Ac 3h]
lakers824Mamba: checks 
Y_19: checks 
*** TURN *** [2h Ac 3h] [3d]
lakers824Mamba: bets $4
Y_19: folds 
Uncalled bet ($4) returned to lakers824Mamba
lakers824Mamba collected $5.70 from pot
*** SUMMARY ***
Total pot $6 | Rake $0.30 
Board [2h Ac 3h 3d]
Seat 1: lakers824Mamba (small blind) collected ($5.70)
Seat 2: Y_19 (big blind) folded on the Turn
Seat 3: fobot21 folded before Flop (didn't bet)
Seat 4: KarP93 folded before Flop (didn't bet)
Seat 5: KeR888 folded before Flop (didn't bet)
Seat 6: Twistenko (button) folded before Flop (didn't bet)



PokerStars Hand #254310164233:  Hold'em No Limit ($0.50/$1.00 USD) - 2025/01/11 8:46:24 WET [2025/01/11 3:46:24 ET]
Table 'Dawn II' 6-max Seat #1 is the button
Seat 1: lakers824Mamba ($123.28 in chips) 
Seat 2: Y_19 ($103.07 in chips) 
Seat 3: fobot21 ($113.09 in chips) 
Seat 4: KarP93 ($100 in chips) 
Seat 5: KeR888 ($101.50 in chips) 
Seat 6: Twistenko ($100 in chips) 
Y_19: posts small blind $0.50
fobot21: posts big blind $1
*** HOLE CARDS ***
KarP93: raises $1.50 to $2.50
KeR888: folds 
Twistenko: folds 
lakers824Mamba: folds 
Y_19: raises $9 to $11.50
fobot21: folds 
KarP93: folds 
Uncalled bet ($9) returned to Y_19
Y_19 collected $6 from pot
Y_19: doesn't show hand 
*** SUMMARY ***
Total pot $6 | Rake $0 
Seat 1: lakers824Mamba (button) folded before Flop (didn't bet)
Seat 2: Y_19 (small blind) collected ($6)
Seat 3: fobot21 (big blind) folded before Flop
Seat 4: KarP93 folded before Flop
Seat 5: KeR888 folded before Flop (didn't bet)
Seat 6: Twistenko folded before Flop (didn't bet)



PokerStars Hand #254310167339:  Hold'em No Limit ($0.50/$1.00 USD) - 2025/01/11 8:46:56 WET [2025/01/11 3:46:56 ET]
Table 'Dawn II' 6-max Seat #2 is the button
Seat 1: lakers824Mamba ($123.28 in chips) 
Seat 2: Y_19 ($106.57 in chips) 
Seat 3: fobot21 ($112.09 in chips) 
Seat 4: KarP93 ($100 in chips) 
Seat 5: KeR888 ($101.50 in chips) 
Seat 6: Twistenko ($100 in chips) 
fobot21: posts small blind $0.50
KarP93: posts big blind $1
*** HOLE CARDS ***
KeR888: folds 
Twistenko: raises $1.50 to $2.50
lakers824Mamba: folds 
Y_19: folds 
fobot21: folds 
KarP93: folds 
Uncalled bet ($1.50) returned to Twistenko
Twistenko collected $2.50 from pot
Twistenko: doesn't show hand 
*** SUMMARY ***
Total pot $2.50 | Rake $0 
Seat 1: lakers824Mamba folded before Flop (didn't bet)
Seat 2: Y_19 (button) folded before Flop (didn't bet)
Seat 3: fobot21 (small blind) folded before Flop
Seat 4: KarP93 (big blind) folded before Flop
Seat 5: KeR888 folded before Flop (didn't bet)
Seat 6: Twistenko collected ($2.50)



PokerStars Hand #254310169974:  Hold'em No Limit ($0.50/$1.00 USD) - 2025/01/11 8:47:23 WET [2025/01/11 3:47:23 ET]
Table 'Dawn II' 6-max Seat #3 is the button
Seat 1: lakers824Mamba ($123.28 in chips) 
Seat 2: Y_19 ($106.57 in chips) 
Seat 3: fobot21 ($111.59 in chips) 
Seat 4: KarP93 ($100 in chips) 
Seat 5: KeR888 ($101.50 in chips) 
Seat 6: Twistenko ($101.50 in chips) 
KarP93: posts small blind $0.50
KeR888: posts big blind $1
*** HOLE CARDS ***
Twistenko: raises $1.50 to $2.50
lakers824Mamba: folds 
Y_19: folds 
fobot21: folds 
KarP93: folds 
KeR888: folds 
Uncalled bet ($1.50) returned to Twistenko
Twistenko collected $2.50 from pot
Twistenko: doesn't show hand 
*** SUMMARY ***
Total pot $2.50 | Rake $0 
Seat 1: lakers824Mamba folded before Flop (didn't bet)
Seat 2: Y_19 folded before Flop (didn't bet)
Seat 3: fobot21 (button) folded before Flop (didn't bet)
Seat 4: KarP93 (small blind) folded before Flop
Seat 5: KeR888 (big blind) folded before Flop
Seat 6: Twistenko collected ($2.50)



PokerStars Hand #254310171595:  Hold'em No Limit ($0.50/$1.00 USD) - 2025/01/11 8:47:40 WET [2025/01/11 3:47:40 ET]
Table 'Dawn II' 6-max Seat #4 is the button
Seat 1: lakers824Mamba ($123.28 in chips) 
Seat 2: Y_19 ($106.57 in chips) 
Seat 3: fobot21 ($111.59 in chips) 
Seat 4: KarP93 ($100 in chips) 
Seat 5: KeR888 ($100.50 in chips) 
Seat 6: Twistenko ($103 in chips) 
KeR888: posts small blind $0.50
Twistenko: posts big blind $1
*** HOLE CARDS ***
lakers824Mamba: folds 
Y_19: folds 
fobot21: folds 
KarP93: folds 
KeR888: raises $2 to $3
Twistenko: raises $6 to $9
KeR888: raises $14 to $23
Twistenko: calls $14
*** FLOP *** [Qh Jh 8d]
KeR888: checks 
Twistenko: checks 
*** TURN *** [Qh Jh 8d] [5s]
KeR888: checks 
Twistenko: bets $14.42
KeR888: folds 
Uncalled bet ($14.42) returned to Twistenko
Twistenko collected $43.70 from pot
Twistenko: doesn't show hand 
*** SUMMARY ***
Total pot $46 | Rake $2.30 
Board [Qh Jh 8d 5s]
Seat 1: lakers824Mamba folded before Flop (didn't bet)
Seat 2: Y_19 folded before Flop (didn't bet)
Seat 3: fobot21 folded before Flop (didn't bet)
Seat 4: KarP93 (button) folded before Flop (didn't bet)
Seat 5: KeR888 (small blind) folded on the Turn
Seat 6: Twistenko (big blind) collected ($43.70)



PokerStars Hand #254310179000:  Hold'em No Limit ($0.50/$1.00 USD) - 2025/01/11 8:48:58 WET [2025/01/11 3:48:58 ET]
Table 'Dawn II' 6-max Seat #5 is the button
Seat 1: lakers824Mamba ($123.28 in chips) 
Seat 2: Y_19 ($106.57 in chips) 
Seat 3: fobot21 ($111.59 in chips) 
Seat 4: KarP93 ($100 in chips) 
Seat 5: KeR888 ($100 in chips) 
Seat 6: Twistenko ($123.70 in chips) 
Twistenko: posts small blind $0.50
lakers824Mamba: posts big blind $1
*** HOLE CARDS ***
Y_19: folds 
fobot21: folds 
KarP93: folds 
KeR888: folds 
Twistenko: raises $2 to $3
lakers824Mamba: folds 
Uncalled bet ($2) returned to Twistenko
Twistenko collected $2 from pot
Twistenko: doesn't show hand 
*** SUMMARY ***
Total pot $2 | Rake $0 
Seat 1: lakers824Mamba (big blind) folded before Flop
Seat 2: Y_19 folded before Flop (didn't bet)
Seat 3: fobot21 folded before Flop (didn't bet)
Seat 4: KarP93 folded before Flop (didn't bet)
Seat 5: KeR888 (button) folded before Flop (didn't bet)
Seat 6: Twistenko (small blind) collected ($2)



PokerStars Hand #254310180823:  Hold'em No Limit ($0.50/$1.00 USD) - 2025/01/11 8:49:17 WET [2025/01/11 3:49:17 ET]
Table 'Dawn II' 6-max Seat #6 is the button
Seat 1: lakers824Mamba ($122.28 in chips) 
Seat 2: Y_19 ($106.57 in chips) 
Seat 3: fobot21 ($111.59 in chips) 
Seat 4: KarP93 ($100 in chips) 
Seat 5: KeR888 ($100 in chips) 
Seat 6: Twistenko ($124.70 in chips) 
lakers824Mamba: posts small blind $0.50
Y_19: posts big blind $1
*** HOLE CARDS ***
fobot21: folds 
KarP93: folds 
KeR888: raises $1.50 to $2.50
Twistenko: folds 
lakers824Mamba: folds 
Y_19: folds 
Uncalled bet ($1.50) returned to KeR888
KeR888 collected $2.50 from pot
KeR888: doesn't show hand 
*** SUMMARY ***
Total pot $2.50 | Rake $0 
Seat 1: lakers824Mamba (small blind) folded before Flop
Seat 2: Y_19 (big blind) folded before Flop
Seat 3: fobot21 folded before Flop (didn't bet)
Seat 4: KarP93 folded before Flop (didn't bet)
Seat 5: KeR888 collected ($2.50)
Seat 6: Twistenko (button) folded before Flop (didn't bet)



PokerStars Hand #254310182093:  Hold'em No Limit ($0.50/$1.00 USD) - 2025/01/11 8:49:31 WET [2025/01/11 3:49:31 ET]
Table 'Dawn II' 6-max Seat #1 is the button
Seat 1: lakers824Mamba ($121.78 in chips) 
Seat 2: Y_19 ($105.57 in chips) 
Seat 3: fobot21 ($111.59 in chips) 
Seat 4: KarP93 ($100 in chips) 
Seat 5: KeR888 ($101.50 in chips) 
Seat 6: Twistenko ($124.70 in chips) 
Y_19: posts small blind $0.50
fobot21: posts big blind $1
*** HOLE CARDS ***
KarP93: folds 
KeR888: folds 
Twistenko: folds 
lakers824Mamba: calls $1
Y_19: folds 
fobot21: checks 
*** FLOP *** [9h Qd Kh]
fobot21: checks 
lakers824Mamba: bets $3
fobot21: calls $3
*** TURN *** [9h Qd Kh] [3s]
fobot21: checks 
lakers824Mamba: checks 
*** RIVER *** [9h Qd Kh 3s] [8s]
fobot21: checks 
lakers824Mamba: bets $9
fobot21: folds 
Uncalled bet ($9) returned to lakers824Mamba
lakers824Mamba collected $8.08 from pot
*** SUMMARY ***
Total pot $8.50 | Rake $0.42 
Board [9h Qd Kh 3s 8s]
Seat 1: lakers824Mamba (button) collected ($8.08)
Seat 2: Y_19 (small blind) folded before Flop
Seat 3: fobot21 (big blind) folded on the River
Seat 4: KarP93 folded before Flop (didn't bet)
Seat 5: KeR888 folded before Flop (didn't bet)
Seat 6: Twistenko folded before Flop (didn't bet)



PokerStars Hand #254310191066:  Hold'em No Limit ($0.50/$1.00 USD) - 2025/01/11 8:51:04 WET [2025/01/11 3:51:04 ET]
Table 'Dawn II' 6-max Seat #2 is the button
Seat 1: lakers824Mamba ($125.86 in chips) 
Seat 2: Y_19 ($105.07 in chips) 
Seat 3: fobot21 ($107.59 in chips) 
Seat 4: KarP93 ($100 in chips) 
Seat 5: KeR888 ($101.50 in chips) 
Seat 6: Twistenko ($124.70 in chips) 
fobot21: posts small blind $0.50
KarP93: posts big blind $1
*** HOLE CARDS ***
KeR888: raises $1.20 to $2.20
Twistenko: folds 
lakers824Mamba: folds 
Y_19: folds 
fobot21: folds 
KarP93: folds 
Uncalled bet ($1.20) returned to KeR888
KeR888 collected $2.50 from pot
KeR888: doesn't show hand 
*** SUMMARY ***
Total pot $2.50 | Rake $0 
Seat 1: lakers824Mamba folded before Flop (didn't bet)
Seat 2: Y_19 (button) folded before Flop (didn't bet)
Seat 3: fobot21 (small blind) folded before Flop
Seat 4: KarP93 (big blind) folded before Flop
Seat 5: KeR888 collected ($2.50)
Seat 6: Twistenko folded before Flop (didn't bet)



PokerStars Hand #254310193356:  Hold'em No Limit ($0.50/$1.00 USD) - 2025/01/11 8:51:28 WET [2025/01/11 3:51:28 ET]
Table 'Dawn II' 6-max Seat #3 is the button
Seat 1: lakers824Mamba ($125.86 in chips) 
Seat 2: Y_19 ($105.07 in chips) 
Seat 3: fobot21 ($107.09 in chips) 
Seat 4: KarP93 ($100 in chips) 
Seat 5: KeR888 ($103 in chips) 
Seat 6: Twistenko ($124.70 in chips) 
KarP93: posts small blind $0.50
KeR888: posts big blind $1
*** HOLE CARDS ***
Twistenko: folds 
lakers824Mamba: calls $1
Y_19: folds 
fobot21: folds 
KarP93: folds 
KeR888: checks 
*** FLOP *** [Qd 6s 2d]
KeR888: checks 
lakers824Mamba: bets $4
KeR888: folds 
Uncalled bet ($4) returned to lakers824Mamba
lakers824Mamba collected $2.38 from pot
*** SUMMARY ***
Total pot $2.50 | Rake $0.12 
Board [Qd 6s 2d]
Seat 1: lakers824Mamba collected ($2.38)
Seat 2: Y_19 folded before Flop (didn't bet)
Seat 3: fobot21 (button) folded before Flop (didn't bet)
Seat 4: KarP93 (small blind) folded before Flop
Seat 5: KeR888 (big blind) folded on the Flop
Seat 6: Twistenko folded before Flop (didn't bet)



PokerStars Hand #254310195606:  Hold'em No Limit ($0.50/$1.00 USD) - 2025/01/11 8:51:51 WET [2025/01/11 3:51:51 ET]
Table 'Dawn II' 6-max Seat #4 is the button
Seat 1: lakers824Mamba ($127.24 in chips) 
Seat 2: Y_19 ($105.07 in chips) 
Seat 3: fobot21 ($107.09 in chips) 
Seat 4: KarP93 ($100 in chips) 
Seat 5: KeR888 ($102 in chips) 
Seat 6: Twistenko ($124.70 in chips) 
KeR888: posts small blind $0.50
Twistenko: posts big blind $1
*** HOLE CARDS ***
lakers824Mamba: folds 
Y_19: folds 
fobot21: raises $1.50 to $2.50
KarP93: raises $5.50 to $8
KeR888: folds 
Twistenko: folds 
fobot21: raises $14.40 to $22.40
KarP93: folds 
Uncalled bet ($14.40) returned to fobot21
fobot21 collected $17.50 from pot
fobot21: doesn't show hand 
*** SUMMARY ***
Total pot $17.50 | Rake $0 
Seat 1: lakers824Mamba folded before Flop (didn't bet)
Seat 2: Y_19 folded before Flop (didn't bet)
Seat 3: fobot21 collected ($17.50)
Seat 4: KarP93 (button) folded before Flop
Seat 5: KeR888 (small blind) folded before Flop
Seat 6: Twistenko (big blind) folded before Flop



PokerStars Hand #254310201517:  Hold'em No Limit ($0.50/$1.00 USD) - 2025/01/11 8:52:54 WET [2025/01/11 3:52:54 ET]
Table 'Dawn II' 6-max Seat #5 is the button
Seat 1: lakers824Mamba ($127.24 in chips) 
Seat 2: Y_19 ($105.07 in chips) 
Seat 3: fobot21 ($116.59 in chips) 
Seat 4: KarP93 ($100 in chips) 
Seat 5: KeR888 ($101.50 in chips) 
Seat 6: Twistenko ($123.70 in chips) 
Twistenko: posts small blind $0.50
lakers824Mamba: posts big blind $1
*** HOLE CARDS ***
Y_19: folds 
fobot21: folds 
KarP93: raises $1.50 to $2.50
KeR888: folds 
Twistenko: calls $2
lakers824Mamba: folds 
*** FLOP *** [8d 8h Th]
Twistenko: checks 
KarP93: checks 
*** TURN *** [8d 8h Th] [2d]
Twistenko: bets $5.50
KarP93: calls $5.50
*** RIVER *** [8d 8h Th 2d] [3h]
Twistenko: checks 
KarP93: checks 
*** SHOW DOWN ***
Twistenko: shows [2s As] (two pair, Eights and Deuces)
KarP93: mucks hand 
Twistenko collected $16.15 from pot
*** SUMMARY ***
Total pot $17 | Rake $0.85 
Board [8d 8h Th 2d 3h]
Seat 1: lakers824Mamba (big blind) folded before Flop
Seat 2: Y_19 folded before Flop (didn't bet)
Seat 3: fobot21 folded before Flop (didn't bet)
Seat 4: KarP93 mucked
Seat 5: KeR888 (button) folded before Flop (didn't bet)
Seat 6: Twistenko (small blind) showed [2s As] and won ($16.15) with two pair, Eights and Deuces



PokerStars Hand #254310207718:  Hold'em No Limit ($0.50/$1.00 USD) - 2025/01/11 8:53:59 WET [2025/01/11 3:53:59 ET]
Table 'Dawn II' 6-max Seat #6 is the button
Seat 1: lakers824Mamba ($126.24 in chips) 
Seat 2: Y_19 ($105.07 in chips) 
Seat 3: fobot21 ($116.59 in chips) 
Seat 4: KarP93 ($100 in chips) 
Seat 5: KeR888 ($101.50 in chips) 
Seat 6: Twistenko ($131.85 in chips) 
lakers824Mamba: posts small blind $0.50
Y_19: posts big blind $1
*** HOLE CARDS ***
fobot21: folds 
KarP93: folds 
KeR888: folds 
Twistenko: folds 
lakers824Mamba: raises $1 to $2
Y_19: folds 
Uncalled bet ($1) returned to lakers824Mamba
lakers824Mamba collected $2 from pot
lakers824Mamba: shows [Jd Qs] (high card Queen)
*** SUMMARY ***
Total pot $2 | Rake $0 
Seat 1: lakers824Mamba (small blind) collected ($2)
Seat 2: Y_19 (big blind) folded before Flop
Seat 3: fobot21 folded before Flop (didn't bet)
Seat 4: KarP93 folded before Flop (didn't bet)
Seat 5: KeR888 folded before Flop (didn't bet)
Seat 6: Twistenko (button) folded before Flop (didn't bet)



PokerStars Hand #254310209375:  Hold'em No Limit ($0.50/$1.00 USD) - 2025/01/11 8:54:16 WET [2025/01/11 3:54:16 ET]
Table 'Dawn II' 6-max Seat #1 is the button
Seat 1: lakers824Mamba ($127.24 in chips) 
Seat 2: Y_19 ($104.07 in chips) 
Seat 3: fobot21 ($116.59 in chips) 
Seat 4: KarP93 ($100 in chips) 
Seat 5: KeR888 ($101.50 in chips) 
Seat 6: Twistenko ($131.85 in chips) 
Y_19: posts small blind $0.50
fobot21: posts big blind $1
*** HOLE CARDS ***
KarP93: folds 
KeR888: folds 
Twistenko: folds 
lakers824Mamba: folds 
Y_19: folds 
Uncalled bet ($0.50) returned to fobot21
fobot21 collected $1 from pot
fobot21: doesn't show hand 
*** SUMMARY ***
Total pot $1 | Rake $0 
Seat 1: lakers824Mamba (button) folded before Flop (didn't bet)
Seat 2: Y_19 (small blind) folded before Flop
Seat 3: fobot21 (big blind) collected ($1)
Seat 4: KarP93 folded before Flop (didn't bet)
Seat 5: KeR888 folded before Flop (didn't bet)
Seat 6: Twistenko folded before Flop (didn't bet)



PokerStars Hand #254310211508:  Hold'em No Limit ($0.50/$1.00 USD) - 2025/01/11 8:54:38 WET [2025/01/11 3:54:38 ET]
Table 'Dawn II' 6-max Seat #2 is the button
Seat 1: lakers824Mamba ($127.24 in chips) 
Seat 2: Y_19 ($103.57 in chips) 
Seat 3: fobot21 ($117.09 in chips) 
Seat 4: KarP93 ($100 in chips) 
Seat 5: KeR888 ($101.50 in chips) 
Seat 6: Twistenko ($131.85 in chips) 
fobot21: posts small blind $0.50
KarP93: posts big blind $1
*** HOLE CARDS ***
KeR888: folds 
Twistenko: folds 
lakers824Mamba: calls $1
Y_19: raises $2.63 to $3.63
fobot21: folds 
KarP93: folds 
lakers824Mamba: calls $2.63
*** FLOP *** [Js Qc 9d]
lakers824Mamba: bets $3
Y_19: folds 
Uncalled bet ($3) returned to lakers824Mamba
lakers824Mamba collected $8.32 from pot
*** SUMMARY ***
Total pot $8.76 | Rake $0.44 
Board [Js Qc 9d]
Seat 1: lakers824Mamba collected ($8.32)
Seat 2: Y_19 (button) folded on the Flop
Seat 3: fobot21 (small blind) folded before Flop
Seat 4: KarP93 (big blind) folded before Flop
Seat 5: KeR888 folded before Flop (didn't bet)
Seat 6: Twistenko folded before Flop (didn't bet)



PokerStars Hand #254310215260:  Hold'em No Limit ($0.50/$1.00 USD) - 2025/01/11 8:55:19 WET [2025/01/11 3:55:19 ET]
Table 'Dawn II' 6-max Seat #3 is the button
Seat 1: lakers824Mamba ($131.93 in chips) 
Seat 2: Y_19 ($100 in chips) 
Seat 3: fobot21 ($116.59 in chips) 
Seat 4: KarP93 ($100 in chips) 
Seat 5: KeR888 ($101.50 in chips) 
Seat 6: Twistenko ($131.85 in chips) 
KarP93: posts small blind $0.50
KeR888: posts big blind $1
*** HOLE CARDS ***
Twistenko: folds 
lakers824Mamba: raises $1 to $2
Y_19: folds 
fobot21: raises $5 to $7
KarP93: folds 
KeR888: folds 
lakers824Mamba: calls $5
*** FLOP *** [7s 8d 3c]
lakers824Mamba: bets $3
fobot21: raises $16.50 to $19.50
lakers824Mamba: calls $16.50
*** TURN *** [7s 8d 3c] [5s]
lakers824Mamba: bets $12
fobot21: raises $36.50 to $48.50
lakers824Mamba: calls $36.50
*** RIVER *** [7s 8d 3c 5s] [5h]
lakers824Mamba: bets $56.93 and is all-in
fobot21: calls $41.59 and is all-in
Uncalled bet ($15.34) returned to lakers824Mamba
*** SHOW DOWN ***
lakers824Mamba: shows [Tc 9c] (a pair of Fives)
fobot21: shows [9d 9h] (two pair, Nines and Fives)
fobot21 collected $232.18 from pot
*** SUMMARY ***
Total pot $234.68 | Rake $2.50 
Board [7s 8d 3c 5s 5h]
Seat 1: lakers824Mamba showed [Tc 9c] and lost with a pair of Fives
Seat 2: Y_19 folded before Flop (didn't bet)
Seat 3: fobot21 (button) showed [9d 9h] and won ($232.18) with two pair, Nines and Fives
Seat 4: KarP93 (small blind) folded before Flop
Seat 5: KeR888 (big blind) folded before Flop
Seat 6: Twistenko folded before Flop (didn't bet)



PokerStars Hand #254310220832:  Hold'em No Limit ($0.50/$1.00 USD) - 2025/01/11 8:56:24 WET [2025/01/11 3:56:24 ET]
Table 'Dawn II' 6-max Seat #4 is the button
Seat 1: lakers824Mamba ($15.34 in chips) 
Seat 2: Y_19 ($100 in chips) 
Seat 3: fobot21 ($232.18 in chips) 
Seat 4: KarP93 ($100 in chips) 
Seat 5: KeR888 ($100.50 in chips) 
Seat 6: Twistenko ($131.85 in chips) 
KeR888: posts small blind $0.50
Twistenko: posts big blind $1
*** HOLE CARDS ***
lakers824Mamba: raises $14.34 to $15.34 and is all-in
Y_19: folds 
fobot21: folds 
KarP93: folds 
KeR888: folds 
Twistenko: folds 
Uncalled bet ($14.34) returned to lakers824Mamba
lakers824Mamba collected $2.50 from pot
*** SUMMARY ***
Total pot $2.50 | Rake $0 
Seat 1: lakers824Mamba collected ($2.50)
Seat 2: Y_19 folded before Flop (didn't bet)
Seat 3: fobot21 folded before Flop (didn't bet)
Seat 4: KarP93 (button) folded before Flop (didn't bet)
Seat 5: KeR888 (small blind) folded before Flop
Seat 6: Twistenko (big blind) folded before Flop



PokerStars Hand #254310222135:  Hold'em No Limit ($0.50/$1.00 USD) - 2025/01/11 8:56:39 WET [2025/01/11 3:56:39 ET]
Table 'Dawn II' 6-max Seat #5 is the button
Seat 1: lakers824Mamba ($16.84 in chips) 
Seat 2: Y_19 ($100 in chips) 
Seat 3: fobot21 ($232.18 in chips) 
Seat 4: KarP93 ($100 in chips) 
Seat 5: KeR888 ($100 in chips) 
Seat 6: Twistenko ($130.85 in chips) 
Twistenko: posts small blind $0.50
lakers824Mamba: posts big blind $1
*** HOLE CARDS ***
Y_19: folds 
fobot21: folds 
KarP93: folds 
KeR888: folds 
Twistenko: folds 
Uncalled bet ($0.50) returned to lakers824Mamba
lakers824Mamba collected $1 from pot
*** SUMMARY ***
Total pot $1 | Rake $0 
Seat 1: lakers824Mamba (big blind) collected ($1)
Seat 2: Y_19 folded before Flop (didn't bet)
Seat 3: fobot21 folded before Flop (didn't bet)
Seat 4: KarP93 folded before Flop (didn't bet)
Seat 5: KeR888 (button) folded before Flop (didn't bet)
Seat 6: Twistenko (small blind) folded before Flop



PokerStars Hand #254310223346:  Hold'em No Limit ($0.50/$1.00 USD) - 2025/01/11 8:56:53 WET [2025/01/11 3:56:53 ET]
Table 'Dawn II' 6-max Seat #6 is the button
Seat 1: lakers824Mamba ($17.34 in chips) 
Seat 2: Y_19 ($100 in chips) 
Seat 3: fobot21 ($232.18 in chips) 
Seat 4: KarP93 ($100 in chips) 
Seat 5: KeR888 ($100 in chips) 
Seat 6: Twistenko ($130.35 in chips) 
lakers824Mamba: posts small blind $0.50
Y_19: posts big blind $1
*** HOLE CARDS ***
fobot21: folds 
KarP93: folds 
KeR888: folds 
Twistenko: folds 
lakers824Mamba: folds 
Uncalled bet ($0.50) returned to Y_19
Y_19 collected $1 from pot
Y_19: doesn't show hand 
*** SUMMARY ***
Total pot $1 | Rake $0 
Seat 1: lakers824Mamba (small blind) folded before Flop
Seat 2: Y_19 (big blind) collected ($1)
Seat 3: fobot21 folded before Flop (didn't bet)
Seat 4: KarP93 folded before Flop (didn't bet)
Seat 5: KeR888 folded before Flop (didn't bet)
Seat 6: Twistenko (button) folded before Flop (didn't bet)



PokerStars Hand #254310224053:  Hold'em No Limit ($0.50/$1.00 USD) - 2025/01/11 8:57:01 WET [2025/01/11 3:57:01 ET]
Table 'Dawn II' 6-max Seat #1 is the button
Seat 1: lakers824Mamba ($16.84 in chips) 
Seat 2: Y_19 ($100.50 in chips) 
Seat 3: fobot21 ($232.18 in chips) 
Seat 4: KarP93 ($100 in chips) 
Seat 5: KeR888 ($100 in chips) 
Seat 6: Twistenko ($130.35 in chips) 
Y_19: posts small blind $0.50
fobot21: posts big blind $1
*** HOLE CARDS ***
KarP93: folds 
KeR888: folds 
Twistenko: folds 
lakers824Mamba: raises $15.84 to $16.84 and is all-in
Y_19: folds 
fobot21: calls $15.84
*** FLOP *** [3d 6s Jh]
*** TURN *** [3d 6s Jh] [7h]
*** RIVER *** [3d 6s Jh 7h] [3c]
*** SHOW DOWN ***
fobot21: shows [Kh Jc] (two pair, Jacks and Threes)
lakers824Mamba: shows [Js Qh] (two pair, Jacks and Threes - lower kicker)
fobot21 collected $32.47 from pot
*** SUMMARY ***
Total pot $34.18 | Rake $1.71 
Board [3d 6s Jh 7h 3c]
Seat 1: lakers824Mamba (button) showed [Js Qh] and lost with two pair, Jacks and Threes
Seat 2: Y_19 (small blind) folded before Flop
Seat 3: fobot21 (big blind) showed [Kh Jc] and won ($32.47) with two pair, Jacks and Threes
Seat 4: KarP93 folded before Flop (didn't bet)
Seat 5: KeR888 folded before Flop (didn't bet)
Seat 6: Twistenko folded before Flop (didn't bet)



PokerStars Hand #254310225968:  Hold'em No Limit ($0.50/$1.00 USD) - 2025/01/11 8:57:23 WET [2025/01/11 3:57:23 ET]
Table 'Dawn II' 6-max Seat #2 is the button
Seat 1: lakers824Mamba ($0 in chips) is sitting out
Seat 2: Y_19 ($100 in chips) 
Seat 3: fobot21 ($247.81 in chips) 
Seat 4: KarP93 ($100 in chips) 
Seat 5: KeR888 ($100 in chips) 
Seat 6: Twistenko ($130.35 in chips) 
fobot21: posts small blind $0.50
KarP93: posts big blind $1
*** HOLE CARDS ***
lakers824Mamba leaves the table
KeR888: folds 
Twistenko: folds 
Y_19: raises $1.23 to $2.23
fobot21: folds 
KarP93: raises $8.27 to $10.50
Y_19: calls $8.27
*** FLOP *** [5h Jd 5d]
KarP93: checks 
Y_19: bets $6.74
KarP93: calls $6.74
*** TURN *** [5h Jd 5d] [9h]
KarP93: checks 
Twistenko leaves the table
Y_19: checks 
*** RIVER *** [5h Jd 5d 9h] [2d]
KarP93: checks 
Y_19: checks 
*** SHOW DOWN ***
KarP93: shows [Th Ts] (two pair, Tens and Fives)
Y_19: mucks hand 
KarP93 collected $33.23 from pot
*** SUMMARY ***
Total pot $34.98 | Rake $1.75 
Board [5h Jd 5d 9h 2d]
Seat 1: lakers824Mamba
Seat 2: Y_19 (button) mucked
Seat 3: fobot21 (small blind) folded before Flop
Seat 4: KarP93 (big blind) showed [Th Ts] and won ($33.23) with two pair, Tens and Fives
Seat 5: KeR888 folded before Flop (didn't bet)
Seat 6: Twistenko folded before Flop (didn't bet)



PokerStars Hand #254310275020:  Hold'em No Limit ($0.50/$1.00 USD) - 2025/01/11 9:05:58 WET [2025/01/11 4:05:58 ET]
Table 'Dawn II' 6-max Seat #3 is the button
Seat 1: Fab2112 ($80 in chips) is sitting out
Seat 2: Onnofrio ($95.50 in chips) 
Seat 3: KarP93 ($116.99 in chips) 
Seat 4: ThrowMaNickl ($100 in chips) 
Seat 5: KeR888 ($100 in chips) 
Seat 6: UnRRRReal ($104.20 in chips) 
ThrowMaNickl: posts small blind $0.50
KeR888: posts big blind $1
Fab2112: sits out 
*** HOLE CARDS ***
UnRRRReal: folds 
Onnofrio: folds 
KarP93: folds 
ThrowMaNickl: folds 
Uncalled bet ($0.50) returned to KeR888
KeR888 collected $1 from pot
KeR888: doesn't show hand 
*** SUMMARY ***
Total pot $1 | Rake $0 
Seat 1: Fab2112
Seat 2: Onnofrio folded before Flop (didn't bet)
Seat 3: KarP93 (button) folded before Flop (didn't bet)
Seat 4: ThrowMaNickl (small blind) folded before Flop
Seat 5: KeR888 (big blind) collected ($1)
Seat 6: UnRRRReal folded before Flop (didn't bet)



PokerStars Hand #254310276299:  Hold'em No Limit ($0.50/$1.00 USD) - 2025/01/11 9:06:10 WET [2025/01/11 4:06:10 ET]
Table 'Dawn II' 6-max Seat #4 is the button
Seat 1: Fab2112 ($80 in chips) is sitting out
Seat 2: Onnofrio ($95.50 in chips) 
Seat 3: KarP93 ($116.99 in chips) 
Seat 4: ThrowMaNickl ($100 in chips) 
Seat 5: KeR888 ($100.50 in chips) 
Seat 6: UnRRRReal ($104.20 in chips) 
KeR888: posts small blind $0.50
UnRRRReal: posts big blind $1
Fab2112: sits out 
*** HOLE CARDS ***
Onnofrio: folds 
KarP93: folds 
ThrowMaNickl: folds 
KeR888: folds 
Uncalled bet ($0.50) returned to UnRRRReal
UnRRRReal collected $1 from pot
UnRRRReal: doesn't show hand 
*** SUMMARY ***
Total pot $1 | Rake $0 
Seat 1: Fab2112
Seat 2: Onnofrio folded before Flop (didn't bet)
Seat 3: KarP93 folded before Flop (didn't bet)
Seat 4: ThrowMaNickl (button) folded before Flop (didn't bet)
Seat 5: KeR888 (small blind) folded before Flop
Seat 6: UnRRRReal (big blind) collected ($1)



PokerStars Hand #254310277644:  Hold'em No Limit ($0.50/$1.00 USD) - 2025/01/11 9:06:23 WET [2025/01/11 4:06:23 ET]
Table 'Dawn II' 6-max Seat #5 is the button
Seat 1: Fab2112 ($80 in chips) 
Seat 2: Onnofrio ($95.50 in chips) 
Seat 3: KarP93 ($116.99 in chips) 
Seat 4: ThrowMaNickl ($100 in chips) 
Seat 5: KeR888 ($100 in chips) 
Seat 6: UnRRRReal ($104.70 in chips) 
UnRRRReal: posts small blind $0.50
Fab2112: posts big blind $1
*** HOLE CARDS ***
Onnofrio: folds 
KarP93: folds 
ThrowMaNickl: folds 
KeR888: raises $1.50 to $2.50
UnRRRReal: folds 
Fab2112: calls $1.50
*** FLOP *** [3h 9d 6d]
Fab2112: checks 
KeR888: bets $2.61
Fab2112: calls $2.61
*** TURN *** [3h 9d 6d] [7h]
Fab2112: checks 
KeR888: checks 
*** RIVER *** [3h 9d 6d 7h] [6c]
Fab2112: checks 
KeR888: checks 
*** SHOW DOWN ***
Fab2112: shows [3c Ac] (two pair, Sixes and Threes)
KeR888: mucks hand 
Fab2112 collected $10.18 from pot
*** SUMMARY ***
Total pot $10.72 | Rake $0.54 
Board [3h 9d 6d 7h 6c]
Seat 1: Fab2112 (big blind) showed [3c Ac] and won ($10.18) with two pair, Sixes and Threes
Seat 2: Onnofrio folded before Flop (didn't bet)
Seat 3: KarP93 folded before Flop (didn't bet)
Seat 4: ThrowMaNickl folded before Flop (didn't bet)
Seat 5: KeR888 (button) mucked
Seat 6: UnRRRReal (small blind) folded before Flop



PokerStars Hand #254310281585:  Hold'em No Limit ($0.50/$1.00 USD) - 2025/01/11 9:07:01 WET [2025/01/11 4:07:01 ET]
Table 'Dawn II' 6-max Seat #6 is the button
Seat 1: Fab2112 ($85.07 in chips) 
Seat 2: Onnofrio ($95.50 in chips) 
Seat 3: KarP93 ($116.99 in chips) 
Seat 4: ThrowMaNickl ($100 in chips) 
Seat 5: KeR888 ($100 in chips) 
Seat 6: UnRRRReal ($104.20 in chips) 
Fab2112: posts small blind $0.50
Onnofrio: posts big blind $1
*** HOLE CARDS ***
KarP93: folds 
ThrowMaNickl: folds 
KeR888: folds 
UnRRRReal: folds 
Fab2112: raises $1 to $2
Onnofrio: calls $1
*** FLOP *** [Ts 6c 2h]
Fab2112: bets $2
Onnofrio: raises $2 to $4
Fab2112: calls $2
*** TURN *** [Ts 6c 2h] [3c]
Fab2112: checks 
Onnofrio: bets $11.40
Fab2112: folds 
Uncalled bet ($11.40) returned to Onnofrio
Onnofrio collected $11.25 from pot
Onnofrio: doesn't show hand 
*** SUMMARY ***
Total pot $12 | Rake $0.75 
Board [Ts 6c 2h 3c]
Seat 1: Fab2112 (small blind) folded on the Turn
Seat 2: Onnofrio (big blind) collected ($11.25)
Seat 3: KarP93 folded before Flop (didn't bet)
Seat 4: ThrowMaNickl folded before Flop (didn't bet)
Seat 5: KeR888 folded before Flop (didn't bet)
Seat 6: UnRRRReal (button) folded before Flop (didn't bet)



PokerStars Hand #254310287495:  Hold'em No Limit ($0.50/$1.00 USD) - 2025/01/11 9:07:59 WET [2025/01/11 4:07:59 ET]
Table 'Dawn II' 6-max Seat #1 is the button
Seat 1: Fab2112 ($79.07 in chips) 
Seat 2: Onnofrio ($100.75 in chips) 
Seat 3: KarP93 ($116.99 in chips) 
Seat 4: ThrowMaNickl ($100 in chips) 
Seat 5: KeR888 ($100 in chips) 
Seat 6: UnRRRReal ($104.20 in chips) 
Onnofrio: posts small blind $0.50
KarP93: posts big blind $1
*** HOLE CARDS ***
ThrowMaNickl: folds 
KeR888: folds 
UnRRRReal: folds 
Fab2112: raises $1 to $2
Onnofrio: folds 
KarP93: folds 
Uncalled bet ($1) returned to Fab2112
Fab2112 collected $2.50 from pot
Fab2112: doesn't show hand 
*** SUMMARY ***
Total pot $2.50 | Rake $0 
Seat 1: Fab2112 (button) collected ($2.50)
Seat 2: Onnofrio (small blind) folded before Flop
Seat 3: KarP93 (big blind) folded before Flop
Seat 4: ThrowMaNickl folded before Flop (didn't bet)
Seat 5: KeR888 folded before Flop (didn't bet)
Seat 6: UnRRRReal folded before Flop (didn't bet)



PokerStars Hand #254310288850:  Hold'em No Limit ($0.50/$1.00 USD) - 2025/01/11 9:08:12 WET [2025/01/11 4:08:12 ET]
Table 'Dawn II' 6-max Seat #2 is the button
Seat 1: Fab2112 ($80.57 in chips) 
Seat 2: Onnofrio ($100.25 in chips) 
Seat 3: KarP93 ($115.99 in chips) 
Seat 4: ThrowMaNickl ($100 in chips) 
Seat 5: KeR888 ($100 in chips) 
Seat 6: UnRRRReal ($104.20 in chips) 
KarP93: posts small blind $0.50
ThrowMaNickl: posts big blind $1
*** HOLE CARDS ***
KeR888: folds 
UnRRRReal: folds 
Fab2112: folds 
Onnofrio: folds 
KarP93: raises $2 to $3
ThrowMaNickl: folds 
Uncalled bet ($2) returned to KarP93
KarP93 collected $2 from pot
KarP93: doesn't show hand 
*** SUMMARY ***
Total pot $2 | Rake $0 
Seat 1: Fab2112 folded before Flop (didn't bet)
Seat 2: Onnofrio (button) folded before Flop (didn't bet)
Seat 3: KarP93 (small blind) collected ($2)
Seat 4: ThrowMaNickl (big blind) folded before Flop
Seat 5: KeR888 folded before Flop (didn't bet)
Seat 6: UnRRRReal folded before Flop (didn't bet)



PokerStars Hand #254310290344:  Hold'em No Limit ($0.50/$1.00 USD) - 2025/01/11 9:08:27 WET [2025/01/11 4:08:27 ET]
Table 'Dawn II' 6-max Seat #3 is the button
Seat 1: Fab2112 ($80.57 in chips) 
Seat 2: Onnofrio ($100.25 in chips) 
Seat 3: KarP93 ($116.99 in chips) 
Seat 4: ThrowMaNickl ($100 in chips) 
Seat 5: KeR888 ($100 in chips) 
Seat 6: UnRRRReal ($104.20 in chips) 
ThrowMaNickl: posts small blind $0.50
KeR888: posts big blind $1
*** HOLE CARDS ***
UnRRRReal: raises $1.50 to $2.50
Fab2112: folds 
Onnofrio: folds 
KarP93: folds 
ThrowMaNickl: folds 
KeR888: folds 
Uncalled bet ($1.50) returned to UnRRRReal
UnRRRReal collected $2.50 from pot
UnRRRReal: doesn't show hand 
*** SUMMARY ***
Total pot $2.50 | Rake $0 
Seat 1: Fab2112 folded before Flop (didn't bet)
Seat 2: Onnofrio folded before Flop (didn't bet)
Seat 3: KarP93 (button) folded before Flop (didn't bet)
Seat 4: ThrowMaNickl (small blind) folded before Flop
Seat 5: KeR888 (big blind) folded before Flop
Seat 6: UnRRRReal collected ($2.50)



PokerStars Hand #254310291608:  Hold'em No Limit ($0.50/$1.00 USD) - 2025/01/11 9:08:39 WET [2025/01/11 4:08:39 ET]
Table 'Dawn II' 6-max Seat #4 is the button
Seat 1: Fab2112 ($80.57 in chips) 
Seat 2: Onnofrio ($100.25 in chips) 
Seat 3: KarP93 ($116.99 in chips) 
Seat 4: ThrowMaNickl ($100 in chips) 
Seat 5: KeR888 ($100 in chips) 
Seat 6: UnRRRReal ($105.70 in chips) 
KeR888: posts small blind $0.50
UnRRRReal: posts big blind $1
*** HOLE CARDS ***
Fab2112: raises $1 to $2
Onnofrio: folds 
KarP93: folds 
ThrowMaNickl: folds 
KeR888: folds 
UnRRRReal: folds 
Uncalled bet ($1) returned to Fab2112
Fab2112 collected $2.50 from pot
Fab2112: doesn't show hand 
*** SUMMARY ***
Total pot $2.50 | Rake $0 
Seat 1: Fab2112 collected ($2.50)
Seat 2: Onnofrio folded before Flop (didn't bet)
Seat 3: KarP93 folded before Flop (didn't bet)
Seat 4: ThrowMaNickl (button) folded before Flop (didn't bet)
Seat 5: KeR888 (small blind) folded before Flop
Seat 6: UnRRRReal (big blind) folded before Flop



PokerStars Hand #254310292588:  Hold'em No Limit ($0.50/$1.00 USD) - 2025/01/11 9:08:49 WET [2025/01/11 4:08:49 ET]
Table 'Dawn II' 6-max Seat #5 is the button
Seat 1: Fab2112 ($82.07 in chips) 
Seat 2: Onnofrio ($100.25 in chips) 
Seat 3: KarP93 ($116.99 in chips) 
Seat 4: ThrowMaNickl ($100 in chips) 
Seat 5: KeR888 ($100 in chips) 
Seat 6: UnRRRReal ($104.70 in chips) 
UnRRRReal: posts small blind $0.50
Fab2112: posts big blind $1
*** HOLE CARDS ***
Onnofrio: folds 
KarP93: folds 
ThrowMaNickl: raises $1 to $2
KeR888: folds 
UnRRRReal: folds 
Fab2112: folds 
Uncalled bet ($1) returned to ThrowMaNickl
ThrowMaNickl collected $2.50 from pot
*** SUMMARY ***
Total pot $2.50 | Rake $0 
Seat 1: Fab2112 (big blind) folded before Flop
Seat 2: Onnofrio folded before Flop (didn't bet)
Seat 3: KarP93 folded before Flop (didn't bet)
Seat 4: ThrowMaNickl collected ($2.50)
Seat 5: KeR888 (button) folded before Flop (didn't bet)
Seat 6: UnRRRReal (small blind) folded before Flop



PokerStars Hand #254310295251:  Hold'em No Limit ($0.50/$1.00 USD) - 2025/01/11 9:09:16 WET [2025/01/11 4:09:16 ET]
Table 'Dawn II' 6-max Seat #6 is the button
Seat 1: Fab2112 ($81.07 in chips) 
Seat 2: Onnofrio ($100.25 in chips) 
Seat 3: KarP93 ($116.99 in chips) 
Seat 4: ThrowMaNickl ($101.50 in chips) 
Seat 5: KeR888 ($100 in chips) 
Seat 6: UnRRRReal ($104.20 in chips) 
Fab2112: posts small blind $0.50
Onnofrio: posts big blind $1
*** HOLE CARDS ***
KarP93: raises $1.50 to $2.50
ThrowMaNickl: calls $2.50
KeR888: folds 
UnRRRReal: folds 
Fab2112: folds 
Onnofrio: folds 
*** FLOP *** [Qc Qs Jh]
KarP93: bets $2.04
ThrowMaNickl: calls $2.04
*** TURN *** [Qc Qs Jh] [4c]
KarP93: bets $7.54
ThrowMaNickl: calls $7.54
*** RIVER *** [Qc Qs Jh 4c] [4h]
KarP93: checks 
ThrowMaNickl: checks 
*** SHOW DOWN ***
KarP93: shows [Kh 9h] (two pair, Queens and Fours)
ThrowMaNickl: shows [Js As] (two pair, Queens and Jacks)
ThrowMaNickl collected $24.38 from pot
*** SUMMARY ***
Total pot $25.66 | Rake $1.28 
Board [Qc Qs Jh 4c 4h]
Seat 1: Fab2112 (small blind) folded before Flop
Seat 2: Onnofrio (big blind) folded before Flop
Seat 3: KarP93 showed [Kh 9h] and lost with two pair, Queens and Fours
Seat 4: ThrowMaNickl showed [Js As] and won ($24.38) with two pair, Queens and Jacks
Seat 5: KeR888 folded before Flop (didn't bet)
Seat 6: UnRRRReal (button) folded before Flop (didn't bet)



PokerStars Hand #254310303610:  Hold'em No Limit ($0.50/$1.00 USD) - 2025/01/11 9:10:38 WET [2025/01/11 4:10:38 ET]
Table 'Dawn II' 6-max Seat #1 is the button
Seat 1: Fab2112 ($80.57 in chips) 
Seat 2: Onnofrio ($99.25 in chips) 
Seat 3: KarP93 ($104.91 in chips) 
Seat 4: ThrowMaNickl ($113.80 in chips) 
Seat 5: KeR888 ($100 in chips) 
Seat 6: UnRRRReal ($104.20 in chips) 
Onnofrio: posts small blind $0.50
KarP93: posts big blind $1
*** HOLE CARDS ***
ThrowMaNickl: raises $1 to $2
KeR888: folds 
UnRRRReal: calls $2
Fab2112: folds 
Onnofrio: folds 
KarP93: calls $1
*** FLOP *** [Jc Qs 2d]
KarP93: checks 
ThrowMaNickl: bets $2.50
UnRRRReal: folds 
KarP93: calls $2.50
*** TURN *** [Jc Qs 2d] [2h]
KarP93: checks 
ThrowMaNickl: bets $8.19
KarP93: folds 
Uncalled bet ($8.19) returned to ThrowMaNickl
ThrowMaNickl collected $10.92 from pot
*** SUMMARY ***
Total pot $11.50 | Rake $0.58 
Board [Jc Qs 2d 2h]
Seat 1: Fab2112 (button) folded before Flop (didn't bet)
Seat 2: Onnofrio (small blind) folded before Flop
Seat 3: KarP93 (big blind) folded on the Turn
Seat 4: ThrowMaNickl collected ($10.92)
Seat 5: KeR888 folded before Flop (didn't bet)
Seat 6: UnRRRReal folded on the Flop



PokerStars Hand #254310308967:  Hold'em No Limit ($0.50/$1.00 USD) - 2025/01/11 9:11:31 WET [2025/01/11 4:11:31 ET]
Table 'Dawn II' 6-max Seat #2 is the button
Seat 1: Fab2112 ($80.57 in chips) 
Seat 2: Onnofrio ($98.75 in chips) 
Seat 3: KarP93 ($100.41 in chips) 
Seat 4: ThrowMaNickl ($120.22 in chips) 
Seat 5: KeR888 ($100 in chips) 
Seat 6: UnRRRReal ($102.20 in chips) 
KarP93: posts small blind $0.50
ThrowMaNickl: posts big blind $1
*** HOLE CARDS ***
KeR888: folds 
UnRRRReal: folds 
Fab2112: folds 
Onnofrio: folds 
KarP93: raises $2 to $3
ThrowMaNickl: folds 
Uncalled bet ($2) returned to KarP93
KarP93 collected $2 from pot
KarP93: doesn't show hand 
*** SUMMARY ***
Total pot $2 | Rake $0 
Seat 1: Fab2112 folded before Flop (didn't bet)
Seat 2: Onnofrio (button) folded before Flop (didn't bet)
Seat 3: KarP93 (small blind) collected ($2)
Seat 4: ThrowMaNickl (big blind) folded before Flop
Seat 5: KeR888 folded before Flop (didn't bet)
Seat 6: UnRRRReal folded before Flop (didn't bet)



PokerStars Hand #254310311554:  Hold'em No Limit ($0.50/$1.00 USD) - 2025/01/11 9:11:56 WET [2025/01/11 4:11:56 ET]
Table 'Dawn II' 6-max Seat #3 is the button
Seat 1: Fab2112 ($80.57 in chips) 
Seat 2: Onnofrio ($98.75 in chips) 
Seat 3: KarP93 ($101.41 in chips) 
Seat 4: ThrowMaNickl ($119.22 in chips) 
Seat 5: KeR888 ($100 in chips) 
Seat 6: UnRRRReal ($102.20 in chips) 
ThrowMaNickl: posts small blind $0.50
KeR888: posts big blind $1
*** HOLE CARDS ***
UnRRRReal: raises $1.50 to $2.50
Fab2112: folds 
Onnofrio: calls $2.50
KarP93: folds 
ThrowMaNickl: folds 
KeR888: folds 
*** FLOP *** [8c Js 6c]
UnRRRReal: checks 
Onnofrio: bets $2
UnRRRReal: folds 
Uncalled bet ($2) returned to Onnofrio
Onnofrio collected $6.10 from pot
Onnofrio: doesn't show hand 
*** SUMMARY ***
Total pot $6.50 | Rake $0.40 
Board [8c Js 6c]
Seat 1: Fab2112 folded before Flop (didn't bet)
Seat 2: Onnofrio collected ($6.10)
Seat 3: KarP93 (button) folded before Flop (didn't bet)
Seat 4: ThrowMaNickl (small blind) folded before Flop
Seat 5: KeR888 (big blind) folded before Flop
Seat 6: UnRRRReal folded on the Flop



PokerStars Hand #254310314176:  Hold'em No Limit ($0.50/$1.00 USD) - 2025/01/11 9:12:22 WET [2025/01/11 4:12:22 ET]
Table 'Dawn II' 6-max Seat #4 is the button
Seat 1: Fab2112 ($80.57 in chips) 
Seat 2: Onnofrio ($102.35 in chips) 
Seat 3: KarP93 ($101.41 in chips) 
Seat 4: ThrowMaNickl ($118.72 in chips) 
Seat 5: KeR888 ($100 in chips) 
Seat 6: UnRRRReal ($100 in chips) 
KeR888: posts small blind $0.50
UnRRRReal: posts big blind $1
*** HOLE CARDS ***
Fab2112: folds 
Onnofrio: folds 
KarP93: folds 
ThrowMaNickl: folds 
KeR888: raises $2 to $3
UnRRRReal: folds 
Uncalled bet ($2) returned to KeR888
KeR888 collected $2 from pot
KeR888: doesn't show hand 
*** SUMMARY ***
Total pot $2 | Rake $0 
Seat 1: Fab2112 folded before Flop (didn't bet)
Seat 2: Onnofrio folded before Flop (didn't bet)
Seat 3: KarP93 folded before Flop (didn't bet)
Seat 4: ThrowMaNickl (button) folded before Flop (didn't bet)
Seat 5: KeR888 (small blind) collected ($2)
Seat 6: UnRRRReal (big blind) folded before Flop



PokerStars Hand #254310317203:  Hold'em No Limit ($0.50/$1.00 USD) - 2025/01/11 9:12:52 WET [2025/01/11 4:12:52 ET]
Table 'Dawn II' 6-max Seat #5 is the button
Seat 1: Fab2112 ($80.57 in chips) is sitting out
Seat 2: Onnofrio ($102.35 in chips) 
Seat 3: KarP93 ($101.41 in chips) 
Seat 4: ThrowMaNickl ($118.72 in chips) 
Seat 5: KeR888 ($101 in chips) 
Seat 6: UnRRRReal ($100 in chips) 
UnRRRReal: posts small blind $0.50
Fab2112: is sitting out 
Onnofrio: posts big blind $1
*** HOLE CARDS ***
KarP93: folds 
ThrowMaNickl: raises $1.50 to $2.50
KeR888: folds 
UnRRRReal: folds 
Onnofrio: folds 
Uncalled bet ($1.50) returned to ThrowMaNickl
ThrowMaNickl collected $2.50 from pot
*** SUMMARY ***
Total pot $2.50 | Rake $0 
Seat 1: Fab2112
Seat 2: Onnofrio (big blind) folded before Flop
Seat 3: KarP93 folded before Flop (didn't bet)
Seat 4: ThrowMaNickl collected ($2.50)
Seat 5: KeR888 (button) folded before Flop (didn't bet)
Seat 6: UnRRRReal (small blind) folded before Flop



PokerStars Hand #254310319419:  Hold'em No Limit ($0.50/$1.00 USD) - 2025/01/11 9:13:13 WET [2025/01/11 4:13:13 ET]
Table 'Dawn II' 6-max Seat #6 is the button
Seat 1: Fab2112 ($80.57 in chips) is sitting out
Seat 2: Onnofrio ($101.35 in chips) 
Seat 3: KarP93 ($101.41 in chips) 
Seat 4: ThrowMaNickl ($120.22 in chips) 
Seat 5: KeR888 ($101 in chips) 
Seat 6: UnRRRReal ($100 in chips) 
Onnofrio: posts small blind $0.50
KarP93: posts big blind $1
*** HOLE CARDS ***
ThrowMaNickl: raises $1 to $2
KeR888: folds 
UnRRRReal: folds 
Onnofrio: folds 
KarP93: folds 
Uncalled bet ($1) returned to ThrowMaNickl
ThrowMaNickl collected $2.50 from pot
*** SUMMARY ***
Total pot $2.50 | Rake $0 
Seat 1: Fab2112
Seat 2: Onnofrio (small blind) folded before Flop
Seat 3: KarP93 (big blind) folded before Flop
Seat 4: ThrowMaNickl collected ($2.50)
Seat 5: KeR888 folded before Flop (didn't bet)
Seat 6: UnRRRReal (button) folded before Flop (didn't bet)



PokerStars Hand #254310320831:  Hold'em No Limit ($0.50/$1.00 USD) - 2025/01/11 9:13:27 WET [2025/01/11 4:13:27 ET]
Table 'Dawn II' 6-max Seat #2 is the button
Seat 1: Fab2112 ($80.57 in chips) is sitting out
Seat 2: Onnofrio ($100.85 in chips) 
Seat 3: KarP93 ($100.41 in chips) 
Seat 4: ThrowMaNickl ($121.72 in chips) 
Seat 5: KeR888 ($101 in chips) 
Seat 6: UnRRRReal ($100 in chips) 
KarP93: posts small blind $0.50
ThrowMaNickl: posts big blind $1
*** HOLE CARDS ***
KeR888: folds 
UnRRRReal: folds 
Onnofrio: folds 
KarP93: raises $2 to $3
ThrowMaNickl: calls $2
*** FLOP *** [2s Ks 4d]
Fab2112 leaves the table
KarP93: checks 
ThrowMaNickl: checks 
*** TURN *** [2s Ks 4d] [Ac]
DamjanD joins the table at seat #1 
KarP93: checks 
ThrowMaNickl: checks 
*** RIVER *** [2s Ks 4d Ac] [3d]
KarP93: bets $4.28
ThrowMaNickl: raises $7.22 to $11.50
KarP93: calls $7.22
*** SHOW DOWN ***
ThrowMaNickl: shows [5h 5c] (a straight, Ace to Five)
KarP93: mucks hand 
ThrowMaNickl collected $27.55 from pot
*** SUMMARY ***
Total pot $29 | Rake $1.45 
Board [2s Ks 4d Ac 3d]
Seat 1: Fab2112
Seat 2: Onnofrio (button) folded before Flop (didn't bet)
Seat 3: KarP93 (small blind) mucked
Seat 4: ThrowMaNickl (big blind) showed [5h 5c] and won ($27.55) with a straight, Ace to Five
Seat 5: KeR888 folded before Flop (didn't bet)
Seat 6: UnRRRReal folded before Flop (didn't bet)



PokerStars Hand #254310328031:  Hold'em No Limit ($0.50/$1.00 USD) - 2025/01/11 9:14:38 WET [2025/01/11 4:14:38 ET]
Table 'Dawn II' 6-max Seat #3 is the button
Seat 1: DamjanD ($100 in chips) is sitting out
Seat 2: Onnofrio ($100.85 in chips) 
Seat 3: KarP93 ($100 in chips) 
Seat 4: ThrowMaNickl ($134.77 in chips) 
Seat 5: KeR888 ($101 in chips) 
Seat 6: UnRRRReal ($100 in chips) 
ThrowMaNickl: posts small blind $0.50
KeR888: posts big blind $1
DamjanD: sits out 
*** HOLE CARDS ***
UnRRRReal: folds 
Onnofrio: folds 
KarP93: raises $1.50 to $2.50
ThrowMaNickl: folds 
KeR888: folds 
Uncalled bet ($1.50) returned to KarP93
KarP93 collected $2.50 from pot
KarP93: doesn't show hand 
*** SUMMARY ***
Total pot $2.50 | Rake $0 
Seat 1: DamjanD
Seat 2: Onnofrio folded before Flop (didn't bet)
Seat 3: KarP93 (button) collected ($2.50)
Seat 4: ThrowMaNickl (small blind) folded before Flop
Seat 5: KeR888 (big blind) folded before Flop
Seat 6: UnRRRReal folded before Flop (didn't bet)



PokerStars Hand #254310329916:  Hold'em No Limit ($0.50/$1.00 USD) - 2025/01/11 9:14:56 WET [2025/01/11 4:14:56 ET]
Table 'Dawn II' 6-max Seat #4 is the button
Seat 1: DamjanD ($100 in chips) is sitting out
Seat 2: Onnofrio ($100.85 in chips) 
Seat 3: KarP93 ($101.50 in chips) 
Seat 4: ThrowMaNickl ($134.27 in chips) 
Seat 5: KeR888 ($100 in chips) 
Seat 6: UnRRRReal ($100 in chips) 
KeR888: posts small blind $0.50
UnRRRReal: posts big blind $1
DamjanD: sits out 
*** HOLE CARDS ***
Onnofrio: folds 
KarP93: folds 
ThrowMaNickl: folds 
KeR888: raises $2 to $3
UnRRRReal: folds 
Uncalled bet ($2) returned to KeR888
KeR888 collected $2 from pot
KeR888: doesn't show hand 
*** SUMMARY ***
Total pot $2 | Rake $0 
Seat 1: DamjanD
Seat 2: Onnofrio folded before Flop (didn't bet)
Seat 3: KarP93 folded before Flop (didn't bet)
Seat 4: ThrowMaNickl (button) folded before Flop (didn't bet)
Seat 5: KeR888 (small blind) collected ($2)
Seat 6: UnRRRReal (big blind) folded before Flop



PokerStars Hand #254310331132:  Hold'em No Limit ($0.50/$1.00 USD) - 2025/01/11 9:15:08 WET [2025/01/11 4:15:08 ET]
Table 'Dawn II' 6-max Seat #5 is the button
Seat 1: DamjanD ($100 in chips) 
Seat 2: Onnofrio ($100.85 in chips) 
Seat 3: KarP93 ($101.50 in chips) 
Seat 4: ThrowMaNickl ($134.27 in chips) 
Seat 5: KeR888 ($101 in chips) 
Seat 6: UnRRRReal ($100 in chips) 
UnRRRReal: posts small blind $0.50
DamjanD: posts big blind $1
*** HOLE CARDS ***
Onnofrio: folds 
KarP93: folds 
ThrowMaNickl: folds 
KeR888: raises $1.50 to $2.50
UnRRRReal: folds 
DamjanD: folds 
Uncalled bet ($1.50) returned to KeR888
KeR888 collected $2.50 from pot
KeR888: doesn't show hand 
*** SUMMARY ***
Total pot $2.50 | Rake $0 
Seat 1: DamjanD (big blind) folded before Flop
Seat 2: Onnofrio folded before Flop (didn't bet)
Seat 3: KarP93 folded before Flop (didn't bet)
Seat 4: ThrowMaNickl folded before Flop (didn't bet)
Seat 5: KeR888 (button) collected ($2.50)
Seat 6: UnRRRReal (small blind) folded before Flop



PokerStars Hand #254310333793:  Hold'em No Limit ($0.50/$1.00 USD) - 2025/01/11 9:15:34 WET [2025/01/11 4:15:34 ET]
Table 'Dawn II' 6-max Seat #6 is the button
Seat 1: DamjanD ($100 in chips) 
Seat 2: Onnofrio ($100.85 in chips) 
Seat 3: KarP93 ($101.50 in chips) 
Seat 4: ThrowMaNickl ($134.27 in chips) 
Seat 5: KeR888 ($102.50 in chips) 
Seat 6: UnRRRReal ($100 in chips) 
DamjanD: posts small blind $0.50
Onnofrio: posts big blind $1
*** HOLE CARDS ***
KarP93: folds 
ThrowMaNickl: folds 
KeR888: folds 
UnRRRReal: folds 
DamjanD: raises $2 to $3
Onnofrio: folds 
Uncalled bet ($2) returned to DamjanD
DamjanD collected $2 from pot
DamjanD: doesn't show hand 
*** SUMMARY ***
Total pot $2 | Rake $0 
Seat 1: DamjanD (small blind) collected ($2)
Seat 2: Onnofrio (big blind) folded before Flop
Seat 3: KarP93 folded before Flop (didn't bet)
Seat 4: ThrowMaNickl folded before Flop (didn't bet)
Seat 5: KeR888 folded before Flop (didn't bet)
Seat 6: UnRRRReal (button) folded before Flop (didn't bet)



PokerStars Hand #254310336487:  Hold'em No Limit ($0.50/$1.00 USD) - 2025/01/11 9:16:00 WET [2025/01/11 4:16:00 ET]
Table 'Dawn II' 6-max Seat #1 is the button
Seat 3: KarP93 ($101.50 in chips) is sitting out
Seat 1: DamjanD ($101 in chips) 
Seat 2: Onnofrio ($99.85 in chips) 
Seat 4: ThrowMaNickl ($134.27 in chips) 
Seat 5: KeR888 ($102.50 in chips) 
Seat 6: UnRRRReal ($100 in chips) 
Onnofrio: posts small blind $0.50
KarP93: is sitting out 
ThrowMaNickl: posts big blind $1
*** HOLE CARDS ***
KeR888: folds 
UnRRRReal: raises $1.50 to $2.50
DamjanD: folds 
Onnofrio: folds 
ThrowMaNickl: folds 
Uncalled bet ($1.50) returned to UnRRRReal
UnRRRReal collected $2.50 from pot
UnRRRReal: doesn't show hand 
*** SUMMARY ***
Total pot $2.50 | Rake $0 
Seat 3: KarP93
Seat 1: DamjanD (button) folded before Flop (didn't bet)
Seat 2: Onnofrio (small blind) folded before Flop
Seat 4: ThrowMaNickl (big blind) folded before Flop
Seat 5: KeR888 folded before Flop (didn't bet)
Seat 6: UnRRRReal collected ($2.50)



PokerStars Hand #254310337967:  Hold'em No Limit ($0.50/$1.00 USD) - 2025/01/11 9:16:14 WET [2025/01/11 4:16:14 ET]
Table 'Dawn II' 6-max Seat #2 is the button
Seat 3: KarP93 ($101.50 in chips) is sitting out
Seat 5: KeR888 ($102.50 in chips) is sitting out
Seat 1: DamjanD ($101 in chips) 
Seat 2: Onnofrio ($99.35 in chips) 
Seat 4: ThrowMaNickl ($133.27 in chips) 
Seat 6: UnRRRReal ($101.50 in chips) 
ThrowMaNickl: posts small blind $0.50
KeR888: is sitting out 
UnRRRReal: posts big blind $1
*** HOLE CARDS ***
DamjanD: raises $1.20 to $2.20
Onnofrio: folds 
KeR888 leaves the table
ThrowMaNickl: folds 
UnRRRReal: folds 
Uncalled bet ($1.20) returned to DamjanD
DamjanD collected $2.50 from pot
DamjanD: doesn't show hand 
*** SUMMARY ***
Total pot $2.50 | Rake $0 
Seat 3: KarP93
Seat 5: KeR888
Seat 1: DamjanD collected ($2.50)
Seat 2: Onnofrio (button) folded before Flop (didn't bet)
Seat 4: ThrowMaNickl (small blind) folded before Flop
Seat 6: UnRRRReal (big blind) folded before Flop



PokerStars Hand #254310339747:  Hold'em No Limit ($0.50/$1.00 USD) - 2025/01/11 9:16:32 WET [2025/01/11 4:16:32 ET]
Table 'Dawn II' 6-max Seat #4 is the button
Seat 3: KarP93 ($101.50 in chips) is sitting out
Seat 1: DamjanD ($102.50 in chips) 
Seat 2: Onnofrio ($99.35 in chips) 
Seat 4: ThrowMaNickl ($132.77 in chips) 
Seat 6: UnRRRReal ($100.50 in chips) 
UnRRRReal: posts small blind $0.50
DamjanD: posts big blind $1
*** HOLE CARDS ***
Onnofrio: folds 
KarP93 leaves the table
ThrowMaNickl: raises $1.50 to $2.50
Onnofrio leaves the table
UnRRRReal: folds 
DamjanD: folds 
Uncalled bet ($1.50) returned to ThrowMaNickl
ThrowMaNickl collected $2.50 from pot
*** SUMMARY ***
Total pot $2.50 | Rake $0 
Seat 3: KarP93
Seat 1: DamjanD (big blind) folded before Flop
Seat 2: Onnofrio folded before Flop (didn't bet)
Seat 4: ThrowMaNickl (button) collected ($2.50)
Seat 6: UnRRRReal (small blind) folded before Flop



PokerStars Hand #254310341868:  Hold'em No Limit ($0.50/$1.00 USD) - 2025/01/11 9:16:52 WET [2025/01/11 4:16:52 ET]
Table 'Dawn II' 6-max Seat #1 is the button
Seat 4: ThrowMaNickl ($134.27 in chips) is sitting out
Seat 1: DamjanD ($101.50 in chips) 
Seat 6: UnRRRReal ($100 in chips) 
DamjanD: posts small blind $0.50
ThrowMaNickl: is sitting out 
UnRRRReal: posts big blind $1
*** HOLE CARDS ***
DamjanD: raises $2 to $3
UnRRRReal: calls $2
*** FLOP *** [Td 9s 2s]
UnRRRReal: checks 
DamjanD: checks 
*** TURN *** [Td 9s 2s] [9d]
ThrowMaNickl leaves the table
UnRRRReal: checks 
DamjanD: bets $3.76
UnRRRReal: calls $3.76
*** RIVER *** [Td 9s 2s 9d] [2h]
UnRRRReal: checks 
DamjanD: checks 
*** SHOW DOWN ***
UnRRRReal: shows [2d Ad] (a full house, Deuces full of Nines)
DamjanD: mucks hand 
UnRRRReal collected $12.84 from pot
*** SUMMARY ***
Total pot $13.52 | Rake $0.68 
Board [Td 9s 2s 9d 2h]
Seat 4: ThrowMaNickl
Seat 1: DamjanD (button) (small blind) mucked
Seat 6: UnRRRReal (big blind) showed [2d Ad] and won ($12.84) with a full house, Deuces full of Nines



