PokerStars Hand #254324561059:  Hold'em No Limit ($0.50/$1.00 USD) - 2025/01/11 1:51:46 WET [2025/01/11 20:51:46 ET]
Table 'Arequipa II' 6-max Seat #4 is the button
Seat 4: barrafina ($100 in chips) 
Seat 5: bitterdream ($101.50 in chips) 
barrafina: posts small blind $0.50
bitterdream: posts big blind $1
*** HOLE CARDS ***
barrafina: folds 
Uncalled bet ($0.50) returned to bitterdream
bitterdream collected $1 from pot
bitterdream: doesn't show hand 
*** SUMMARY ***
Total pot $1 | Rake $0 
Seat 4: barrafina (button) (small blind) folded before Flop
Seat 5: bitterdream (big blind) collected ($1)



PokerStars Hand #254324562799:  Hold'em No Limit ($0.50/$1.00 USD) - 2025/01/11 1:51:55 WET [2025/01/11 20:51:55 ET]
Table 'Arequipa II' 6-max Seat #5 is the button
Seat 4: barrafina ($99.50 in chips) 
Seat 5: bitterdream ($102 in chips) 
bitterdream: posts small blind $0.50
barrafina: posts big blind $1
*** HOLE CARDS ***
bitterdream: raises $1.50 to $2.50
barrafina: folds 
Uncalled bet ($1.50) returned to bitterdream
bitterdream collected $2 from pot
bitterdream: doesn't show hand 
*** SUMMARY ***
Total pot $2 | Rake $0 
Seat 4: barrafina (big blind) folded before Flop
Seat 5: bitterdream (button) (small blind) collected ($2)



PokerStars Hand #254324564458:  Hold'em No Limit ($0.50/$1.00 USD) - 2025/01/11 1:52:04 WET [2025/01/11 20:52:04 ET]
Table 'Arequipa II' 6-max Seat #4 is the button
Seat 4: barrafina ($98.50 in chips) 
Seat 5: bitterdream ($103 in chips) 
barrafina: posts small blind $0.50
bitterdream: posts big blind $1
*** HOLE CARDS ***
barrafina: folds 
Uncalled bet ($0.50) returned to bitterdream
bitterdream collected $1 from pot
bitterdream: doesn't show hand 
*** SUMMARY ***
Total pot $1 | Rake $0 
Seat 4: barrafina (button) (small blind) folded before Flop
Seat 5: bitterdream (big blind) collected ($1)



PokerStars Hand #254324566101:  Hold'em No Limit ($0.50/$1.00 USD) - 2025/01/11 1:52:12 WET [2025/01/11 20:52:12 ET]
Table 'Arequipa II' 6-max Seat #5 is the button
Seat 4: barrafina ($98 in chips) 
Seat 5: bitterdream ($103.50 in chips) 
bitterdream: posts small blind $0.50
barrafina: posts big blind $1
*** HOLE CARDS ***
bitterdream: raises $1.50 to $2.50
barrafina: calls $1.50
*** FLOP *** [Tc Qd 6d]
barrafina: checks 
bitterdream: bets $1.57
barrafina: raises $1.93 to $3.50
bitterdream: calls $1.93
*** TURN *** [Tc Qd 6d] [As]
barrafina: bets $5.50
bitterdream: folds 
Uncalled bet ($5.50) returned to barrafina
barrafina collected $11.40 from pot
barrafina: doesn't show hand 
*** SUMMARY ***
Total pot $12 | Rake $0.60 
Board [Tc Qd 6d As]
Seat 4: barrafina (big blind) collected ($11.40)
Seat 5: bitterdream (button) (small blind) folded on the Turn



PokerStars Hand #254324575436:  Hold'em No Limit ($0.50/$1.00 USD) - 2025/01/11 1:53:01 WET [2025/01/11 20:53:01 ET]
Table 'Arequipa II' 6-max Seat #4 is the button
Seat 4: barrafina ($103.40 in chips) 
Seat 5: bitterdream ($100 in chips) 
barrafina: posts small blind $0.50
bitterdream: posts big blind $1
*** HOLE CARDS ***
barrafina: folds 
Uncalled bet ($0.50) returned to bitterdream
bitterdream collected $1 from pot
bitterdream: doesn't show hand 
*** SUMMARY ***
Total pot $1 | Rake $0 
Seat 4: barrafina (button) (small blind) folded before Flop
Seat 5: bitterdream (big blind) collected ($1)



PokerStars Hand #254324576963:  Hold'em No Limit ($0.50/$1.00 USD) - 2025/01/11 1:53:09 WET [2025/01/11 20:53:09 ET]
Table 'Arequipa II' 6-max Seat #5 is the button
Seat 4: barrafina ($102.90 in chips) 
Seat 5: bitterdream ($100.50 in chips) 
bitterdream: posts small blind $0.50
barrafina: posts big blind $1
*** HOLE CARDS ***
bitterdream: folds 
Uncalled bet ($0.50) returned to barrafina
XneferX joins the table at seat #6 
barrafina collected $1 from pot
barrafina: doesn't show hand 
*** SUMMARY ***
Total pot $1 | Rake $0 
Seat 4: barrafina (big blind) collected ($1)
Seat 5: bitterdream (button) (small blind) folded before Flop



PokerStars Hand #254324578123:  Hold'em No Limit ($0.50/$1.00 USD) - 2025/01/11 1:53:15 WET [2025/01/11 20:53:15 ET]
Table 'Arequipa II' 6-max Seat #4 is the button
Seat 4: barrafina ($103.40 in chips) 
Seat 5: bitterdream ($100 in chips) 
Seat 6: XneferX ($100 in chips) 
bitterdream: posts small blind $0.50
XneferX: posts big blind $1
*** HOLE CARDS ***
barrafina: folds 
bitterdream: raises $2 to $3
XneferX: calls $2
*** FLOP *** [7d 7s 2s]
bitterdream: bets $3.14
XneferX: folds 
Uncalled bet ($3.14) returned to bitterdream
bitterdream collected $5.70 from pot
bitterdream: doesn't show hand 
*** SUMMARY ***
Total pot $6 | Rake $0.30 
Board [7d 7s 2s]
Seat 4: barrafina (button) folded before Flop (didn't bet)
Seat 5: bitterdream (small blind) collected ($5.70)
Seat 6: XneferX (big blind) folded on the Flop



PokerStars Hand #254324585734:  Hold'em No Limit ($0.50/$1.00 USD) - 2025/01/11 1:53:56 WET [2025/01/11 20:53:56 ET]
Table 'Arequipa II' 6-max Seat #5 is the button
Seat 4: barrafina ($103.40 in chips) 
Seat 5: bitterdream ($102.70 in chips) 
Seat 6: XneferX ($100 in chips) 
XneferX: posts small blind $0.50
barrafina: posts big blind $1
*** HOLE CARDS ***
bitterdream: folds 
XneferX: raises $1.90 to $2.90
barrafina: calls $1.90
*** FLOP *** [6h 7h Kd]
XneferX: bets $1.87
barrafina: folds 
Uncalled bet ($1.87) returned to XneferX
XneferX collected $5.51 from pot
XneferX: doesn't show hand 
*** SUMMARY ***
Total pot $5.80 | Rake $0.29 
Board [6h 7h Kd]
Seat 4: barrafina (big blind) folded on the Flop
Seat 5: bitterdream (button) folded before Flop (didn't bet)
Seat 6: XneferX (small blind) collected ($5.51)



PokerStars Hand #254324590768:  Hold'em No Limit ($0.50/$1.00 USD) - 2025/01/11 1:54:23 WET [2025/01/11 20:54:23 ET]
Table 'Arequipa II' 6-max Seat #6 is the button
Seat 4: barrafina ($100.50 in chips) 
Seat 5: bitterdream ($102.70 in chips) 
Seat 6: XneferX ($102.61 in chips) 
barrafina: posts small blind $0.50
bitterdream: posts big blind $1
*** HOLE CARDS ***
XneferX: raises $1.77 to $2.77
barrafina: folds 
bitterdream: folds 
Uncalled bet ($1.77) returned to XneferX
XneferX collected $2.50 from pot
XneferX: doesn't show hand 
*** SUMMARY ***
Total pot $2.50 | Rake $0 
Seat 4: barrafina (small blind) folded before Flop
Seat 5: bitterdream (big blind) folded before Flop
Seat 6: XneferX (button) collected ($2.50)



PokerStars Hand #254324593016:  Hold'em No Limit ($0.50/$1.00 USD) - 2025/01/11 1:54:35 WET [2025/01/11 20:54:35 ET]
Table 'Arequipa II' 6-max Seat #4 is the button
Seat 4: barrafina ($100 in chips) 
Seat 5: bitterdream ($101.70 in chips) 
Seat 6: XneferX ($104.11 in chips) 
bitterdream: posts small blind $0.50
XneferX: posts big blind $1
*** HOLE CARDS ***
barrafina: folds 
bitterdream: raises $2 to $3
XneferX: calls $2
*** FLOP *** [8c 3d 3h]
bitterdream: checks 
XneferX: checks 
*** TURN *** [8c 3d 3h] [3s]
bitterdream: checks 
XneferX: checks 
*** RIVER *** [8c 3d 3h 3s] [2s]
bitterdream: bets $1.14
XneferX: folds 
Uncalled bet ($1.14) returned to bitterdream
bitterdream collected $5.70 from pot
bitterdream: doesn't show hand 
*** SUMMARY ***
Total pot $6 | Rake $0.30 
Board [8c 3d 3h 3s 2s]
Seat 4: barrafina (button) folded before Flop (didn't bet)
Seat 5: bitterdream (small blind) collected ($5.70)
Seat 6: XneferX (big blind) folded on the River



PokerStars Hand #254324604153:  Hold'em No Limit ($0.50/$1.00 USD) - 2025/01/11 1:55:45 WET [2025/01/11 20:55:45 ET]
Table 'Arequipa II' 6-max Seat #5 is the button
Seat 4: barrafina ($100 in chips) 
Seat 5: bitterdream ($104.40 in chips) 
Seat 6: XneferX ($101.11 in chips) 
XneferX: posts small blind $0.50
barrafina: posts big blind $1
*** HOLE CARDS ***
bitterdream: folds 
XneferX: raises $1.90 to $2.90
barrafina: calls $1.90
*** FLOP *** [Jd 3h 5c]
XneferX: bets $1.20
barrafina: calls $1.20
*** TURN *** [Jd 3h 5c] [4s]
XneferX: checks 
barrafina: checks 
*** RIVER *** [Jd 3h 5c 4s] [4d]
XneferX: checks 
barrafina: checks 
*** SHOW DOWN ***
XneferX: shows [9h Ks] (a pair of Fours)
barrafina: shows [8s Ac] (a pair of Fours - Ace kicker)
barrafina collected $7.79 from pot
*** SUMMARY ***
Total pot $8.20 | Rake $0.41 
Board [Jd 3h 5c 4s 4d]
Seat 4: barrafina (big blind) showed [8s Ac] and won ($7.79) with a pair of Fours
Seat 5: bitterdream (button) folded before Flop (didn't bet)
Seat 6: XneferX (small blind) showed [9h Ks] and lost with a pair of Fours



PokerStars Hand #254324611587:  Hold'em No Limit ($0.50/$1.00 USD) - 2025/01/11 1:56:35 WET [2025/01/11 20:56:35 ET]
Table 'Arequipa II' 6-max Seat #6 is the button
Seat 4: barrafina ($103.69 in chips) 
Seat 5: bitterdream ($104.40 in chips) 
Seat 6: XneferX ($100 in chips) 
barrafina: posts small blind $0.50
bitterdream: posts big blind $1
*** HOLE CARDS ***
XneferX: folds 
barrafina: folds 
Uncalled bet ($0.50) returned to bitterdream
bitterdream collected $1 from pot
bitterdream: doesn't show hand 
*** SUMMARY ***
Total pot $1 | Rake $0 
Seat 4: barrafina (small blind) folded before Flop
Seat 5: bitterdream (big blind) collected ($1)
Seat 6: XneferX (button) folded before Flop (didn't bet)



PokerStars Hand #254324613723:  Hold'em No Limit ($0.50/$1.00 USD) - 2025/01/11 1:56:50 WET [2025/01/11 20:56:50 ET]
Table 'Arequipa II' 6-max Seat #4 is the button
Seat 4: barrafina ($103.19 in chips) 
Seat 5: bitterdream ($104.90 in chips) 
Seat 6: XneferX ($100 in chips) 
bitterdream: posts small blind $0.50
XneferX: posts big blind $1
*** HOLE CARDS ***
barrafina: folds 
bitterdream: folds 
Uncalled bet ($0.50) returned to XneferX
XneferX collected $1 from pot
XneferX: doesn't show hand 
*** SUMMARY ***
Total pot $1 | Rake $0 
Seat 4: barrafina (button) folded before Flop (didn't bet)
Seat 5: bitterdream (small blind) folded before Flop
Seat 6: XneferX (big blind) collected ($1)



PokerStars Hand #254324615131:  Hold'em No Limit ($0.50/$1.00 USD) - 2025/01/11 1:56:59 WET [2025/01/11 20:56:59 ET]
Table 'Arequipa II' 6-max Seat #5 is the button
Seat 4: barrafina ($103.19 in chips) 
Seat 5: bitterdream ($104.40 in chips) 
Seat 6: XneferX ($100.50 in chips) 
XneferX: posts small blind $0.50
barrafina: posts big blind $1
*** HOLE CARDS ***
bitterdream: folds 
XneferX: raises $1.90 to $2.90
barrafina: folds 
Uncalled bet ($1.90) returned to XneferX
XneferX collected $2 from pot
XneferX: doesn't show hand 
*** SUMMARY ***
Total pot $2 | Rake $0 
Seat 4: barrafina (big blind) folded before Flop
Seat 5: bitterdream (button) folded before Flop (didn't bet)
Seat 6: XneferX (small blind) collected ($2)



PokerStars Hand #254324616954:  Hold'em No Limit ($0.50/$1.00 USD) - 2025/01/11 1:57:11 WET [2025/01/11 20:57:11 ET]
Table 'Arequipa II' 6-max Seat #6 is the button
Seat 4: barrafina ($102.19 in chips) 
Seat 5: bitterdream ($104.40 in chips) 
Seat 6: XneferX ($101.50 in chips) 
barrafina: posts small blind $0.50
bitterdream: posts big blind $1
*** HOLE CARDS ***
XneferX: raises $1.77 to $2.77
barrafina: calls $2.27
bitterdream: folds 
*** FLOP *** [Ah 5h Ac]
barrafina: checks 
XneferX: bets $1.61
barrafina: calls $1.61
*** TURN *** [Ah 5h Ac] [Jd]
barrafina: checks 
XneferX: bets $7.14
barrafina: folds 
Uncalled bet ($7.14) returned to XneferX
XneferX collected $9.27 from pot
XneferX: doesn't show hand 
*** SUMMARY ***
Total pot $9.76 | Rake $0.49 
Board [Ah 5h Ac Jd]
Seat 4: barrafina (small blind) folded on the Turn
Seat 5: bitterdream (big blind) folded before Flop
Seat 6: XneferX (button) collected ($9.27)



PokerStars Hand #254324626331:  Hold'em No Limit ($0.50/$1.00 USD) - 2025/01/11 1:58:14 WET [2025/01/11 20:58:14 ET]
Table 'Arequipa II' 6-max Seat #4 is the button
Seat 4: barrafina ($97.81 in chips) 
Seat 5: bitterdream ($103.40 in chips) 
Seat 6: XneferX ($106.39 in chips) 
bitterdream: posts small blind $0.50
XneferX: posts big blind $1
*** HOLE CARDS ***
barrafina: raises $1.50 to $2.50
bitterdream: folds 
XneferX: calls $1.50
*** FLOP *** [4d 9d Kh]
XneferX: checks 
barrafina: checks 
*** TURN *** [4d 9d Kh] [6h]
XneferX: bets $4.02
barrafina: folds 
Uncalled bet ($4.02) returned to XneferX
XneferX collected $5.22 from pot
XneferX: doesn't show hand 
*** SUMMARY ***
Total pot $5.50 | Rake $0.28 
Board [4d 9d Kh 6h]
Seat 4: barrafina (button) folded on the Turn
Seat 5: bitterdream (small blind) folded before Flop
Seat 6: XneferX (big blind) collected ($5.22)



PokerStars Hand #254324634181:  Hold'em No Limit ($0.50/$1.00 USD) - 2025/01/11 1:59:07 WET [2025/01/11 20:59:07 ET]
Table 'Arequipa II' 6-max Seat #5 is the button
Seat 4: barrafina ($95.31 in chips) 
Seat 5: bitterdream ($102.90 in chips) 
Seat 6: XneferX ($109.11 in chips) 
XneferX: posts small blind $0.50
barrafina: posts big blind $1
*** HOLE CARDS ***
bitterdream: folds 
XneferX: folds 
Uncalled bet ($0.50) returned to barrafina
barrafina collected $1 from pot
barrafina: doesn't show hand 
*** SUMMARY ***
Total pot $1 | Rake $0 
Seat 4: barrafina (big blind) collected ($1)
Seat 5: bitterdream (button) folded before Flop (didn't bet)
Seat 6: XneferX (small blind) folded before Flop



PokerStars Hand #254324636598:  Hold'em No Limit ($0.50/$1.00 USD) - 2025/01/11 1:59:24 WET [2025/01/11 20:59:24 ET]
Table 'Arequipa II' 6-max Seat #6 is the button
Seat 4: barrafina ($95.81 in chips) 
Seat 5: bitterdream ($102.90 in chips) 
Seat 6: XneferX ($108.61 in chips) 
barrafina: posts small blind $0.50
bitterdream: posts big blind $1
*** HOLE CARDS ***
XneferX: raises $1.77 to $2.77
barrafina: folds 
bitterdream: folds 
Uncalled bet ($1.77) returned to XneferX
XneferX collected $2.50 from pot
XneferX: doesn't show hand 
*** SUMMARY ***
Total pot $2.50 | Rake $0 
Seat 4: barrafina (small blind) folded before Flop
Seat 5: bitterdream (big blind) folded before Flop
Seat 6: XneferX (button) collected ($2.50)



PokerStars Hand #254324638177:  Hold'em No Limit ($0.50/$1.00 USD) - 2025/01/11 1:59:35 WET [2025/01/11 20:59:35 ET]
Table 'Arequipa II' 6-max Seat #4 is the button
Seat 4: barrafina ($95.31 in chips) 
Seat 5: bitterdream ($101.90 in chips) 
Seat 6: XneferX ($110.11 in chips) 
bitterdream: posts small blind $0.50
XneferX: posts big blind $1
*** HOLE CARDS ***
barrafina: folds 
bitterdream: raises $2 to $3
XneferX: folds 
Uncalled bet ($2) returned to bitterdream
bitterdream collected $2 from pot
bitterdream: doesn't show hand 
*** SUMMARY ***
Total pot $2 | Rake $0 
Seat 4: barrafina (button) folded before Flop (didn't bet)
Seat 5: bitterdream (small blind) collected ($2)
Seat 6: XneferX (big blind) folded before Flop



PokerStars Hand #254324640796:  Hold'em No Limit ($0.50/$1.00 USD) - 2025/01/11 1:59:52 WET [2025/01/11 20:59:52 ET]
Table 'Arequipa II' 6-max Seat #5 is the button
Seat 4: barrafina ($95.31 in chips) 
Seat 5: bitterdream ($102.90 in chips) 
Seat 6: XneferX ($109.11 in chips) 
XneferX: posts small blind $0.50
barrafina: posts big blind $1
*** HOLE CARDS ***
bitterdream: raises $1.50 to $2.50
XneferX: folds 
barrafina: folds 
Uncalled bet ($1.50) returned to bitterdream
bitterdream collected $2.50 from pot
bitterdream: doesn't show hand 
*** SUMMARY ***
Total pot $2.50 | Rake $0 
Seat 4: barrafina (big blind) folded before Flop
Seat 5: bitterdream (button) collected ($2.50)
Seat 6: XneferX (small blind) folded before Flop



PokerStars Hand #254324642735:  Hold'em No Limit ($0.50/$1.00 USD) - 2025/01/11 2:00:05 WET [2025/01/11 21:00:05 ET]
Table 'Arequipa II' 6-max Seat #6 is the button
Seat 4: barrafina ($94.31 in chips) 
Seat 5: bitterdream ($104.40 in chips) 
Seat 6: XneferX ($108.61 in chips) 
barrafina: posts small blind $0.50
bitterdream: posts big blind $1
*** HOLE CARDS ***
XneferX: folds 
barrafina: folds 
Uncalled bet ($0.50) returned to bitterdream
bitterdream collected $1 from pot
bitterdream: doesn't show hand 
*** SUMMARY ***
Total pot $1 | Rake $0 
Seat 4: barrafina (small blind) folded before Flop
Seat 5: bitterdream (big blind) collected ($1)
Seat 6: XneferX (button) folded before Flop (didn't bet)



PokerStars Hand #254324645934:  Hold'em No Limit ($0.50/$1.00 USD) - 2025/01/11 2:00:26 WET [2025/01/11 21:00:26 ET]
Table 'Arequipa II' 6-max Seat #4 is the button
Seat 4: barrafina ($93.81 in chips) 
Seat 5: bitterdream ($104.90 in chips) 
Seat 6: XneferX ($108.61 in chips) 
bitterdream: posts small blind $0.50
XneferX: posts big blind $1
*** HOLE CARDS ***
barrafina: raises $1.50 to $2.50
bitterdream: folds 
XneferX: folds 
Uncalled bet ($1.50) returned to barrafina
barrafina collected $2.50 from pot
barrafina: doesn't show hand 
*** SUMMARY ***
Total pot $2.50 | Rake $0 
Seat 4: barrafina (button) collected ($2.50)
Seat 5: bitterdream (small blind) folded before Flop
Seat 6: XneferX (big blind) folded before Flop



PokerStars Hand #254324650299:  Hold'em No Limit ($0.50/$1.00 USD) - 2025/01/11 2:00:53 WET [2025/01/11 21:00:53 ET]
Table 'Arequipa II' 6-max Seat #5 is the button
Seat 4: barrafina ($95.31 in chips) 
Seat 5: bitterdream ($104.40 in chips) 
Seat 6: XneferX ($107.61 in chips) 
XneferX: posts small blind $0.50
barrafina: posts big blind $1
*** HOLE CARDS ***
bitterdream has timed out
bitterdream: folds 
XneferX: folds 
Uncalled bet ($0.50) returned to barrafina
barrafina collected $1 from pot
barrafina: doesn't show hand 
*** SUMMARY ***
Total pot $1 | Rake $0 
Seat 4: barrafina (big blind) collected ($1)
Seat 5: bitterdream (button) folded before Flop (didn't bet)
Seat 6: XneferX (small blind) folded before Flop



PokerStars Hand #254324653430:  Hold'em No Limit ($0.50/$1.00 USD) - 2025/01/11 2:01:10 WET [2025/01/11 21:01:10 ET]
Table 'Arequipa II' 6-max Seat #6 is the button
Seat 4: barrafina ($95.81 in chips) 
Seat 5: bitterdream ($104.40 in chips) 
Seat 6: XneferX ($107.11 in chips) 
barrafina: posts small blind $0.50
bitterdream: posts big blind $1
*** HOLE CARDS ***
XneferX: raises $1.77 to $2.77
barrafina: folds 
bitterdream: folds 
Uncalled bet ($1.77) returned to XneferX
XneferX collected $2.50 from pot
XneferX: doesn't show hand 
*** SUMMARY ***
Total pot $2.50 | Rake $0 
Seat 4: barrafina (small blind) folded before Flop
Seat 5: bitterdream (big blind) folded before Flop
Seat 6: XneferX (button) collected ($2.50)



PokerStars Hand #254324655077:  Hold'em No Limit ($0.50/$1.00 USD) - 2025/01/11 2:01:19 WET [2025/01/11 21:01:19 ET]
Table 'Arequipa II' 6-max Seat #4 is the button
Seat 4: barrafina ($95.31 in chips) 
Seat 5: bitterdream ($103.40 in chips) 
Seat 6: XneferX ($108.61 in chips) 
bitterdream: posts small blind $0.50
XneferX: posts big blind $1
*** HOLE CARDS ***
barrafina: folds 
bitterdream: raises $2 to $3
XneferX: folds 
Uncalled bet ($2) returned to bitterdream
bitterdream collected $2 from pot
bitterdream: doesn't show hand 
*** SUMMARY ***
Total pot $2 | Rake $0 
Seat 4: barrafina (button) folded before Flop (didn't bet)
Seat 5: bitterdream (small blind) collected ($2)
Seat 6: XneferX (big blind) folded before Flop



PokerStars Hand #254324657535:  Hold'em No Limit ($0.50/$1.00 USD) - 2025/01/11 2:01:32 WET [2025/01/11 21:01:32 ET]
Table 'Arequipa II' 6-max Seat #5 is the button
Seat 4: barrafina ($95.31 in chips) 
Seat 5: bitterdream ($104.40 in chips) 
Seat 6: XneferX ($107.61 in chips) 
XneferX: posts small blind $0.50
barrafina: posts big blind $1
*** HOLE CARDS ***
bitterdream: folds 
XneferX: folds 
Uncalled bet ($0.50) returned to barrafina
barrafina collected $1 from pot
barrafina: doesn't show hand 
*** SUMMARY ***
Total pot $1 | Rake $0 
Seat 4: barrafina (big blind) collected ($1)
Seat 5: bitterdream (button) folded before Flop (didn't bet)
Seat 6: XneferX (small blind) folded before Flop



PokerStars Hand #254324659744:  Hold'em No Limit ($0.50/$1.00 USD) - 2025/01/11 2:01:44 WET [2025/01/11 21:01:44 ET]
Table 'Arequipa II' 6-max Seat #6 is the button
Seat 4: barrafina ($95.81 in chips) 
Seat 5: bitterdream ($104.40 in chips) 
Seat 6: XneferX ($107.11 in chips) 
barrafina: posts small blind $0.50
bitterdream: posts big blind $1
*** HOLE CARDS ***
XneferX: raises $1.77 to $2.77
barrafina: folds 
bitterdream: calls $1.77
*** FLOP *** [3d 8h Jc]
bitterdream: checks 
XneferX: bets $1.95
bitterdream: calls $1.95
*** TURN *** [3d 8h Jc] [Qs]
kekoccc joins the table at seat #3 
bitterdream: checks 
XneferX: checks 
*** RIVER *** [3d 8h Jc Qs] [7s]
Bash_GR joins the table at seat #1 
bitterdream: bets $3.50
XneferX: folds 
Uncalled bet ($3.50) returned to bitterdream
bitterdream collected $9.44 from pot
bitterdream: doesn't show hand 
*** SUMMARY ***
Total pot $9.94 | Rake $0.50 
Board [3d 8h Jc Qs 7s]
Seat 4: barrafina (small blind) folded before Flop
Seat 5: bitterdream (big blind) collected ($9.44)
Seat 6: XneferX (button) folded on the River



PokerStars Hand #254324677944:  Hold'em No Limit ($0.50/$1.00 USD) - 2025/01/11 2:03:23 WET [2025/01/11 21:03:23 ET]
Table 'Arequipa II' 6-max Seat #4 is the button
Seat 1: Bash_GR ($100 in chips) is sitting out
Seat 3: kekoccc ($100 in chips) is sitting out
Seat 4: barrafina ($95.31 in chips) 
Seat 5: bitterdream ($109.12 in chips) 
Seat 6: XneferX ($102.39 in chips) 
bitterdream: posts small blind $0.50
XneferX: posts big blind $1
Bash_GR: sits out 
kekoccc: sits out 
*** HOLE CARDS ***
barrafina: folds 
bitterdream: folds 
Uncalled bet ($0.50) returned to XneferX
XneferX collected $1 from pot
XneferX: doesn't show hand 
*** SUMMARY ***
Total pot $1 | Rake $0 
Seat 1: Bash_GR
Seat 3: kekoccc
Seat 4: barrafina (button) folded before Flop (didn't bet)
Seat 5: bitterdream (small blind) folded before Flop
Seat 6: XneferX (big blind) collected ($1)



PokerStars Hand #254324679613:  Hold'em No Limit ($0.50/$1.00 USD) - 2025/01/11 2:03:32 WET [2025/01/11 21:03:32 ET]
Table 'Arequipa II' 6-max Seat #5 is the button
Seat 3: kekoccc ($100 in chips) is sitting out
Seat 1: Bash_GR ($100 in chips) 
Seat 4: barrafina ($95.31 in chips) 
Seat 5: bitterdream ($108.62 in chips) 
Seat 6: XneferX ($102.89 in chips) 
XneferX: posts small blind $0.50
Bash_GR: posts big blind $1
kekoccc: sits out 
*** HOLE CARDS ***
barrafina: raises $1.80 to $2.80
bitterdream: folds 
XneferX: folds 
Bash_GR: folds 
Uncalled bet ($1.80) returned to barrafina
barrafina collected $2.50 from pot
barrafina: doesn't show hand 
*** SUMMARY ***
Total pot $2.50 | Rake $0 
Seat 3: kekoccc
Seat 1: Bash_GR (big blind) folded before Flop
Seat 4: barrafina collected ($2.50)
Seat 5: bitterdream (button) folded before Flop (didn't bet)
Seat 6: XneferX (small blind) folded before Flop



PokerStars Hand #254324682930:  Hold'em No Limit ($0.50/$1.00 USD) - 2025/01/11 2:03:50 WET [2025/01/11 21:03:50 ET]
Table 'Arequipa II' 6-max Seat #6 is the button
Seat 1: Bash_GR ($100 in chips) 
Seat 3: kekoccc ($100 in chips) 
Seat 4: barrafina ($96.81 in chips) 
Seat 5: bitterdream ($108.62 in chips) 
Seat 6: XneferX ($102.39 in chips) 
Bash_GR: posts small blind $0.50
kekoccc: posts big blind $1
*** HOLE CARDS ***
barrafina: folds 
bitterdream: folds 
XneferX: folds 
Bash_GR: raises $2 to $3
kekoccc: folds 
Uncalled bet ($2) returned to Bash_GR
Bash_GR collected $2 from pot
Bash_GR: doesn't show hand 
*** SUMMARY ***
Total pot $2 | Rake $0 
Seat 1: Bash_GR (small blind) collected ($2)
Seat 3: kekoccc (big blind) folded before Flop
Seat 4: barrafina folded before Flop (didn't bet)
Seat 5: bitterdream folded before Flop (didn't bet)
Seat 6: XneferX (button) folded before Flop (didn't bet)



PokerStars Hand #254324685940:  Hold'em No Limit ($0.50/$1.00 USD) - 2025/01/11 2:04:06 WET [2025/01/11 21:04:06 ET]
Table 'Arequipa II' 6-max Seat #1 is the button
Seat 1: Bash_GR ($101 in chips) 
Seat 3: kekoccc ($100 in chips) 
Seat 4: barrafina ($96.81 in chips) 
Seat 5: bitterdream ($108.62 in chips) 
Seat 6: XneferX ($102.39 in chips) 
kekoccc: posts small blind $0.50
barrafina: posts big blind $1
*** HOLE CARDS ***
bitterdream: folds 
XneferX: raises $1.20 to $2.20
Bash_GR: folds 
kekoccc: folds 
barrafina: calls $1.20
*** FLOP *** [Qh 8d Kc]
barrafina: checks 
XneferX: checks 
*** TURN *** [Qh 8d Kc] [7c]
barrafina: bets $3.80
XneferX: folds 
Uncalled bet ($3.80) returned to barrafina
barrafina collected $4.66 from pot
barrafina: doesn't show hand 
*** SUMMARY ***
Total pot $4.90 | Rake $0.24 
Board [Qh 8d Kc 7c]
Seat 1: Bash_GR (button) folded before Flop (didn't bet)
Seat 3: kekoccc (small blind) folded before Flop
Seat 4: barrafina (big blind) collected ($4.66)
Seat 5: bitterdream folded before Flop (didn't bet)
Seat 6: XneferX folded on the Turn



PokerStars Hand #254324694980:  Hold'em No Limit ($0.50/$1.00 USD) - 2025/01/11 2:04:55 WET [2025/01/11 21:04:55 ET]
Table 'Arequipa II' 6-max Seat #3 is the button
Seat 1: Bash_GR ($101 in chips) 
Seat 3: kekoccc ($100 in chips) 
Seat 4: barrafina ($99.27 in chips) 
Seat 5: bitterdream ($108.62 in chips) 
Seat 6: XneferX ($100.19 in chips) 
barrafina: posts small blind $0.50
bitterdream: posts big blind $1
*** HOLE CARDS ***
XneferX: folds 
Bash_GR: raises $1.30 to $2.30
kekoccc: folds 
barrafina: calls $1.80
bitterdream: folds 
*** FLOP *** [Kd Qc Ah]
barrafina: checks 
Bash_GR: bets $2.66
barrafina: folds 
Uncalled bet ($2.66) returned to Bash_GR
Bash_GR collected $5.32 from pot
Bash_GR: doesn't show hand 
*** SUMMARY ***
Total pot $5.60 | Rake $0.28 
Board [Kd Qc Ah]
Seat 1: Bash_GR collected ($5.32)
Seat 3: kekoccc (button) folded before Flop (didn't bet)
Seat 4: barrafina (small blind) folded on the Flop
Seat 5: bitterdream (big blind) folded before Flop
Seat 6: XneferX folded before Flop (didn't bet)



PokerStars Hand #254324702055:  Hold'em No Limit ($0.50/$1.00 USD) - 2025/01/11 2:05:34 WET [2025/01/11 21:05:34 ET]
Table 'Arequipa II' 6-max Seat #4 is the button
Seat 1: Bash_GR ($104.02 in chips) 
Seat 3: kekoccc ($100 in chips) 
Seat 4: barrafina ($96.97 in chips) 
Seat 5: bitterdream ($107.62 in chips) 
Seat 6: XneferX ($100.19 in chips) 
bitterdream: posts small blind $0.50
XneferX: posts big blind $1
*** HOLE CARDS ***
Bash_GR: folds 
kekoccc: folds 
barrafina: folds 
bitterdream: raises $2 to $3
XneferX: folds 
Uncalled bet ($2) returned to bitterdream
bitterdream collected $2 from pot
bitterdream: doesn't show hand 
*** SUMMARY ***
Total pot $2 | Rake $0 
Seat 1: Bash_GR folded before Flop (didn't bet)
Seat 3: kekoccc folded before Flop (didn't bet)
Seat 4: barrafina (button) folded before Flop (didn't bet)
Seat 5: bitterdream (small blind) collected ($2)
Seat 6: XneferX (big blind) folded before Flop



PokerStars Hand #254324706468:  Hold'em No Limit ($0.50/$1.00 USD) - 2025/01/11 2:05:58 WET [2025/01/11 21:05:58 ET]
Table 'Arequipa II' 6-max Seat #5 is the button
Seat 1: Bash_GR ($104.02 in chips) 
Seat 3: kekoccc ($100 in chips) 
Seat 4: barrafina ($96.97 in chips) 
Seat 5: bitterdream ($108.62 in chips) 
Seat 6: XneferX ($100 in chips) 
XneferX: posts small blind $0.50
Bash_GR: posts big blind $1
*** HOLE CARDS ***
kekoccc: folds 
barrafina: folds 
bitterdream: folds 
XneferX: folds 
Uncalled bet ($0.50) returned to Bash_GR
Bash_GR collected $1 from pot
Bash_GR: doesn't show hand 
*** SUMMARY ***
Total pot $1 | Rake $0 
Seat 1: Bash_GR (big blind) collected ($1)
Seat 3: kekoccc folded before Flop (didn't bet)
Seat 4: barrafina folded before Flop (didn't bet)
Seat 5: bitterdream (button) folded before Flop (didn't bet)
Seat 6: XneferX (small blind) folded before Flop



PokerStars Hand #254324708816:  Hold'em No Limit ($0.50/$1.00 USD) - 2025/01/11 2:06:11 WET [2025/01/11 21:06:11 ET]
Table 'Arequipa II' 6-max Seat #6 is the button
Seat 3: kekoccc ($100 in chips) is sitting out
Seat 1: Bash_GR ($104.52 in chips) 
Seat 4: barrafina ($96.97 in chips) 
Seat 5: bitterdream ($108.62 in chips) 
Seat 6: XneferX ($100 in chips) 
Bash_GR: posts small blind $0.50
kekoccc: is sitting out 
barrafina: posts big blind $1
*** HOLE CARDS ***
kekoccc leaves the table
bitterdream: raises $1.50 to $2.50
XneferX: folds 
Bash_GR: folds 
barrafina: calls $1.50
*** FLOP *** [9d 5d Qs]
barrafina: checks 
bitterdream: bets $1.72
barrafina: calls $1.72
*** TURN *** [9d 5d Qs] [As]
barrafina: checks 
bitterdream: bets $6.37
barrafina: calls $6.37
*** RIVER *** [9d 5d Qs As] [6d]
barrafina: bets $8.70
bitterdream: calls $8.70
*** SHOW DOWN ***
barrafina: shows [Ac 2s] (a pair of Aces)
bitterdream: shows [Kh Ah] (a pair of Aces - King kicker)
bitterdream collected $38.08 from pot
*** SUMMARY ***
Total pot $39.08 | Rake $1 
Board [9d 5d Qs As 6d]
Seat 3: kekoccc
Seat 1: Bash_GR (small blind) folded before Flop
Seat 4: barrafina (big blind) showed [Ac 2s] and lost with a pair of Aces
Seat 5: bitterdream showed [Kh Ah] and won ($38.08) with a pair of Aces
Seat 6: XneferX (button) folded before Flop (didn't bet)



PokerStars Hand #254324723352:  Hold'em No Limit ($0.50/$1.00 USD) - 2025/01/11 2:07:32 WET [2025/01/11 21:07:32 ET]
Table 'Arequipa II' 6-max Seat #1 is the button
Seat 1: Bash_GR ($104.02 in chips) 
Seat 4: barrafina ($77.68 in chips) 
Seat 5: bitterdream ($127.41 in chips) 
Seat 6: XneferX ($100 in chips) 
barrafina: posts small blind $0.50
bitterdream: posts big blind $1
*** HOLE CARDS ***
XneferX: folds 
Bash_GR: folds 
barrafina: raises $2 to $3
bitterdream: folds 
Uncalled bet ($2) returned to barrafina
barrafina collected $2 from pot
barrafina: doesn't show hand 
*** SUMMARY ***
Total pot $2 | Rake $0 
Seat 1: Bash_GR (button) folded before Flop (didn't bet)
Seat 4: barrafina (small blind) collected ($2)
Seat 5: bitterdream (big blind) folded before Flop
Seat 6: XneferX folded before Flop (didn't bet)



PokerStars Hand #254324725566:  Hold'em No Limit ($0.50/$1.00 USD) - 2025/01/11 2:07:44 WET [2025/01/11 21:07:44 ET]
Table 'Arequipa II' 6-max Seat #4 is the button
Seat 1: Bash_GR ($104.02 in chips) 
Seat 4: barrafina ($78.68 in chips) 
Seat 5: bitterdream ($126.41 in chips) 
Seat 6: XneferX ($100 in chips) 
bitterdream: posts small blind $0.50
XneferX: posts big blind $1
*** HOLE CARDS ***
Bash_GR: folds 
barrafina: folds 
bitterdream: folds 
Uncalled bet ($0.50) returned to XneferX
XneferX collected $1 from pot
XneferX: doesn't show hand 
*** SUMMARY ***
Total pot $1 | Rake $0 
Seat 1: Bash_GR folded before Flop (didn't bet)
Seat 4: barrafina (button) folded before Flop (didn't bet)
Seat 5: bitterdream (small blind) folded before Flop
Seat 6: XneferX (big blind) collected ($1)



PokerStars Hand #254324727713:  Hold'em No Limit ($0.50/$1.00 USD) - 2025/01/11 2:07:56 WET [2025/01/11 21:07:56 ET]
Table 'Arequipa II' 6-max Seat #5 is the button
Seat 1: Bash_GR ($104.02 in chips) 
Seat 4: barrafina ($78.68 in chips) 
Seat 5: bitterdream ($125.91 in chips) 
Seat 6: XneferX ($100.50 in chips) 
XneferX: posts small blind $0.50
Bash_GR: posts big blind $1
*** HOLE CARDS ***
barrafina: raises $1.80 to $2.80
bitterdream: raises $6.20 to $9
XneferX: folds 
4ihKZ joins the table at seat #2 
Bash_GR has timed out
Bash_GR: folds 
barrafina: calls $6.20
*** FLOP *** [2s Ts 9d]
barrafina: checks 
bitterdream: bets $6.11
barrafina: calls $6.11
*** TURN *** [2s Ts 9d] [7h]
barrafina: checks 
bitterdream: checks 
*** RIVER *** [2s Ts 9d 7h] [7s]
barrafina: bets $12
bitterdream: calls $12
*** SHOW DOWN ***
barrafina: shows [As 3s] (a flush, Ace high)
bitterdream: mucks hand 
barrafina collected $54.72 from pot
*** SUMMARY ***
Total pot $55.72 | Rake $1 
Board [2s Ts 9d 7h 7s]
Seat 1: Bash_GR (big blind) folded before Flop
Seat 4: barrafina showed [As 3s] and won ($54.72) with a flush, Ace high
Seat 5: bitterdream (button) mucked
Seat 6: XneferX (small blind) folded before Flop



PokerStars Hand #254324744028:  Hold'em No Limit ($0.50/$1.00 USD) - 2025/01/11 2:09:27 WET [2025/01/11 21:09:27 ET]
Table 'Arequipa II' 6-max Seat #6 is the button
Seat 1: Bash_GR ($103.02 in chips) 
Seat 2: 4ihKZ ($100 in chips) 
Seat 4: barrafina ($106.29 in chips) 
Seat 5: bitterdream ($100 in chips) 
Seat 6: XneferX ($100 in chips) 
Bash_GR: posts small blind $0.50
4ihKZ: posts big blind $1
*** HOLE CARDS ***
barrafina: raises $1.80 to $2.80
bitterdream: folds 
XneferX: folds 
Bash_GR: folds 
4ihKZ: folds 
Uncalled bet ($1.80) returned to barrafina
barrafina collected $2.50 from pot
barrafina: doesn't show hand 
*** SUMMARY ***
Total pot $2.50 | Rake $0 
Seat 1: Bash_GR (small blind) folded before Flop
Seat 2: 4ihKZ (big blind) folded before Flop
Seat 4: barrafina collected ($2.50)
Seat 5: bitterdream folded before Flop (didn't bet)
Seat 6: XneferX (button) folded before Flop (didn't bet)



PokerStars Hand #254324747019:  Hold'em No Limit ($0.50/$1.00 USD) - 2025/01/11 2:09:44 WET [2025/01/11 21:09:44 ET]
Table 'Arequipa II' 6-max Seat #1 is the button
Seat 1: Bash_GR ($102.52 in chips) 
Seat 2: 4ihKZ ($100 in chips) 
Seat 4: barrafina ($107.79 in chips) 
Seat 5: bitterdream ($100 in chips) 
Seat 6: XneferX ($100 in chips) 
4ihKZ: posts small blind $0.50
barrafina: posts big blind $1
*** HOLE CARDS ***
bitterdream: folds 
XneferX: folds 
Bash_GR: raises $1.50 to $2.50
4ihKZ: folds 
barrafina: folds 
Uncalled bet ($1.50) returned to Bash_GR
Bash_GR collected $2.50 from pot
Bash_GR: doesn't show hand 
*** SUMMARY ***
Total pot $2.50 | Rake $0 
Seat 1: Bash_GR (button) collected ($2.50)
Seat 2: 4ihKZ (small blind) folded before Flop
Seat 4: barrafina (big blind) folded before Flop
Seat 5: bitterdream folded before Flop (didn't bet)
Seat 6: XneferX folded before Flop (didn't bet)



PokerStars Hand #254324749915:  Hold'em No Limit ($0.50/$1.00 USD) - 2025/01/11 2:10:01 WET [2025/01/11 21:10:01 ET]
Table 'Arequipa II' 6-max Seat #2 is the button
Seat 1: Bash_GR ($104.02 in chips) 
Seat 2: 4ihKZ ($100 in chips) 
Seat 4: barrafina ($106.79 in chips) 
Seat 5: bitterdream ($100 in chips) 
Seat 6: XneferX ($100 in chips) 
barrafina: posts small blind $0.50
bitterdream: posts big blind $1
*** HOLE CARDS ***
XneferX: folds 
Bash_GR: folds 
4ihKZ: raises $1.50 to $2.50
barrafina: folds 
bitterdream: raises $10.50 to $13
4ihKZ: folds 
Uncalled bet ($10.50) returned to bitterdream
bitterdream collected $5.50 from pot
bitterdream: doesn't show hand 
*** SUMMARY ***
Total pot $5.50 | Rake $0 
Seat 1: Bash_GR folded before Flop (didn't bet)
Seat 2: 4ihKZ (button) folded before Flop
Seat 4: barrafina (small blind) folded before Flop
Seat 5: bitterdream (big blind) collected ($5.50)
Seat 6: XneferX folded before Flop (didn't bet)



PokerStars Hand #254324756634:  Hold'em No Limit ($0.50/$1.00 USD) - 2025/01/11 2:10:39 WET [2025/01/11 21:10:39 ET]
Table 'Arequipa II' 6-max Seat #4 is the button
Seat 1: Bash_GR ($104.02 in chips) 
Seat 2: 4ihKZ ($100 in chips) 
Seat 4: barrafina ($106.29 in chips) 
Seat 5: bitterdream ($103 in chips) 
Seat 6: XneferX ($100 in chips) 
bitterdream: posts small blind $0.50
XneferX: posts big blind $1
*** HOLE CARDS ***
Bash_GR: raises $1 to $2
4ihKZ: folds 
barrafina: folds 
bitterdream: folds 
XneferX: folds 
Uncalled bet ($1) returned to Bash_GR
Bash_GR collected $2.50 from pot
Bash_GR: doesn't show hand 
*** SUMMARY ***
Total pot $2.50 | Rake $0 
Seat 1: Bash_GR collected ($2.50)
Seat 2: 4ihKZ folded before Flop (didn't bet)
Seat 4: barrafina (button) folded before Flop (didn't bet)
Seat 5: bitterdream (small blind) folded before Flop
Seat 6: XneferX (big blind) folded before Flop



PokerStars Hand #254324760044:  Hold'em No Limit ($0.50/$1.00 USD) - 2025/01/11 2:10:58 WET [2025/01/11 21:10:58 ET]
Table 'Arequipa II' 6-max Seat #5 is the button
Seat 1: Bash_GR ($105.52 in chips) 
Seat 2: 4ihKZ ($100 in chips) 
Seat 4: barrafina ($106.29 in chips) 
Seat 5: bitterdream ($102.50 in chips) 
Seat 6: XneferX ($100 in chips) 
XneferX: posts small blind $0.50
Bash_GR: posts big blind $1
*** HOLE CARDS ***
4ihKZ: folds 
barrafina: raises $1.80 to $2.80
bitterdream: folds 
XneferX: folds 
Bash_GR: folds 
Uncalled bet ($1.80) returned to barrafina
barrafina collected $2.50 from pot
barrafina: doesn't show hand 
*** SUMMARY ***
Total pot $2.50 | Rake $0 
Seat 1: Bash_GR (big blind) folded before Flop
Seat 2: 4ihKZ folded before Flop (didn't bet)
Seat 4: barrafina collected ($2.50)
Seat 5: bitterdream (button) folded before Flop (didn't bet)
Seat 6: XneferX (small blind) folded before Flop



PokerStars Hand #254324763863:  Hold'em No Limit ($0.50/$1.00 USD) - 2025/01/11 2:11:19 WET [2025/01/11 21:11:19 ET]
Table 'Arequipa II' 6-max Seat #6 is the button
Seat 1: Bash_GR ($104.52 in chips) 
Seat 2: 4ihKZ ($100 in chips) 
Seat 4: barrafina ($107.79 in chips) 
Seat 5: bitterdream ($102.50 in chips) 
Seat 6: XneferX ($100 in chips) 
Bash_GR: posts small blind $0.50
4ihKZ: posts big blind $1
*** HOLE CARDS ***
barrafina: raises $1.80 to $2.80
bitterdream: folds 
XneferX: raises $6.20 to $9
Bash_GR: folds 
4ihKZ: folds 
barrafina: folds 
Uncalled bet ($6.20) returned to XneferX
XneferX collected $7.10 from pot
XneferX: doesn't show hand 
*** SUMMARY ***
Total pot $7.10 | Rake $0 
Seat 1: Bash_GR (small blind) folded before Flop
Seat 2: 4ihKZ (big blind) folded before Flop
Seat 4: barrafina folded before Flop
Seat 5: bitterdream folded before Flop (didn't bet)
Seat 6: XneferX (button) collected ($7.10)



PokerStars Hand #254324769970:  Hold'em No Limit ($0.50/$1.00 USD) - 2025/01/11 2:11:54 WET [2025/01/11 21:11:54 ET]
Table 'Arequipa II' 6-max Seat #1 is the button
Seat 1: Bash_GR ($104.02 in chips) 
Seat 2: 4ihKZ ($100 in chips) 
Seat 4: barrafina ($104.99 in chips) 
Seat 5: bitterdream ($102.50 in chips) 
Seat 6: XneferX ($104.30 in chips) 
4ihKZ: posts small blind $0.50
barrafina: posts big blind $1
*** HOLE CARDS ***
bitterdream: folds 
XneferX: raises $1.20 to $2.20
Bash_GR: calls $2.20
4ihKZ: folds 
barrafina: calls $1.20
*** FLOP *** [5d 7h 8s]
barrafina: checks 
XneferX: bets $3.44
Bash_GR: calls $3.44
barrafina: calls $3.44
*** TURN *** [5d 7h 8s] [As]
barrafina: checks 
XneferX: bets $8.44
Bash_GR: folds 
barrafina: folds 
Uncalled bet ($8.44) returned to XneferX
XneferX collected $16.55 from pot
XneferX: doesn't show hand 
*** SUMMARY ***
Total pot $17.42 | Rake $0.87 
Board [5d 7h 8s As]
Seat 1: Bash_GR (button) folded on the Turn
Seat 2: 4ihKZ (small blind) folded before Flop
Seat 4: barrafina (big blind) folded on the Turn
Seat 5: bitterdream folded before Flop (didn't bet)
Seat 6: XneferX collected ($16.55)



PokerStars Hand #254324779414:  Hold'em No Limit ($0.50/$1.00 USD) - 2025/01/11 2:12:47 WET [2025/01/11 21:12:47 ET]
Table 'Arequipa II' 6-max Seat #2 is the button
Seat 1: Bash_GR ($100 in chips) 
Seat 2: 4ihKZ ($100 in chips) 
Seat 4: barrafina ($99.35 in chips) 
Seat 5: bitterdream ($102.50 in chips) 
Seat 6: XneferX ($115.21 in chips) 
barrafina: posts small blind $0.50
bitterdream: posts big blind $1
*** HOLE CARDS ***
XneferX: folds 
Bash_GR: folds 
4ihKZ: raises $1.22 to $2.22
barrafina: folds 
bitterdream: folds 
Uncalled bet ($1.22) returned to 4ihKZ
4ihKZ collected $2.50 from pot
4ihKZ: doesn't show hand 
*** SUMMARY ***
Total pot $2.50 | Rake $0 
Seat 1: Bash_GR folded before Flop (didn't bet)
Seat 2: 4ihKZ (button) collected ($2.50)
Seat 4: barrafina (small blind) folded before Flop
Seat 5: bitterdream (big blind) folded before Flop
Seat 6: XneferX folded before Flop (didn't bet)



PokerStars Hand #254324782580:  Hold'em No Limit ($0.50/$1.00 USD) - 2025/01/11 2:13:05 WET [2025/01/11 21:13:05 ET]
Table 'Arequipa II' 6-max Seat #4 is the button
Seat 1: Bash_GR ($100 in chips) 
Seat 2: 4ihKZ ($101.50 in chips) 
Seat 4: barrafina ($98.85 in chips) 
Seat 5: bitterdream ($101.50 in chips) 
Seat 6: XneferX ($115.21 in chips) 
bitterdream: posts small blind $0.50
XneferX: posts big blind $1
*** HOLE CARDS ***
Bash_GR: raises $1 to $2
4ihKZ: folds 
barrafina: folds 
bitterdream: folds 
XneferX: calls $1
*** FLOP *** [6c 4d 2h]
XneferX: checks 
Bash_GR: checks 
*** TURN *** [6c 4d 2h] [7s]
XneferX: bets $3.30
Bash_GR: calls $3.30
*** RIVER *** [6c 4d 2h 7s] [Ac]
XneferX: checks 
Bash_GR: checks 
*** SHOW DOWN ***
XneferX: shows [8d 8c] (a pair of Eights)
Bash_GR: mucks hand 
XneferX collected $10.54 from pot
*** SUMMARY ***
Total pot $11.10 | Rake $0.56 
Board [6c 4d 2h 7s Ac]
Seat 1: Bash_GR mucked
Seat 2: 4ihKZ folded before Flop (didn't bet)
Seat 4: barrafina (button) folded before Flop (didn't bet)
Seat 5: bitterdream (small blind) folded before Flop
Seat 6: XneferX (big blind) showed [8d 8c] and won ($10.54) with a pair of Eights



PokerStars Hand #254324797304:  Hold'em No Limit ($0.50/$1.00 USD) - 2025/01/11 2:14:26 WET [2025/01/11 21:14:26 ET]
Table 'Arequipa II' 6-max Seat #5 is the button
Seat 1: Bash_GR ($100 in chips) 
Seat 2: 4ihKZ ($101.50 in chips) 
Seat 4: barrafina ($98.85 in chips) 
Seat 5: bitterdream ($101 in chips) 
Seat 6: XneferX ($120.45 in chips) 
XneferX: posts small blind $0.50
Bash_GR: posts big blind $1
*** HOLE CARDS ***
4ihKZ: folds 
barrafina: folds 
bitterdream: folds 
XneferX: folds 
Uncalled bet ($0.50) returned to Bash_GR
Bash_GR collected $1 from pot
Bash_GR: doesn't show hand 
*** SUMMARY ***
Total pot $1 | Rake $0 
Seat 1: Bash_GR (big blind) collected ($1)
Seat 2: 4ihKZ folded before Flop (didn't bet)
Seat 4: barrafina folded before Flop (didn't bet)
Seat 5: bitterdream (button) folded before Flop (didn't bet)
Seat 6: XneferX (small blind) folded before Flop



PokerStars Hand #254324800542:  Hold'em No Limit ($0.50/$1.00 USD) - 2025/01/11 2:14:45 WET [2025/01/11 21:14:45 ET]
Table 'Arequipa II' 6-max Seat #6 is the button
Seat 2: 4ihKZ ($101.50 in chips) is sitting out
Seat 1: Bash_GR ($100.50 in chips) 
Seat 4: barrafina ($98.85 in chips) 
Seat 5: bitterdream ($101 in chips) 
Seat 6: XneferX ($119.95 in chips) 
Bash_GR: posts small blind $0.50
4ihKZ: is sitting out 
barrafina: posts big blind $1
*** HOLE CARDS ***
bitterdream: folds 
XneferX: folds 
Bash_GR: raises $2 to $3
barrafina: calls $2
*** FLOP *** [7d Tc Jd]
Bash_GR: bets $1.50
barrafina: calls $1.50
*** TURN *** [7d Tc Jd] [Jc]
Bash_GR: checks 
4ihKZ leaves the table
barrafina: bets $3.90
Bash_GR: folds 
Uncalled bet ($3.90) returned to barrafina
barrafina collected $8.55 from pot
barrafina: doesn't show hand 
*** SUMMARY ***
Total pot $9 | Rake $0.45 
Board [7d Tc Jd Jc]
Seat 2: 4ihKZ
Seat 1: Bash_GR (small blind) folded on the Turn
Seat 4: barrafina (big blind) collected ($8.55)
Seat 5: bitterdream folded before Flop (didn't bet)
Seat 6: XneferX (button) folded before Flop (didn't bet)



PokerStars Hand #254324809501:  Hold'em No Limit ($0.50/$1.00 USD) - 2025/01/11 2:15:35 WET [2025/01/11 21:15:35 ET]
Table 'Arequipa II' 6-max Seat #1 is the button
Seat 1: Bash_GR ($100 in chips) 
Seat 4: barrafina ($102.90 in chips) 
Seat 5: bitterdream ($101 in chips) 
Seat 6: XneferX ($119.95 in chips) 
barrafina: posts small blind $0.50
bitterdream: posts big blind $1
*** HOLE CARDS ***
XneferX: raises $1.20 to $2.20
Bash_GR: folds 
barrafina: folds 
bitterdream: raises $9.30 to $11.50
XneferX: folds 
Uncalled bet ($9.30) returned to bitterdream
bitterdream collected $4.90 from pot
bitterdream: doesn't show hand 
*** SUMMARY ***
Total pot $4.90 | Rake $0 
Seat 1: Bash_GR (button) folded before Flop (didn't bet)
Seat 4: barrafina (small blind) folded before Flop
Seat 5: bitterdream (big blind) collected ($4.90)
Seat 6: XneferX folded before Flop



PokerStars Hand #254324818216:  Hold'em No Limit ($0.50/$1.00 USD) - 2025/01/11 2:16:24 WET [2025/01/11 21:16:24 ET]
Table 'Arequipa II' 6-max Seat #4 is the button
Seat 1: Bash_GR ($100 in chips) 
Seat 4: barrafina ($102.40 in chips) 
Seat 5: bitterdream ($103.70 in chips) 
Seat 6: XneferX ($117.75 in chips) 
bitterdream: posts small blind $0.50
XneferX: posts big blind $1
*** HOLE CARDS ***
Bash_GR: folds 
barrafina: folds 
bitterdream: folds 
Uncalled bet ($0.50) returned to XneferX
XneferX collected $1 from pot
XneferX: doesn't show hand 
*** SUMMARY ***
Total pot $1 | Rake $0 
Seat 1: Bash_GR folded before Flop (didn't bet)
Seat 4: barrafina (button) folded before Flop (didn't bet)
Seat 5: bitterdream (small blind) folded before Flop
Seat 6: XneferX (big blind) collected ($1)



PokerStars Hand #254324821766:  Hold'em No Limit ($0.50/$1.00 USD) - 2025/01/11 2:16:44 WET [2025/01/11 21:16:44 ET]
Table 'Arequipa II' 6-max Seat #5 is the button
Seat 1: Bash_GR ($100 in chips) 
Seat 4: barrafina ($102.40 in chips) 
Seat 5: bitterdream ($103.20 in chips) 
Seat 6: XneferX ($118.25 in chips) 
XneferX: posts small blind $0.50
Bash_GR: posts big blind $1
*** HOLE CARDS ***
barrafina: folds 
bitterdream: folds 
XneferX: raises $1.90 to $2.90
Bash_GR: raises $6.10 to $9
XneferX: folds 
Uncalled bet ($6.10) returned to Bash_GR
Bash_GR collected $5.80 from pot
Bash_GR: doesn't show hand 
*** SUMMARY ***
Total pot $5.80 | Rake $0 
Seat 1: Bash_GR (big blind) collected ($5.80)
Seat 4: barrafina folded before Flop (didn't bet)
Seat 5: bitterdream (button) folded before Flop (didn't bet)
Seat 6: XneferX (small blind) folded before Flop



PokerStars Hand #254324828754:  Hold'em No Limit ($0.50/$1.00 USD) - 2025/01/11 2:17:24 WET [2025/01/11 21:17:24 ET]
Table 'Arequipa II' 6-max Seat #6 is the button
Seat 1: Bash_GR ($102.90 in chips) 
Seat 4: barrafina ($102.40 in chips) 
Seat 5: bitterdream ($103.20 in chips) 
Seat 6: XneferX ($115.35 in chips) 
Bash_GR: posts small blind $0.50
barrafina: posts big blind $1
*** HOLE CARDS ***
bitterdream: folds 
XneferX: folds 
Bash_GR: folds 
Uncalled bet ($0.50) returned to barrafina
barrafina collected $1 from pot
barrafina: doesn't show hand 
*** SUMMARY ***
Total pot $1 | Rake $0 
Seat 1: Bash_GR (small blind) folded before Flop
Seat 4: barrafina (big blind) collected ($1)
Seat 5: bitterdream folded before Flop (didn't bet)
Seat 6: XneferX (button) folded before Flop (didn't bet)



PokerStars Hand #254324830788:  Hold'em No Limit ($0.50/$1.00 USD) - 2025/01/11 2:17:36 WET [2025/01/11 21:17:36 ET]
Table 'Arequipa II' 6-max Seat #1 is the button
Seat 1: Bash_GR ($102.40 in chips) 
Seat 4: barrafina ($102.90 in chips) 
Seat 5: bitterdream ($103.20 in chips) 
Seat 6: XneferX ($115.35 in chips) 
barrafina: posts small blind $0.50
bitterdream: posts big blind $1
*** HOLE CARDS ***
XneferX: folds 
Bash_GR: raises $1.50 to $2.50
barrafina: folds 
bitterdream: raises $10 to $12.50
Steve18212627 joins the table at seat #2 
Steve18212627 is disconnected 
Bash_GR: calls $10
*** FLOP *** [9d Qs Js]
bitterdream: checks 
Bash_GR: checks 
*** TURN *** [9d Qs Js] [Qd]
bitterdream: bets $18.38
Bash_GR: calls $18.38
*** RIVER *** [9d Qs Js Qd] [Jc]
bitterdream: bets $9
jeilsons joins the table at seat #3 
Bash_GR: raises $62.52 to $71.52 and is all-in
bitterdream: folds 
Uncalled bet ($62.52) returned to Bash_GR
Bash_GR collected $79.26 from pot
Bash_GR: doesn't show hand 
*** SUMMARY ***
Total pot $80.26 | Rake $1 
Board [9d Qs Js Qd Jc]
Seat 1: Bash_GR (button) collected ($79.26)
Seat 4: barrafina (small blind) folded before Flop
Seat 5: bitterdream (big blind) folded on the River
Seat 6: XneferX folded before Flop (didn't bet)



PokerStars Hand #254324856346:  Hold'em No Limit ($0.50/$1.00 USD) - 2025/01/11 2:20:02 WET [2025/01/11 21:20:02 ET]
Table 'Arequipa II' 6-max Seat #4 is the button
Seat 2: Steve18212627 ($100 in chips) is sitting out
Seat 3: jeilsons ($100 in chips) is sitting out
Seat 1: Bash_GR ($141.78 in chips) 
Seat 4: barrafina ($102.40 in chips) 
Seat 5: bitterdream ($100 in chips) 
Seat 6: XneferX ($115.35 in chips) 
bitterdream: posts small blind $0.50
XneferX: posts big blind $1
Steve18212627: sits out 
jeilsons: sits out 
*** HOLE CARDS ***
Bash_GR: raises $1 to $2
barrafina: calls $2
bitterdream: folds 
XneferX: folds 
*** FLOP *** [3c 5s Kc]
Bash_GR: checks 
barrafina: checks 
*** TURN *** [3c 5s Kc] [Td]
Bash_GR: bets $3.92
barrafina: folds 
Uncalled bet ($3.92) returned to Bash_GR
Bash_GR collected $5.22 from pot
Bash_GR: doesn't show hand 
*** SUMMARY ***
Total pot $5.50 | Rake $0.28 
Board [3c 5s Kc Td]
Seat 2: Steve18212627
Seat 3: jeilsons
Seat 1: Bash_GR collected ($5.22)
Seat 4: barrafina (button) folded on the Turn
Seat 5: bitterdream (small blind) folded before Flop
Seat 6: XneferX (big blind) folded before Flop



PokerStars Hand #254324863795:  Hold'em No Limit ($0.50/$1.00 USD) - 2025/01/11 2:20:46 WET [2025/01/11 21:20:46 ET]
Table 'Arequipa II' 6-max Seat #5 is the button
Seat 2: Steve18212627 ($100 in chips) is sitting out
Seat 3: jeilsons ($100 in chips) is sitting out
Seat 1: Bash_GR ($145 in chips) 
Seat 4: barrafina ($100.40 in chips) 
Seat 5: bitterdream ($100 in chips) 
Seat 6: XneferX ($114.35 in chips) 
XneferX: posts small blind $0.50
Bash_GR: posts big blind $1
Steve18212627: sits out 
jeilsons: sits out 
*** HOLE CARDS ***
barrafina: folds 
bitterdream: folds 
XneferX: folds 
Uncalled bet ($0.50) returned to Bash_GR
Bash_GR collected $1 from pot
Bash_GR: doesn't show hand 
*** SUMMARY ***
Total pot $1 | Rake $0 
Seat 2: Steve18212627
Seat 3: jeilsons
Seat 1: Bash_GR (big blind) collected ($1)
Seat 4: barrafina folded before Flop (didn't bet)
Seat 5: bitterdream (button) folded before Flop (didn't bet)
Seat 6: XneferX (small blind) folded before Flop



PokerStars Hand #254324866649:  Hold'em No Limit ($0.50/$1.00 USD) - 2025/01/11 2:21:03 WET [2025/01/11 21:21:03 ET]
Table 'Arequipa II' 6-max Seat #6 is the button
Seat 3: jeilsons ($100 in chips) is sitting out
Seat 1: Bash_GR ($145.50 in chips) 
Seat 2: Steve18212627 ($100 in chips) 
Seat 4: barrafina ($100.40 in chips) 
Seat 5: bitterdream ($100 in chips) 
Seat 6: XneferX ($113.85 in chips) 
Bash_GR: posts small blind $0.50
Steve18212627: posts big blind $1
jeilsons: sits out 
*** HOLE CARDS ***
barrafina: folds 
bitterdream: folds 
XneferX: folds 
Bash_GR: folds 
Uncalled bet ($0.50) returned to Steve18212627
Steve18212627 collected $1 from pot
*** SUMMARY ***
Total pot $1 | Rake $0 
Seat 3: jeilsons
Seat 1: Bash_GR (small blind) folded before Flop
Seat 2: Steve18212627 (big blind) collected ($1)
Seat 4: barrafina folded before Flop (didn't bet)
Seat 5: bitterdream folded before Flop (didn't bet)
Seat 6: XneferX (button) folded before Flop (didn't bet)



PokerStars Hand #254324868826:  Hold'em No Limit ($0.50/$1.00 USD) - 2025/01/11 2:21:15 WET [2025/01/11 21:21:15 ET]
Table 'Arequipa II' 6-max Seat #1 is the button
Seat 1: Bash_GR ($145 in chips) 
Seat 2: Steve18212627 ($100.50 in chips) 
Seat 3: jeilsons ($100 in chips) 
Seat 4: barrafina ($100.40 in chips) 
Seat 5: bitterdream ($100 in chips) 
Seat 6: XneferX ($113.85 in chips) 
Steve18212627: posts small blind $0.50
jeilsons: posts big blind $1
*** HOLE CARDS ***
barrafina: folds 
bitterdream: folds 
XneferX: folds 
Bash_GR: folds 
Steve18212627: folds 
Uncalled bet ($0.50) returned to jeilsons
jeilsons collected $1 from pot
jeilsons: doesn't show hand 
*** SUMMARY ***
Total pot $1 | Rake $0 
Seat 1: Bash_GR (button) folded before Flop (didn't bet)
Seat 2: Steve18212627 (small blind) folded before Flop
Seat 3: jeilsons (big blind) collected ($1)
Seat 4: barrafina folded before Flop (didn't bet)
Seat 5: bitterdream folded before Flop (didn't bet)
Seat 6: XneferX folded before Flop (didn't bet)



PokerStars Hand #254324872369:  Hold'em No Limit ($0.50/$1.00 USD) - 2025/01/11 2:21:36 WET [2025/01/11 21:21:36 ET]
Table 'Arequipa II' 6-max Seat #2 is the button
Seat 1: Bash_GR ($145 in chips) 
Seat 2: Steve18212627 ($100 in chips) 
Seat 3: jeilsons ($100.50 in chips) 
Seat 4: barrafina ($100.40 in chips) 
Seat 5: bitterdream ($100 in chips) 
Seat 6: XneferX ($113.85 in chips) 
jeilsons: posts small blind $0.50
barrafina: posts big blind $1
*** HOLE CARDS ***
bitterdream: folds 
XneferX: folds 
Bash_GR: folds 
Steve18212627: folds 
jeilsons: raises $2 to $3
barrafina: calls $2
*** FLOP *** [3h Kd 7h]
jeilsons: checks 
barrafina: bets $3.80
jeilsons: folds 
Uncalled bet ($3.80) returned to barrafina
barrafina collected $5.70 from pot
barrafina: doesn't show hand 
*** SUMMARY ***
Total pot $6 | Rake $0.30 
Board [3h Kd 7h]
Seat 1: Bash_GR folded before Flop (didn't bet)
Seat 2: Steve18212627 (button) folded before Flop (didn't bet)
Seat 3: jeilsons (small blind) folded on the Flop
Seat 4: barrafina (big blind) collected ($5.70)
Seat 5: bitterdream folded before Flop (didn't bet)
Seat 6: XneferX folded before Flop (didn't bet)



PokerStars Hand #254324879799:  Hold'em No Limit ($0.50/$1.00 USD) - 2025/01/11 2:22:19 WET [2025/01/11 21:22:19 ET]
Table 'Arequipa II' 6-max Seat #3 is the button
Seat 1: Bash_GR ($145 in chips) 
Seat 2: Steve18212627 ($100 in chips) 
Seat 3: jeilsons ($100 in chips) 
Seat 4: barrafina ($103.10 in chips) 
Seat 5: bitterdream ($100 in chips) 
Seat 6: XneferX ($113.85 in chips) 
barrafina: posts small blind $0.50
bitterdream: posts big blind $1
*** HOLE CARDS ***
XneferX: raises $1.20 to $2.20
Bash_GR: folds 
Steve18212627: folds 
jeilsons: folds 
barrafina: folds 
bitterdream: folds 
Uncalled bet ($1.20) returned to XneferX
XneferX collected $2.50 from pot
XneferX: doesn't show hand 
*** SUMMARY ***
Total pot $2.50 | Rake $0 
Seat 1: Bash_GR folded before Flop (didn't bet)
Seat 2: Steve18212627 folded before Flop (didn't bet)
Seat 3: jeilsons (button) folded before Flop (didn't bet)
Seat 4: barrafina (small blind) folded before Flop
Seat 5: bitterdream (big blind) folded before Flop
Seat 6: XneferX collected ($2.50)



PokerStars Hand #254324883558:  Hold'em No Limit ($0.50/$1.00 USD) - 2025/01/11 2:22:41 WET [2025/01/11 21:22:41 ET]
Table 'Arequipa II' 6-max Seat #4 is the button
Seat 1: Bash_GR ($145 in chips) 
Seat 2: Steve18212627 ($100 in chips) 
Seat 3: jeilsons ($100 in chips) 
Seat 4: barrafina ($102.60 in chips) 
Seat 5: bitterdream ($100 in chips) 
Seat 6: XneferX ($115.35 in chips) 
bitterdream: posts small blind $0.50
XneferX: posts big blind $1
*** HOLE CARDS ***
Bash_GR: folds 
Steve18212627: folds 
jeilsons: raises $1.30 to $2.30
barrafina: folds 
bitterdream: folds 
XneferX: calls $1.30
*** FLOP *** [Ks 7s 6c]
XneferX: checks 
jeilsons: checks 
*** TURN *** [Ks 7s 6c] [Js]
XneferX: checks 
jeilsons: checks 
*** RIVER *** [Ks 7s 6c Js] [Jc]
XneferX: checks 
jeilsons: checks 
*** SHOW DOWN ***
XneferX: shows [Td Ad] (a pair of Jacks)
jeilsons: shows [2c 2d] (two pair, Jacks and Deuces)
jeilsons collected $4.84 from pot
*** SUMMARY ***
Total pot $5.10 | Rake $0.26 
Board [Ks 7s 6c Js Jc]
Seat 1: Bash_GR folded before Flop (didn't bet)
Seat 2: Steve18212627 folded before Flop (didn't bet)
Seat 3: jeilsons showed [2c 2d] and won ($4.84) with two pair, Jacks and Deuces
Seat 4: barrafina (button) folded before Flop (didn't bet)
Seat 5: bitterdream (small blind) folded before Flop
Seat 6: XneferX (big blind) showed [Td Ad] and lost with a pair of Jacks



PokerStars Hand #254324894780:  Hold'em No Limit ($0.50/$1.00 USD) - 2025/01/11 2:23:46 WET [2025/01/11 21:23:46 ET]
Table 'Arequipa II' 6-max Seat #5 is the button
Seat 1: Bash_GR ($145 in chips) 
Seat 2: Steve18212627 ($100 in chips) 
Seat 3: jeilsons ($102.54 in chips) 
Seat 4: barrafina ($102.60 in chips) 
Seat 5: bitterdream ($100 in chips) 
Seat 6: XneferX ($113.05 in chips) 
XneferX: posts small blind $0.50
Bash_GR: posts big blind $1
*** HOLE CARDS ***
Steve18212627: folds 
jeilsons: folds 
barrafina: folds 
bitterdream: folds 
XneferX: folds 
Uncalled bet ($0.50) returned to Bash_GR
Bash_GR collected $1 from pot
Bash_GR: doesn't show hand 
*** SUMMARY ***
Total pot $1 | Rake $0 
Seat 1: Bash_GR (big blind) collected ($1)
Seat 2: Steve18212627 folded before Flop (didn't bet)
Seat 3: jeilsons folded before Flop (didn't bet)
Seat 4: barrafina folded before Flop (didn't bet)
Seat 5: bitterdream (button) folded before Flop (didn't bet)
Seat 6: XneferX (small blind) folded before Flop



PokerStars Hand #254324898446:  Hold'em No Limit ($0.50/$1.00 USD) - 2025/01/11 2:24:08 WET [2025/01/11 21:24:08 ET]
Table 'Arequipa II' 6-max Seat #6 is the button
Seat 1: Bash_GR ($145.50 in chips) 
Seat 2: Steve18212627 ($100 in chips) 
Seat 3: jeilsons ($102.54 in chips) 
Seat 4: barrafina ($102.60 in chips) 
Seat 5: bitterdream ($100 in chips) 
Seat 6: XneferX ($112.55 in chips) 
Bash_GR: posts small blind $0.50
Steve18212627: posts big blind $1
*** HOLE CARDS ***
jeilsons: folds 
barrafina: raises $1.50 to $2.50
bitterdream: folds 
XneferX: folds 
Bash_GR: folds 
Steve18212627: calls $1.50
*** FLOP *** [8s 5d 5h]
Steve18212627: checks 
barrafina: checks 
*** TURN *** [8s 5d 5h] [Qh]
Steve18212627: checks 
barrafina: bets $4.80
Steve18212627 is disconnected 
Steve18212627 has timed out while disconnected
Steve18212627: folds 
Uncalled bet ($4.80) returned to barrafina
barrafina collected $5.22 from pot
barrafina: doesn't show hand 
*** SUMMARY ***
Total pot $5.50 | Rake $0.28 
Board [8s 5d 5h Qh]
Seat 1: Bash_GR (small blind) folded before Flop
Seat 2: Steve18212627 (big blind) folded on the Turn
Seat 3: jeilsons folded before Flop (didn't bet)
Seat 4: barrafina collected ($5.22)
Seat 5: bitterdream folded before Flop (didn't bet)
Seat 6: XneferX (button) folded before Flop (didn't bet)



PokerStars Hand #254324916123:  Hold'em No Limit ($0.50/$1.00 USD) - 2025/01/11 2:25:52 WET [2025/01/11 21:25:52 ET]
Table 'Arequipa II' 6-max Seat #1 is the button
Seat 2: Steve18212627 ($97.50 in chips) is sitting out
Seat 1: Bash_GR ($145 in chips) 
Seat 3: jeilsons ($102.54 in chips) 
Seat 4: barrafina ($105.32 in chips) 
Seat 5: bitterdream ($100 in chips) 
Seat 6: XneferX ($112.55 in chips) 
jeilsons: posts small blind $0.50
barrafina: posts big blind $1
*** HOLE CARDS ***
bitterdream: folds 
XneferX: folds 
Bash_GR: folds 
jeilsons: folds 
Uncalled bet ($0.50) returned to barrafina
barrafina collected $1 from pot
barrafina: doesn't show hand 
*** SUMMARY ***
Total pot $1 | Rake $0 
Seat 2: Steve18212627
Seat 1: Bash_GR (button) folded before Flop (didn't bet)
Seat 3: jeilsons (small blind) folded before Flop
Seat 4: barrafina (big blind) collected ($1)
Seat 5: bitterdream folded before Flop (didn't bet)
Seat 6: XneferX folded before Flop (didn't bet)



PokerStars Hand #254324918715:  Hold'em No Limit ($0.50/$1.00 USD) - 2025/01/11 2:26:08 WET [2025/01/11 21:26:08 ET]
Table 'Arequipa II' 6-max Seat #3 is the button
Seat 2: Steve18212627 ($97.50 in chips) is sitting out
Seat 1: Bash_GR ($145 in chips) 
Seat 3: jeilsons ($102.04 in chips) 
Seat 4: barrafina ($105.82 in chips) 
Seat 5: bitterdream ($100 in chips) 
Seat 6: XneferX ($112.55 in chips) 
barrafina: posts small blind $0.50
bitterdream: posts big blind $1
*** HOLE CARDS ***
XneferX: folds 
Bash_GR: folds 
jeilsons: folds 
barrafina: folds 
Uncalled bet ($0.50) returned to bitterdream
bitterdream collected $1 from pot
bitterdream: doesn't show hand 
*** SUMMARY ***
Total pot $1 | Rake $0 
Seat 2: Steve18212627
Seat 1: Bash_GR folded before Flop (didn't bet)
Seat 3: jeilsons (button) folded before Flop (didn't bet)
Seat 4: barrafina (small blind) folded before Flop
Seat 5: bitterdream (big blind) collected ($1)
Seat 6: XneferX folded before Flop (didn't bet)



PokerStars Hand #254324922530:  Hold'em No Limit ($0.50/$1.00 USD) - 2025/01/11 2:26:30 WET [2025/01/11 21:26:30 ET]
Table 'Arequipa II' 6-max Seat #4 is the button
Seat 2: Steve18212627 ($97.50 in chips) is sitting out
Seat 1: Bash_GR ($145 in chips) 
Seat 3: jeilsons ($102.04 in chips) 
Seat 4: barrafina ($105.32 in chips) 
Seat 5: bitterdream ($100.50 in chips) 
Seat 6: XneferX ($112.55 in chips) 
bitterdream: posts small blind $0.50
XneferX: posts big blind $1
*** HOLE CARDS ***
Bash_GR: folds 
jeilsons: folds 
barrafina: folds 
bitterdream: folds 
Uncalled bet ($0.50) returned to XneferX
XneferX collected $1 from pot
XneferX: doesn't show hand 
*** SUMMARY ***
Total pot $1 | Rake $0 
Seat 2: Steve18212627
Seat 1: Bash_GR folded before Flop (didn't bet)
Seat 3: jeilsons folded before Flop (didn't bet)
Seat 4: barrafina (button) folded before Flop (didn't bet)
Seat 5: bitterdream (small blind) folded before Flop
Seat 6: XneferX (big blind) collected ($1)



PokerStars Hand #254324924532:  Hold'em No Limit ($0.50/$1.00 USD) - 2025/01/11 2:26:42 WET [2025/01/11 21:26:42 ET]
Table 'Arequipa II' 6-max Seat #5 is the button
Seat 2: Steve18212627 ($97.50 in chips) is sitting out
Seat 1: Bash_GR ($145 in chips) 
Seat 3: jeilsons ($102.04 in chips) 
Seat 4: barrafina ($105.32 in chips) 
Seat 5: bitterdream ($100 in chips) 
Seat 6: XneferX ($113.05 in chips) 
XneferX: posts small blind $0.50
Bash_GR: posts big blind $1
*** HOLE CARDS ***
jeilsons: folds 
barrafina: folds 
bitterdream: folds 
XneferX: raises $1.90 to $2.90
Bash_GR: calls $1.90
*** FLOP *** [3d 4s 9s]
XneferX: bets $4.24
Bash_GR: calls $4.24
*** TURN *** [3d 4s 9s] [8s]
XneferX: checks 
Bash_GR: bets $4.48
XneferX: folds 
Uncalled bet ($4.48) returned to Bash_GR
Bash_GR collected $13.57 from pot
Bash_GR: doesn't show hand 
*** SUMMARY ***
Total pot $14.28 | Rake $0.71 
Board [3d 4s 9s 8s]
Seat 2: Steve18212627
Seat 1: Bash_GR (big blind) collected ($13.57)
Seat 3: jeilsons folded before Flop (didn't bet)
Seat 4: barrafina folded before Flop (didn't bet)
Seat 5: bitterdream (button) folded before Flop (didn't bet)
Seat 6: XneferX (small blind) folded on the Turn



PokerStars Hand #254324939484:  Hold'em No Limit ($0.50/$1.00 USD) - 2025/01/11 2:28:10 WET [2025/01/11 21:28:10 ET]
Table 'Arequipa II' 6-max Seat #6 is the button
Seat 2: Steve18212627 ($97.50 in chips) is sitting out
Seat 1: Bash_GR ($151.43 in chips) 
Seat 3: jeilsons ($102.04 in chips) 
Seat 4: barrafina ($105.32 in chips) 
Seat 5: bitterdream ($100 in chips) 
Seat 6: XneferX ($105.91 in chips) 
Bash_GR: posts small blind $0.50
jeilsons: posts big blind $1
*** HOLE CARDS ***
barrafina: folds 
bitterdream: folds 
XneferX: raises $1.77 to $2.77
Bash_GR: folds 
jeilsons: folds 
Uncalled bet ($1.77) returned to XneferX
XneferX collected $2.50 from pot
XneferX: doesn't show hand 
*** SUMMARY ***
Total pot $2.50 | Rake $0 
Seat 2: Steve18212627
Seat 1: Bash_GR (small blind) folded before Flop
Seat 3: jeilsons (big blind) folded before Flop
Seat 4: barrafina folded before Flop (didn't bet)
Seat 5: bitterdream folded before Flop (didn't bet)
Seat 6: XneferX (button) collected ($2.50)



PokerStars Hand #254324942229:  Hold'em No Limit ($0.50/$1.00 USD) - 2025/01/11 2:28:26 WET [2025/01/11 21:28:26 ET]
Table 'Arequipa II' 6-max Seat #1 is the button
Seat 2: Steve18212627 ($97.50 in chips) is sitting out
Seat 1: Bash_GR ($150.93 in chips) 
Seat 3: jeilsons ($101.04 in chips) 
Seat 4: barrafina ($105.32 in chips) 
Seat 5: bitterdream ($100 in chips) 
Seat 6: XneferX ($107.41 in chips) 
jeilsons: posts small blind $0.50
barrafina: posts big blind $1
*** HOLE CARDS ***
bitterdream: folds 
XneferX: folds 
Bash_GR: folds 
jeilsons: folds 
Uncalled bet ($0.50) returned to barrafina
barrafina collected $1 from pot
*** SUMMARY ***
Total pot $1 | Rake $0 
Seat 2: Steve18212627
Seat 1: Bash_GR (button) folded before Flop (didn't bet)
Seat 3: jeilsons (small blind) folded before Flop
Seat 4: barrafina (big blind) collected ($1)
Seat 5: bitterdream folded before Flop (didn't bet)
Seat 6: XneferX folded before Flop (didn't bet)



PokerStars Hand #254324945754:  Hold'em No Limit ($0.50/$1.00 USD) - 2025/01/11 2:28:47 WET [2025/01/11 21:28:47 ET]
Table 'Arequipa II' 6-max Seat #3 is the button
Seat 2: Steve18212627 ($97.50 in chips) is sitting out
Seat 1: Bash_GR ($150.93 in chips) 
Seat 3: jeilsons ($100.54 in chips) 
Seat 4: barrafina ($105.82 in chips) 
Seat 5: bitterdream ($100 in chips) 
Seat 6: XneferX ($107.41 in chips) 
barrafina: posts small blind $0.50
bitterdream: posts big blind $1
*** HOLE CARDS ***
XneferX: folds 
Bash_GR: folds 
jeilsons: raises $1.50 to $2.50
barrafina: folds 
bitterdream: folds 
Uncalled bet ($1.50) returned to jeilsons
jeilsons collected $2.50 from pot
jeilsons: doesn't show hand 
*** SUMMARY ***
Total pot $2.50 | Rake $0 
Seat 2: Steve18212627
Seat 1: Bash_GR folded before Flop (didn't bet)
Seat 3: jeilsons (button) collected ($2.50)
Seat 4: barrafina (small blind) folded before Flop
Seat 5: bitterdream (big blind) folded before Flop
Seat 6: XneferX folded before Flop (didn't bet)



PokerStars Hand #254324982344:  Hold'em No Limit ($0.50/$1.00 USD) - 2025/01/11 2:32:25 WET [2025/01/11 21:32:25 ET]
Table 'Arequipa II' 6-max Seat #1 is the button
Seat 2: Steve18212627 ($97.50 in chips) is sitting out
Seat 1: Bash_GR ($150.93 in chips) 
Seat 3: jeilsons ($100 in chips) 
Seat 4: barrafina ($187.92 in chips) 
Seat 5: bitterdream ($101.50 in chips) 
Seat 6: XneferX ($100 in chips) 
jeilsons: posts small blind $0.50
barrafina: posts big blind $1
*** HOLE CARDS ***
bitterdream: raises $1.50 to $2.50
XneferX: folds 
Bash_GR: calls $2.50
jeilsons: raises $11.50 to $14
barrafina: folds 
bitterdream: folds 
Bash_GR: folds 
Uncalled bet ($11.50) returned to jeilsons
jeilsons collected $8.50 from pot
jeilsons: doesn't show hand 
*** SUMMARY ***
Total pot $8.50 | Rake $0 
Seat 2: Steve18212627
Seat 1: Bash_GR (button) folded before Flop
Seat 3: jeilsons (small blind) collected ($8.50)
Seat 4: barrafina (big blind) folded before Flop
Seat 5: bitterdream folded before Flop
Seat 6: XneferX folded before Flop (didn't bet)



PokerStars Hand #254324988379:  Hold'em No Limit ($0.50/$1.00 USD) - 2025/01/11 2:33:01 WET [2025/01/11 21:33:01 ET]
Table 'Arequipa II' 6-max Seat #3 is the button
Seat 2: Steve18212627 ($97.50 in chips) is sitting out
Seat 1: Bash_GR ($148.43 in chips) 
Seat 3: jeilsons ($106 in chips) 
Seat 4: barrafina ($186.92 in chips) 
Seat 5: bitterdream ($100 in chips) 
Seat 6: XneferX ($100 in chips) 
barrafina: posts small blind $0.50
bitterdream: posts big blind $1
*** HOLE CARDS ***
XneferX: raises $1.20 to $2.20
Bash_GR: folds 
jeilsons: folds 
barrafina: calls $1.70
bitterdream: calls $1.20
*** FLOP *** [8s Qs 7d]
barrafina: checks 
bitterdream: checks 
XneferX: bets $4.83
barrafina: folds 
bitterdream: folds 
Uncalled bet ($4.83) returned to XneferX
XneferX collected $6.27 from pot
XneferX: doesn't show hand 
*** SUMMARY ***
Total pot $6.60 | Rake $0.33 
Board [8s Qs 7d]
Seat 2: Steve18212627
Seat 1: Bash_GR folded before Flop (didn't bet)
Seat 3: jeilsons (button) folded before Flop (didn't bet)
Seat 4: barrafina (small blind) folded on the Flop
Seat 5: bitterdream (big blind) folded on the Flop
Seat 6: XneferX collected ($6.27)



PokerStars Hand #254324994274:  Hold'em No Limit ($0.50/$1.00 USD) - 2025/01/11 2:33:37 WET [2025/01/11 21:33:37 ET]
Table 'Arequipa II' 6-max Seat #4 is the button
Seat 2: Steve18212627 ($97.50 in chips) is sitting out
Seat 1: Bash_GR ($148.43 in chips) 
Seat 3: jeilsons ($106 in chips) 
Seat 4: barrafina ($184.72 in chips) 
Seat 5: bitterdream ($100 in chips) 
Seat 6: XneferX ($104.07 in chips) 
bitterdream: posts small blind $0.50
XneferX: posts big blind $1
*** HOLE CARDS ***
Bash_GR: folds 
jeilsons: folds 
barrafina: folds 
bitterdream: raises $2 to $3
XneferX: folds 
Uncalled bet ($2) returned to bitterdream
bitterdream collected $2 from pot
bitterdream: doesn't show hand 
*** SUMMARY ***
Total pot $2 | Rake $0 
Seat 2: Steve18212627
Seat 1: Bash_GR folded before Flop (didn't bet)
Seat 3: jeilsons folded before Flop (didn't bet)
Seat 4: barrafina (button) folded before Flop (didn't bet)
Seat 5: bitterdream (small blind) collected ($2)
Seat 6: XneferX (big blind) folded before Flop



PokerStars Hand #254324999343:  Hold'em No Limit ($0.50/$1.00 USD) - 2025/01/11 2:34:08 WET [2025/01/11 21:34:08 ET]
Table 'Arequipa II' 6-max Seat #5 is the button
Seat 2: Steve18212627 ($97.50 in chips) is sitting out
Seat 1: Bash_GR ($148.43 in chips) 
Seat 3: jeilsons ($106 in chips) 
Seat 4: barrafina ($184.72 in chips) 
Seat 5: bitterdream ($101 in chips) 
Seat 6: XneferX ($103.07 in chips) 
XneferX: posts small blind $0.50
Bash_GR: posts big blind $1
*** HOLE CARDS ***
jeilsons: folds 
barrafina: raises $1.20 to $2.20
bitterdream: folds 
XneferX: folds 
Bash_GR: folds 
Uncalled bet ($1.20) returned to barrafina
barrafina collected $2.50 from pot
barrafina: doesn't show hand 
*** SUMMARY ***
Total pot $2.50 | Rake $0 
Seat 2: Steve18212627
Seat 1: Bash_GR (big blind) folded before Flop
Seat 3: jeilsons folded before Flop (didn't bet)
Seat 4: barrafina collected ($2.50)
Seat 5: bitterdream (button) folded before Flop (didn't bet)
Seat 6: XneferX (small blind) folded before Flop



PokerStars Hand #254325004278:  Hold'em No Limit ($0.50/$1.00 USD) - 2025/01/11 2:34:38 WET [2025/01/11 21:34:38 ET]
Table 'Arequipa II' 6-max Seat #6 is the button
Seat 2: Steve18212627 ($97.50 in chips) is sitting out
Seat 1: Bash_GR ($147.43 in chips) 
Seat 3: jeilsons ($106 in chips) 
Seat 4: barrafina ($186.22 in chips) 
Seat 5: bitterdream ($101 in chips) 
Seat 6: XneferX ($102.57 in chips) 
Bash_GR: posts small blind $0.50
jeilsons: posts big blind $1
*** HOLE CARDS ***
barrafina: folds 
bitterdream: folds 
XneferX: raises $1.77 to $2.77
Bash_GR: folds 
jeilsons: folds 
Uncalled bet ($1.77) returned to XneferX
XneferX collected $2.50 from pot
Steve18212627 leaves the table
XneferX: doesn't show hand 
*** SUMMARY ***
Total pot $2.50 | Rake $0 
Seat 2: Steve18212627
Seat 1: Bash_GR (small blind) folded before Flop
Seat 3: jeilsons (big blind) folded before Flop
Seat 4: barrafina folded before Flop (didn't bet)
Seat 5: bitterdream folded before Flop (didn't bet)
Seat 6: XneferX (button) collected ($2.50)



PokerStars Hand #254325007247:  Hold'em No Limit ($0.50/$1.00 USD) - 2025/01/11 2:34:56 WET [2025/01/11 21:34:56 ET]
Table 'Arequipa II' 6-max Seat #1 is the button
Seat 1: Bash_GR ($146.93 in chips) 
Seat 3: jeilsons ($105 in chips) 
Seat 4: barrafina ($186.22 in chips) 
Seat 5: bitterdream ($101 in chips) 
Seat 6: XneferX ($104.07 in chips) 
jeilsons: posts small blind $0.50
barrafina: posts big blind $1
*** HOLE CARDS ***
LuckyShikari joins the table at seat #2 
bitterdream: folds 
XneferX: raises $1.20 to $2.20
Bash_GR: calls $2.20
jeilsons: folds 
barrafina: calls $1.20
*** FLOP *** [3s Qs 7c]
barrafina: checks 
XneferX: bets $2.29
Bash_GR: calls $2.29
barrafina: calls $2.29
*** TURN *** [3s Qs 7c] [3c]
barrafina: checks 
XneferX: checks 
Bash_GR: checks 
*** RIVER *** [3s Qs 7c 3c] [2s]
barrafina: checks 
XneferX: checks 
Bash_GR: checks 
*** SHOW DOWN ***
barrafina: shows [6d 4d] (a pair of Threes)
XneferX: shows [Ah 7h] (two pair, Sevens and Threes)
Bash_GR: shows [Tc Qc] (two pair, Queens and Threes)
Bash_GR collected $13.27 from pot
*** SUMMARY ***
Total pot $13.97 | Rake $0.70 
Board [3s Qs 7c 3c 2s]
Seat 1: Bash_GR (button) showed [Tc Qc] and won ($13.27) with two pair, Queens and Threes
Seat 3: jeilsons (small blind) folded before Flop
Seat 4: barrafina (big blind) showed [6d 4d] and lost with a pair of Threes
Seat 5: bitterdream folded before Flop (didn't bet)
Seat 6: XneferX showed [Ah 7h] and lost with two pair, Sevens and Threes



PokerStars Hand #254325017414:  Hold'em No Limit ($0.50/$1.00 USD) - 2025/01/11 2:35:58 WET [2025/01/11 21:35:58 ET]
Table 'Arequipa II' 6-max Seat #3 is the button
Seat 2: LuckyShikari ($100 in chips) is sitting out
Seat 1: Bash_GR ($155.71 in chips) 
Seat 3: jeilsons ($104.50 in chips) 
Seat 4: barrafina ($181.73 in chips) 
Seat 5: bitterdream ($101 in chips) 
Seat 6: XneferX ($100 in chips) 
barrafina: posts small blind $0.50
bitterdream: posts big blind $1
LuckyShikari: sits out 
*** HOLE CARDS ***
XneferX: raises $1.20 to $2.20
Bash_GR: folds 
jeilsons: folds 
barrafina: calls $1.70
bitterdream: folds 
*** FLOP *** [7c Kh 6d]
barrafina: checks 
XneferX: bets $1.74
barrafina: raises $4.06 to $5.80
XneferX: calls $4.06
*** TURN *** [7c Kh 6d] [2d]
barrafina: bets $9
XneferX: calls $9
*** RIVER *** [7c Kh 6d 2d] [Qd]
barrafina: checks 
XneferX: bets $8.64
barrafina: calls $8.64
*** SHOW DOWN ***
XneferX: shows [Ah Ks] (a pair of Kings)
barrafina: shows [6s 7s] (two pair, Sevens and Sixes)
barrafina collected $49.78 from pot
*** SUMMARY ***
Total pot $52.28 | Rake $2.50 
Board [7c Kh 6d 2d Qd]
Seat 2: LuckyShikari
Seat 1: Bash_GR folded before Flop (didn't bet)
Seat 3: jeilsons (button) folded before Flop (didn't bet)
Seat 4: barrafina (small blind) showed [6s 7s] and won ($49.78) with two pair, Sevens and Sixes
Seat 5: bitterdream (big blind) folded before Flop
Seat 6: XneferX showed [Ah Ks] and lost with a pair of Kings



PokerStars Hand #254325034951:  Hold'em No Limit ($0.50/$1.00 USD) - 2025/01/11 2:37:42 WET [2025/01/11 21:37:42 ET]
Table 'Arequipa II' 6-max Seat #4 is the button
Seat 2: LuckyShikari ($100 in chips) is sitting out
Seat 1: Bash_GR ($155.71 in chips) 
Seat 3: jeilsons ($104.50 in chips) 
Seat 4: barrafina ($205.87 in chips) 
Seat 5: bitterdream ($100 in chips) 
Seat 6: XneferX ($100 in chips) 
bitterdream: posts small blind $0.50
XneferX: posts big blind $1
LuckyShikari: sits out 
*** HOLE CARDS ***
Bash_GR: folds 
jeilsons: folds 
barrafina: raises $1.50 to $2.50
bitterdream: folds 
XneferX: folds 
Uncalled bet ($1.50) returned to barrafina
barrafina collected $2.50 from pot
barrafina: doesn't show hand 
*** SUMMARY ***
Total pot $2.50 | Rake $0 
Seat 2: LuckyShikari
Seat 1: Bash_GR folded before Flop (didn't bet)
Seat 3: jeilsons folded before Flop (didn't bet)
Seat 4: barrafina (button) collected ($2.50)
Seat 5: bitterdream (small blind) folded before Flop
Seat 6: XneferX (big blind) folded before Flop



PokerStars Hand #254325036922:  Hold'em No Limit ($0.50/$1.00 USD) - 2025/01/11 2:37:54 WET [2025/01/11 21:37:54 ET]
Table 'Arequipa II' 6-max Seat #5 is the button
Seat 2: LuckyShikari ($100 in chips) is sitting out
Seat 1: Bash_GR ($155.71 in chips) 
Seat 3: jeilsons ($104.50 in chips) 
Seat 4: barrafina ($207.37 in chips) 
Seat 5: bitterdream ($100 in chips) 
Seat 6: XneferX ($100 in chips) 
XneferX: posts small blind $0.50
Bash_GR: posts big blind $1
LuckyShikari: sits out 
*** HOLE CARDS ***
jeilsons: folds 
barrafina: folds 
bitterdream: folds 
XneferX: raises $1.90 to $2.90
Bash_GR: calls $1.90
*** FLOP *** [6c Ts Jc]
XneferX: checks 
Bash_GR: bets $4.13
jeilsons leaves the table
MaRKiToScoK joins the table at seat #3 
XneferX: raises $14.69 to $18.82
Bash_GR: calls $14.69
*** TURN *** [6c Ts Jc] [As]
XneferX: bets $14.03
Bash_GR: folds 
Uncalled bet ($14.03) returned to XneferX
XneferX collected $41.27 from pot
XneferX: doesn't show hand 
*** SUMMARY ***
Total pot $43.44 | Rake $2.17 
Board [6c Ts Jc As]
Seat 2: LuckyShikari
Seat 1: Bash_GR (big blind) folded on the Turn
Seat 3: jeilsons folded before Flop (didn't bet)
Seat 4: barrafina folded before Flop (didn't bet)
Seat 5: bitterdream (button) folded before Flop (didn't bet)
Seat 6: XneferX (small blind) collected ($41.27)



PokerStars Hand #254325049752:  Hold'em No Limit ($0.50/$1.00 USD) - 2025/01/11 2:39:12 WET [2025/01/11 21:39:12 ET]
Table 'Arequipa II' 6-max Seat #6 is the button
Seat 3: MaRKiToScoK ($100 in chips) is sitting out
Seat 1: Bash_GR ($133.99 in chips) 
Seat 2: LuckyShikari ($100 in chips) 
Seat 4: barrafina ($207.37 in chips) 
Seat 5: bitterdream ($100 in chips) 
Seat 6: XneferX ($119.55 in chips) 
Bash_GR: posts small blind $0.50
LuckyShikari: posts big blind $1
MaRKiToScoK: sits out 
*** HOLE CARDS ***
barrafina: folds 
bitterdream: raises $1.50 to $2.50
XneferX: folds 
Bash_GR: folds 
LuckyShikari: folds 
Uncalled bet ($1.50) returned to bitterdream
bitterdream collected $2.50 from pot
bitterdream: doesn't show hand 
*** SUMMARY ***
Total pot $2.50 | Rake $0 
Seat 3: MaRKiToScoK
Seat 1: Bash_GR (small blind) folded before Flop
Seat 2: LuckyShikari (big blind) folded before Flop
Seat 4: barrafina folded before Flop (didn't bet)
Seat 5: bitterdream collected ($2.50)
Seat 6: XneferX (button) folded before Flop (didn't bet)



PokerStars Hand #254325053462:  Hold'em No Limit ($0.50/$1.00 USD) - 2025/01/11 2:39:34 WET [2025/01/11 21:39:34 ET]
Table 'Arequipa II' 6-max Seat #1 is the button
Seat 1: Bash_GR ($133.49 in chips) 
Seat 2: LuckyShikari ($100 in chips) 
Seat 3: MaRKiToScoK ($100 in chips) 
Seat 4: barrafina ($207.37 in chips) 
Seat 5: bitterdream ($101.50 in chips) 
Seat 6: XneferX ($119.55 in chips) 
LuckyShikari: posts small blind $0.50
MaRKiToScoK: posts big blind $1
*** HOLE CARDS ***
barrafina: folds 
bitterdream: raises $1.50 to $2.50
XneferX: folds 
Bash_GR: folds 
LuckyShikari: folds 
MaRKiToScoK: calls $1.50
*** FLOP *** [7d 2d 2c]
MaRKiToScoK: checks 
bitterdream: bets $1.72
MaRKiToScoK: calls $1.72
*** TURN *** [7d 2d 2c] [Tc]
MaRKiToScoK: bets $2.80
bitterdream: raises $7.75 to $10.55
MaRKiToScoK: folds 
Uncalled bet ($7.75) returned to bitterdream
bitterdream collected $13.81 from pot
bitterdream: doesn't show hand 
*** SUMMARY ***
Total pot $14.54 | Rake $0.73 
Board [7d 2d 2c Tc]
Seat 1: Bash_GR (button) folded before Flop (didn't bet)
Seat 2: LuckyShikari (small blind) folded before Flop
Seat 3: MaRKiToScoK (big blind) folded on the Turn
Seat 4: barrafina folded before Flop (didn't bet)
Seat 5: bitterdream collected ($13.81)
Seat 6: XneferX folded before Flop (didn't bet)



PokerStars Hand #254325068123:  Hold'em No Limit ($0.50/$1.00 USD) - 2025/01/11 2:41:04 WET [2025/01/11 21:41:04 ET]
Table 'Arequipa II' 6-max Seat #2 is the button
Seat 1: Bash_GR ($133.49 in chips) 
Seat 2: LuckyShikari ($100 in chips) 
Seat 3: MaRKiToScoK ($100 in chips) 
Seat 4: barrafina ($207.37 in chips) 
Seat 5: bitterdream ($108.29 in chips) 
Seat 6: XneferX ($119.55 in chips) 
MaRKiToScoK: posts small blind $0.50
barrafina: posts big blind $1
*** HOLE CARDS ***
bitterdream: folds 
XneferX: folds 
Bash_GR: folds 
LuckyShikari: raises $1.50 to $2.50
MaRKiToScoK: folds 
barrafina: calls $1.50
*** FLOP *** [Js 6c 2d]
barrafina: checks 
LuckyShikari: bets $2.50
barrafina: calls $2.50
*** TURN *** [Js 6c 2d] [9d]
barrafina: checks 
LuckyShikari: bets $7.50
barrafina: calls $7.50
*** RIVER *** [Js 6c 2d 9d] [Ad]
barrafina: checks 
LuckyShikari: checks 
*** SHOW DOWN ***
barrafina: shows [6h 9h] (two pair, Nines and Sixes)
LuckyShikari: mucks hand 
barrafina collected $24.22 from pot
*** SUMMARY ***
Total pot $25.50 | Rake $1.28 
Board [Js 6c 2d 9d Ad]
Seat 1: Bash_GR folded before Flop (didn't bet)
Seat 2: LuckyShikari (button) mucked
Seat 3: MaRKiToScoK (small blind) folded before Flop
Seat 4: barrafina (big blind) showed [6h 9h] and won ($24.22) with two pair, Nines and Sixes
Seat 5: bitterdream folded before Flop (didn't bet)
Seat 6: XneferX folded before Flop (didn't bet)



PokerStars Hand #254325076686:  Hold'em No Limit ($0.50/$1.00 USD) - 2025/01/11 2:41:57 WET [2025/01/11 21:41:57 ET]
Table 'Arequipa II' 6-max Seat #3 is the button
Seat 1: Bash_GR ($133.49 in chips) 
Seat 2: LuckyShikari ($100 in chips) 
Seat 3: MaRKiToScoK ($100 in chips) 
Seat 4: barrafina ($219.09 in chips) 
Seat 5: bitterdream ($108.29 in chips) 
Seat 6: XneferX ($119.55 in chips) 
barrafina: posts small blind $0.50
bitterdream: posts big blind $1
*** HOLE CARDS ***
XneferX: folds 
Bash_GR: folds 
LuckyShikari: raises $1.50 to $2.50
MaRKiToScoK: folds 
barrafina: folds 
bitterdream: folds 
Uncalled bet ($1.50) returned to LuckyShikari
LuckyShikari collected $2.50 from pot
LuckyShikari: doesn't show hand 
*** SUMMARY ***
Total pot $2.50 | Rake $0 
Seat 1: Bash_GR folded before Flop (didn't bet)
Seat 2: LuckyShikari collected ($2.50)
Seat 3: MaRKiToScoK (button) folded before Flop (didn't bet)
Seat 4: barrafina (small blind) folded before Flop
Seat 5: bitterdream (big blind) folded before Flop
Seat 6: XneferX folded before Flop (didn't bet)



PokerStars Hand #254325080584:  Hold'em No Limit ($0.50/$1.00 USD) - 2025/01/11 2:42:21 WET [2025/01/11 21:42:21 ET]
Table 'Arequipa II' 6-max Seat #4 is the button
Seat 1: Bash_GR ($133.49 in chips) 
Seat 2: LuckyShikari ($101.50 in chips) 
Seat 3: MaRKiToScoK ($100 in chips) 
Seat 4: barrafina ($218.59 in chips) 
Seat 5: bitterdream ($107.29 in chips) 
Seat 6: XneferX ($119.55 in chips) 
bitterdream: posts small blind $0.50
XneferX: posts big blind $1
*** HOLE CARDS ***
Bash_GR: folds 
LuckyShikari: folds 
MaRKiToScoK: folds 
barrafina: raises $1.80 to $2.80
bitterdream: calls $2.30
XneferX: folds 
*** FLOP *** [4h Ah 6s]
bitterdream: checks 
barrafina: bets $5.80
bitterdream: folds 
Uncalled bet ($5.80) returned to barrafina
barrafina collected $6.27 from pot
barrafina: doesn't show hand 
*** SUMMARY ***
Total pot $6.60 | Rake $0.33 
Board [4h Ah 6s]
Seat 1: Bash_GR folded before Flop (didn't bet)
Seat 2: LuckyShikari folded before Flop (didn't bet)
Seat 3: MaRKiToScoK folded before Flop (didn't bet)
Seat 4: barrafina (button) collected ($6.27)
Seat 5: bitterdream (small blind) folded on the Flop
Seat 6: XneferX (big blind) folded before Flop



PokerStars Hand #254325090442:  Hold'em No Limit ($0.50/$1.00 USD) - 2025/01/11 2:43:21 WET [2025/01/11 21:43:21 ET]
Table 'Arequipa II' 6-max Seat #5 is the button
Seat 1: Bash_GR ($133.49 in chips) 
Seat 2: LuckyShikari ($101.50 in chips) 
Seat 3: MaRKiToScoK ($100 in chips) 
Seat 4: barrafina ($222.06 in chips) 
Seat 5: bitterdream ($104.49 in chips) 
Seat 6: XneferX ($118.55 in chips) 
XneferX: posts small blind $0.50
Bash_GR: posts big blind $1
*** HOLE CARDS ***
LuckyShikari: raises $1.50 to $2.50
MaRKiToScoK: folds 
barrafina: calls $2.50
bitterdream: folds 
XneferX: folds 
Bash_GR: folds 
*** FLOP *** [2s 3d 3h]
LuckyShikari: checks 
barrafina: checks 
*** TURN *** [2s 3d 3h] [2c]
LuckyShikari: checks 
barrafina: bets $2.50
LuckyShikari: raises $13.50 to $16
barrafina: folds 
Uncalled bet ($13.50) returned to LuckyShikari
LuckyShikari collected $10.92 from pot
LuckyShikari: doesn't show hand 
*** SUMMARY ***
Total pot $11.50 | Rake $0.58 
Board [2s 3d 3h 2c]
Seat 1: Bash_GR (big blind) folded before Flop
Seat 2: LuckyShikari collected ($10.92)
Seat 3: MaRKiToScoK folded before Flop (didn't bet)
Seat 4: barrafina folded on the Turn
Seat 5: bitterdream (button) folded before Flop (didn't bet)
Seat 6: XneferX (small blind) folded before Flop



PokerStars Hand #254325104690:  Hold'em No Limit ($0.50/$1.00 USD) - 2025/01/11 2:44:48 WET [2025/01/11 21:44:48 ET]
Table 'Arequipa II' 6-max Seat #6 is the button
Seat 1: Bash_GR ($132.49 in chips) 
Seat 2: LuckyShikari ($107.42 in chips) 
Seat 3: MaRKiToScoK ($100 in chips) 
Seat 4: barrafina ($217.06 in chips) 
Seat 5: bitterdream ($104.49 in chips) 
Seat 6: XneferX ($118.05 in chips) 
Bash_GR: posts small blind $0.50
LuckyShikari: posts big blind $1
*** HOLE CARDS ***
MaRKiToScoK: folds 
barrafina: folds 
bitterdream: folds 
XneferX: folds 
Bash_GR: raises $2 to $3
LuckyShikari: calls $2
*** FLOP *** [9h Ac Js]
Bash_GR: bets $1.50
LuckyShikari: raises $1.50 to $3
Bash_GR: calls $1.50
*** TURN *** [9h Ac Js] [7d]
Bash_GR: checks 
LuckyShikari: bets $2.50
Bash_GR: folds 
Uncalled bet ($2.50) returned to LuckyShikari
LuckyShikari collected $11.40 from pot
LuckyShikari: doesn't show hand 
*** SUMMARY ***
Total pot $12 | Rake $0.60 
Board [9h Ac Js 7d]
Seat 1: Bash_GR (small blind) folded on the Turn
Seat 2: LuckyShikari (big blind) collected ($11.40)
Seat 3: MaRKiToScoK folded before Flop (didn't bet)
Seat 4: barrafina folded before Flop (didn't bet)
Seat 5: bitterdream folded before Flop (didn't bet)
Seat 6: XneferX (button) folded before Flop (didn't bet)



PokerStars Hand #254325112664:  Hold'em No Limit ($0.50/$1.00 USD) - 2025/01/11 2:45:37 WET [2025/01/11 21:45:37 ET]
Table 'Arequipa II' 6-max Seat #1 is the button
Seat 1: Bash_GR ($126.49 in chips) 
Seat 2: LuckyShikari ($112.82 in chips) 
Seat 3: MaRKiToScoK ($100 in chips) 
Seat 4: barrafina ($217.06 in chips) 
Seat 5: bitterdream ($104.49 in chips) 
Seat 6: XneferX ($118.05 in chips) 
LuckyShikari: posts small blind $0.50
MaRKiToScoK: posts big blind $1
*** HOLE CARDS ***
barrafina: folds 
bitterdream: folds 
XneferX: folds 
Bash_GR: folds 
LuckyShikari: raises $1.50 to $2.50
MaRKiToScoK: raises $6 to $8.50
LuckyShikari: folds 
Uncalled bet ($6) returned to MaRKiToScoK
MaRKiToScoK collected $5 from pot
MaRKiToScoK: doesn't show hand 
*** SUMMARY ***
Total pot $5 | Rake $0 
Seat 1: Bash_GR (button) folded before Flop (didn't bet)
Seat 2: LuckyShikari (small blind) folded before Flop
Seat 3: MaRKiToScoK (big blind) collected ($5)
Seat 4: barrafina folded before Flop (didn't bet)
Seat 5: bitterdream folded before Flop (didn't bet)
Seat 6: XneferX folded before Flop (didn't bet)



PokerStars Hand #254325118061:  Hold'em No Limit ($0.50/$1.00 USD) - 2025/01/11 2:46:11 WET [2025/01/11 21:46:11 ET]
Table 'Arequipa II' 6-max Seat #2 is the button
Seat 1: Bash_GR ($126.49 in chips) 
Seat 2: LuckyShikari ($110.32 in chips) 
Seat 3: MaRKiToScoK ($102.50 in chips) 
Seat 4: barrafina ($217.06 in chips) 
Seat 5: bitterdream ($104.49 in chips) 
Seat 6: XneferX ($118.05 in chips) 
MaRKiToScoK: posts small blind $0.50
barrafina: posts big blind $1
*** HOLE CARDS ***
bitterdream: raises $1.50 to $2.50
XneferX: folds 
Bash_GR: folds 
LuckyShikari: folds 
MaRKiToScoK: folds 
barrafina: folds 
Uncalled bet ($1.50) returned to bitterdream
bitterdream collected $2.50 from pot
bitterdream: doesn't show hand 
*** SUMMARY ***
Total pot $2.50 | Rake $0 
Seat 1: Bash_GR folded before Flop (didn't bet)
Seat 2: LuckyShikari (button) folded before Flop (didn't bet)
Seat 3: MaRKiToScoK (small blind) folded before Flop
Seat 4: barrafina (big blind) folded before Flop
Seat 5: bitterdream collected ($2.50)
Seat 6: XneferX folded before Flop (didn't bet)



PokerStars Hand #254325124892:  Hold'em No Limit ($0.50/$1.00 USD) - 2025/01/11 2:46:54 WET [2025/01/11 21:46:54 ET]
Table 'Arequipa II' 6-max Seat #3 is the button
Seat 1: Bash_GR ($126.49 in chips) 
Seat 2: LuckyShikari ($110.32 in chips) 
Seat 3: MaRKiToScoK ($102 in chips) 
Seat 4: barrafina ($216.06 in chips) 
Seat 5: bitterdream ($105.99 in chips) 
Seat 6: XneferX ($118.05 in chips) 
barrafina: posts small blind $0.50
bitterdream: posts big blind $1
*** HOLE CARDS ***
XneferX: folds 
Bash_GR: folds 
LuckyShikari: folds 
MaRKiToScoK: folds 
barrafina: folds 
Uncalled bet ($0.50) returned to bitterdream
bitterdream collected $1 from pot
bitterdream: doesn't show hand 
*** SUMMARY ***
Total pot $1 | Rake $0 
Seat 1: Bash_GR folded before Flop (didn't bet)
Seat 2: LuckyShikari folded before Flop (didn't bet)
Seat 3: MaRKiToScoK (button) folded before Flop (didn't bet)
Seat 4: barrafina (small blind) folded before Flop
Seat 5: bitterdream (big blind) collected ($1)
Seat 6: XneferX folded before Flop (didn't bet)



PokerStars Hand #254325127191:  Hold'em No Limit ($0.50/$1.00 USD) - 2025/01/11 2:47:08 WET [2025/01/11 21:47:08 ET]
Table 'Arequipa II' 6-max Seat #4 is the button
Seat 1: Bash_GR ($126.49 in chips) 
Seat 2: LuckyShikari ($110.32 in chips) 
Seat 3: MaRKiToScoK ($102 in chips) 
Seat 4: barrafina ($215.56 in chips) 
Seat 5: bitterdream ($106.49 in chips) 
Seat 6: XneferX ($118.05 in chips) 
bitterdream: posts small blind $0.50
XneferX: posts big blind $1
*** HOLE CARDS ***
Bash_GR: raises $1 to $2
LuckyShikari: folds 
MaRKiToScoK: raises $4.40 to $6.40
barrafina: folds 
bitterdream: folds 
XneferX: folds 
Bash_GR: folds 
Uncalled bet ($4.40) returned to MaRKiToScoK
MaRKiToScoK collected $5.50 from pot
*** SUMMARY ***
Total pot $5.50 | Rake $0 
Seat 1: Bash_GR folded before Flop
Seat 2: LuckyShikari folded before Flop (didn't bet)
Seat 3: MaRKiToScoK collected ($5.50)
Seat 4: barrafina (button) folded before Flop (didn't bet)
Seat 5: bitterdream (small blind) folded before Flop
Seat 6: XneferX (big blind) folded before Flop



PokerStars Hand #254325131160:  Hold'em No Limit ($0.50/$1.00 USD) - 2025/01/11 2:47:33 WET [2025/01/11 21:47:33 ET]
Table 'Arequipa II' 6-max Seat #5 is the button
Seat 1: Bash_GR ($124.49 in chips) 
Seat 2: LuckyShikari ($110.32 in chips) 
Seat 3: MaRKiToScoK ($105.50 in chips) 
Seat 4: barrafina ($215.56 in chips) 
Seat 5: bitterdream ($105.99 in chips) 
Seat 6: XneferX ($117.05 in chips) 
XneferX: posts small blind $0.50
Bash_GR: posts big blind $1
*** HOLE CARDS ***
LuckyShikari: folds 
MaRKiToScoK: raises $1.07 to $2.07
barrafina: folds 
bitterdream: raises $6.43 to $8.50
XneferX: folds 
Bash_GR: folds 
MaRKiToScoK: folds 
Uncalled bet ($6.43) returned to bitterdream
bitterdream collected $5.64 from pot
bitterdream: doesn't show hand 
*** SUMMARY ***
Total pot $5.64 | Rake $0 
Seat 1: Bash_GR (big blind) folded before Flop
Seat 2: LuckyShikari folded before Flop (didn't bet)
Seat 3: MaRKiToScoK folded before Flop
Seat 4: barrafina folded before Flop (didn't bet)
Seat 5: bitterdream (button) collected ($5.64)
Seat 6: XneferX (small blind) folded before Flop



PokerStars Hand #254325138266:  Hold'em No Limit ($0.50/$1.00 USD) - 2025/01/11 2:48:17 WET [2025/01/11 21:48:17 ET]
Table 'Arequipa II' 6-max Seat #6 is the button
Seat 2: LuckyShikari ($110.32 in chips) is sitting out
Seat 3: MaRKiToScoK ($103.43 in chips) is sitting out
Seat 1: Bash_GR ($123.49 in chips) 
Seat 4: barrafina ($215.56 in chips) 
Seat 5: bitterdream ($109.56 in chips) 
Seat 6: XneferX ($116.55 in chips) 
Bash_GR: posts small blind $0.50
MaRKiToScoK: is sitting out 
barrafina: posts big blind $1
*** HOLE CARDS ***
bitterdream: folds 
XneferX: folds 
MaRKiToScoK leaves the table
Bash_GR: raises $2 to $3
barrafina: folds 
Uncalled bet ($2) returned to Bash_GR
Bash_GR collected $2 from pot
Bash_GR: doesn't show hand 
*** SUMMARY ***
Total pot $2 | Rake $0 
Seat 2: LuckyShikari
Seat 3: MaRKiToScoK
Seat 1: Bash_GR (small blind) collected ($2)
Seat 4: barrafina (big blind) folded before Flop
Seat 5: bitterdream folded before Flop (didn't bet)
Seat 6: XneferX (button) folded before Flop (didn't bet)



PokerStars Hand #254325140601:  Hold'em No Limit ($0.50/$1.00 USD) - 2025/01/11 2:48:31 WET [2025/01/11 21:48:31 ET]
Table 'Arequipa II' 6-max Seat #1 is the button
Seat 2: LuckyShikari ($110.32 in chips) is sitting out
Seat 1: Bash_GR ($124.49 in chips) 
Seat 4: barrafina ($214.56 in chips) 
Seat 5: bitterdream ($109.56 in chips) 
Seat 6: XneferX ($116.55 in chips) 
barrafina: posts small blind $0.50
bitterdream: posts big blind $1
*** HOLE CARDS ***
XneferX: folds 
Bash_GR: folds 
barrafina: folds 
Uncalled bet ($0.50) returned to bitterdream
bitterdream collected $1 from pot
bitterdream: doesn't show hand 
*** SUMMARY ***
Total pot $1 | Rake $0 
Seat 2: LuckyShikari
Seat 1: Bash_GR (button) folded before Flop (didn't bet)
Seat 4: barrafina (small blind) folded before Flop
Seat 5: bitterdream (big blind) collected ($1)
Seat 6: XneferX folded before Flop (didn't bet)



PokerStars Hand #254325142007:  Hold'em No Limit ($0.50/$1.00 USD) - 2025/01/11 2:48:40 WET [2025/01/11 21:48:40 ET]
Table 'Arequipa II' 6-max Seat #4 is the button
Seat 2: LuckyShikari ($110.32 in chips) is sitting out
Seat 1: Bash_GR ($124.49 in chips) 
Seat 4: barrafina ($214.06 in chips) 
Seat 5: bitterdream ($110.06 in chips) 
Seat 6: XneferX ($116.55 in chips) 
bitterdream: posts small blind $0.50
XneferX: posts big blind $1
*** HOLE CARDS ***
Bash_GR: folds 
barrafina: folds 
bitterdream: folds 
Uncalled bet ($0.50) returned to XneferX
XneferX collected $1 from pot
XneferX: doesn't show hand 
*** SUMMARY ***
Total pot $1 | Rake $0 
Seat 2: LuckyShikari
Seat 1: Bash_GR folded before Flop (didn't bet)
Seat 4: barrafina (button) folded before Flop (didn't bet)
Seat 5: bitterdream (small blind) folded before Flop
Seat 6: XneferX (big blind) collected ($1)



PokerStars Hand #254325144027:  Hold'em No Limit ($0.50/$1.00 USD) - 2025/01/11 2:48:52 WET [2025/01/11 21:48:52 ET]
Table 'Arequipa II' 6-max Seat #5 is the button
Seat 2: LuckyShikari ($110.32 in chips) is sitting out
Seat 1: Bash_GR ($124.49 in chips) 
Seat 4: barrafina ($214.06 in chips) 
Seat 5: bitterdream ($109.56 in chips) 
Seat 6: XneferX ($117.05 in chips) 
XneferX: posts small blind $0.50
Bash_GR: posts big blind $1
*** HOLE CARDS ***
barrafina: folds 
bitterdream: raises $1.50 to $2.50
XneferX: folds 
Bash_GR: folds 
Uncalled bet ($1.50) returned to bitterdream
bitterdream collected $2.50 from pot
bitterdream: doesn't show hand 
*** SUMMARY ***
Total pot $2.50 | Rake $0 
Seat 2: LuckyShikari
Seat 1: Bash_GR (big blind) folded before Flop
Seat 4: barrafina folded before Flop (didn't bet)
Seat 5: bitterdream (button) collected ($2.50)
Seat 6: XneferX (small blind) folded before Flop



PokerStars Hand #254325147674:  Hold'em No Limit ($0.50/$1.00 USD) - 2025/01/11 2:49:16 WET [2025/01/11 21:49:16 ET]
Table 'Arequipa II' 6-max Seat #6 is the button
Seat 2: LuckyShikari ($110.32 in chips) is sitting out
Seat 1: Bash_GR ($123.49 in chips) 
Seat 4: barrafina ($214.06 in chips) 
Seat 5: bitterdream ($111.06 in chips) 
Seat 6: XneferX ($116.55 in chips) 
Bash_GR: posts small blind $0.50
barrafina: posts big blind $1
*** HOLE CARDS ***
bitterdream: folds 
XneferX: raises $1.77 to $2.77
Bash_GR: folds 
50CandyJoe joins the table at seat #3 
barrafina: folds 
Uncalled bet ($1.77) returned to XneferX
XneferX collected $2.50 from pot
XneferX: doesn't show hand 
*** SUMMARY ***
Total pot $2.50 | Rake $0 
Seat 2: LuckyShikari
Seat 1: Bash_GR (small blind) folded before Flop
Seat 4: barrafina (big blind) folded before Flop
Seat 5: bitterdream folded before Flop (didn't bet)
Seat 6: XneferX (button) collected ($2.50)



PokerStars Hand #254325150394:  Hold'em No Limit ($0.50/$1.00 USD) - 2025/01/11 2:49:33 WET [2025/01/11 21:49:33 ET]
Table 'Arequipa II' 6-max Seat #1 is the button
Seat 2: LuckyShikari ($110.32 in chips) is sitting out
Seat 3: 50CandyJoe ($100 in chips) is sitting out
Seat 1: Bash_GR ($122.99 in chips) 
Seat 4: barrafina ($213.06 in chips) 
Seat 5: bitterdream ($111.06 in chips) 
Seat 6: XneferX ($118.05 in chips) 
barrafina: posts small blind $0.50
bitterdream: posts big blind $1
*** HOLE CARDS ***
XneferX: folds 
Bash_GR: folds 
barrafina: raises $2 to $3
bitterdream: calls $2
*** FLOP *** [5h 7c 9h]
barrafina: bets $3.80
bitterdream: folds 
Uncalled bet ($3.80) returned to barrafina
barrafina collected $5.70 from pot
barrafina: doesn't show hand 
*** SUMMARY ***
Total pot $6 | Rake $0.30 
Board [5h 7c 9h]
Seat 2: LuckyShikari
Seat 3: 50CandyJoe
Seat 1: Bash_GR (button) folded before Flop (didn't bet)
Seat 4: barrafina (small blind) collected ($5.70)
Seat 5: bitterdream (big blind) folded on the Flop
Seat 6: XneferX folded before Flop (didn't bet)



PokerStars Hand #254325156095:  Hold'em No Limit ($0.50/$1.00 USD) - 2025/01/11 2:50:09 WET [2025/01/11 21:50:09 ET]
Table 'Arequipa II' 6-max Seat #4 is the button
Seat 2: LuckyShikari ($110.32 in chips) is sitting out
Seat 3: 50CandyJoe ($100 in chips) is sitting out
Seat 1: Bash_GR ($122.99 in chips) 
Seat 4: barrafina ($215.76 in chips) 
Seat 5: bitterdream ($108.06 in chips) 
Seat 6: XneferX ($118.05 in chips) 
bitterdream: posts small blind $0.50
XneferX: posts big blind $1
50CandyJoe: sits out 
*** HOLE CARDS ***
Bash_GR: folds 
barrafina: raises $2 to $3
bitterdream: folds 
XneferX: folds 
Uncalled bet ($2) returned to barrafina
barrafina collected $2.50 from pot
barrafina: doesn't show hand 
*** SUMMARY ***
Total pot $2.50 | Rake $0 
Seat 2: LuckyShikari
Seat 3: 50CandyJoe
Seat 1: Bash_GR folded before Flop (didn't bet)
Seat 4: barrafina (button) collected ($2.50)
Seat 5: bitterdream (small blind) folded before Flop
Seat 6: XneferX (big blind) folded before Flop



PokerStars Hand #254325160207:  Hold'em No Limit ($0.50/$1.00 USD) - 2025/01/11 2:50:35 WET [2025/01/11 21:50:35 ET]
Table 'Arequipa II' 6-max Seat #5 is the button
Seat 2: LuckyShikari ($110.32 in chips) is sitting out
Seat 3: 50CandyJoe ($100 in chips) is sitting out
Seat 1: Bash_GR ($122.99 in chips) 
Seat 4: barrafina ($217.26 in chips) 
Seat 5: bitterdream ($107.56 in chips) 
Seat 6: XneferX ($117.05 in chips) 
XneferX: posts small blind $0.50
Bash_GR: posts big blind $1
50CandyJoe: sits out 
*** HOLE CARDS ***
barrafina: folds 
bitterdream: raises $1.50 to $2.50
barrafina leaves the table
XneferX: folds 
Bash_GR: calls $1.50
*** FLOP *** [3d 8d 2s]
Bash_GR: checks 
bitterdream: bets $1.72
Bash_GR: folds 
Uncalled bet ($1.72) returned to bitterdream
bitterdream collected $5.22 from pot
bitterdream: doesn't show hand 
*** SUMMARY ***
Total pot $5.50 | Rake $0.28 
Board [3d 8d 2s]
Seat 2: LuckyShikari
Seat 3: 50CandyJoe
Seat 1: Bash_GR (big blind) folded on the Flop
Seat 4: barrafina folded before Flop (didn't bet)
Seat 5: bitterdream (button) collected ($5.22)
Seat 6: XneferX (small blind) folded before Flop



PokerStars Hand #254325165958:  Hold'em No Limit ($0.50/$1.00 USD) - 2025/01/11 2:51:12 WET [2025/01/11 21:51:12 ET]
Table 'Arequipa II' 6-max Seat #6 is the button
Seat 2: LuckyShikari ($110.32 in chips) is sitting out
Seat 1: Bash_GR ($120.49 in chips) 
Seat 3: 50CandyJoe ($100 in chips) 
Seat 5: bitterdream ($110.28 in chips) 
Seat 6: XneferX ($116.55 in chips) 
Bash_GR: posts small blind $0.50
50CandyJoe: posts big blind $1
*** HOLE CARDS ***
bitterdream: folds 
XneferX: folds 
Bash_GR: raises $2 to $3
50CandyJoe: raises $6 to $9
XneferX leaves the table
Bash_GR: raises $12 to $21
50CandyJoe: calls $12
*** FLOP *** [6d 9s 4c]
bitterdream leaves the table
roch764 joins the table at seat #4 
Bash_GR: bets $10
reeqar joins the table at seat #6 
50CandyJoe: raises $10 to $20
Bash_GR: calls $10
*** TURN *** [6d 9s 4c] [Ts]
Bash_GR: checks 
XneferX joins the table at seat #5 
50CandyJoe: bets $8.10
Bash_GR: folds 
Uncalled bet ($8.10) returned to 50CandyJoe
50CandyJoe collected $81 from pot
50CandyJoe: doesn't show hand 
*** SUMMARY ***
Total pot $82 | Rake $1 
Board [6d 9s 4c Ts]
Seat 2: LuckyShikari
Seat 1: Bash_GR (small blind) folded on the Turn
Seat 3: 50CandyJoe (big blind) collected ($81)
Seat 5: bitterdream folded before Flop (didn't bet)
Seat 6: XneferX (button) folded before Flop (didn't bet)



PokerStars Hand #254325178017:  Hold'em No Limit ($0.50/$1.00 USD) - 2025/01/11 2:52:28 WET [2025/01/11 21:52:28 ET]
Table 'Arequipa II' 6-max Seat #1 is the button
Seat 2: LuckyShikari ($110.32 in chips) is sitting out
Seat 5: XneferX ($116.55 in chips) is sitting out
Seat 6: reeqar ($100 in chips) is sitting out
Seat 1: Bash_GR ($100 in chips) 
Seat 3: 50CandyJoe ($140 in chips) 
Seat 4: roch764 ($40 in chips) 
50CandyJoe: posts small blind $0.50
roch764: posts big blind $1
XneferX: sits out 
reeqar: sits out 
*** HOLE CARDS ***
Bash_GR: folds 
50CandyJoe: raises $1.20 to $2.20
roch764: calls $1.20
*** FLOP *** [8d 4d 6c]
50CandyJoe: bets $2.76
roch764: calls $2.76
*** TURN *** [8d 4d 6c] [5h]
50CandyJoe: bets $1
roch764: raises $11.42 to $12.42
50CandyJoe: folds 
Uncalled bet ($11.42) returned to roch764
roch764 collected $11.32 from pot
roch764: doesn't show hand 
*** SUMMARY ***
Total pot $11.92 | Rake $0.60 
Board [8d 4d 6c 5h]
Seat 2: LuckyShikari
Seat 5: XneferX
Seat 6: reeqar
Seat 1: Bash_GR (button) folded before Flop (didn't bet)
Seat 3: 50CandyJoe (small blind) folded on the Turn
Seat 4: roch764 (big blind) collected ($11.32)



PokerStars Hand #254325181651:  Hold'em No Limit ($0.50/$1.00 USD) - 2025/01/11 2:52:52 WET [2025/01/11 21:52:52 ET]
Table 'Arequipa II' 6-max Seat #3 is the button
Seat 2: LuckyShikari ($110.32 in chips) is sitting out
Seat 6: reeqar ($100 in chips) is sitting out
Seat 1: Bash_GR ($100 in chips) 
Seat 3: 50CandyJoe ($134.04 in chips) 
Seat 4: roch764 ($45.36 in chips) 
Seat 5: XneferX ($116.55 in chips) 
roch764: posts small blind $0.50
XneferX: posts big blind $1
reeqar: sits out 
*** HOLE CARDS ***
Bash_GR: folds 
50CandyJoe: folds 
roch764: calls $0.50
XneferX: checks 
*** FLOP *** [Jd Th Qh]
roch764: checks 
XneferX: bets $1
roch764: calls $1
*** TURN *** [Jd Th Qh] [4c]
roch764: checks 
XneferX: checks 
*** RIVER *** [Jd Th Qh 4c] [Kh]
roch764: checks 
XneferX: bets $81.50
roch764: folds [Jc]
Uncalled bet ($81.50) returned to XneferX
XneferX collected $3.80 from pot
XneferX: doesn't show hand 
*** SUMMARY ***
Total pot $4 | Rake $0.20 
Board [Jd Th Qh 4c Kh]
Seat 2: LuckyShikari
Seat 6: reeqar
Seat 1: Bash_GR folded before Flop (didn't bet)
Seat 3: 50CandyJoe (button) folded before Flop (didn't bet)
Seat 4: roch764 (small blind) folded on the River
Seat 5: XneferX (big blind) collected ($3.80)



PokerStars Hand #254325191580:  Hold'em No Limit ($0.50/$1.00 USD) - 2025/01/11 2:53:55 WET [2025/01/11 21:53:55 ET]
Table 'Arequipa II' 6-max Seat #4 is the button
Seat 2: LuckyShikari ($110.32 in chips) is sitting out
Seat 1: Bash_GR ($100 in chips) 
Seat 3: 50CandyJoe ($134.04 in chips) 
Seat 4: roch764 ($43.36 in chips) 
Seat 5: XneferX ($118.35 in chips) 
Seat 6: reeqar ($100 in chips) 
XneferX: posts small blind $0.50
reeqar: posts big blind $1
*** HOLE CARDS ***
Bash_GR: folds 
50CandyJoe: folds 
roch764: folds 
XneferX: folds 
Uncalled bet ($0.50) returned to reeqar
reeqar collected $1 from pot
reeqar: doesn't show hand 
*** SUMMARY ***
Total pot $1 | Rake $0 
Seat 2: LuckyShikari
Seat 1: Bash_GR folded before Flop (didn't bet)
Seat 3: 50CandyJoe folded before Flop (didn't bet)
Seat 4: roch764 (button) folded before Flop (didn't bet)
Seat 5: XneferX (small blind) folded before Flop
Seat 6: reeqar (big blind) collected ($1)



PokerStars Hand #254325194365:  Hold'em No Limit ($0.50/$1.00 USD) - 2025/01/11 2:54:13 WET [2025/01/11 21:54:13 ET]
Table 'Arequipa II' 6-max Seat #5 is the button
Seat 2: LuckyShikari ($110.32 in chips) is sitting out
Seat 1: Bash_GR ($100 in chips) 
Seat 3: 50CandyJoe ($134.04 in chips) 
Seat 4: roch764 ($43.36 in chips) 
Seat 5: XneferX ($117.85 in chips) 
Seat 6: reeqar ($100.50 in chips) 
reeqar: posts small blind $0.50
Bash_GR: posts big blind $1
*** HOLE CARDS ***
50CandyJoe: folds 
roch764: calls $1
XneferX: folds 
reeqar: folds 
Bash_GR: checks 
*** FLOP *** [Jc 9c 3h]
Bash_GR: checks 
roch764: checks 
*** TURN *** [Jc 9c 3h] [7h]
Bash_GR: bets $1.79
roch764: calls $1.79
*** RIVER *** [Jc 9c 3h 7h] [6h]
Bash_GR: bets $4
roch764: calls $4
*** SHOW DOWN ***
Bash_GR: shows [2c Qc] (high card Queen)
roch764: shows [Ac 7s] (a pair of Sevens)
roch764 collected $13.38 from pot
*** SUMMARY ***
Total pot $14.08 | Rake $0.70 
Board [Jc 9c 3h 7h 6h]
Seat 2: LuckyShikari
Seat 1: Bash_GR (big blind) showed [2c Qc] and lost with high card Queen
Seat 3: 50CandyJoe folded before Flop (didn't bet)
Seat 4: roch764 showed [Ac 7s] and won ($13.38) with a pair of Sevens
Seat 5: XneferX (button) folded before Flop (didn't bet)
Seat 6: reeqar (small blind) folded before Flop



PokerStars Hand #254325201355:  Hold'em No Limit ($0.50/$1.00 USD) - 2025/01/11 2:54:59 WET [2025/01/11 21:54:59 ET]
Table 'Arequipa II' 6-max Seat #6 is the button
Seat 1: Bash_GR ($100 in chips) 
Seat 2: LuckyShikari ($110.32 in chips) 
Seat 3: 50CandyJoe ($134.04 in chips) 
Seat 4: roch764 ($49.95 in chips) 
Seat 5: XneferX ($117.85 in chips) 
Seat 6: reeqar ($100 in chips) 
Bash_GR: posts small blind $0.50
LuckyShikari: posts big blind $1
*** HOLE CARDS ***
50CandyJoe: folds 
roch764: calls $1
XneferX: folds 
reeqar: folds 
Bash_GR: calls $0.50
LuckyShikari has timed out
LuckyShikari: checks 
*** FLOP *** [8h Qc 9s]
Bash_GR: checks 
LuckyShikari: checks 
roch764: checks 
*** TURN *** [8h Qc 9s] [Ks]
Bash_GR: checks 
LuckyShikari: checks 
roch764: checks 
*** RIVER *** [8h Qc 9s Ks] [6s]
Bash_GR: checks 
LuckyShikari: checks 
roch764 has timed out
roch764: checks 
*** SHOW DOWN ***
Bash_GR: shows [7d 3d] (high card King)
LuckyShikari: shows [5h 5c] (a pair of Fives)
roch764: mucks hand 
LuckyShikari collected $2.85 from pot
*** SUMMARY ***
Total pot $3 | Rake $0.15 
Board [8h Qc 9s Ks 6s]
Seat 1: Bash_GR (small blind) showed [7d 3d] and lost with high card King
Seat 2: LuckyShikari (big blind) showed [5h 5c] and won ($2.85) with a pair of Fives
Seat 3: 50CandyJoe folded before Flop (didn't bet)
Seat 4: roch764 mucked
Seat 5: XneferX folded before Flop (didn't bet)
Seat 6: reeqar (button) folded before Flop (didn't bet)



PokerStars Hand #254325216400:  Hold'em No Limit ($0.50/$1.00 USD) - 2025/01/11 2:57:03 WET [2025/01/11 21:57:03 ET]
Table 'Arequipa II' 6-max Seat #1 is the button
Seat 1: Bash_GR ($100 in chips) 
Seat 2: LuckyShikari ($112.17 in chips) 
Seat 3: 50CandyJoe ($134.04 in chips) 
Seat 4: roch764 ($48.95 in chips) 
Seat 5: XneferX ($117.85 in chips) 
Seat 6: reeqar ($100 in chips) 
LuckyShikari: posts small blind $0.50
50CandyJoe: posts big blind $1
*** HOLE CARDS ***
roch764 has timed out
roch764: folds 
XneferX: folds 
reeqar: raises $1.50 to $2.50
Bash_GR: folds 
LuckyShikari: folds 
50CandyJoe: folds 
Uncalled bet ($1.50) returned to reeqar
reeqar collected $2.50 from pot
reeqar: doesn't show hand 
*** SUMMARY ***
Total pot $2.50 | Rake $0 
Seat 1: Bash_GR (button) folded before Flop (didn't bet)
Seat 2: LuckyShikari (small blind) folded before Flop
Seat 3: 50CandyJoe (big blind) folded before Flop
Seat 4: roch764 folded before Flop (didn't bet)
Seat 5: XneferX folded before Flop (didn't bet)
Seat 6: reeqar collected ($2.50)



PokerStars Hand #254325219708:  Hold'em No Limit ($0.50/$1.00 USD) - 2025/01/11 2:57:31 WET [2025/01/11 21:57:31 ET]
Table 'Arequipa II' 6-max Seat #2 is the button
Seat 4: roch764 ($48.95 in chips) is sitting out
Seat 1: Bash_GR ($100 in chips) 
Seat 2: LuckyShikari ($111.67 in chips) 
Seat 3: 50CandyJoe ($133.04 in chips) 
Seat 5: XneferX ($117.85 in chips) 
Seat 6: reeqar ($101.50 in chips) 
50CandyJoe: posts small blind $0.50
XneferX: posts big blind $1
*** HOLE CARDS ***
reeqar: folds 
Bash_GR: raises $1.30 to $2.30
reeqar leaves the table
LuckyShikari: calls $2.30
50CandyJoe: folds 
XneferX: folds 
*** FLOP *** [Jc 8s 4d]
Bash_GR: checks 
LuckyShikari: bets $2.50
Bash_GR: calls $2.50
*** TURN *** [Jc 8s 4d] [Qc]
Bash_GR: checks 
LuckyShikari: bets $2.50
Bash_GR: raises $11.66 to $14.16
LuckyShikari: folds 
Uncalled bet ($11.66) returned to Bash_GR
Bash_GR collected $15.30 from pot
Bash_GR: doesn't show hand 
*** SUMMARY ***
Total pot $16.10 | Rake $0.80 
Board [Jc 8s 4d Qc]
Seat 4: roch764
Seat 1: Bash_GR collected ($15.30)
Seat 2: LuckyShikari (button) folded on the Turn
Seat 3: 50CandyJoe (small blind) folded before Flop
Seat 5: XneferX (big blind) folded before Flop
Seat 6: reeqar folded before Flop (didn't bet)



PokerStars Hand #254325226473:  Hold'em No Limit ($0.50/$1.00 USD) - 2025/01/11 2:58:25 WET [2025/01/11 21:58:25 ET]
Table 'Arequipa II' 6-max Seat #3 is the button
Seat 1: Bash_GR ($108 in chips) is sitting out
Seat 4: roch764 ($48.95 in chips) is sitting out
Seat 2: LuckyShikari ($104.37 in chips) 
Seat 3: 50CandyJoe ($132.54 in chips) 
Seat 5: XneferX ($116.85 in chips) 
XneferX: posts small blind $0.50
Bash_GR: is sitting out 
LuckyShikari: posts big blind $1
*** HOLE CARDS ***
Bash_GR leaves the table
equilibrium_tv joins the table at seat #6 
50CandyJoe has timed out
50CandyJoe: folds 
XneferX: folds 
Uncalled bet ($0.50) returned to LuckyShikari
LuckyShikari collected $1 from pot
LuckyShikari: doesn't show hand 
*** SUMMARY ***
Total pot $1 | Rake $0 
Seat 1: Bash_GR
Seat 4: roch764
Seat 2: LuckyShikari (big blind) collected ($1)
Seat 3: 50CandyJoe (button) folded before Flop (didn't bet)
Seat 5: XneferX (small blind) folded before Flop



PokerStars Hand #254325230845:  Hold'em No Limit ($0.50/$1.00 USD) - 2025/01/11 2:59:01 WET [2025/01/11 21:59:01 ET]
Table 'Arequipa II' 6-max Seat #5 is the button
Seat 4: roch764 ($48.95 in chips) is sitting out
Seat 6: equilibrium_tv ($40 in chips) is sitting out
Seat 2: LuckyShikari ($104.87 in chips) 
Seat 3: 50CandyJoe ($132.54 in chips) 
Seat 5: XneferX ($116.35 in chips) 
LuckyShikari: posts small blind $0.50
50CandyJoe: posts big blind $1
roch764: sits out 
*** HOLE CARDS ***
XneferX: raises $1.77 to $2.77
LuckyShikari: folds 
50CandyJoe: folds 
Uncalled bet ($1.77) returned to XneferX
XneferX collected $2.50 from pot
XneferX: doesn't show hand 
*** SUMMARY ***
Total pot $2.50 | Rake $0 
Seat 4: roch764
Seat 6: equilibrium_tv
Seat 2: LuckyShikari (small blind) folded before Flop
Seat 3: 50CandyJoe (big blind) folded before Flop
Seat 5: XneferX (button) collected ($2.50)



PokerStars Hand #254325233125:  Hold'em No Limit ($0.50/$1.00 USD) - 2025/01/11 2:59:18 WET [2025/01/11 21:59:18 ET]
Table 'Arequipa II' 6-max Seat #2 is the button
Seat 6: equilibrium_tv ($40 in chips) is sitting out
Seat 2: LuckyShikari ($104.37 in chips) 
Seat 3: 50CandyJoe ($131.54 in chips) 
Seat 4: roch764 ($48.95 in chips) 
Seat 5: XneferX ($117.85 in chips) 
50CandyJoe: posts small blind $0.50
roch764: posts big blind $1
equilibrium_tv: sits out 
*** HOLE CARDS ***
XneferX: folds 
LuckyShikari: folds 
50CandyJoe: raises $1.50 to $2.50
roch764: folds 
Uncalled bet ($1.50) returned to 50CandyJoe
50CandyJoe collected $2 from pot
50CandyJoe: doesn't show hand 
*** SUMMARY ***
Total pot $2 | Rake $0 
Seat 6: equilibrium_tv
Seat 2: LuckyShikari (button) folded before Flop (didn't bet)
Seat 3: 50CandyJoe (small blind) collected ($2)
Seat 4: roch764 (big blind) folded before Flop
Seat 5: XneferX folded before Flop (didn't bet)



PokerStars Hand #254325235249:  Hold'em No Limit ($0.50/$1.00 USD) - 2025/01/11 2:59:36 WET [2025/01/11 21:59:36 ET]
Table 'Arequipa II' 6-max Seat #3 is the button
Seat 6: equilibrium_tv ($40 in chips) is sitting out
Seat 2: LuckyShikari ($104.37 in chips) 
Seat 3: 50CandyJoe ($132.54 in chips) 
Seat 4: roch764 ($47.95 in chips) 
Seat 5: XneferX ($117.85 in chips) 
roch764: posts small blind $0.50
XneferX: posts big blind $1
equilibrium_tv: sits out 
*** HOLE CARDS ***
LuckyShikari: folds 
50CandyJoe: folds 
roch764: calls $0.50
XneferX: checks 
*** FLOP *** [4d Tc 9s]
roch764: bets $2
XneferX: folds 
Uncalled bet ($2) returned to roch764
roch764 collected $1.90 from pot
roch764: doesn't show hand 
*** SUMMARY ***
Total pot $2 | Rake $0.10 
Board [4d Tc 9s]
Seat 6: equilibrium_tv
Seat 2: LuckyShikari folded before Flop (didn't bet)
Seat 3: 50CandyJoe (button) folded before Flop (didn't bet)
Seat 4: roch764 (small blind) collected ($1.90)
Seat 5: XneferX (big blind) folded on the Flop



PokerStars Hand #254325239102:  Hold'em No Limit ($0.50/$1.00 USD) - 2025/01/11 3:00:07 WET [2025/01/11 22:00:07 ET]
Table 'Arequipa II' 6-max Seat #4 is the button
Seat 2: LuckyShikari ($104.37 in chips) 
Seat 3: 50CandyJoe ($132.54 in chips) 
Seat 4: roch764 ($48.85 in chips) 
Seat 5: XneferX ($116.85 in chips) 
Seat 6: equilibrium_tv ($50 in chips) 
XneferX: posts small blind $0.50
equilibrium_tv: posts big blind $1
*** HOLE CARDS ***
LuckyShikari: folds 
50CandyJoe: folds 
roch764: folds 
4ihKZ joins the table at seat #1 
XneferX: raises $1.90 to $2.90
equilibrium_tv: folds 
Uncalled bet ($1.90) returned to XneferX
XneferX collected $2 from pot
XneferX: doesn't show hand 
*** SUMMARY ***
Total pot $2 | Rake $0 
Seat 2: LuckyShikari folded before Flop (didn't bet)
Seat 3: 50CandyJoe folded before Flop (didn't bet)
Seat 4: roch764 (button) folded before Flop (didn't bet)
Seat 5: XneferX (small blind) collected ($2)
Seat 6: equilibrium_tv (big blind) folded before Flop



PokerStars Hand #254325242637:  Hold'em No Limit ($0.50/$1.00 USD) - 2025/01/11 3:00:33 WET [2025/01/11 22:00:33 ET]
Table 'Arequipa II' 6-max Seat #5 is the button
Seat 1: 4ihKZ ($101.50 in chips) 
Seat 2: LuckyShikari ($104.37 in chips) 
Seat 3: 50CandyJoe ($132.54 in chips) 
Seat 4: roch764 ($48.85 in chips) 
Seat 5: XneferX ($117.85 in chips) 
Seat 6: equilibrium_tv ($49 in chips) 
equilibrium_tv: posts small blind $0.50
4ihKZ: posts big blind $1
*** HOLE CARDS ***
LuckyShikari: folds 
50CandyJoe: raises $1.20 to $2.20
roch764: folds 
XneferX: folds 
equilibrium_tv: folds 
4ihKZ: folds 
Uncalled bet ($1.20) returned to 50CandyJoe
50CandyJoe collected $2.50 from pot
50CandyJoe: doesn't show hand 
*** SUMMARY ***
Total pot $2.50 | Rake $0 
Seat 1: 4ihKZ (big blind) folded before Flop
Seat 2: LuckyShikari folded before Flop (didn't bet)
Seat 3: 50CandyJoe collected ($2.50)
Seat 4: roch764 folded before Flop (didn't bet)
Seat 5: XneferX (button) folded before Flop (didn't bet)
Seat 6: equilibrium_tv (small blind) folded before Flop



PokerStars Hand #254325245098:  Hold'em No Limit ($0.50/$1.00 USD) - 2025/01/11 3:00:50 WET [2025/01/11 22:00:50 ET]
Table 'Arequipa II' 6-max Seat #6 is the button
Seat 1: 4ihKZ ($100.50 in chips) 
Seat 2: LuckyShikari ($104.37 in chips) 
Seat 3: 50CandyJoe ($134.04 in chips) 
Seat 4: roch764 ($48.85 in chips) 
Seat 5: XneferX ($117.85 in chips) 
Seat 6: equilibrium_tv ($49.50 in chips) 
4ihKZ: posts small blind $0.50
LuckyShikari: posts big blind $1
*** HOLE CARDS ***
50CandyJoe: raises $1.20 to $2.20
roch764 has timed out
roch764: folds 
XneferX: folds 
equilibrium_tv: folds 
4ihKZ: folds 
LuckyShikari: folds 
Uncalled bet ($1.20) returned to 50CandyJoe
50CandyJoe collected $2.50 from pot
50CandyJoe: doesn't show hand 
*** SUMMARY ***
Total pot $2.50 | Rake $0 
Seat 1: 4ihKZ (small blind) folded before Flop
Seat 2: LuckyShikari (big blind) folded before Flop
Seat 3: 50CandyJoe collected ($2.50)
Seat 4: roch764 folded before Flop (didn't bet)
Seat 5: XneferX folded before Flop (didn't bet)
Seat 6: equilibrium_tv (button) folded before Flop (didn't bet)



PokerStars Hand #254325249025:  Hold'em No Limit ($0.50/$1.00 USD) - 2025/01/11 3:01:17 WET [2025/01/11 22:01:17 ET]
Table 'Arequipa II' 6-max Seat #1 is the button
Seat 1: 4ihKZ ($100 in chips) 
Seat 2: LuckyShikari ($103.37 in chips) 
Seat 3: 50CandyJoe ($135.54 in chips) 
Seat 4: roch764 ($48.85 in chips) 
Seat 5: XneferX ($117.85 in chips) 
Seat 6: equilibrium_tv ($49.50 in chips) 
LuckyShikari: posts small blind $0.50
50CandyJoe: posts big blind $1
*** HOLE CARDS ***
roch764: folds 
XneferX: folds 
equilibrium_tv: folds 
4ihKZ: folds 
LuckyShikari: raises $1.50 to $2.50
50CandyJoe: folds 
Uncalled bet ($1.50) returned to LuckyShikari
LuckyShikari collected $2 from pot
LuckyShikari: doesn't show hand 
*** SUMMARY ***
Total pot $2 | Rake $0 
Seat 1: 4ihKZ (button) folded before Flop (didn't bet)
Seat 2: LuckyShikari (small blind) collected ($2)
Seat 3: 50CandyJoe (big blind) folded before Flop
Seat 4: roch764 folded before Flop (didn't bet)
Seat 5: XneferX folded before Flop (didn't bet)
Seat 6: equilibrium_tv folded before Flop (didn't bet)



PokerStars Hand #254325251389:  Hold'em No Limit ($0.50/$1.00 USD) - 2025/01/11 3:01:33 WET [2025/01/11 22:01:33 ET]
Table 'Arequipa II' 6-max Seat #2 is the button
Seat 1: 4ihKZ ($100 in chips) 
Seat 2: LuckyShikari ($104.37 in chips) 
Seat 3: 50CandyJoe ($134.54 in chips) 
Seat 4: roch764 ($48.85 in chips) 
Seat 5: XneferX ($117.85 in chips) 
Seat 6: equilibrium_tv ($49.50 in chips) 
50CandyJoe: posts small blind $0.50
roch764: posts big blind $1
*** HOLE CARDS ***
XneferX: folds 
equilibrium_tv: raises $1 to $2
4ihKZ: folds 
LuckyShikari: calls $2
50CandyJoe: folds 
roch764: calls $1
*** FLOP *** [Ac Kc As]
roch764: checks 
equilibrium_tv: checks 
LuckyShikari: checks 
*** TURN *** [Ac Kc As] [3h]
roch764: checks 
equilibrium_tv: checks 
LuckyShikari: checks 
*** RIVER *** [Ac Kc As 3h] [Js]
roch764: checks 
equilibrium_tv: bets $4.64
LuckyShikari: folds 
roch764: folds 
Uncalled bet ($4.64) returned to equilibrium_tv
equilibrium_tv collected $6.18 from pot
*** SUMMARY ***
Total pot $6.50 | Rake $0.32 
Board [Ac Kc As 3h Js]
Seat 1: 4ihKZ folded before Flop (didn't bet)
Seat 2: LuckyShikari (button) folded on the River
Seat 3: 50CandyJoe (small blind) folded before Flop
Seat 4: roch764 (big blind) folded on the River
Seat 5: XneferX folded before Flop (didn't bet)
Seat 6: equilibrium_tv collected ($6.18)



PokerStars Hand #254325262320:  Hold'em No Limit ($0.50/$1.00 USD) - 2025/01/11 3:02:45 WET [2025/01/11 22:02:45 ET]
Table 'Arequipa II' 6-max Seat #3 is the button
Seat 1: 4ihKZ ($100 in chips) 
Seat 2: LuckyShikari ($102.37 in chips) 
Seat 3: 50CandyJoe ($134.04 in chips) 
Seat 4: roch764 ($46.85 in chips) 
Seat 5: XneferX ($117.85 in chips) 
Seat 6: equilibrium_tv ($53.68 in chips) 
roch764: posts small blind $0.50
XneferX: posts big blind $1
*** HOLE CARDS ***
equilibrium_tv: folds 
4ihKZ: folds 
LuckyShikari: raises $1.50 to $2.50
50CandyJoe: calls $2.50
roch764: calls $2
XneferX: folds 
*** FLOP *** [4h 6s Qs]
roch764: checks 
LuckyShikari: checks 
50CandyJoe: checks 
*** TURN *** [4h 6s Qs] [9s]
roch764: checks 
LuckyShikari: checks 
50CandyJoe has timed out
50CandyJoe: checks 
*** RIVER *** [4h 6s Qs 9s] [Ah]
roch764: checks 
LuckyShikari: bets $2.50
50CandyJoe: folds 
roch764: calls $2.50
*** SHOW DOWN ***
LuckyShikari: shows [8d Ad] (a pair of Aces)
roch764: mucks hand 
LuckyShikari collected $12.82 from pot
*** SUMMARY ***
Total pot $13.50 | Rake $0.68 
Board [4h 6s Qs 9s Ah]
Seat 1: 4ihKZ folded before Flop (didn't bet)
Seat 2: LuckyShikari showed [8d Ad] and won ($12.82) with a pair of Aces
Seat 3: 50CandyJoe (button) folded on the River
Seat 4: roch764 (small blind) mucked
Seat 5: XneferX (big blind) folded before Flop
Seat 6: equilibrium_tv folded before Flop (didn't bet)



PokerStars Hand #254325277804:  Hold'em No Limit ($0.50/$1.00 USD) - 2025/01/11 3:04:28 WET [2025/01/11 22:04:28 ET]
Table 'Arequipa II' 6-max Seat #4 is the button
Seat 5: XneferX ($116.85 in chips) is sitting out
Seat 1: 4ihKZ ($100 in chips) 
Seat 2: LuckyShikari ($110.19 in chips) 
Seat 3: 50CandyJoe ($131.54 in chips) 
Seat 4: roch764 ($41.85 in chips) 
Seat 6: equilibrium_tv ($53.68 in chips) 
equilibrium_tv: posts small blind $0.50
4ihKZ: posts big blind $1
*** HOLE CARDS ***
LuckyShikari: folds 
50CandyJoe: folds 
roch764: folds 
equilibrium_tv: folds 
Uncalled bet ($0.50) returned to 4ihKZ
4ihKZ collected $1 from pot
4ihKZ: doesn't show hand 
*** SUMMARY ***
Total pot $1 | Rake $0 
Seat 5: XneferX
Seat 1: 4ihKZ (big blind) collected ($1)
Seat 2: LuckyShikari folded before Flop (didn't bet)
Seat 3: 50CandyJoe folded before Flop (didn't bet)
Seat 4: roch764 (button) folded before Flop (didn't bet)
Seat 6: equilibrium_tv (small blind) folded before Flop



PokerStars Hand #254325279240:  Hold'em No Limit ($0.50/$1.00 USD) - 2025/01/11 3:04:38 WET [2025/01/11 22:04:38 ET]
Table 'Arequipa II' 6-max Seat #6 is the button
Seat 5: XneferX ($116.85 in chips) is sitting out
Seat 1: 4ihKZ ($100.50 in chips) 
Seat 2: LuckyShikari ($110.19 in chips) 
Seat 3: 50CandyJoe ($131.54 in chips) 
Seat 4: roch764 ($41.85 in chips) 
Seat 6: equilibrium_tv ($53.18 in chips) 
4ihKZ: posts small blind $0.50
LuckyShikari: posts big blind $1
*** HOLE CARDS ***
50CandyJoe: folds 
roch764: raises $40.85 to $41.85 and is all-in
equilibrium_tv: folds 
4ihKZ: folds 
LuckyShikari: folds 
Uncalled bet ($40.85) returned to roch764
roch764 collected $2.50 from pot
roch764: doesn't show hand 
*** SUMMARY ***
Total pot $2.50 | Rake $0 
Seat 5: XneferX
Seat 1: 4ihKZ (small blind) folded before Flop
Seat 2: LuckyShikari (big blind) folded before Flop
Seat 3: 50CandyJoe folded before Flop (didn't bet)
Seat 4: roch764 collected ($2.50)
Seat 6: equilibrium_tv (button) folded before Flop (didn't bet)



PokerStars Hand #254325282153:  Hold'em No Limit ($0.50/$1.00 USD) - 2025/01/11 3:04:57 WET [2025/01/11 22:04:57 ET]
Table 'Arequipa II' 6-max Seat #1 is the button
Seat 5: XneferX ($116.85 in chips) is sitting out
Seat 1: 4ihKZ ($100 in chips) 
Seat 2: LuckyShikari ($109.19 in chips) 
Seat 3: 50CandyJoe ($131.54 in chips) 
Seat 4: roch764 ($43.35 in chips) 
Seat 6: equilibrium_tv ($53.18 in chips) 
LuckyShikari: posts small blind $0.50
50CandyJoe: posts big blind $1
*** HOLE CARDS ***
roch764: folds 
equilibrium_tv: folds 
4ihKZ: folds 
LuckyShikari: folds 
Uncalled bet ($0.50) returned to 50CandyJoe
50CandyJoe collected $1 from pot
50CandyJoe: doesn't show hand 
*** SUMMARY ***
Total pot $1 | Rake $0 
Seat 5: XneferX
Seat 1: 4ihKZ (button) folded before Flop (didn't bet)
Seat 2: LuckyShikari (small blind) folded before Flop
Seat 3: 50CandyJoe (big blind) collected ($1)
Seat 4: roch764 folded before Flop (didn't bet)
Seat 6: equilibrium_tv folded before Flop (didn't bet)



PokerStars Hand #254325285198:  Hold'em No Limit ($0.50/$1.00 USD) - 2025/01/11 3:05:18 WET [2025/01/11 22:05:18 ET]
Table 'Arequipa II' 6-max Seat #2 is the button
Seat 5: XneferX ($116.85 in chips) is sitting out
Seat 1: 4ihKZ ($100 in chips) 
Seat 2: LuckyShikari ($108.69 in chips) 
Seat 3: 50CandyJoe ($132.04 in chips) 
Seat 4: roch764 ($43.35 in chips) 
Seat 6: equilibrium_tv ($53.18 in chips) 
50CandyJoe: posts small blind $0.50
roch764: posts big blind $1
*** HOLE CARDS ***
equilibrium_tv: raises $1 to $2
4ihKZ: folds 
LuckyShikari: folds 
50CandyJoe: calls $1.50
roch764: folds 
*** FLOP *** [6h 5s 8d]
50CandyJoe: checks 
equilibrium_tv: bets $1.57
50CandyJoe: folds 
Uncalled bet ($1.57) returned to equilibrium_tv
equilibrium_tv collected $4.75 from pot
*** SUMMARY ***
Total pot $5 | Rake $0.25 
Board [6h 5s 8d]
Seat 5: XneferX
Seat 1: 4ihKZ folded before Flop (didn't bet)
Seat 2: LuckyShikari (button) folded before Flop (didn't bet)
Seat 3: 50CandyJoe (small blind) folded on the Flop
Seat 4: roch764 (big blind) folded before Flop
Seat 6: equilibrium_tv collected ($4.75)



PokerStars Hand #254325291102:  Hold'em No Limit ($0.50/$1.00 USD) - 2025/01/11 3:05:57 WET [2025/01/11 22:05:57 ET]
Table 'Arequipa II' 6-max Seat #3 is the button
Seat 5: XneferX ($116.85 in chips) is sitting out
Seat 1: 4ihKZ ($100 in chips) 
Seat 2: LuckyShikari ($108.69 in chips) 
Seat 3: 50CandyJoe ($130.04 in chips) 
Seat 4: roch764 ($42.35 in chips) 
Seat 6: equilibrium_tv ($55.93 in chips) 
roch764: posts small blind $0.50
equilibrium_tv: posts big blind $1
*** HOLE CARDS ***
4ihKZ: folds 
LuckyShikari: raises $1.50 to $2.50
50CandyJoe: raises $5 to $7.50
roch764: folds 
equilibrium_tv: folds 
LuckyShikari: calls $5
*** FLOP *** [3c Jh 9d]
LuckyShikari: checks 
50CandyJoe: checks 
*** TURN *** [3c Jh 9d] [3h]
LuckyShikari: bets $2.50
50CandyJoe: calls $2.50
*** RIVER *** [3c Jh 9d 3h] [4d]
LuckyShikari: bets $30.63
50CandyJoe: folds 
Uncalled bet ($30.63) returned to LuckyShikari
LuckyShikari collected $20.42 from pot
LuckyShikari: doesn't show hand 
*** SUMMARY ***
Total pot $21.50 | Rake $1.08 
Board [3c Jh 9d 3h 4d]
Seat 5: XneferX
Seat 1: 4ihKZ folded before Flop (didn't bet)
Seat 2: LuckyShikari collected ($20.42)
Seat 3: 50CandyJoe (button) folded on the River
Seat 4: roch764 (small blind) folded before Flop
Seat 6: equilibrium_tv (big blind) folded before Flop



PokerStars Hand #254325298512:  Hold'em No Limit ($0.50/$1.00 USD) - 2025/01/11 3:06:47 WET [2025/01/11 22:06:47 ET]
Table 'Arequipa II' 6-max Seat #4 is the button
Seat 5: XneferX ($116.85 in chips) is sitting out
Seat 1: 4ihKZ ($100 in chips) 
Seat 2: LuckyShikari ($119.11 in chips) 
Seat 3: 50CandyJoe ($120.04 in chips) 
Seat 4: roch764 ($41.85 in chips) 
Seat 6: equilibrium_tv ($54.93 in chips) 
equilibrium_tv: posts small blind $0.50
4ihKZ: posts big blind $1
*** HOLE CARDS ***
LuckyShikari: raises $1.50 to $2.50
50CandyJoe: folds 
roch764: folds 
equilibrium_tv: folds 
4ihKZ: folds 
Uncalled bet ($1.50) returned to LuckyShikari
LuckyShikari collected $2.50 from pot
LuckyShikari: doesn't show hand 
*** SUMMARY ***
Total pot $2.50 | Rake $0 
Seat 5: XneferX
Seat 1: 4ihKZ (big blind) folded before Flop
Seat 2: LuckyShikari collected ($2.50)
Seat 3: 50CandyJoe folded before Flop (didn't bet)
Seat 4: roch764 (button) folded before Flop (didn't bet)
Seat 6: equilibrium_tv (small blind) folded before Flop



PokerStars Hand #254325300637:  Hold'em No Limit ($0.50/$1.00 USD) - 2025/01/11 3:07:01 WET [2025/01/11 22:07:01 ET]
Table 'Arequipa II' 6-max Seat #6 is the button
Seat 5: XneferX ($116.85 in chips) is sitting out
Seat 1: 4ihKZ ($100 in chips) 
Seat 2: LuckyShikari ($120.61 in chips) 
Seat 3: 50CandyJoe ($120.04 in chips) 
Seat 4: roch764 ($41.85 in chips) 
Seat 6: equilibrium_tv ($54.43 in chips) 
4ihKZ: posts small blind $0.50
LuckyShikari: posts big blind $1
XneferX: sits out 
*** HOLE CARDS ***
50CandyJoe: folds 
roch764: calls $1
equilibrium_tv: folds 
4ihKZ: folds 
LuckyShikari: checks 
*** FLOP *** [Tc 9c 5d]
LuckyShikari: checks 
roch764: checks 
*** TURN *** [Tc 9c 5d] [3s]
LuckyShikari: checks 
roch764: bets $2.38
LuckyShikari: folds 
Uncalled bet ($2.38) returned to roch764
roch764 collected $2.38 from pot
roch764: doesn't show hand 
*** SUMMARY ***
Total pot $2.50 | Rake $0.12 
Board [Tc 9c 5d 3s]
Seat 5: XneferX
Seat 1: 4ihKZ (small blind) folded before Flop
Seat 2: LuckyShikari (big blind) folded on the Turn
Seat 3: 50CandyJoe folded before Flop (didn't bet)
Seat 4: roch764 collected ($2.38)
Seat 6: equilibrium_tv (button) folded before Flop (didn't bet)



PokerStars Hand #254325308878:  Hold'em No Limit ($0.50/$1.00 USD) - 2025/01/11 3:07:57 WET [2025/01/11 22:07:57 ET]
Table 'Arequipa II' 6-max Seat #1 is the button
Seat 5: XneferX ($116.85 in chips) is sitting out
Seat 1: 4ihKZ ($100 in chips) 
Seat 2: LuckyShikari ($119.61 in chips) 
Seat 3: 50CandyJoe ($120.04 in chips) 
Seat 4: roch764 ($43.23 in chips) 
Seat 6: equilibrium_tv ($54.43 in chips) 
LuckyShikari: posts small blind $0.50
50CandyJoe: posts big blind $1
XneferX: sits out 
*** HOLE CARDS ***
roch764: folds 
equilibrium_tv: folds 
4ihKZ: raises $1.22 to $2.22
LuckyShikari: calls $1.72
50CandyJoe: calls $1.22
*** FLOP *** [2d Kc 3h]
LuckyShikari: bets $2.50
50CandyJoe: folds 
4ihKZ: calls $2.50
*** TURN *** [2d Kc 3h] [6d]
LuckyShikari: checks 
4ihKZ: checks 
*** RIVER *** [2d Kc 3h 6d] [4c]
LuckyShikari: bets $2.50
4ihKZ has timed out
4ihKZ: folds 
Uncalled bet ($2.50) returned to LuckyShikari
LuckyShikari collected $11.08 from pot
LuckyShikari: doesn't show hand 
*** SUMMARY ***
Total pot $11.66 | Rake $0.58 
Board [2d Kc 3h 6d 4c]
Seat 5: XneferX
Seat 1: 4ihKZ (button) folded on the River
Seat 2: LuckyShikari (small blind) collected ($11.08)
Seat 3: 50CandyJoe (big blind) folded on the Flop
Seat 4: roch764 folded before Flop (didn't bet)
Seat 6: equilibrium_tv folded before Flop (didn't bet)



PokerStars Hand #254325323072:  Hold'em No Limit ($0.50/$1.00 USD) - 2025/01/11 3:09:31 WET [2025/01/11 22:09:31 ET]
Table 'Arequipa II' 6-max Seat #2 is the button
Seat 5: XneferX ($116.85 in chips) is sitting out
Seat 1: 4ihKZ ($100 in chips) 
Seat 2: LuckyShikari ($125.97 in chips) 
Seat 3: 50CandyJoe ($117.82 in chips) 
Seat 4: roch764 ($43.23 in chips) 
Seat 6: equilibrium_tv ($54.43 in chips) 
50CandyJoe: posts small blind $0.50
roch764: posts big blind $1
XneferX: sits out 
*** HOLE CARDS ***
equilibrium_tv: folds 
4ihKZ: folds 
LuckyShikari: folds 
50CandyJoe: raises $1.50 to $2.50
roch764: raises $40.73 to $43.23 and is all-in
50CandyJoe: folds 
Uncalled bet ($40.73) returned to roch764
roch764 collected $5 from pot
roch764: doesn't show hand 
*** SUMMARY ***
Total pot $5 | Rake $0 
Seat 5: XneferX
Seat 1: 4ihKZ folded before Flop (didn't bet)
Seat 2: LuckyShikari (button) folded before Flop (didn't bet)
Seat 3: 50CandyJoe (small blind) folded before Flop
Seat 4: roch764 (big blind) collected ($5)
Seat 6: equilibrium_tv folded before Flop (didn't bet)



PokerStars Hand #254325326924:  Hold'em No Limit ($0.50/$1.00 USD) - 2025/01/11 3:09:57 WET [2025/01/11 22:09:57 ET]
Table 'Arequipa II' 6-max Seat #3 is the button
Seat 1: 4ihKZ ($100 in chips) 
Seat 2: LuckyShikari ($125.97 in chips) 
Seat 3: 50CandyJoe ($115.32 in chips) 
Seat 4: roch764 ($45.73 in chips) 
Seat 5: XneferX ($116.85 in chips) 
Seat 6: equilibrium_tv ($54.43 in chips) 
roch764: posts small blind $0.50
XneferX: posts big blind $1
*** HOLE CARDS ***
equilibrium_tv: raises $1 to $2
4ihKZ: folds 
LuckyShikari: folds 
50CandyJoe: calls $2
roch764: folds 
XneferX: calls $1
*** FLOP *** [8s 2h 5d]
XneferX: checks 
equilibrium_tv: checks 
50CandyJoe: checks 
*** TURN *** [8s 2h 5d] [5c]
XneferX: checks 
equilibrium_tv: checks 
50CandyJoe: checks 
*** RIVER *** [8s 2h 5d 5c] [3c]
XneferX: checks 
equilibrium_tv: checks 
50CandyJoe: checks 
*** SHOW DOWN ***
XneferX: shows [Jd Kd] (a pair of Fives)
equilibrium_tv: shows [Qs Ac] (a pair of Fives - Ace kicker)
50CandyJoe: mucks hand 
equilibrium_tv collected $6.18 from pot
*** SUMMARY ***
Total pot $6.50 | Rake $0.32 
Board [8s 2h 5d 5c 3c]
Seat 1: 4ihKZ folded before Flop (didn't bet)
Seat 2: LuckyShikari folded before Flop (didn't bet)
Seat 3: 50CandyJoe (button) mucked
Seat 4: roch764 (small blind) folded before Flop
Seat 5: XneferX (big blind) showed [Jd Kd] and lost with a pair of Fives
Seat 6: equilibrium_tv showed [Qs Ac] and won ($6.18) with a pair of Fives



PokerStars Hand #254325336057:  Hold'em No Limit ($0.50/$1.00 USD) - 2025/01/11 3:11:00 WET [2025/01/11 22:11:00 ET]
Table 'Arequipa II' 6-max Seat #4 is the button
Seat 1: 4ihKZ ($100 in chips) 
Seat 2: LuckyShikari ($125.97 in chips) 
Seat 3: 50CandyJoe ($113.32 in chips) 
Seat 4: roch764 ($45.23 in chips) 
Seat 5: XneferX ($114.85 in chips) 
Seat 6: equilibrium_tv ($58.61 in chips) 
XneferX: posts small blind $0.50
equilibrium_tv: posts big blind $1
*** HOLE CARDS ***
4ihKZ: folds 
LuckyShikari: folds 
50CandyJoe: folds 
roch764: calls $1
XneferX: raises $3 to $4
equilibrium_tv: folds 
roch764: calls $3
*** FLOP *** [9c 6s 8h]
XneferX: bets $2.22
roch764: folds 
Uncalled bet ($2.22) returned to XneferX
XneferX collected $8.55 from pot
XneferX: doesn't show hand 
*** SUMMARY ***
Total pot $9 | Rake $0.45 
Board [9c 6s 8h]
Seat 1: 4ihKZ folded before Flop (didn't bet)
Seat 2: LuckyShikari folded before Flop (didn't bet)
Seat 3: 50CandyJoe folded before Flop (didn't bet)
Seat 4: roch764 (button) folded on the Flop
Seat 5: XneferX (small blind) collected ($8.55)
Seat 6: equilibrium_tv (big blind) folded before Flop



PokerStars Hand #254325343707:  Hold'em No Limit ($0.50/$1.00 USD) - 2025/01/11 3:11:52 WET [2025/01/11 22:11:52 ET]
Table 'Arequipa II' 6-max Seat #5 is the button
Seat 1: 4ihKZ ($100 in chips) 
Seat 2: LuckyShikari ($125.97 in chips) 
Seat 3: 50CandyJoe ($113.32 in chips) 
Seat 4: roch764 ($41.23 in chips) 
Seat 5: XneferX ($119.40 in chips) 
Seat 6: equilibrium_tv ($57.61 in chips) 
equilibrium_tv: posts small blind $0.50
4ihKZ: posts big blind $1
*** HOLE CARDS ***
LuckyShikari: folds 
50CandyJoe: folds 
roch764: calls $1
XneferX: folds 
equilibrium_tv: raises $3 to $4
4ihKZ: raises $8 to $12
roch764: raises $29.23 to $41.23 and is all-in
equilibrium_tv: folds 
4ihKZ: calls $29.23
*** FLOP *** [Jh 4c Kh]
*** TURN *** [Jh 4c Kh] [9c]
*** RIVER *** [Jh 4c Kh 9c] [Kc]
*** SHOW DOWN ***
4ihKZ: shows [Ah Qh] (a pair of Kings)
roch764: shows [Ad Th] (a pair of Kings - lower kicker)
4ihKZ collected $83.96 from pot
*** SUMMARY ***
Total pot $86.46 | Rake $2.50 
Board [Jh 4c Kh 9c Kc]
Seat 1: 4ihKZ (big blind) showed [Ah Qh] and won ($83.96) with a pair of Kings
Seat 2: LuckyShikari folded before Flop (didn't bet)
Seat 3: 50CandyJoe folded before Flop (didn't bet)
Seat 4: roch764 showed [Ad Th] and lost with a pair of Kings
Seat 5: XneferX (button) folded before Flop (didn't bet)
Seat 6: equilibrium_tv (small blind) folded before Flop



PokerStars Hand #254325348077:  Hold'em No Limit ($0.50/$1.00 USD) - 2025/01/11 3:12:22 WET [2025/01/11 22:12:22 ET]
Table 'Arequipa II' 6-max Seat #6 is the button
Seat 1: 4ihKZ ($142.73 in chips) is sitting out
Seat 2: LuckyShikari ($125.97 in chips) 
Seat 3: 50CandyJoe ($113.32 in chips) 
Seat 5: XneferX ($119.40 in chips) 
Seat 6: equilibrium_tv ($53.61 in chips) 
LuckyShikari: posts small blind $0.50
50CandyJoe: posts big blind $1
*** HOLE CARDS ***
XneferX: folds 
equilibrium_tv: raises $1 to $2
XneferX leaves the table
LuckyShikari: folds 
4ihKZ leaves the table
50CandyJoe: calls $1
*** FLOP *** [Ad 6s Kd]
50CandyJoe: checks 
equilibrium_tv: checks 
*** TURN *** [Ad 6s Kd] [8h]
50CandyJoe: checks 
equilibrium_tv: bets $1.41
50CandyJoe: raises $10.59 to $12
equilibrium_tv: calls $10.59
*** RIVER *** [Ad 6s Kd 8h] [7c]
50CandyJoe: bets $99.32 and is all-in
equilibrium_tv: calls $39.61 and is all-in
Uncalled bet ($59.71) returned to 50CandyJoe
*** SHOW DOWN ***
50CandyJoe: shows [Jh 6h] (a pair of Sixes)
equilibrium_tv: shows [9h 9s] (a pair of Nines)
equilibrium_tv collected $106.72 from pot
*** SUMMARY ***
Total pot $107.72 | Rake $1 
Board [Ad 6s Kd 8h 7c]
Seat 1: 4ihKZ
Seat 2: LuckyShikari (small blind) folded before Flop
Seat 3: 50CandyJoe (big blind) showed [Jh 6h] and lost with a pair of Sixes
Seat 5: XneferX folded before Flop (didn't bet)
Seat 6: equilibrium_tv (button) showed [9h 9s] and won ($106.72) with a pair of Nines



PokerStars Hand #254325361674:  Hold'em No Limit ($0.50/$1.00 USD) - 2025/01/11 3:13:56 WET [2025/01/11 22:13:56 ET]
Table 'Arequipa II' 6-max Seat #3 is the button
Seat 6: equilibrium_tv ($106.72 in chips) is sitting out
Seat 2: LuckyShikari ($125.47 in chips) 
Seat 3: 50CandyJoe ($100 in chips) 
50CandyJoe: posts small blind $0.50
equilibrium_tv: is sitting out 
LuckyShikari: posts big blind $1
*** HOLE CARDS ***
50CandyJoe: raises $1.50 to $2.50
LuckyShikari: calls $1.50
*** FLOP *** [6h Jc 2s]
equilibrium_tv leaves the table
LuckyShikari: checks 
50CandyJoe: bets $1.57
LuckyShikari: calls $1.57
*** TURN *** [6h Jc 2s] [7h]
LuckyShikari: bets $2.50
50CandyJoe: calls $2.50
*** RIVER *** [6h Jc 2s 7h] [Ac]
LuckyShikari: checks 
50CandyJoe: bets $12.48
LuckyShikari: folds 
Uncalled bet ($12.48) returned to 50CandyJoe
50CandyJoe collected $12.48 from pot
50CandyJoe: doesn't show hand 
*** SUMMARY ***
Total pot $13.14 | Rake $0.66 
Board [6h Jc 2s 7h Ac]
Seat 6: equilibrium_tv
Seat 2: LuckyShikari (big blind) folded on the River
Seat 3: 50CandyJoe (button) (small blind) collected ($12.48)



PokerStars Hand #254325395805:  Hold'em No Limit ($0.50/$1.00 USD) - 2025/01/11 3:17:50 WET [2025/01/11 22:17:50 ET]
Table 'Arequipa II' 6-max Seat #5 is the button
Seat 2: LuckyShikari ($118.90 in chips) 
Seat 5: 7bekon7 ($100 in chips) 
7bekon7: posts small blind $0.50
LuckyShikari: posts big blind $1
*** HOLE CARDS ***
7bekon7: raises $2 to $3
LuckyShikari: calls $2
*** FLOP *** [9c 7c 5s]
LuckyShikari: bets $2.50
7bekon7: raises $5.35 to $7.85
LuckyShikari: raises $18.62 to $26.47
7bekon7: raises $29.32 to $55.79
LuckyShikari: raises $60.11 to $115.90 and is all-in
7bekon7: calls $41.21 and is all-in
Uncalled bet ($18.90) returned to LuckyShikari
*** FIRST TURN *** [9c 7c 5s] [8s]
*** FIRST RIVER *** [9c 7c 5s 8s] [Jc]
*** SECOND TURN *** [9c 7c 5s] [6h]
*** SECOND RIVER *** [9c 7c 5s 6h] [8c]
*** FIRST SHOW DOWN ***
LuckyShikari: shows [9d Qs] (a pair of Nines)
7bekon7: shows [Kh Kd] (a pair of Kings)
7bekon7 collected $99.50 from pot
*** SECOND SHOW DOWN ***
LuckyShikari: shows [9d Qs] (a straight, Five to Nine)
7bekon7: shows [Kh Kd] (a straight, Five to Nine)
LuckyShikari collected $49.75 from pot
7bekon7 collected $49.75 from pot
*** SUMMARY ***
Total pot $200 | Rake $1 
Hand was run twice
FIRST Board [9c 7c 5s 8s Jc]
SECOND Board [9c 7c 5s 6h 8c]
Seat 2: LuckyShikari (big blind) showed [9d Qs] and lost with a pair of Nines, and won ($49.75) with a straight, Five to Nine
Seat 5: 7bekon7 (button) (small blind) showed [Kh Kd] and won ($99.50) with a pair of Kings, and won ($49.75) with a straight, Five to Nine



PokerStars Hand #254325405564:  Hold'em No Limit ($0.50/$1.00 USD) - 2025/01/11 3:18:59 WET [2025/01/11 22:18:59 ET]
Table 'Arequipa II' 6-max Seat #2 is the button
Seat 2: LuckyShikari ($100 in chips) 
Seat 5: 7bekon7 ($149.25 in chips) 
LuckyShikari: posts small blind $0.50
7bekon7: posts big blind $1
*** HOLE CARDS ***
LuckyShikari: raises $1.50 to $2.50
7bekon7: calls $1.50
*** FLOP *** [5c 6c 9c]
7bekon7: checks 
LuckyShikari: bets $4.75
7bekon7: folds 
Uncalled bet ($4.75) returned to LuckyShikari
LuckyShikari collected $4.75 from pot
LuckyShikari: doesn't show hand 
*** SUMMARY ***
Total pot $5 | Rake $0.25 
Board [5c 6c 9c]
Seat 2: LuckyShikari (button) (small blind) collected ($4.75)
Seat 5: 7bekon7 (big blind) folded on the Flop



PokerStars Hand #254325410031:  Hold'em No Limit ($0.50/$1.00 USD) - 2025/01/11 3:19:30 WET [2025/01/11 22:19:30 ET]
Table 'Arequipa II' 6-max Seat #5 is the button
Seat 2: LuckyShikari ($102.25 in chips) 
Seat 5: 7bekon7 ($146.75 in chips) 
7bekon7: posts small blind $0.50
LuckyShikari: posts big blind $1
*** HOLE CARDS ***
7bekon7: folds 
Uncalled bet ($0.50) returned to LuckyShikari
LuckyShikari collected $1 from pot
LuckyShikari: doesn't show hand 
*** SUMMARY ***
Total pot $1 | Rake $0 
Seat 2: LuckyShikari (big blind) collected ($1)
Seat 5: 7bekon7 (button) (small blind) folded before Flop



PokerStars Hand #254325491296:  Hold'em No Limit ($0.50/$1.00 USD) - 2025/01/11 3:29:02 WET [2025/01/11 22:29:02 ET]
Table 'Arequipa II' 6-max Seat #1 is the button
Seat 1: 7bekon7 ($146.25 in chips) 
Seat 2: LuckyShikari ($102.75 in chips) 
7bekon7: posts small blind $0.50
LuckyShikari: posts big blind $1
*** HOLE CARDS ***
7bekon7: folds 
Uncalled bet ($0.50) returned to LuckyShikari
LuckyShikari collected $1 from pot
LuckyShikari: doesn't show hand 
*** SUMMARY ***
Total pot $1 | Rake $0 
Seat 1: 7bekon7 (button) (small blind) folded before Flop
Seat 2: LuckyShikari (big blind) collected ($1)



PokerStars Hand #254325492664:  Hold'em No Limit ($0.50/$1.00 USD) - 2025/01/11 3:29:12 WET [2025/01/11 22:29:12 ET]
Table 'Arequipa II' 6-max Seat #2 is the button
Seat 1: 7bekon7 ($145.75 in chips) 
Seat 2: LuckyShikari ($103.25 in chips) 
LuckyShikari: posts small blind $0.50
7bekon7: posts big blind $1
*** HOLE CARDS ***
LuckyShikari: raises $2.50 to $3.50
7bekon7: raises $7 to $10.50
LuckyShikari: folds 
Uncalled bet ($7) returned to 7bekon7
7bekon7 collected $7 from pot
7bekon7: doesn't show hand 
*** SUMMARY ***
Total pot $7 | Rake $0 
Seat 1: 7bekon7 (big blind) collected ($7)
Seat 2: LuckyShikari (button) (small blind) folded before Flop



PokerStars Hand #254325494776:  Hold'em No Limit ($0.50/$1.00 USD) - 2025/01/11 3:29:27 WET [2025/01/11 22:29:27 ET]
Table 'Arequipa II' 6-max Seat #1 is the button
Seat 1: 7bekon7 ($149.25 in chips) 
Seat 2: LuckyShikari ($100 in chips) 
7bekon7: posts small blind $0.50
LuckyShikari: posts big blind $1
*** HOLE CARDS ***
7bekon7: raises $2 to $3
LuckyShikari: raises $12 to $15
7bekon7: folds 
Uncalled bet ($12) returned to LuckyShikari
LuckyShikari collected $6 from pot
LuckyShikari: doesn't show hand 
*** SUMMARY ***
Total pot $6 | Rake $0 
Seat 1: 7bekon7 (button) (small blind) folded before Flop
Seat 2: LuckyShikari (big blind) collected ($6)



