PokerStars Hand #254319814025:  Hold'em No Limit ($0.50/$1.00 USD) - 2025/01/11 20:59:24 WET [2025/01/11 15:59:24 ET]
Table 'Devota III' 6-max Seat #2 is the button
Seat 4: MauriFierro27 ($100 in chips) is sitting out
Seat 1: Manifestorr ($100 in chips) 
Seat 2: Unipoker11 ($100 in chips) 
Unipoker11: posts small blind $0.50
Manifestorr: posts big blind $1
*** HOLE CARDS ***
Unipoker11: raises $1.50 to $2.50
MauriFierro27 leaves the table
Manifestorr: calls $1.50
*** FLOP *** [4d Tc 3c]
Manifestorr: checks 
Unipoker11: bets $1.19
Manifestorr: calls $1.19
*** TURN *** [4d Tc 3c] [Jd]
MikeElPatron joins the table at seat #4 
MikeElPatron is disconnected 
Manifestorr: checks 
Gfoer joins the table at seat #5 
Pippa83 joins the table at seat #6 
kekoccc joins the table at seat #3 
Unipoker11: bets $8.76
Manifestorr: folds 
Uncalled bet ($8.76) returned to Unipoker11
Unipoker11 collected $7.01 from pot
Unipoker11: doesn't show hand 
*** SUMMARY ***
Total pot $7.38 | Rake $0.37 
Board [4d Tc 3c Jd]
Seat 4: MauriFierro27
Seat 1: Manifestorr (big blind) folded on the Turn
Seat 2: Unipoker11 (button) (small blind) collected ($7.01)



PokerStars Hand #254319828610:  Hold'em No Limit ($0.50/$1.00 USD) - 2025/01/11 21:00:27 WET [2025/01/11 16:00:27 ET]
Table 'Devota III' 6-max Seat #1 is the button
Seat 5: Gfoer ($100 in chips) is sitting out
Seat 6: Pippa83 ($100 in chips) is sitting out
Seat 1: Manifestorr ($100 in chips) 
Seat 2: Unipoker11 ($103.32 in chips) 
Seat 3: kekoccc ($100 in chips) 
Seat 4: MikeElPatron ($100 in chips) 
Unipoker11: posts small blind $0.50
kekoccc: posts big blind $1
MikeElPatron: posts big blind $1
Gfoer: sits out 
Pippa83: sits out 
*** HOLE CARDS ***
MikeElPatron: raises $1 to $2
Manifestorr: raises $5 to $7
Unipoker11: folds 
kekoccc: folds 
MikeElPatron: calls $5
*** FLOP *** [9c 5d Ts]
MikeElPatron: bets $3
Manifestorr: calls $3
*** TURN *** [9c 5d Ts] [6s]
MikeElPatron: bets $4
Manifestorr: folds 
Uncalled bet ($4) returned to MikeElPatron
MikeElPatron collected $20.50 from pot
*** SUMMARY ***
Total pot $21.50 | Rake $1 
Board [9c 5d Ts 6s]
Seat 5: Gfoer
Seat 6: Pippa83
Seat 1: Manifestorr (button) folded on the Turn
Seat 2: Unipoker11 (small blind) folded before Flop
Seat 3: kekoccc (big blind) folded before Flop
Seat 4: MikeElPatron collected ($20.50)



PokerStars Hand #254319843626:  Hold'em No Limit ($0.50/$1.00 USD) - 2025/01/11 21:01:24 WET [2025/01/11 16:01:24 ET]
Table 'Devota III' 6-max Seat #2 is the button
Seat 5: Gfoer ($100 in chips) is sitting out
Seat 6: Pippa83 ($100 in chips) is sitting out
Seat 1: Manifestorr ($100 in chips) 
Seat 2: Unipoker11 ($102.82 in chips) 
Seat 3: kekoccc ($100 in chips) 
Seat 4: MikeElPatron ($110.50 in chips) 
kekoccc: posts small blind $0.50
MikeElPatron: posts big blind $1
Gfoer: sits out 
Pippa83: sits out 
*** HOLE CARDS ***
Manifestorr: raises $1.20 to $2.20
Unipoker11: raises $5.30 to $7.50
kekoccc: raises $14.50 to $22
MikeElPatron: folds 
Manifestorr: folds 
Unipoker11: folds 
Uncalled bet ($14.50) returned to kekoccc
kekoccc collected $18.20 from pot
kekoccc: doesn't show hand 
*** SUMMARY ***
Total pot $18.20 | Rake $0 
Seat 5: Gfoer
Seat 6: Pippa83
Seat 1: Manifestorr folded before Flop
Seat 2: Unipoker11 (button) folded before Flop
Seat 3: kekoccc (small blind) collected ($18.20)
Seat 4: MikeElPatron (big blind) folded before Flop



PokerStars Hand #254319856641:  Hold'em No Limit ($0.50/$1.00 USD) - 2025/01/11 21:02:06 WET [2025/01/11 16:02:06 ET]
Table 'Devota III' 6-max Seat #3 is the button
Seat 6: Pippa83 ($100 in chips) is sitting out
Seat 1: Manifestorr ($100 in chips) 
Seat 2: Unipoker11 ($100 in chips) 
Seat 3: kekoccc ($110.70 in chips) 
Seat 4: MikeElPatron ($109.50 in chips) 
Seat 5: Gfoer ($100 in chips) 
MikeElPatron: posts small blind $0.50
Gfoer: posts big blind $1
Pippa83: sits out 
*** HOLE CARDS ***
Manifestorr: folds 
Unipoker11: raises $1.30 to $2.30
kekoccc: folds 
MikeElPatron: folds 
Gfoer: calls $1.30
*** FLOP *** [2d Js 6h]
Gfoer: checks 
Unipoker11: bets $1.21
Gfoer: folds 
Uncalled bet ($1.21) returned to Unipoker11
Unipoker11 collected $4.84 from pot
Unipoker11: doesn't show hand 
*** SUMMARY ***
Total pot $5.10 | Rake $0.26 
Board [2d Js 6h]
Seat 6: Pippa83
Seat 1: Manifestorr folded before Flop (didn't bet)
Seat 2: Unipoker11 collected ($4.84)
Seat 3: kekoccc (button) folded before Flop (didn't bet)
Seat 4: MikeElPatron (small blind) folded before Flop
Seat 5: Gfoer (big blind) folded on the Flop



PokerStars Hand #254319872736:  Hold'em No Limit ($0.50/$1.00 USD) - 2025/01/11 21:02:54 WET [2025/01/11 16:02:54 ET]
Table 'Devota III' 6-max Seat #4 is the button
Seat 1: Manifestorr ($100 in chips) 
Seat 2: Unipoker11 ($102.54 in chips) 
Seat 3: kekoccc ($110.70 in chips) 
Seat 4: MikeElPatron ($109 in chips) 
Seat 5: Gfoer ($100 in chips) 
Seat 6: Pippa83 ($100 in chips) 
Gfoer: posts small blind $0.50
Pippa83: posts big blind $1
*** HOLE CARDS ***
Manifestorr: folds 
Unipoker11: folds 
kekoccc: folds 
MikeElPatron: calls $1
Gfoer: folds 
Pippa83: checks 
*** FLOP *** [8h Ad Qh]
Pippa83: checks 
MikeElPatron: bets $2
Pippa83: folds 
Uncalled bet ($2) returned to MikeElPatron
MikeElPatron collected $2.38 from pot
*** SUMMARY ***
Total pot $2.50 | Rake $0.12 
Board [8h Ad Qh]
Seat 1: Manifestorr folded before Flop (didn't bet)
Seat 2: Unipoker11 folded before Flop (didn't bet)
Seat 3: kekoccc folded before Flop (didn't bet)
Seat 4: MikeElPatron (button) collected ($2.38)
Seat 5: Gfoer (small blind) folded before Flop
Seat 6: Pippa83 (big blind) folded on the Flop



PokerStars Hand #254319880528:  Hold'em No Limit ($0.50/$1.00 USD) - 2025/01/11 21:03:18 WET [2025/01/11 16:03:18 ET]
Table 'Devota III' 6-max Seat #5 is the button
Seat 1: Manifestorr ($100 in chips) 
Seat 2: Unipoker11 ($102.54 in chips) 
Seat 3: kekoccc ($110.70 in chips) 
Seat 4: MikeElPatron ($110.38 in chips) 
Seat 5: Gfoer ($100 in chips) 
Seat 6: Pippa83 ($100 in chips) 
Pippa83: posts small blind $0.50
Manifestorr: posts big blind $1
*** HOLE CARDS ***
Unipoker11: folds 
kekoccc: folds 
MikeElPatron: folds 
Gfoer: raises $1 to $2
Pippa83: folds 
Manifestorr: folds 
Uncalled bet ($1) returned to Gfoer
Gfoer collected $2.50 from pot
Gfoer: doesn't show hand 
*** SUMMARY ***
Total pot $2.50 | Rake $0 
Seat 1: Manifestorr (big blind) folded before Flop
Seat 2: Unipoker11 folded before Flop (didn't bet)
Seat 3: kekoccc folded before Flop (didn't bet)
Seat 4: MikeElPatron folded before Flop (didn't bet)
Seat 5: Gfoer (button) collected ($2.50)
Seat 6: Pippa83 (small blind) folded before Flop



PokerStars Hand #254319884410:  Hold'em No Limit ($0.50/$1.00 USD) - 2025/01/11 21:03:30 WET [2025/01/11 16:03:30 ET]
Table 'Devota III' 6-max Seat #6 is the button
Seat 1: Manifestorr ($100 in chips) 
Seat 2: Unipoker11 ($102.54 in chips) 
Seat 3: kekoccc ($110.70 in chips) 
Seat 4: MikeElPatron ($110.38 in chips) 
Seat 5: Gfoer ($101.50 in chips) 
Seat 6: Pippa83 ($100 in chips) 
Manifestorr: posts small blind $0.50
Unipoker11: posts big blind $1
*** HOLE CARDS ***
kekoccc: folds 
MikeElPatron: raises $2 to $3
Gfoer: folds 
Pippa83: raises $6 to $9
Manifestorr: raises $13 to $22
Unipoker11: folds 
MikeElPatron: calls $19
Pippa83: folds 
*** FLOP *** [9s 8h Js]
Manifestorr: checks 
MikeElPatron: checks 
*** TURN *** [9s 8h Js] [9d]
Manifestorr: checks 
MikeElPatron: checks 
*** RIVER *** [9s 8h Js 9d] [4d]
Manifestorr: bets $25.75
MikeElPatron: folds 
Uncalled bet ($25.75) returned to Manifestorr
Manifestorr collected $51.50 from pot
*** SUMMARY ***
Total pot $54 | Rake $2.50 
Board [9s 8h Js 9d 4d]
Seat 1: Manifestorr (small blind) collected ($51.50)
Seat 2: Unipoker11 (big blind) folded before Flop
Seat 3: kekoccc folded before Flop (didn't bet)
Seat 4: MikeElPatron folded on the River
Seat 5: Gfoer folded before Flop (didn't bet)
Seat 6: Pippa83 (button) folded before Flop



PokerStars Hand #254319901036:  Hold'em No Limit ($0.50/$1.00 USD) - 2025/01/11 21:04:20 WET [2025/01/11 16:04:20 ET]
Table 'Devota III' 6-max Seat #1 is the button
Seat 3: kekoccc ($110.70 in chips) is sitting out
Seat 1: Manifestorr ($129.50 in chips) 
Seat 2: Unipoker11 ($101.54 in chips) 
Seat 4: MikeElPatron ($88.38 in chips) 
Seat 5: Gfoer ($101.50 in chips) 
Seat 6: Pippa83 ($100 in chips) 
Unipoker11: posts small blind $0.50
kekoccc: is sitting out 
MikeElPatron: posts big blind $1
*** HOLE CARDS ***
Gfoer: folds 
Pippa83: folds 
Manifestorr: raises $1.20 to $2.20
kekoccc leaves the table
Unipoker11: folds 
MikeElPatron: calls $1.20
*** FLOP *** [Qc Td Ac]
MikeElPatron: checks 
Manifestorr: checks 
*** TURN *** [Qc Td Ac] [7s]
MikeElPatron: checks 
Manifestorr: checks 
*** RIVER *** [Qc Td Ac 7s] [8h]
MikeElPatron: bets $4
Manifestorr: calls $4
*** SHOW DOWN ***
MikeElPatron: shows [7c Jh] (a pair of Sevens)
Manifestorr: shows [9h Ad] (a pair of Aces)
Manifestorr collected $12.26 from pot
*** SUMMARY ***
Total pot $12.90 | Rake $0.64 
Board [Qc Td Ac 7s 8h]
Seat 3: kekoccc
Seat 1: Manifestorr (button) showed [9h Ad] and won ($12.26) with a pair of Aces
Seat 2: Unipoker11 (small blind) folded before Flop
Seat 4: MikeElPatron (big blind) showed [7c Jh] and lost with a pair of Sevens
Seat 5: Gfoer folded before Flop (didn't bet)
Seat 6: Pippa83 folded before Flop (didn't bet)



PokerStars Hand #254319912323:  Hold'em No Limit ($0.50/$1.00 USD) - 2025/01/11 21:04:53 WET [2025/01/11 16:04:53 ET]
Table 'Devota III' 6-max Seat #2 is the button
Seat 5: Gfoer ($101.50 in chips) is sitting out
Seat 1: Manifestorr ($135.56 in chips) 
Seat 2: Unipoker11 ($101.04 in chips) 
Seat 4: MikeElPatron ($82.18 in chips) 
Seat 6: Pippa83 ($100 in chips) 
MikeElPatron: posts small blind $0.50
Gfoer: is sitting out 
Pippa83: posts big blind $1
*** HOLE CARDS ***
Manifestorr: folds 
kars0n joins the table at seat #3 
Unipoker11: folds 
MikeElPatron: calls $0.50
Pippa83: checks 
*** FLOP *** [4d 2c Kh]
MikeElPatron: checks 
Pippa83: bets $1.50
MikeElPatron: folds 
Uncalled bet ($1.50) returned to Pippa83
Pippa83 collected $1.90 from pot
Pippa83: doesn't show hand 
*** SUMMARY ***
Total pot $2 | Rake $0.10 
Board [4d 2c Kh]
Seat 5: Gfoer
Seat 1: Manifestorr folded before Flop (didn't bet)
Seat 2: Unipoker11 (button) folded before Flop (didn't bet)
Seat 4: MikeElPatron (small blind) folded on the Flop
Seat 6: Pippa83 (big blind) collected ($1.90)



PokerStars Hand #254319918867:  Hold'em No Limit ($0.50/$1.00 USD) - 2025/01/11 21:05:12 WET [2025/01/11 16:05:12 ET]
Table 'Devota III' 6-max Seat #4 is the button
Seat 3: kars0n ($100 in chips) is sitting out
Seat 5: Gfoer ($101.50 in chips) is sitting out
Seat 1: Manifestorr ($135.56 in chips) 
Seat 2: Unipoker11 ($101.04 in chips) 
Seat 4: MikeElPatron ($81.18 in chips) 
Seat 6: Pippa83 ($100.90 in chips) 
Pippa83: posts small blind $0.50
Manifestorr: posts big blind $1
kars0n: sits out 
*** HOLE CARDS ***
Unipoker11: folds 
MikeElPatron: folds 
Pippa83: folds 
Uncalled bet ($0.50) returned to Manifestorr
Manifestorr collected $1 from pot
*** SUMMARY ***
Total pot $1 | Rake $0 
Seat 3: kars0n
Seat 5: Gfoer
Seat 1: Manifestorr (big blind) collected ($1)
Seat 2: Unipoker11 folded before Flop (didn't bet)
Seat 4: MikeElPatron (button) folded before Flop (didn't bet)
Seat 6: Pippa83 (small blind) folded before Flop



PokerStars Hand #254319922767:  Hold'em No Limit ($0.50/$1.00 USD) - 2025/01/11 21:05:24 WET [2025/01/11 16:05:24 ET]
Table 'Devota III' 6-max Seat #6 is the button
Seat 3: kars0n ($100 in chips) is sitting out
Seat 5: Gfoer ($101.50 in chips) is sitting out
Seat 1: Manifestorr ($136.06 in chips) 
Seat 2: Unipoker11 ($101.04 in chips) 
Seat 4: MikeElPatron ($81.18 in chips) 
Seat 6: Pippa83 ($100.40 in chips) 
Manifestorr: posts small blind $0.50
Unipoker11: posts big blind $1
kars0n: sits out 
*** HOLE CARDS ***
MikeElPatron: folds 
Pippa83: raises $1.50 to $2.50
Manifestorr: raises $8.50 to $11
Unipoker11: folds 
Pippa83: folds 
Uncalled bet ($8.50) returned to Manifestorr
Manifestorr collected $6 from pot
*** SUMMARY ***
Total pot $6 | Rake $0 
Seat 3: kars0n
Seat 5: Gfoer
Seat 1: Manifestorr (small blind) collected ($6)
Seat 2: Unipoker11 (big blind) folded before Flop
Seat 4: MikeElPatron folded before Flop (didn't bet)
Seat 6: Pippa83 (button) folded before Flop



PokerStars Hand #254319930079:  Hold'em No Limit ($0.50/$1.00 USD) - 2025/01/11 21:05:45 WET [2025/01/11 16:05:45 ET]
Table 'Devota III' 6-max Seat #1 is the button
Seat 5: Gfoer ($101.50 in chips) is sitting out
Seat 1: Manifestorr ($139.56 in chips) 
Seat 2: Unipoker11 ($100.04 in chips) 
Seat 3: kars0n ($100 in chips) 
Seat 4: MikeElPatron ($81.18 in chips) 
Seat 6: Pippa83 ($100 in chips) 
Unipoker11: posts small blind $0.50
kars0n: posts big blind $1
*** HOLE CARDS ***
MikeElPatron: raises $4 to $5
Gfoer leaves the table
Pippa83: calls $5
Manifestorr: folds 
IREQO joins the table at seat #5 
Unipoker11: folds 
kars0n: folds 
*** FLOP *** [2c 5h 7c]
MikeElPatron: bets $5
Pippa83: calls $5
*** TURN *** [2c 5h 7c] [Kc]
MikeElPatron: bets $6
Pippa83: folds 
Uncalled bet ($6) returned to MikeElPatron
MikeElPatron collected $20.42 from pot
*** SUMMARY ***
Total pot $21.50 | Rake $1.08 
Board [2c 5h 7c Kc]
Seat 5: Gfoer
Seat 1: Manifestorr (button) folded before Flop (didn't bet)
Seat 2: Unipoker11 (small blind) folded before Flop
Seat 3: kars0n (big blind) folded before Flop
Seat 4: MikeElPatron collected ($20.42)
Seat 6: Pippa83 folded on the Turn



PokerStars Hand #254319944741:  Hold'em No Limit ($0.50/$1.00 USD) - 2025/01/11 21:06:28 WET [2025/01/11 16:06:28 ET]
Table 'Devota III' 6-max Seat #2 is the button
Seat 5: IREQO ($100 in chips) is sitting out
Seat 1: Manifestorr ($139.56 in chips) 
Seat 2: Unipoker11 ($100 in chips) 
Seat 3: kars0n ($100 in chips) 
Seat 4: MikeElPatron ($91.60 in chips) 
Seat 6: Pippa83 ($100 in chips) 
kars0n: posts small blind $0.50
MikeElPatron: posts big blind $1
IREQO: sits out 
*** HOLE CARDS ***
Pippa83: folds 
Manifestorr: folds 
Unipoker11: folds 
kars0n: folds 
Uncalled bet ($0.50) returned to MikeElPatron
MikeElPatron collected $1 from pot
*** SUMMARY ***
Total pot $1 | Rake $0 
Seat 5: IREQO
Seat 1: Manifestorr folded before Flop (didn't bet)
Seat 2: Unipoker11 (button) folded before Flop (didn't bet)
Seat 3: kars0n (small blind) folded before Flop
Seat 4: MikeElPatron (big blind) collected ($1)
Seat 6: Pippa83 folded before Flop (didn't bet)



PokerStars Hand #254319948632:  Hold'em No Limit ($0.50/$1.00 USD) - 2025/01/11 21:06:39 WET [2025/01/11 16:06:39 ET]
Table 'Devota III' 6-max Seat #3 is the button
Seat 1: Manifestorr ($139.56 in chips) 
Seat 2: Unipoker11 ($100 in chips) 
Seat 3: kars0n ($100 in chips) 
Seat 4: MikeElPatron ($92.10 in chips) 
Seat 5: IREQO ($100 in chips) 
Seat 6: Pippa83 ($100 in chips) 
MikeElPatron: posts small blind $0.50
IREQO: posts big blind $1
*** HOLE CARDS ***
Pippa83: raises $1.20 to $2.20
Manifestorr: folds 
Unipoker11: folds 
kars0n: folds 
MikeElPatron: folds 
IREQO: folds 
Uncalled bet ($1.20) returned to Pippa83
Pippa83 collected $2.50 from pot
Pippa83: doesn't show hand 
*** SUMMARY ***
Total pot $2.50 | Rake $0 
Seat 1: Manifestorr folded before Flop (didn't bet)
Seat 2: Unipoker11 folded before Flop (didn't bet)
Seat 3: kars0n (button) folded before Flop (didn't bet)
Seat 4: MikeElPatron (small blind) folded before Flop
Seat 5: IREQO (big blind) folded before Flop
Seat 6: Pippa83 collected ($2.50)



PokerStars Hand #254319957540:  Hold'em No Limit ($0.50/$1.00 USD) - 2025/01/11 21:07:05 WET [2025/01/11 16:07:05 ET]
Table 'Devota III' 6-max Seat #4 is the button
Seat 1: Manifestorr ($139.56 in chips) 
Seat 2: Unipoker11 ($100 in chips) 
Seat 3: kars0n ($100 in chips) 
Seat 4: MikeElPatron ($91.60 in chips) 
Seat 5: IREQO ($100 in chips) 
Seat 6: Pippa83 ($101.50 in chips) 
IREQO: posts small blind $0.50
Pippa83: posts big blind $1
*** HOLE CARDS ***
Manifestorr: folds 
Unipoker11: folds 
kars0n: folds 
MikeElPatron: calls $1
IREQO: folds 
Pippa83: raises $4.50 to $5.50
MikeElPatron: folds 
Uncalled bet ($4.50) returned to Pippa83
Pippa83 collected $2.50 from pot
Pippa83: doesn't show hand 
*** SUMMARY ***
Total pot $2.50 | Rake $0 
Seat 1: Manifestorr folded before Flop (didn't bet)
Seat 2: Unipoker11 folded before Flop (didn't bet)
Seat 3: kars0n folded before Flop (didn't bet)
Seat 4: MikeElPatron (button) folded before Flop
Seat 5: IREQO (small blind) folded before Flop
Seat 6: Pippa83 (big blind) collected ($2.50)



PokerStars Hand #254319965176:  Hold'em No Limit ($0.50/$1.00 USD) - 2025/01/11 21:07:28 WET [2025/01/11 16:07:28 ET]
Table 'Devota III' 6-max Seat #5 is the button
Seat 1: Manifestorr ($139.56 in chips) 
Seat 2: Unipoker11 ($100 in chips) 
Seat 3: kars0n ($100 in chips) 
Seat 4: MikeElPatron ($90.60 in chips) 
Seat 5: IREQO ($100 in chips) 
Seat 6: Pippa83 ($103 in chips) 
Pippa83: posts small blind $0.50
Manifestorr: posts big blind $1
*** HOLE CARDS ***
Unipoker11: raises $1 to $2
kars0n: folds 
MikeElPatron: folds 
IREQO: folds 
Pippa83: folds 
Manifestorr: calls $1
*** FLOP *** [5d Kd 2c]
Manifestorr: checks 
Unipoker11: bets $1.07
Manifestorr: raises $3.93 to $5
Unipoker11: folds 
Uncalled bet ($3.93) returned to Manifestorr
Manifestorr collected $6.31 from pot
*** SUMMARY ***
Total pot $6.64 | Rake $0.33 
Board [5d Kd 2c]
Seat 1: Manifestorr (big blind) collected ($6.31)
Seat 2: Unipoker11 folded on the Flop
Seat 3: kars0n folded before Flop (didn't bet)
Seat 4: MikeElPatron folded before Flop (didn't bet)
Seat 5: IREQO (button) folded before Flop (didn't bet)
Seat 6: Pippa83 (small blind) folded before Flop



PokerStars Hand #254319983342:  Hold'em No Limit ($0.50/$1.00 USD) - 2025/01/11 21:08:22 WET [2025/01/11 16:08:22 ET]
Table 'Devota III' 6-max Seat #6 is the button
Seat 1: Manifestorr ($142.80 in chips) 
Seat 2: Unipoker11 ($100 in chips) 
Seat 3: kars0n ($100 in chips) 
Seat 4: MikeElPatron ($90.60 in chips) 
Seat 5: IREQO ($100 in chips) 
Seat 6: Pippa83 ($102.50 in chips) 
Manifestorr: posts small blind $0.50
Unipoker11: posts big blind $1
*** HOLE CARDS ***
kars0n: folds 
MikeElPatron: folds 
IREQO: folds 
Pippa83: raises $1.50 to $2.50
Manifestorr: folds 
Unipoker11: folds 
Uncalled bet ($1.50) returned to Pippa83
Pippa83 collected $2.50 from pot
Pippa83: doesn't show hand 
*** SUMMARY ***
Total pot $2.50 | Rake $0 
Seat 1: Manifestorr (small blind) folded before Flop
Seat 2: Unipoker11 (big blind) folded before Flop
Seat 3: kars0n folded before Flop (didn't bet)
Seat 4: MikeElPatron folded before Flop (didn't bet)
Seat 5: IREQO folded before Flop (didn't bet)
Seat 6: Pippa83 (button) collected ($2.50)



PokerStars Hand #254319990304:  Hold'em No Limit ($0.50/$1.00 USD) - 2025/01/11 21:08:42 WET [2025/01/11 16:08:42 ET]
Table 'Devota III' 6-max Seat #1 is the button
Seat 1: Manifestorr ($142.30 in chips) 
Seat 2: Unipoker11 ($100 in chips) 
Seat 3: kars0n ($100 in chips) 
Seat 4: MikeElPatron ($90.60 in chips) 
Seat 5: IREQO ($100 in chips) 
Seat 6: Pippa83 ($104 in chips) 
Unipoker11: posts small blind $0.50
kars0n: posts big blind $1
*** HOLE CARDS ***
MikeElPatron: folds 
IREQO: raises $1.50 to $2.50
Pippa83: folds 
Manifestorr: folds 
Unipoker11: folds 
kars0n: folds 
Uncalled bet ($1.50) returned to IREQO
IREQO collected $2.50 from pot
IREQO: doesn't show hand 
*** SUMMARY ***
Total pot $2.50 | Rake $0 
Seat 1: Manifestorr (button) folded before Flop (didn't bet)
Seat 2: Unipoker11 (small blind) folded before Flop
Seat 3: kars0n (big blind) folded before Flop
Seat 4: MikeElPatron folded before Flop (didn't bet)
Seat 5: IREQO collected ($2.50)
Seat 6: Pippa83 folded before Flop (didn't bet)



PokerStars Hand #254319996175:  Hold'em No Limit ($0.50/$1.00 USD) - 2025/01/11 21:08:59 WET [2025/01/11 16:08:59 ET]
Table 'Devota III' 6-max Seat #2 is the button
Seat 1: Manifestorr ($142.30 in chips) 
Seat 2: Unipoker11 ($100 in chips) 
Seat 3: kars0n ($100 in chips) 
Seat 4: MikeElPatron ($90.60 in chips) 
Seat 5: IREQO ($101.50 in chips) 
Seat 6: Pippa83 ($104 in chips) 
kars0n: posts small blind $0.50
MikeElPatron: posts big blind $1
*** HOLE CARDS ***
IREQO: folds 
Pippa83: folds 
Manifestorr: folds 
Unipoker11: raises $1.50 to $2.50
kars0n: folds 
MikeElPatron: calls $1.50
*** FLOP *** [Qd Kd 7s]
MikeElPatron: checks 
Unipoker11: bets $1.30
MikeElPatron: calls $1.30
*** TURN *** [Qd Kd 7s] [Tc]
MikeElPatron: checks 
Unipoker11: checks 
*** RIVER *** [Qd Kd 7s Tc] [7d]
MikeElPatron: checks 
Unipoker11: bets $9.63
MikeElPatron: raises $26.96 to $36.59
Unipoker11: folds 
Uncalled bet ($26.96) returned to MikeElPatron
MikeElPatron collected $25.99 from pot
*** SUMMARY ***
Total pot $27.36 | Rake $1.37 
Board [Qd Kd 7s Tc 7d]
Seat 1: Manifestorr folded before Flop (didn't bet)
Seat 2: Unipoker11 (button) folded on the River
Seat 3: kars0n (small blind) folded before Flop
Seat 4: MikeElPatron (big blind) collected ($25.99)
Seat 5: IREQO folded before Flop (didn't bet)
Seat 6: Pippa83 folded before Flop (didn't bet)



PokerStars Hand #254320018318:  Hold'em No Limit ($0.50/$1.00 USD) - 2025/01/11 21:10:05 WET [2025/01/11 16:10:05 ET]
Table 'Devota III' 6-max Seat #3 is the button
Seat 1: Manifestorr ($142.30 in chips) 
Seat 2: Unipoker11 ($100 in chips) 
Seat 3: kars0n ($100 in chips) 
Seat 4: MikeElPatron ($103.16 in chips) 
Seat 5: IREQO ($101.50 in chips) 
Seat 6: Pippa83 ($104 in chips) 
MikeElPatron: posts small blind $0.50
IREQO: posts big blind $1
*** HOLE CARDS ***
Pippa83: folds 
Manifestorr: folds 
Unipoker11: folds 
kars0n: folds 
MikeElPatron: folds 
Uncalled bet ($0.50) returned to IREQO
IREQO collected $1 from pot
IREQO: doesn't show hand 
*** SUMMARY ***
Total pot $1 | Rake $0 
Seat 1: Manifestorr folded before Flop (didn't bet)
Seat 2: Unipoker11 folded before Flop (didn't bet)
Seat 3: kars0n (button) folded before Flop (didn't bet)
Seat 4: MikeElPatron (small blind) folded before Flop
Seat 5: IREQO (big blind) collected ($1)
Seat 6: Pippa83 folded before Flop (didn't bet)



PokerStars Hand #254320026614:  Hold'em No Limit ($0.50/$1.00 USD) - 2025/01/11 21:10:29 WET [2025/01/11 16:10:29 ET]
Table 'Devota III' 6-max Seat #4 is the button
Seat 1: Manifestorr ($142.30 in chips) 
Seat 2: Unipoker11 ($100 in chips) 
Seat 3: kars0n ($100 in chips) 
Seat 4: MikeElPatron ($102.66 in chips) 
Seat 5: IREQO ($102 in chips) 
Seat 6: Pippa83 ($104 in chips) 
IREQO: posts small blind $0.50
Pippa83: posts big blind $1
*** HOLE CARDS ***
Manifestorr: folds 
Unipoker11: folds 
kars0n: folds 
MikeElPatron: raises $1 to $2
IREQO: folds 
Pippa83: calls $1
*** FLOP *** [4s As Jc]
Pippa83: checks 
MikeElPatron: bets $4.28
Pippa83: folds 
Uncalled bet ($4.28) returned to MikeElPatron
MikeElPatron collected $4.28 from pot
*** SUMMARY ***
Total pot $4.50 | Rake $0.22 
Board [4s As Jc]
Seat 1: Manifestorr folded before Flop (didn't bet)
Seat 2: Unipoker11 folded before Flop (didn't bet)
Seat 3: kars0n folded before Flop (didn't bet)
Seat 4: MikeElPatron (button) collected ($4.28)
Seat 5: IREQO (small blind) folded before Flop
Seat 6: Pippa83 (big blind) folded on the Flop



PokerStars Hand #254320035912:  Hold'em No Limit ($0.50/$1.00 USD) - 2025/01/11 21:10:55 WET [2025/01/11 16:10:55 ET]
Table 'Devota III' 6-max Seat #5 is the button
Seat 1: Manifestorr ($142.30 in chips) 
Seat 2: Unipoker11 ($100 in chips) 
Seat 3: kars0n ($100 in chips) 
Seat 4: MikeElPatron ($104.94 in chips) 
Seat 5: IREQO ($101.50 in chips) 
Seat 6: Pippa83 ($102 in chips) 
Pippa83: posts small blind $0.50
Manifestorr: posts big blind $1
*** HOLE CARDS ***
Unipoker11: folds 
kars0n: folds 
MikeElPatron: calls $1
IREQO: folds 
Pippa83: folds 
Manifestorr: checks 
*** FLOP *** [8h 6s 6d]
Manifestorr: checks 
MikeElPatron: checks 
*** TURN *** [8h 6s 6d] [2s]
Manifestorr: checks 
MikeElPatron: checks 
*** RIVER *** [8h 6s 6d 2s] [4d]
Manifestorr: bets $1.79
MikeElPatron: calls $1.79
*** SHOW DOWN ***
Manifestorr: shows [9d 3c] (a pair of Sixes)
MikeElPatron: shows [Ah 4c] (two pair, Sixes and Fours)
MikeElPatron collected $5.78 from pot
*** SUMMARY ***
Total pot $6.08 | Rake $0.30 
Board [8h 6s 6d 2s 4d]
Seat 1: Manifestorr (big blind) showed [9d 3c] and lost with a pair of Sixes
Seat 2: Unipoker11 folded before Flop (didn't bet)
Seat 3: kars0n folded before Flop (didn't bet)
Seat 4: MikeElPatron showed [Ah 4c] and won ($5.78) with two pair, Sixes and Fours
Seat 5: IREQO (button) folded before Flop (didn't bet)
Seat 6: Pippa83 (small blind) folded before Flop



PokerStars Hand #254320047666:  Hold'em No Limit ($0.50/$1.00 USD) - 2025/01/11 21:11:29 WET [2025/01/11 16:11:29 ET]
Table 'Devota III' 6-max Seat #6 is the button
Seat 1: Manifestorr ($139.51 in chips) 
Seat 2: Unipoker11 ($100 in chips) 
Seat 3: kars0n ($100 in chips) 
Seat 4: MikeElPatron ($107.93 in chips) 
Seat 5: IREQO ($101.50 in chips) 
Seat 6: Pippa83 ($101.50 in chips) 
Manifestorr: posts small blind $0.50
Unipoker11: posts big blind $1
*** HOLE CARDS ***
kars0n: raises $1 to $2
MikeElPatron: folds 
IREQO: folds 
Pippa83: folds 
Manifestorr: folds 
Unipoker11: folds 
Uncalled bet ($1) returned to kars0n
kars0n collected $2.50 from pot
kars0n: doesn't show hand 
*** SUMMARY ***
Total pot $2.50 | Rake $0 
Seat 1: Manifestorr (small blind) folded before Flop
Seat 2: Unipoker11 (big blind) folded before Flop
Seat 3: kars0n collected ($2.50)
Seat 4: MikeElPatron folded before Flop (didn't bet)
Seat 5: IREQO folded before Flop (didn't bet)
Seat 6: Pippa83 (button) folded before Flop (didn't bet)



PokerStars Hand #254320053995:  Hold'em No Limit ($0.50/$1.00 USD) - 2025/01/11 21:11:48 WET [2025/01/11 16:11:48 ET]
Table 'Devota III' 6-max Seat #1 is the button
Seat 1: Manifestorr ($139.01 in chips) 
Seat 2: Unipoker11 ($100 in chips) 
Seat 3: kars0n ($101.50 in chips) 
Seat 4: MikeElPatron ($107.93 in chips) 
Seat 5: IREQO ($101.50 in chips) 
Seat 6: Pippa83 ($101.50 in chips) 
Unipoker11: posts small blind $0.50
kars0n: posts big blind $1
*** HOLE CARDS ***
MikeElPatron: folds 
IREQO: folds 
Pippa83: folds 
Manifestorr: folds 
Unipoker11: folds 
Uncalled bet ($0.50) returned to kars0n
kars0n collected $1 from pot
kars0n: doesn't show hand 
*** SUMMARY ***
Total pot $1 | Rake $0 
Seat 1: Manifestorr (button) folded before Flop (didn't bet)
Seat 2: Unipoker11 (small blind) folded before Flop
Seat 3: kars0n (big blind) collected ($1)
Seat 4: MikeElPatron folded before Flop (didn't bet)
Seat 5: IREQO folded before Flop (didn't bet)
Seat 6: Pippa83 folded before Flop (didn't bet)



PokerStars Hand #254320057655:  Hold'em No Limit ($0.50/$1.00 USD) - 2025/01/11 21:11:58 WET [2025/01/11 16:11:58 ET]
Table 'Devota III' 6-max Seat #2 is the button
Seat 1: Manifestorr ($139.01 in chips) 
Seat 2: Unipoker11 ($100 in chips) 
Seat 3: kars0n ($102 in chips) 
Seat 4: MikeElPatron ($107.93 in chips) 
Seat 5: IREQO ($101.50 in chips) 
Seat 6: Pippa83 ($101.50 in chips) 
kars0n: posts small blind $0.50
MikeElPatron: posts big blind $1
*** HOLE CARDS ***
IREQO: folds 
Pippa83: folds 
Manifestorr: raises $1.20 to $2.20
Unipoker11: folds 
kars0n: folds 
MikeElPatron: calls $1.20
*** FLOP *** [2h 8d 5h]
MikeElPatron: checks 
Manifestorr: checks 
*** TURN *** [2h 8d 5h] [7c]
MikeElPatron: checks 
Manifestorr: checks 
*** RIVER *** [2h 8d 5h 7c] [5d]
MikeElPatron: bets $2.33
Manifestorr: folds 
Uncalled bet ($2.33) returned to MikeElPatron
MikeElPatron collected $4.66 from pot
*** SUMMARY ***
Total pot $4.90 | Rake $0.24 
Board [2h 8d 5h 7c 5d]
Seat 1: Manifestorr folded on the River
Seat 2: Unipoker11 (button) folded before Flop (didn't bet)
Seat 3: kars0n (small blind) folded before Flop
Seat 4: MikeElPatron (big blind) collected ($4.66)
Seat 5: IREQO folded before Flop (didn't bet)
Seat 6: Pippa83 folded before Flop (didn't bet)



PokerStars Hand #254320073445:  Hold'em No Limit ($0.50/$1.00 USD) - 2025/01/11 21:12:44 WET [2025/01/11 16:12:44 ET]
Table 'Devota III' 6-max Seat #3 is the button
Seat 1: Manifestorr ($136.81 in chips) 
Seat 2: Unipoker11 ($100 in chips) 
Seat 3: kars0n ($101.50 in chips) 
Seat 4: MikeElPatron ($110.39 in chips) 
Seat 5: IREQO ($101.50 in chips) 
Seat 6: Pippa83 ($101.50 in chips) 
MikeElPatron: posts small blind $0.50
IREQO: posts big blind $1
*** HOLE CARDS ***
Pippa83: folds 
Manifestorr: folds 
Unipoker11: folds 
kars0n: raises $1.50 to $2.50
MikeElPatron: folds 
IREQO: folds 
Uncalled bet ($1.50) returned to kars0n
kars0n collected $2.50 from pot
kars0n: doesn't show hand 
*** SUMMARY ***
Total pot $2.50 | Rake $0 
Seat 1: Manifestorr folded before Flop (didn't bet)
Seat 2: Unipoker11 folded before Flop (didn't bet)
Seat 3: kars0n (button) collected ($2.50)
Seat 4: MikeElPatron (small blind) folded before Flop
Seat 5: IREQO (big blind) folded before Flop
Seat 6: Pippa83 folded before Flop (didn't bet)



PokerStars Hand #254320080914:  Hold'em No Limit ($0.50/$1.00 USD) - 2025/01/11 21:13:06 WET [2025/01/11 16:13:06 ET]
Table 'Devota III' 6-max Seat #4 is the button
Seat 1: Manifestorr ($136.81 in chips) 
Seat 2: Unipoker11 ($100 in chips) 
Seat 3: kars0n ($103 in chips) 
Seat 4: MikeElPatron ($109.89 in chips) 
Seat 5: IREQO ($100.50 in chips) 
Seat 6: Pippa83 ($101.50 in chips) 
IREQO: posts small blind $0.50
Pippa83: posts big blind $1
*** HOLE CARDS ***
Manifestorr: folds 
Unipoker11: folds 
kars0n: folds 
MikeElPatron: calls $1
IREQO: folds 
Pippa83: checks 
*** FLOP *** [Th 5h Qd]
Pippa83: checks 
MikeElPatron: bets $2
Pippa83: folds 
Uncalled bet ($2) returned to MikeElPatron
MikeElPatron collected $2.38 from pot
*** SUMMARY ***
Total pot $2.50 | Rake $0.12 
Board [Th 5h Qd]
Seat 1: Manifestorr folded before Flop (didn't bet)
Seat 2: Unipoker11 folded before Flop (didn't bet)
Seat 3: kars0n folded before Flop (didn't bet)
Seat 4: MikeElPatron (button) collected ($2.38)
Seat 5: IREQO (small blind) folded before Flop
Seat 6: Pippa83 (big blind) folded on the Flop



PokerStars Hand #254320187470:  Hold'em No Limit ($0.50/$1.00 USD) - 2025/01/11 21:18:15 WET [2025/01/11 16:18:15 ET]
Table 'Devota III' 6-max Seat #3 is the button
Seat 1: Manifestorr ($135.31 in chips) 
Seat 2: Unipoker11 ($128.06 in chips) 
Seat 3: kars0n ($100 in chips) 
Seat 4: MikeElPatron ($85.33 in chips) 
Seat 5: IREQO ($102.72 in chips) 
Seat 6: Pippa83 ($122.50 in chips) 
MikeElPatron: posts small blind $0.50
IREQO: posts big blind $1
*** HOLE CARDS ***
Pippa83: folds 
Manifestorr: folds 
Unipoker11: raises $1.30 to $2.30
kars0n: folds 
MikeElPatron: calls $1.80
IREQO: folds 
*** FLOP *** [6c 4s Tc]
MikeElPatron: checks 
Unipoker11: bets $1.76
MikeElPatron: folds 
Uncalled bet ($1.76) returned to Unipoker11
Unipoker11 collected $5.32 from pot
Unipoker11: doesn't show hand 
*** SUMMARY ***
Total pot $5.60 | Rake $0.28 
Board [6c 4s Tc]
Seat 1: Manifestorr folded before Flop (didn't bet)
Seat 2: Unipoker11 collected ($5.32)
Seat 3: kars0n (button) folded before Flop (didn't bet)
Seat 4: MikeElPatron (small blind) folded on the Flop
Seat 5: IREQO (big blind) folded before Flop
Seat 6: Pippa83 folded before Flop (didn't bet)



PokerStars Hand #254320203985:  Hold'em No Limit ($0.50/$1.00 USD) - 2025/01/11 21:19:02 WET [2025/01/11 16:19:02 ET]
Table 'Devota III' 6-max Seat #4 is the button
Seat 1: Manifestorr ($135.31 in chips) 
Seat 2: Unipoker11 ($131.08 in chips) 
Seat 3: kars0n ($100 in chips) 
Seat 4: MikeElPatron ($83.03 in chips) 
Seat 5: IREQO ($101.72 in chips) 
Seat 6: Pippa83 ($122.50 in chips) 
IREQO: posts small blind $0.50
Pippa83: posts big blind $1
*** HOLE CARDS ***
Manifestorr: folds 
Unipoker11: raises $1 to $2
kars0n: folds 
MikeElPatron: calls $2
IREQO: raises $12 to $14
Pippa83: folds 
Unipoker11: folds 
MikeElPatron: calls $12
*** FLOP *** [9d Jh 2d]
IREQO: checks 
MikeElPatron: checks 
*** TURN *** [9d Jh 2d] [Ac]
IREQO: bets $14.73
MikeElPatron: calls $14.73
*** RIVER *** [9d Jh 2d Ac] [Ts]
IREQO: checks 
MikeElPatron: checks 
*** SHOW DOWN ***
IREQO: shows [6s 7s] (high card Ace)
MikeElPatron: shows [3s Ad] (a pair of Aces)
MikeElPatron collected $57.96 from pot
*** SUMMARY ***
Total pot $60.46 | Rake $2.50 
Board [9d Jh 2d Ac Ts]
Seat 1: Manifestorr folded before Flop (didn't bet)
Seat 2: Unipoker11 folded before Flop
Seat 3: kars0n folded before Flop (didn't bet)
Seat 4: MikeElPatron (button) showed [3s Ad] and won ($57.96) with a pair of Aces
Seat 5: IREQO (small blind) showed [6s 7s] and lost with high card Ace
Seat 6: Pippa83 (big blind) folded before Flop



PokerStars Hand #254320245936:  Hold'em No Limit ($0.50/$1.00 USD) - 2025/01/11 21:21:05 WET [2025/01/11 16:21:05 ET]
Table 'Devota III' 6-max Seat #5 is the button
Seat 1: Manifestorr ($135.31 in chips) 
Seat 2: Unipoker11 ($129.08 in chips) 
Seat 3: kars0n ($100 in chips) 
Seat 4: MikeElPatron ($112.26 in chips) 
Seat 5: IREQO ($100 in chips) 
Seat 6: Pippa83 ($121.50 in chips) 
Pippa83: posts small blind $0.50
Manifestorr: posts big blind $1
*** HOLE CARDS ***
Unipoker11: folds 
kars0n: folds 
MikeElPatron: calls $1
IREQO: folds 
Pippa83: raises $4.50 to $5.50
IREQO is disconnected 
Manifestorr: folds 
MikeElPatron: calls $4.50
*** FLOP *** [7h 4c Kc]
Pippa83: bets $2.28
MikeElPatron: calls $2.28
*** TURN *** [7h 4c Kc] [7d]
Pippa83: bets $11.80
MikeElPatron: calls $11.80
*** RIVER *** [7h 4c Kc 7d] [8d]
Pippa83: bets $28.61
MikeElPatron: folds 
Uncalled bet ($28.61) returned to Pippa83
Pippa83 collected $38.15 from pot
Pippa83: doesn't show hand 
*** SUMMARY ***
Total pot $40.16 | Rake $2.01 
Board [7h 4c Kc 7d 8d]
Seat 1: Manifestorr (big blind) folded before Flop
Seat 2: Unipoker11 folded before Flop (didn't bet)
Seat 3: kars0n folded before Flop (didn't bet)
Seat 4: MikeElPatron folded on the River
Seat 5: IREQO (button) folded before Flop (didn't bet)
Seat 6: Pippa83 (small blind) collected ($38.15)



PokerStars Hand #254320263890:  Hold'em No Limit ($0.50/$1.00 USD) - 2025/01/11 21:21:57 WET [2025/01/11 16:21:57 ET]
Table 'Devota III' 6-max Seat #6 is the button
Seat 1: Manifestorr ($134.31 in chips) 
Seat 2: Unipoker11 ($129.08 in chips) 
Seat 3: kars0n ($100 in chips) 
Seat 4: MikeElPatron ($92.68 in chips) 
Seat 5: IREQO ($100 in chips) 
Seat 6: Pippa83 ($140.07 in chips) 
Manifestorr: posts small blind $0.50
Unipoker11: posts big blind $1
*** HOLE CARDS ***
kars0n: folds 
MikeElPatron: raises $4 to $5
IREQO: folds 
Pippa83: calls $5
Manifestorr: folds 
Unipoker11: folds 
*** FLOP *** [4c Ts Ac]
MikeElPatron: bets $5.46
Pippa83: folds 
Uncalled bet ($5.46) returned to MikeElPatron
MikeElPatron collected $10.92 from pot
*** SUMMARY ***
Total pot $11.50 | Rake $0.58 
Board [4c Ts Ac]
Seat 1: Manifestorr (small blind) folded before Flop
Seat 2: Unipoker11 (big blind) folded before Flop
Seat 3: kars0n folded before Flop (didn't bet)
Seat 4: MikeElPatron collected ($10.92)
Seat 5: IREQO folded before Flop (didn't bet)
Seat 6: Pippa83 (button) folded on the Flop



PokerStars Hand #254320272805:  Hold'em No Limit ($0.50/$1.00 USD) - 2025/01/11 21:22:23 WET [2025/01/11 16:22:23 ET]
Table 'Devota III' 6-max Seat #1 is the button
Seat 1: Manifestorr ($133.81 in chips) 
Seat 2: Unipoker11 ($128.08 in chips) 
Seat 3: kars0n ($100 in chips) 
Seat 4: MikeElPatron ($98.60 in chips) 
Seat 5: IREQO ($100 in chips) 
Seat 6: Pippa83 ($135.07 in chips) 
Unipoker11: posts small blind $0.50
kars0n: posts big blind $1
*** HOLE CARDS ***
MikeElPatron: raises $2.50 to $3.50
IREQO: folds 
Pippa83: calls $3.50
Manifestorr: folds 
Unipoker11: folds 
kars0n: folds 
*** FLOP *** [Js Kh Qh]
MikeElPatron: bets $8.08
Pippa83: calls $8.08
*** TURN *** [Js Kh Qh] [4d]
MikeElPatron: bets $11.72
Pippa83: calls $11.72
*** RIVER *** [Js Kh Qh 4d] [Qc]
MikeElPatron: bets $45.70
Pippa83: folds 
Uncalled bet ($45.70) returned to MikeElPatron
MikeElPatron collected $45.70 from pot
*** SUMMARY ***
Total pot $48.10 | Rake $2.40 
Board [Js Kh Qh 4d Qc]
Seat 1: Manifestorr (button) folded before Flop (didn't bet)
Seat 2: Unipoker11 (small blind) folded before Flop
Seat 3: kars0n (big blind) folded before Flop
Seat 4: MikeElPatron collected ($45.70)
Seat 5: IREQO folded before Flop (didn't bet)
Seat 6: Pippa83 folded on the River



PokerStars Hand #254320291282:  Hold'em No Limit ($0.50/$1.00 USD) - 2025/01/11 21:23:18 WET [2025/01/11 16:23:18 ET]
Table 'Devota III' 6-max Seat #2 is the button
Seat 1: Manifestorr ($133.81 in chips) 
Seat 2: Unipoker11 ($127.58 in chips) 
Seat 3: kars0n ($100 in chips) 
Seat 4: MikeElPatron ($121 in chips) 
Seat 5: IREQO ($100 in chips) 
Seat 6: Pippa83 ($111.77 in chips) 
kars0n: posts small blind $0.50
MikeElPatron: posts big blind $1
*** HOLE CARDS ***
IREQO: folds 
Pippa83: folds 
Manifestorr: folds 
Unipoker11: folds 
kars0n: raises $2 to $3
MikeElPatron: raises $5 to $8
kars0n: folds 
Uncalled bet ($5) returned to MikeElPatron
MikeElPatron collected $6 from pot
*** SUMMARY ***
Total pot $6 | Rake $0 
Seat 1: Manifestorr folded before Flop (didn't bet)
Seat 2: Unipoker11 (button) folded before Flop (didn't bet)
Seat 3: kars0n (small blind) folded before Flop
Seat 4: MikeElPatron (big blind) collected ($6)
Seat 5: IREQO folded before Flop (didn't bet)
Seat 6: Pippa83 folded before Flop (didn't bet)



PokerStars Hand #254320300293:  Hold'em No Limit ($0.50/$1.00 USD) - 2025/01/11 21:23:44 WET [2025/01/11 16:23:44 ET]
Table 'Devota III' 6-max Seat #3 is the button
Seat 1: Manifestorr ($133.81 in chips) 
Seat 2: Unipoker11 ($127.58 in chips) 
Seat 3: kars0n ($100 in chips) 
Seat 4: MikeElPatron ($124 in chips) 
Seat 5: IREQO ($100 in chips) 
Seat 6: Pippa83 ($111.77 in chips) 
MikeElPatron: posts small blind $0.50
IREQO: posts big blind $1
*** HOLE CARDS ***
Pippa83: folds 
Manifestorr: raises $1.20 to $2.20
Unipoker11: folds 
kars0n: folds 
MikeElPatron: folds 
IREQO: calls $1.20
*** FLOP *** [8d 5c Td]
IREQO: checks 
Manifestorr: checks 
*** TURN *** [8d 5c Td] [7s]
IREQO: bets $2.33
Manifestorr: calls $2.33
*** RIVER *** [8d 5c Td 7s] [7d]
IREQO: bets $9.08
Manifestorr: folds 
Uncalled bet ($9.08) returned to IREQO
IREQO collected $9.08 from pot
IREQO: doesn't show hand 
*** SUMMARY ***
Total pot $9.56 | Rake $0.48 
Board [8d 5c Td 7s 7d]
Seat 1: Manifestorr folded on the River
Seat 2: Unipoker11 folded before Flop (didn't bet)
Seat 3: kars0n (button) folded before Flop (didn't bet)
Seat 4: MikeElPatron (small blind) folded before Flop
Seat 5: IREQO (big blind) collected ($9.08)
Seat 6: Pippa83 folded before Flop (didn't bet)



PokerStars Hand #254320327016:  Hold'em No Limit ($0.50/$1.00 USD) - 2025/01/11 21:25:03 WET [2025/01/11 16:25:03 ET]
Table 'Devota III' 6-max Seat #4 is the button
Seat 1: Manifestorr ($129.28 in chips) 
Seat 2: Unipoker11 ($127.58 in chips) 
Seat 3: kars0n ($100 in chips) 
Seat 4: MikeElPatron ($123.50 in chips) 
Seat 5: IREQO ($104.55 in chips) 
Seat 6: Pippa83 ($111.77 in chips) 
IREQO: posts small blind $0.50
Pippa83: posts big blind $1
*** HOLE CARDS ***
Manifestorr: folds 
Unipoker11: folds 
kars0n: folds 
MikeElPatron: folds 
IREQO: folds 
Uncalled bet ($0.50) returned to Pippa83
Pippa83 collected $1 from pot
Pippa83: doesn't show hand 
*** SUMMARY ***
Total pot $1 | Rake $0 
Seat 1: Manifestorr folded before Flop (didn't bet)
Seat 2: Unipoker11 folded before Flop (didn't bet)
Seat 3: kars0n folded before Flop (didn't bet)
Seat 4: MikeElPatron (button) folded before Flop (didn't bet)
Seat 5: IREQO (small blind) folded before Flop
Seat 6: Pippa83 (big blind) collected ($1)



PokerStars Hand #254320334491:  Hold'em No Limit ($0.50/$1.00 USD) - 2025/01/11 21:25:25 WET [2025/01/11 16:25:25 ET]
Table 'Devota III' 6-max Seat #5 is the button
Seat 1: Manifestorr ($129.28 in chips) 
Seat 2: Unipoker11 ($127.58 in chips) 
Seat 3: kars0n ($100 in chips) 
Seat 4: MikeElPatron ($123.50 in chips) 
Seat 5: IREQO ($104.05 in chips) 
Seat 6: Pippa83 ($112.27 in chips) 
Pippa83: posts small blind $0.50
Manifestorr: posts big blind $1
*** HOLE CARDS ***
Unipoker11: folds 
kars0n: folds 
MikeElPatron: folds 
IREQO: raises $1.50 to $2.50
Pippa83: folds 
Manifestorr: raises $9.50 to $12
IREQO: calls $9.50
*** FLOP *** [9d 7s 3d]
Manifestorr: bets $11.64
IREQO: calls $11.64
*** TURN *** [9d 7s 3d] [3s]
Manifestorr: bets $34.04
IREQO: calls $34.04
*** RIVER *** [9d 7s 3d 3s] [7h]
Manifestorr: bets $71.60 and is all-in
IREQO: folds 
Uncalled bet ($71.60) returned to Manifestorr
Manifestorr collected $113.36 from pot
*** SUMMARY ***
Total pot $115.86 | Rake $2.50 
Board [9d 7s 3d 3s 7h]
Seat 1: Manifestorr (big blind) collected ($113.36)
Seat 2: Unipoker11 folded before Flop (didn't bet)
Seat 3: kars0n folded before Flop (didn't bet)
Seat 4: MikeElPatron folded before Flop (didn't bet)
Seat 5: IREQO (button) folded on the River
Seat 6: Pippa83 (small blind) folded before Flop



PokerStars Hand #254320379499:  Hold'em No Limit ($0.50/$1.00 USD) - 2025/01/11 21:27:38 WET [2025/01/11 16:27:38 ET]
Table 'Devota III' 6-max Seat #6 is the button
Seat 1: Manifestorr ($184.96 in chips) 
Seat 2: Unipoker11 ($127.58 in chips) 
Seat 3: kars0n ($100 in chips) 
Seat 4: MikeElPatron ($123.50 in chips) 
Seat 5: IREQO ($78.32 in chips) 
Seat 6: Pippa83 ($111.77 in chips) 
Manifestorr: posts small blind $0.50
Unipoker11: posts big blind $1
*** HOLE CARDS ***
kars0n: folds 
MikeElPatron: folds 
IREQO: raises $1.50 to $2.50
Pippa83: folds 
Manifestorr: folds 
Unipoker11: folds 
Uncalled bet ($1.50) returned to IREQO
IREQO collected $2.50 from pot
IREQO: doesn't show hand 
*** SUMMARY ***
Total pot $2.50 | Rake $0 
Seat 1: Manifestorr (small blind) folded before Flop
Seat 2: Unipoker11 (big blind) folded before Flop
Seat 3: kars0n folded before Flop (didn't bet)
Seat 4: MikeElPatron folded before Flop (didn't bet)
Seat 5: IREQO collected ($2.50)
Seat 6: Pippa83 (button) folded before Flop (didn't bet)



PokerStars Hand #254320383523:  Hold'em No Limit ($0.50/$1.00 USD) - 2025/01/11 21:27:50 WET [2025/01/11 16:27:50 ET]
Table 'Devota III' 6-max Seat #1 is the button
Seat 1: Manifestorr ($184.46 in chips) 
Seat 2: Unipoker11 ($126.58 in chips) 
Seat 3: kars0n ($100 in chips) 
Seat 4: MikeElPatron ($123.50 in chips) 
Seat 5: IREQO ($79.82 in chips) 
Seat 6: Pippa83 ($111.77 in chips) 
Unipoker11: posts small blind $0.50
kars0n: posts big blind $1
*** HOLE CARDS ***
MikeElPatron: folds 
IREQO: folds 
Pippa83: folds 
Manifestorr: folds 
Unipoker11: folds 
Uncalled bet ($0.50) returned to kars0n
kars0n collected $1 from pot
kars0n: doesn't show hand 
*** SUMMARY ***
Total pot $1 | Rake $0 
Seat 1: Manifestorr (button) folded before Flop (didn't bet)
Seat 2: Unipoker11 (small blind) folded before Flop
Seat 3: kars0n (big blind) collected ($1)
Seat 4: MikeElPatron folded before Flop (didn't bet)
Seat 5: IREQO folded before Flop (didn't bet)
Seat 6: Pippa83 folded before Flop (didn't bet)



PokerStars Hand #254320391850:  Hold'em No Limit ($0.50/$1.00 USD) - 2025/01/11 21:28:15 WET [2025/01/11 16:28:15 ET]
Table 'Devota III' 6-max Seat #2 is the button
Seat 1: Manifestorr ($184.46 in chips) 
Seat 2: Unipoker11 ($126.08 in chips) 
Seat 3: kars0n ($100.50 in chips) 
Seat 4: MikeElPatron ($123.50 in chips) 
Seat 5: IREQO ($79.82 in chips) 
Seat 6: Pippa83 ($111.77 in chips) 
kars0n: posts small blind $0.50
MikeElPatron: posts big blind $1
*** HOLE CARDS ***
IREQO: folds 
Pippa83: folds 
Manifestorr: folds 
Unipoker11: folds 
kars0n: raises $2 to $3
MikeElPatron: folds 
Uncalled bet ($2) returned to kars0n
kars0n collected $2 from pot
kars0n: doesn't show hand 
*** SUMMARY ***
Total pot $2 | Rake $0 
Seat 1: Manifestorr folded before Flop (didn't bet)
Seat 2: Unipoker11 (button) folded before Flop (didn't bet)
Seat 3: kars0n (small blind) collected ($2)
Seat 4: MikeElPatron (big blind) folded before Flop
Seat 5: IREQO folded before Flop (didn't bet)
Seat 6: Pippa83 folded before Flop (didn't bet)



PokerStars Hand #254320396038:  Hold'em No Limit ($0.50/$1.00 USD) - 2025/01/11 21:28:27 WET [2025/01/11 16:28:27 ET]
Table 'Devota III' 6-max Seat #3 is the button
Seat 1: Manifestorr ($184.46 in chips) 
Seat 2: Unipoker11 ($126.08 in chips) 
Seat 3: kars0n ($101.50 in chips) 
Seat 4: MikeElPatron ($122.50 in chips) 
Seat 5: IREQO ($79.82 in chips) 
Seat 6: Pippa83 ($111.77 in chips) 
MikeElPatron: posts small blind $0.50
IREQO: posts big blind $1
*** HOLE CARDS ***
Pippa83: raises $1.20 to $2.20
Manifestorr: folds 
Unipoker11: folds 
kars0n: folds 
MikeElPatron: folds 
IREQO: folds 
Uncalled bet ($1.20) returned to Pippa83
Pippa83 collected $2.50 from pot
Pippa83: doesn't show hand 
*** SUMMARY ***
Total pot $2.50 | Rake $0 
Seat 1: Manifestorr folded before Flop (didn't bet)
Seat 2: Unipoker11 folded before Flop (didn't bet)
Seat 3: kars0n (button) folded before Flop (didn't bet)
Seat 4: MikeElPatron (small blind) folded before Flop
Seat 5: IREQO (big blind) folded before Flop
Seat 6: Pippa83 collected ($2.50)



PokerStars Hand #254320403360:  Hold'em No Limit ($0.50/$1.00 USD) - 2025/01/11 21:28:49 WET [2025/01/11 16:28:49 ET]
Table 'Devota III' 6-max Seat #4 is the button
Seat 1: Manifestorr ($184.46 in chips) 
Seat 2: Unipoker11 ($126.08 in chips) 
Seat 3: kars0n ($101.50 in chips) 
Seat 4: MikeElPatron ($122 in chips) 
Seat 5: IREQO ($78.82 in chips) 
Seat 6: Pippa83 ($113.27 in chips) 
IREQO: posts small blind $0.50
Pippa83: posts big blind $1
*** HOLE CARDS ***
Manifestorr: folds 
Unipoker11: folds 
kars0n: raises $1.50 to $2.50
MikeElPatron: raises $1.50 to $4
IREQO: folds 
Pippa83: folds 
kars0n: calls $1.50
*** FLOP *** [5h 7d 8d]
kars0n: checks 
MikeElPatron: checks 
*** TURN *** [5h 7d 8d] [3c]
kars0n: checks 
MikeElPatron: checks 
*** RIVER *** [5h 7d 8d 3c] [2c]
kars0n: checks 
MikeElPatron: bets $9.02
kars0n: calls $9.02
*** SHOW DOWN ***
MikeElPatron: shows [8h 8s] (three of a kind, Eights)
kars0n: mucks hand 
MikeElPatron collected $26.16 from pot
*** SUMMARY ***
Total pot $27.54 | Rake $1.38 
Board [5h 7d 8d 3c 2c]
Seat 1: Manifestorr folded before Flop (didn't bet)
Seat 2: Unipoker11 folded before Flop (didn't bet)
Seat 3: kars0n mucked
Seat 4: MikeElPatron (button) showed [8h 8s] and won ($26.16) with three of a kind, Eights
Seat 5: IREQO (small blind) folded before Flop
Seat 6: Pippa83 (big blind) folded before Flop



PokerStars Hand #254320418700:  Hold'em No Limit ($0.50/$1.00 USD) - 2025/01/11 21:29:35 WET [2025/01/11 16:29:35 ET]
Table 'Devota III' 6-max Seat #5 is the button
Seat 1: Manifestorr ($184.46 in chips) is sitting out
Seat 2: Unipoker11 ($126.08 in chips) 
Seat 3: kars0n ($100 in chips) 
Seat 4: MikeElPatron ($135.14 in chips) 
Seat 5: IREQO ($78.32 in chips) 
Seat 6: Pippa83 ($112.27 in chips) 
Pippa83: posts small blind $0.50
Manifestorr: is sitting out 
Unipoker11: posts big blind $1
*** HOLE CARDS ***
kars0n: folds 
MikeElPatron: folds 
Manifestorr leaves the table
IREQO: raises $1.50 to $2.50
Pippa83: folds 
Unipoker11: folds 
Uncalled bet ($1.50) returned to IREQO
AlexPinsk1 joins the table at seat #1 
IREQO collected $2.50 from pot
IREQO: doesn't show hand 
*** SUMMARY ***
Total pot $2.50 | Rake $0 
Seat 1: Manifestorr
Seat 2: Unipoker11 (big blind) folded before Flop
Seat 3: kars0n folded before Flop (didn't bet)
Seat 4: MikeElPatron folded before Flop (didn't bet)
Seat 5: IREQO (button) collected ($2.50)
Seat 6: Pippa83 (small blind) folded before Flop



PokerStars Hand #254320427372:  Hold'em No Limit ($0.50/$1.00 USD) - 2025/01/11 21:30:00 WET [2025/01/11 16:30:00 ET]
Table 'Devota III' 6-max Seat #6 is the button
Seat 1: AlexPinsk1 ($100 in chips) is sitting out
Seat 2: Unipoker11 ($125.08 in chips) 
Seat 3: kars0n ($100 in chips) 
Seat 4: MikeElPatron ($135.14 in chips) 
Seat 5: IREQO ($79.82 in chips) 
Seat 6: Pippa83 ($111.77 in chips) 
Unipoker11: posts small blind $0.50
kars0n: posts big blind $1
*** HOLE CARDS ***
MikeElPatron: calls $1
IREQO: raises $3 to $4
Pippa83: folds 
Unipoker11: folds 
kars0n: folds 
MikeElPatron: calls $3
*** FLOP *** [5h 4c Qh]
MikeElPatron: checks 
IREQO: bets $6
MikeElPatron: calls $6
*** TURN *** [5h 4c Qh] [5d]
MikeElPatron: checks 
IREQO: bets $20
MikeElPatron: folds 
Uncalled bet ($20) returned to IREQO
IREQO collected $20.42 from pot
IREQO: doesn't show hand 
*** SUMMARY ***
Total pot $21.50 | Rake $1.08 
Board [5h 4c Qh 5d]
Seat 1: AlexPinsk1
Seat 2: Unipoker11 (small blind) folded before Flop
Seat 3: kars0n (big blind) folded before Flop
Seat 4: MikeElPatron folded on the Turn
Seat 5: IREQO collected ($20.42)
Seat 6: Pippa83 (button) folded before Flop (didn't bet)



PokerStars Hand #254320450764:  Hold'em No Limit ($0.50/$1.00 USD) - 2025/01/11 21:31:09 WET [2025/01/11 16:31:09 ET]
Table 'Devota III' 6-max Seat #2 is the button
Seat 1: AlexPinsk1 ($100 in chips) is sitting out
Seat 2: Unipoker11 ($124.58 in chips) 
Seat 3: kars0n ($100 in chips) 
Seat 4: MikeElPatron ($125.14 in chips) 
Seat 5: IREQO ($90.24 in chips) 
Seat 6: Pippa83 ($111.77 in chips) 
kars0n: posts small blind $0.50
MikeElPatron: posts big blind $1
AlexPinsk1: sits out 
*** HOLE CARDS ***
IREQO: folds 
Pippa83: raises $1.50 to $2.50
Unipoker11: raises $5 to $7.50
kars0n: raises $16.50 to $24
MikeElPatron: folds 
Pippa83: folds 
Unipoker11: folds 
Uncalled bet ($16.50) returned to kars0n
kars0n collected $18.50 from pot
kars0n: doesn't show hand 
*** SUMMARY ***
Total pot $18.50 | Rake $0 
Seat 1: AlexPinsk1
Seat 2: Unipoker11 (button) folded before Flop
Seat 3: kars0n (small blind) collected ($18.50)
Seat 4: MikeElPatron (big blind) folded before Flop
Seat 5: IREQO folded before Flop (didn't bet)
Seat 6: Pippa83 folded before Flop



PokerStars Hand #254320460262:  Hold'em No Limit ($0.50/$1.00 USD) - 2025/01/11 21:31:38 WET [2025/01/11 16:31:38 ET]
Table 'Devota III' 6-max Seat #3 is the button
Seat 1: AlexPinsk1 ($100 in chips) is sitting out
Seat 2: Unipoker11 ($117.08 in chips) 
Seat 3: kars0n ($111 in chips) 
Seat 4: MikeElPatron ($124.14 in chips) 
Seat 5: IREQO ($90.24 in chips) 
Seat 6: Pippa83 ($109.27 in chips) 
MikeElPatron: posts small blind $0.50
IREQO: posts big blind $1
AlexPinsk1: sits out 
*** HOLE CARDS ***
Pippa83: folds 
Unipoker11: folds 
kars0n: folds 
MikeElPatron: folds 
Uncalled bet ($0.50) returned to IREQO
IREQO collected $1 from pot
IREQO: doesn't show hand 
*** SUMMARY ***
Total pot $1 | Rake $0 
Seat 1: AlexPinsk1
Seat 2: Unipoker11 folded before Flop (didn't bet)
Seat 3: kars0n (button) folded before Flop (didn't bet)
Seat 4: MikeElPatron (small blind) folded before Flop
Seat 5: IREQO (big blind) collected ($1)
Seat 6: Pippa83 folded before Flop (didn't bet)



PokerStars Hand #254320463516:  Hold'em No Limit ($0.50/$1.00 USD) - 2025/01/11 21:31:47 WET [2025/01/11 16:31:47 ET]
Table 'Devota III' 6-max Seat #4 is the button
Seat 1: AlexPinsk1 ($100 in chips) is sitting out
Seat 2: Unipoker11 ($117.08 in chips) 
Seat 3: kars0n ($111 in chips) 
Seat 4: MikeElPatron ($123.64 in chips) 
Seat 5: IREQO ($90.74 in chips) 
Seat 6: Pippa83 ($109.27 in chips) 
IREQO: posts small blind $0.50
Pippa83: posts big blind $1
AlexPinsk1: sits out 
*** HOLE CARDS ***
Unipoker11: folds 
kars0n: folds 
MikeElPatron: folds 
IREQO: folds 
Uncalled bet ($0.50) returned to Pippa83
Pippa83 collected $1 from pot
Pippa83: doesn't show hand 
*** SUMMARY ***
Total pot $1 | Rake $0 
Seat 1: AlexPinsk1
Seat 2: Unipoker11 folded before Flop (didn't bet)
Seat 3: kars0n folded before Flop (didn't bet)
Seat 4: MikeElPatron (button) folded before Flop (didn't bet)
Seat 5: IREQO (small blind) folded before Flop
Seat 6: Pippa83 (big blind) collected ($1)



PokerStars Hand #254320468825:  Hold'em No Limit ($0.50/$1.00 USD) - 2025/01/11 21:32:03 WET [2025/01/11 16:32:03 ET]
Table 'Devota III' 6-max Seat #5 is the button
Seat 1: AlexPinsk1 ($100 in chips) 
Seat 2: Unipoker11 ($117.08 in chips) 
Seat 3: kars0n ($111 in chips) 
Seat 4: MikeElPatron ($123.64 in chips) 
Seat 5: IREQO ($90.24 in chips) 
Seat 6: Pippa83 ($109.77 in chips) 
Pippa83: posts small blind $0.50
AlexPinsk1: posts big blind $1
*** HOLE CARDS ***
Unipoker11: folds 
kars0n: folds 
MikeElPatron: folds 
IREQO: folds 
Pippa83: raises $2 to $3
AlexPinsk1: calls $2
*** FLOP *** [2s Qs Jd]
Pippa83: bets $1.88
AlexPinsk1: calls $1.88
*** TURN *** [2s Qs Jd] [2h]
Pippa83: bets $6.95
AlexPinsk1: calls $6.95
*** RIVER *** [2s Qs Jd 2h] [7s]
Pippa83: bets $16.86
AlexPinsk1: folds 
Uncalled bet ($16.86) returned to Pippa83
Pippa83 collected $22.48 from pot
Pippa83: doesn't show hand 
*** SUMMARY ***
Total pot $23.66 | Rake $1.18 
Board [2s Qs Jd 2h 7s]
Seat 1: AlexPinsk1 (big blind) folded on the River
Seat 2: Unipoker11 folded before Flop (didn't bet)
Seat 3: kars0n folded before Flop (didn't bet)
Seat 4: MikeElPatron folded before Flop (didn't bet)
Seat 5: IREQO (button) folded before Flop (didn't bet)
Seat 6: Pippa83 (small blind) collected ($22.48)



PokerStars Hand #254320489253:  Hold'em No Limit ($0.50/$1.00 USD) - 2025/01/11 21:33:03 WET [2025/01/11 16:33:03 ET]
Table 'Devota III' 6-max Seat #6 is the button
Seat 1: AlexPinsk1 ($100 in chips) 
Seat 2: Unipoker11 ($117.08 in chips) 
Seat 3: kars0n ($111 in chips) 
Seat 4: MikeElPatron ($123.64 in chips) 
Seat 5: IREQO ($90.24 in chips) 
Seat 6: Pippa83 ($120.42 in chips) 
AlexPinsk1: posts small blind $0.50
Unipoker11: posts big blind $1
*** HOLE CARDS ***
kars0n: raises $1 to $2
MikeElPatron: folds 
IREQO: folds 
Pippa83: folds 
AlexPinsk1: folds 
Unipoker11: folds 
Uncalled bet ($1) returned to kars0n
kars0n collected $2.50 from pot
kars0n: doesn't show hand 
*** SUMMARY ***
Total pot $2.50 | Rake $0 
Seat 1: AlexPinsk1 (small blind) folded before Flop
Seat 2: Unipoker11 (big blind) folded before Flop
Seat 3: kars0n collected ($2.50)
Seat 4: MikeElPatron folded before Flop (didn't bet)
Seat 5: IREQO folded before Flop (didn't bet)
Seat 6: Pippa83 (button) folded before Flop (didn't bet)



PokerStars Hand #254320497651:  Hold'em No Limit ($0.50/$1.00 USD) - 2025/01/11 21:33:29 WET [2025/01/11 16:33:29 ET]
Table 'Devota III' 6-max Seat #1 is the button
Seat 1: AlexPinsk1 ($100 in chips) 
Seat 2: Unipoker11 ($116.08 in chips) 
Seat 3: kars0n ($112.50 in chips) 
Seat 4: MikeElPatron ($123.64 in chips) 
Seat 5: IREQO ($90.24 in chips) 
Seat 6: Pippa83 ($120.42 in chips) 
Unipoker11: posts small blind $0.50
kars0n: posts big blind $1
*** HOLE CARDS ***
MikeElPatron: folds 
IREQO: folds 
Pippa83: folds 
AlexPinsk1: folds 
Unipoker11: raises $2 to $3
kars0n: calls $2
*** FLOP *** [Qs Ah 7s]
Unipoker11: bets $1.43
kars0n: folds 
Uncalled bet ($1.43) returned to Unipoker11
Unipoker11 collected $5.70 from pot
Unipoker11: doesn't show hand 
*** SUMMARY ***
Total pot $6 | Rake $0.30 
Board [Qs Ah 7s]
Seat 1: AlexPinsk1 (button) folded before Flop (didn't bet)
Seat 2: Unipoker11 (small blind) collected ($5.70)
Seat 3: kars0n (big blind) folded on the Flop
Seat 4: MikeElPatron folded before Flop (didn't bet)
Seat 5: IREQO folded before Flop (didn't bet)
Seat 6: Pippa83 folded before Flop (didn't bet)



PokerStars Hand #254320510778:  Hold'em No Limit ($0.50/$1.00 USD) - 2025/01/11 21:34:08 WET [2025/01/11 16:34:08 ET]
Table 'Devota III' 6-max Seat #2 is the button
Seat 1: AlexPinsk1 ($100 in chips) 
Seat 2: Unipoker11 ($118.78 in chips) 
Seat 3: kars0n ($109.50 in chips) 
Seat 4: MikeElPatron ($123.64 in chips) 
Seat 5: IREQO ($90.24 in chips) 
Seat 6: Pippa83 ($120.42 in chips) 
kars0n: posts small blind $0.50
MikeElPatron: posts big blind $1
*** HOLE CARDS ***
IREQO: raises $1.50 to $2.50
Pippa83: folds 
AlexPinsk1: folds 
Unipoker11: folds 
kars0n: folds 
MikeElPatron: calls $1.50
*** FLOP *** [9s 5h 3d]
MikeElPatron: checks 
IREQO: checks 
*** TURN *** [9s 5h 3d] [Th]
MikeElPatron: checks 
IREQO: bets $2.61
MikeElPatron: calls $2.61
*** RIVER *** [9s 5h 3d Th] [8s]
MikeElPatron: checks 
IREQO: bets $10.18
MikeElPatron: folds 
Uncalled bet ($10.18) returned to IREQO
IREQO collected $10.18 from pot
IREQO: doesn't show hand 
*** SUMMARY ***
Total pot $10.72 | Rake $0.54 
Board [9s 5h 3d Th 8s]
Seat 1: AlexPinsk1 folded before Flop (didn't bet)
Seat 2: Unipoker11 (button) folded before Flop (didn't bet)
Seat 3: kars0n (small blind) folded before Flop
Seat 4: MikeElPatron (big blind) folded on the River
Seat 5: IREQO collected ($10.18)
Seat 6: Pippa83 folded before Flop (didn't bet)



PokerStars Hand #254320539223:  Hold'em No Limit ($0.50/$1.00 USD) - 2025/01/11 21:35:33 WET [2025/01/11 16:35:33 ET]
Table 'Devota III' 6-max Seat #3 is the button
Seat 1: AlexPinsk1 ($100 in chips) 
Seat 2: Unipoker11 ($118.78 in chips) 
Seat 3: kars0n ($109 in chips) 
Seat 4: MikeElPatron ($118.53 in chips) 
Seat 5: IREQO ($100 in chips) 
Seat 6: Pippa83 ($120.42 in chips) 
MikeElPatron: posts small blind $0.50
IREQO: posts big blind $1
*** HOLE CARDS ***
Pippa83: folds 
AlexPinsk1: folds 
Unipoker11: folds 
kars0n: folds 
MikeElPatron: raises $2 to $3
IREQO: folds 
Uncalled bet ($2) returned to MikeElPatron
MikeElPatron collected $2 from pot
*** SUMMARY ***
Total pot $2 | Rake $0 
Seat 1: AlexPinsk1 folded before Flop (didn't bet)
Seat 2: Unipoker11 folded before Flop (didn't bet)
Seat 3: kars0n (button) folded before Flop (didn't bet)
Seat 4: MikeElPatron (small blind) collected ($2)
Seat 5: IREQO (big blind) folded before Flop
Seat 6: Pippa83 folded before Flop (didn't bet)



PokerStars Hand #254320545109:  Hold'em No Limit ($0.50/$1.00 USD) - 2025/01/11 21:35:51 WET [2025/01/11 16:35:51 ET]
Table 'Devota III' 6-max Seat #4 is the button
Seat 1: AlexPinsk1 ($100 in chips) 
Seat 2: Unipoker11 ($118.78 in chips) 
Seat 3: kars0n ($109 in chips) 
Seat 4: MikeElPatron ($119.53 in chips) 
Seat 5: IREQO ($100 in chips) 
Seat 6: Pippa83 ($120.42 in chips) 
IREQO: posts small blind $0.50
Pippa83: posts big blind $1
*** HOLE CARDS ***
AlexPinsk1: raises $1.50 to $2.50
Unipoker11: folds 
kars0n: folds 
MikeElPatron: calls $2.50
IREQO: folds 
Pippa83: calls $1.50
*** FLOP *** [Js 4s 8s]
Pippa83: checks 
AlexPinsk1: checks 
MikeElPatron: checks 
*** TURN *** [Js 4s 8s] [7s]
Pippa83: checks 
AlexPinsk1: checks 
MikeElPatron: checks 
*** RIVER *** [Js 4s 8s 7s] [Th]
Pippa83: bets $5.70
AlexPinsk1: folds 
MikeElPatron: folds 
Uncalled bet ($5.70) returned to Pippa83
Pippa83 collected $7.60 from pot
Pippa83: doesn't show hand 
*** SUMMARY ***
Total pot $8 | Rake $0.40 
Board [Js 4s 8s 7s Th]
Seat 1: AlexPinsk1 folded on the River
Seat 2: Unipoker11 folded before Flop (didn't bet)
Seat 3: kars0n folded before Flop (didn't bet)
Seat 4: MikeElPatron (button) folded on the River
Seat 5: IREQO (small blind) folded before Flop
Seat 6: Pippa83 (big blind) collected ($7.60)



PokerStars Hand #254320564464:  Hold'em No Limit ($0.50/$1.00 USD) - 2025/01/11 21:36:49 WET [2025/01/11 16:36:49 ET]
Table 'Devota III' 6-max Seat #5 is the button
Seat 1: AlexPinsk1 ($100 in chips) 
Seat 2: Unipoker11 ($118.78 in chips) 
Seat 3: kars0n ($109 in chips) 
Seat 4: MikeElPatron ($117.03 in chips) 
Seat 5: IREQO ($100 in chips) 
Seat 6: Pippa83 ($125.52 in chips) 
Pippa83: posts small blind $0.50
AlexPinsk1: posts big blind $1
*** HOLE CARDS ***
Unipoker11: folds 
kars0n: folds 
MikeElPatron: folds 
IREQO: folds 
Pippa83: raises $2 to $3
AlexPinsk1: raises $6 to $9
Pippa83: folds 
Uncalled bet ($6) returned to AlexPinsk1
AlexPinsk1 collected $6 from pot
AlexPinsk1: doesn't show hand 
*** SUMMARY ***
Total pot $6 | Rake $0 
Seat 1: AlexPinsk1 (big blind) collected ($6)
Seat 2: Unipoker11 folded before Flop (didn't bet)
Seat 3: kars0n folded before Flop (didn't bet)
Seat 4: MikeElPatron folded before Flop (didn't bet)
Seat 5: IREQO (button) folded before Flop (didn't bet)
Seat 6: Pippa83 (small blind) folded before Flop



PokerStars Hand #254320573683:  Hold'em No Limit ($0.50/$1.00 USD) - 2025/01/11 21:37:17 WET [2025/01/11 16:37:17 ET]
Table 'Devota III' 6-max Seat #6 is the button
Seat 1: AlexPinsk1 ($103 in chips) 
Seat 2: Unipoker11 ($118.78 in chips) 
Seat 3: kars0n ($109 in chips) 
Seat 4: MikeElPatron ($117.03 in chips) 
Seat 5: IREQO ($100 in chips) 
Seat 6: Pippa83 ($122.52 in chips) 
AlexPinsk1: posts small blind $0.50
Unipoker11: posts big blind $1
*** HOLE CARDS ***
kars0n: folds 
MikeElPatron: calls $1
IREQO: folds 
Pippa83: folds 
AlexPinsk1: folds 
Unipoker11: checks 
*** FLOP *** [Jc Js 2c]
Pippa83 leaves the table
BoyLoc0 joins the table at seat #6 
Unipoker11: checks 
MikeElPatron: checks 
*** TURN *** [Jc Js 2c] [4c]
Unipoker11 has timed out
Unipoker11: checks 
MikeElPatron: checks 
*** RIVER *** [Jc Js 2c 4c] [4s]
Unipoker11 has timed out
Unipoker11: checks 
MikeElPatron: checks 
*** SHOW DOWN ***
Unipoker11: shows [9d Ks] (two pair, Jacks and Fours)
MikeElPatron: shows [Ac 7h] (two pair, Jacks and Fours - Ace kicker)
MikeElPatron collected $2.38 from pot
*** SUMMARY ***
Total pot $2.50 | Rake $0.12 
Board [Jc Js 2c 4c 4s]
Seat 1: AlexPinsk1 (small blind) folded before Flop
Seat 2: Unipoker11 (big blind) showed [9d Ks] and lost with two pair, Jacks and Fours
Seat 3: kars0n folded before Flop (didn't bet)
Seat 4: MikeElPatron showed [Ac 7h] and won ($2.38) with two pair, Jacks and Fours
Seat 5: IREQO folded before Flop (didn't bet)
Seat 6: Pippa83 (button) folded before Flop (didn't bet)



PokerStars Hand #254320610943:  Hold'em No Limit ($0.50/$1.00 USD) - 2025/01/11 21:39:09 WET [2025/01/11 16:39:09 ET]
Table 'Devota III' 6-max Seat #1 is the button
Seat 6: BoyLoc0 ($100 in chips) is sitting out
Seat 1: AlexPinsk1 ($102.50 in chips) 
Seat 2: Unipoker11 ($117.78 in chips) 
Seat 3: kars0n ($109 in chips) 
Seat 4: MikeElPatron ($118.41 in chips) 
Seat 5: IREQO ($100 in chips) 
Unipoker11: posts small blind $0.50
kars0n: posts big blind $1
BoyLoc0: sits out 
*** HOLE CARDS ***
MikeElPatron: raises $2 to $3
IREQO: folds 
AlexPinsk1: folds 
Unipoker11: folds 
kars0n: folds 
Uncalled bet ($2) returned to MikeElPatron
MikeElPatron collected $2.50 from pot
*** SUMMARY ***
Total pot $2.50 | Rake $0 
Seat 6: BoyLoc0
Seat 1: AlexPinsk1 (button) folded before Flop (didn't bet)
Seat 2: Unipoker11 (small blind) folded before Flop
Seat 3: kars0n (big blind) folded before Flop
Seat 4: MikeElPatron collected ($2.50)
Seat 5: IREQO folded before Flop (didn't bet)



PokerStars Hand #254320616105:  Hold'em No Limit ($0.50/$1.00 USD) - 2025/01/11 21:39:25 WET [2025/01/11 16:39:25 ET]
Table 'Devota III' 6-max Seat #2 is the button
Seat 6: BoyLoc0 ($100 in chips) is sitting out
Seat 1: AlexPinsk1 ($102.50 in chips) 
Seat 2: Unipoker11 ($117.28 in chips) 
Seat 3: kars0n ($108 in chips) 
Seat 4: MikeElPatron ($119.91 in chips) 
Seat 5: IREQO ($100 in chips) 
kars0n: posts small blind $0.50
MikeElPatron: posts big blind $1
BoyLoc0: sits out 
*** HOLE CARDS ***
IREQO: folds 
AlexPinsk1: folds 
Unipoker11: raises $1.50 to $2.50
kars0n: folds 
MikeElPatron: folds 
Uncalled bet ($1.50) returned to Unipoker11
Unipoker11 collected $2.50 from pot
Unipoker11: doesn't show hand 
*** SUMMARY ***
Total pot $2.50 | Rake $0 
Seat 6: BoyLoc0
Seat 1: AlexPinsk1 folded before Flop (didn't bet)
Seat 2: Unipoker11 (button) collected ($2.50)
Seat 3: kars0n (small blind) folded before Flop
Seat 4: MikeElPatron (big blind) folded before Flop
Seat 5: IREQO folded before Flop (didn't bet)



PokerStars Hand #254320622036:  Hold'em No Limit ($0.50/$1.00 USD) - 2025/01/11 21:39:43 WET [2025/01/11 16:39:43 ET]
Table 'Devota III' 6-max Seat #3 is the button
Seat 6: BoyLoc0 ($100 in chips) is sitting out
Seat 1: AlexPinsk1 ($102.50 in chips) 
Seat 2: Unipoker11 ($118.78 in chips) 
Seat 3: kars0n ($107.50 in chips) 
Seat 4: MikeElPatron ($118.91 in chips) 
Seat 5: IREQO ($100 in chips) 
MikeElPatron: posts small blind $0.50
IREQO: posts big blind $1
BoyLoc0: sits out 
*** HOLE CARDS ***
AlexPinsk1: folds 
Unipoker11: folds 
kars0n: folds 
MikeElPatron: raises $1 to $2
IREQO: calls $1
*** FLOP *** [6c As 8s]
MikeElPatron: checks 
IREQO: checks 
*** TURN *** [6c As 8s] [Qh]
MikeElPatron: bets $3.80
IREQO: calls $3.80
*** RIVER *** [6c As 8s Qh] [Qc]
MikeElPatron: bets $11.02
IREQO: folds 
Uncalled bet ($11.02) returned to MikeElPatron
MikeElPatron collected $11.02 from pot
*** SUMMARY ***
Total pot $11.60 | Rake $0.58 
Board [6c As 8s Qh Qc]
Seat 6: BoyLoc0
Seat 1: AlexPinsk1 folded before Flop (didn't bet)
Seat 2: Unipoker11 folded before Flop (didn't bet)
Seat 3: kars0n (button) folded before Flop (didn't bet)
Seat 4: MikeElPatron (small blind) collected ($11.02)
Seat 5: IREQO (big blind) folded on the River



PokerStars Hand #254320650734:  Hold'em No Limit ($0.50/$1.00 USD) - 2025/01/11 21:41:10 WET [2025/01/11 16:41:10 ET]
Table 'Devota III' 6-max Seat #4 is the button
Seat 1: AlexPinsk1 ($102.50 in chips) 
Seat 2: Unipoker11 ($118.78 in chips) 
Seat 3: kars0n ($107.50 in chips) 
Seat 4: MikeElPatron ($124.13 in chips) 
Seat 5: IREQO ($94.20 in chips) 
Seat 6: BoyLoc0 ($100 in chips) 
IREQO: posts small blind $0.50
BoyLoc0: posts big blind $1
*** HOLE CARDS ***
AlexPinsk1: raises $1.50 to $2.50
Unipoker11: folds 
kars0n: folds 
MikeElPatron: folds 
IREQO: folds 
BoyLoc0: folds 
Uncalled bet ($1.50) returned to AlexPinsk1
AlexPinsk1 collected $2.50 from pot
AlexPinsk1: doesn't show hand 
*** SUMMARY ***
Total pot $2.50 | Rake $0 
Seat 1: AlexPinsk1 collected ($2.50)
Seat 2: Unipoker11 folded before Flop (didn't bet)
Seat 3: kars0n folded before Flop (didn't bet)
Seat 4: MikeElPatron (button) folded before Flop (didn't bet)
Seat 5: IREQO (small blind) folded before Flop
Seat 6: BoyLoc0 (big blind) folded before Flop



PokerStars Hand #254320656040:  Hold'em No Limit ($0.50/$1.00 USD) - 2025/01/11 21:41:26 WET [2025/01/11 16:41:26 ET]
Table 'Devota III' 6-max Seat #5 is the button
Seat 1: AlexPinsk1 ($104 in chips) 
Seat 2: Unipoker11 ($118.78 in chips) 
Seat 3: kars0n ($107.50 in chips) 
Seat 4: MikeElPatron ($124.13 in chips) 
Seat 5: IREQO ($93.70 in chips) 
Seat 6: BoyLoc0 ($100 in chips) 
BoyLoc0: posts small blind $0.50
AlexPinsk1: posts big blind $1
*** HOLE CARDS ***
Unipoker11: folds 
kars0n: folds 
MikeElPatron: folds 
IREQO: raises $1.50 to $2.50
BoyLoc0: folds 
AlexPinsk1: folds 
Uncalled bet ($1.50) returned to IREQO
IREQO collected $2.50 from pot
IREQO: doesn't show hand 
*** SUMMARY ***
Total pot $2.50 | Rake $0 
Seat 1: AlexPinsk1 (big blind) folded before Flop
Seat 2: Unipoker11 folded before Flop (didn't bet)
Seat 3: kars0n folded before Flop (didn't bet)
Seat 4: MikeElPatron folded before Flop (didn't bet)
Seat 5: IREQO (button) collected ($2.50)
Seat 6: BoyLoc0 (small blind) folded before Flop



PokerStars Hand #254320662763:  Hold'em No Limit ($0.50/$1.00 USD) - 2025/01/11 21:41:47 WET [2025/01/11 16:41:47 ET]
Table 'Devota III' 6-max Seat #6 is the button
Seat 1: AlexPinsk1 ($103 in chips) 
Seat 2: Unipoker11 ($118.78 in chips) 
Seat 3: kars0n ($107.50 in chips) 
Seat 4: MikeElPatron ($124.13 in chips) 
Seat 5: IREQO ($100 in chips) 
Seat 6: BoyLoc0 ($100 in chips) 
AlexPinsk1: posts small blind $0.50
Unipoker11: posts big blind $1
*** HOLE CARDS ***
kars0n: raises $1 to $2
MikeElPatron: raises $1 to $3
IREQO: folds 
BoyLoc0: raises $6 to $9
AlexPinsk1: folds 
Unipoker11: folds 
kars0n: folds 
MikeElPatron: calls $6
*** FLOP *** [2s Ts Kh]
MikeElPatron: checks 
BoyLoc0: bets $6.74
MikeElPatron: calls $6.74
*** TURN *** [2s Ts Kh] [Tc]
MikeElPatron: checks 
IREQO is disconnected 
BoyLoc0: bets $16.62
MikeElPatron: calls $16.62
*** RIVER *** [2s Ts Kh Tc] [5c]
MikeElPatron: checks 
BoyLoc0: checks 
*** SHOW DOWN ***
MikeElPatron: shows [6s 6d] (two pair, Tens and Sixes)
BoyLoc0: mucks hand 
MikeElPatron collected $65.72 from pot
*** SUMMARY ***
Total pot $68.22 | Rake $2.50 
Board [2s Ts Kh Tc 5c]
Seat 1: AlexPinsk1 (small blind) folded before Flop
Seat 2: Unipoker11 (big blind) folded before Flop
Seat 3: kars0n folded before Flop
Seat 4: MikeElPatron showed [6s 6d] and won ($65.72) with two pair, Tens and Sixes
Seat 5: IREQO folded before Flop (didn't bet)
Seat 6: BoyLoc0 (button) mucked



PokerStars Hand #254320680861:  Hold'em No Limit ($0.50/$1.00 USD) - 2025/01/11 21:42:41 WET [2025/01/11 16:42:41 ET]
Table 'Devota III' 6-max Seat #1 is the button
Seat 1: AlexPinsk1 ($102.50 in chips) 
Seat 2: Unipoker11 ($117.78 in chips) 
Seat 3: kars0n ($105.50 in chips) 
Seat 4: MikeElPatron ($157.49 in chips) 
Seat 5: IREQO ($100 in chips) 
Seat 6: BoyLoc0 ($100 in chips) 
Unipoker11: posts small blind $0.50
kars0n: posts big blind $1
*** HOLE CARDS ***
MikeElPatron: raises $2.50 to $3.50
IREQO is connected 
IREQO: folds 
BoyLoc0: folds 
AlexPinsk1: folds 
Unipoker11: folds 
kars0n: folds 
Uncalled bet ($2.50) returned to MikeElPatron
MikeElPatron collected $2.50 from pot
*** SUMMARY ***
Total pot $2.50 | Rake $0 
Seat 1: AlexPinsk1 (button) folded before Flop (didn't bet)
Seat 2: Unipoker11 (small blind) folded before Flop
Seat 3: kars0n (big blind) folded before Flop
Seat 4: MikeElPatron collected ($2.50)
Seat 5: IREQO folded before Flop (didn't bet)
Seat 6: BoyLoc0 folded before Flop (didn't bet)



PokerStars Hand #254320691960:  Hold'em No Limit ($0.50/$1.00 USD) - 2025/01/11 21:43:15 WET [2025/01/11 16:43:15 ET]
Table 'Devota III' 6-max Seat #2 is the button
Seat 1: AlexPinsk1 ($102.50 in chips) 
Seat 2: Unipoker11 ($117.28 in chips) 
Seat 3: kars0n ($104.50 in chips) 
Seat 4: MikeElPatron ($158.99 in chips) 
Seat 5: IREQO ($100 in chips) 
Seat 6: BoyLoc0 ($100 in chips) 
kars0n: posts small blind $0.50
MikeElPatron: posts big blind $1
*** HOLE CARDS ***
IREQO: folds 
BoyLoc0: folds 
AlexPinsk1: folds 
Unipoker11: raises $1.50 to $2.50
kars0n: folds 
MikeElPatron: folds 
Uncalled bet ($1.50) returned to Unipoker11
Unipoker11 collected $2.50 from pot
Unipoker11: doesn't show hand 
*** SUMMARY ***
Total pot $2.50 | Rake $0 
Seat 1: AlexPinsk1 folded before Flop (didn't bet)
Seat 2: Unipoker11 (button) collected ($2.50)
Seat 3: kars0n (small blind) folded before Flop
Seat 4: MikeElPatron (big blind) folded before Flop
Seat 5: IREQO folded before Flop (didn't bet)
Seat 6: BoyLoc0 folded before Flop (didn't bet)



PokerStars Hand #254320696120:  Hold'em No Limit ($0.50/$1.00 USD) - 2025/01/11 21:43:28 WET [2025/01/11 16:43:28 ET]
Table 'Devota III' 6-max Seat #3 is the button
Seat 1: AlexPinsk1 ($102.50 in chips) 
Seat 2: Unipoker11 ($118.78 in chips) 
Seat 3: kars0n ($104 in chips) 
Seat 4: MikeElPatron ($157.99 in chips) 
Seat 5: IREQO ($100 in chips) 
Seat 6: BoyLoc0 ($100 in chips) 
MikeElPatron: posts small blind $0.50
IREQO: posts big blind $1
*** HOLE CARDS ***
BoyLoc0: folds 
AlexPinsk1: folds 
Unipoker11: folds 
kars0n: folds 
MikeElPatron: folds 
Uncalled bet ($0.50) returned to IREQO
IREQO collected $1 from pot
IREQO: doesn't show hand 
*** SUMMARY ***
Total pot $1 | Rake $0 
Seat 1: AlexPinsk1 folded before Flop (didn't bet)
Seat 2: Unipoker11 folded before Flop (didn't bet)
Seat 3: kars0n (button) folded before Flop (didn't bet)
Seat 4: MikeElPatron (small blind) folded before Flop
Seat 5: IREQO (big blind) collected ($1)
Seat 6: BoyLoc0 folded before Flop (didn't bet)



PokerStars Hand #254320701314:  Hold'em No Limit ($0.50/$1.00 USD) - 2025/01/11 21:43:44 WET [2025/01/11 16:43:44 ET]
Table 'Devota III' 6-max Seat #4 is the button
Seat 1: AlexPinsk1 ($102.50 in chips) 
Seat 2: Unipoker11 ($118.78 in chips) 
Seat 3: kars0n ($104 in chips) 
Seat 4: MikeElPatron ($157.49 in chips) 
Seat 5: IREQO ($100.50 in chips) 
Seat 6: BoyLoc0 ($100 in chips) 
IREQO: posts small blind $0.50
BoyLoc0: posts big blind $1
*** HOLE CARDS ***
AlexPinsk1: folds 
Unipoker11: folds 
kars0n: folds 
MikeElPatron: folds 
IREQO: folds 
Uncalled bet ($0.50) returned to BoyLoc0
BoyLoc0 collected $1 from pot
BoyLoc0: doesn't show hand 
*** SUMMARY ***
Total pot $1 | Rake $0 
Seat 1: AlexPinsk1 folded before Flop (didn't bet)
Seat 2: Unipoker11 folded before Flop (didn't bet)
Seat 3: kars0n folded before Flop (didn't bet)
Seat 4: MikeElPatron (button) folded before Flop (didn't bet)
Seat 5: IREQO (small blind) folded before Flop
Seat 6: BoyLoc0 (big blind) collected ($1)



PokerStars Hand #254320709761:  Hold'em No Limit ($0.50/$1.00 USD) - 2025/01/11 21:44:10 WET [2025/01/11 16:44:10 ET]
Table 'Devota III' 6-max Seat #5 is the button
Seat 1: AlexPinsk1 ($102.50 in chips) 
Seat 2: Unipoker11 ($118.78 in chips) 
Seat 3: kars0n ($104 in chips) 
Seat 4: MikeElPatron ($157.49 in chips) 
Seat 5: IREQO ($100 in chips) 
Seat 6: BoyLoc0 ($100.50 in chips) 
BoyLoc0: posts small blind $0.50
AlexPinsk1: posts big blind $1
*** HOLE CARDS ***
Unipoker11: folds 
kars0n: folds 
MikeElPatron: folds 
IREQO: folds 
BoyLoc0: raises $2 to $3
AlexPinsk1: folds 
Uncalled bet ($2) returned to BoyLoc0
BoyLoc0 collected $2 from pot
BoyLoc0: doesn't show hand 
*** SUMMARY ***
Total pot $2 | Rake $0 
Seat 1: AlexPinsk1 (big blind) folded before Flop
Seat 2: Unipoker11 folded before Flop (didn't bet)
Seat 3: kars0n folded before Flop (didn't bet)
Seat 4: MikeElPatron folded before Flop (didn't bet)
Seat 5: IREQO (button) folded before Flop (didn't bet)
Seat 6: BoyLoc0 (small blind) collected ($2)



PokerStars Hand #254320715232:  Hold'em No Limit ($0.50/$1.00 USD) - 2025/01/11 21:44:27 WET [2025/01/11 16:44:27 ET]
Table 'Devota III' 6-max Seat #6 is the button
Seat 1: AlexPinsk1 ($101.50 in chips) 
Seat 2: Unipoker11 ($118.78 in chips) 
Seat 3: kars0n ($104 in chips) 
Seat 4: MikeElPatron ($157.49 in chips) 
Seat 5: IREQO ($100 in chips) 
Seat 6: BoyLoc0 ($101.50 in chips) 
AlexPinsk1: posts small blind $0.50
Unipoker11: posts big blind $1
*** HOLE CARDS ***
kars0n: folds 
MikeElPatron: calls $1
IREQO: folds 
BoyLoc0: folds 
AlexPinsk1: raises $2.50 to $3.50
Unipoker11: folds 
MikeElPatron: calls $2.50
*** FLOP *** [Qd 6d 8c]
AlexPinsk1: bets $3.80
MikeElPatron: folds 
Uncalled bet ($3.80) returned to AlexPinsk1
AlexPinsk1 collected $7.60 from pot
AlexPinsk1: doesn't show hand 
*** SUMMARY ***
Total pot $8 | Rake $0.40 
Board [Qd 6d 8c]
Seat 1: AlexPinsk1 (small blind) collected ($7.60)
Seat 2: Unipoker11 (big blind) folded before Flop
Seat 3: kars0n folded before Flop (didn't bet)
Seat 4: MikeElPatron folded on the Flop
Seat 5: IREQO folded before Flop (didn't bet)
Seat 6: BoyLoc0 (button) folded before Flop (didn't bet)



PokerStars Hand #254320725513:  Hold'em No Limit ($0.50/$1.00 USD) - 2025/01/11 21:44:58 WET [2025/01/11 16:44:58 ET]
Table 'Devota III' 6-max Seat #1 is the button
Seat 1: AlexPinsk1 ($105.60 in chips) 
Seat 2: Unipoker11 ($117.78 in chips) 
Seat 3: kars0n ($104 in chips) 
Seat 4: MikeElPatron ($153.99 in chips) 
Seat 5: IREQO ($100 in chips) 
Seat 6: BoyLoc0 ($101.50 in chips) 
Unipoker11: posts small blind $0.50
kars0n: posts big blind $1
*** HOLE CARDS ***
MikeElPatron: folds 
IREQO: folds 
BoyLoc0: folds 
AlexPinsk1: raises $1.50 to $2.50
Unipoker11: folds 
kars0n: raises $10 to $12.50
AlexPinsk1: folds 
Uncalled bet ($10) returned to kars0n
kars0n collected $5.50 from pot
kars0n: doesn't show hand 
*** SUMMARY ***
Total pot $5.50 | Rake $0 
Seat 1: AlexPinsk1 (button) folded before Flop
Seat 2: Unipoker11 (small blind) folded before Flop
Seat 3: kars0n (big blind) collected ($5.50)
Seat 4: MikeElPatron folded before Flop (didn't bet)
Seat 5: IREQO folded before Flop (didn't bet)
Seat 6: BoyLoc0 folded before Flop (didn't bet)



PokerStars Hand #254320732662:  Hold'em No Limit ($0.50/$1.00 USD) - 2025/01/11 21:45:20 WET [2025/01/11 16:45:20 ET]
Table 'Devota III' 6-max Seat #2 is the button
Seat 1: AlexPinsk1 ($103.10 in chips) 
Seat 2: Unipoker11 ($117.28 in chips) 
Seat 3: kars0n ($107 in chips) 
Seat 4: MikeElPatron ($153.99 in chips) 
Seat 5: IREQO ($100 in chips) 
Seat 6: BoyLoc0 ($101.50 in chips) 
kars0n: posts small blind $0.50
MikeElPatron: posts big blind $1
*** HOLE CARDS ***
IREQO: folds 
BoyLoc0: folds 
AlexPinsk1: raises $1.50 to $2.50
Unipoker11: folds 
kars0n: folds 
MikeElPatron: folds 
Uncalled bet ($1.50) returned to AlexPinsk1
AlexPinsk1 collected $2.50 from pot
AlexPinsk1: doesn't show hand 
*** SUMMARY ***
Total pot $2.50 | Rake $0 
Seat 1: AlexPinsk1 collected ($2.50)
Seat 2: Unipoker11 (button) folded before Flop (didn't bet)
Seat 3: kars0n (small blind) folded before Flop
Seat 4: MikeElPatron (big blind) folded before Flop
Seat 5: IREQO folded before Flop (didn't bet)
Seat 6: BoyLoc0 folded before Flop (didn't bet)



PokerStars Hand #254320739412:  Hold'em No Limit ($0.50/$1.00 USD) - 2025/01/11 21:45:41 WET [2025/01/11 16:45:41 ET]
Table 'Devota III' 6-max Seat #3 is the button
Seat 1: AlexPinsk1 ($104.60 in chips) 
Seat 2: Unipoker11 ($117.28 in chips) 
Seat 3: kars0n ($106.50 in chips) 
Seat 4: MikeElPatron ($152.99 in chips) 
Seat 5: IREQO ($100 in chips) 
Seat 6: BoyLoc0 ($101.50 in chips) 
MikeElPatron: posts small blind $0.50
IREQO: posts big blind $1
*** HOLE CARDS ***
BoyLoc0: folds 
AlexPinsk1: folds 
Unipoker11: folds 
kars0n: folds 
MikeElPatron: folds 
Uncalled bet ($0.50) returned to IREQO
IREQO collected $1 from pot
IREQO: doesn't show hand 
*** SUMMARY ***
Total pot $1 | Rake $0 
Seat 1: AlexPinsk1 folded before Flop (didn't bet)
Seat 2: Unipoker11 folded before Flop (didn't bet)
Seat 3: kars0n (button) folded before Flop (didn't bet)
Seat 4: MikeElPatron (small blind) folded before Flop
Seat 5: IREQO (big blind) collected ($1)
Seat 6: BoyLoc0 folded before Flop (didn't bet)



PokerStars Hand #254320743460:  Hold'em No Limit ($0.50/$1.00 USD) - 2025/01/11 21:45:54 WET [2025/01/11 16:45:54 ET]
Table 'Devota III' 6-max Seat #4 is the button
Seat 1: AlexPinsk1 ($104.60 in chips) 
Seat 2: Unipoker11 ($117.28 in chips) 
Seat 3: kars0n ($106.50 in chips) 
Seat 4: MikeElPatron ($152.49 in chips) 
Seat 5: IREQO ($100.50 in chips) 
Seat 6: BoyLoc0 ($101.50 in chips) 
IREQO: posts small blind $0.50
BoyLoc0: posts big blind $1
*** HOLE CARDS ***
AlexPinsk1: folds 
Unipoker11: folds 
kars0n: raises $1.50 to $2.50
MikeElPatron: folds 
IREQO: folds 
BoyLoc0: calls $1.50
*** FLOP *** [6d 5d Qc]
BoyLoc0: checks 
kars0n: bets $1.72
BoyLoc0: folds 
Uncalled bet ($1.72) returned to kars0n
kars0n collected $5.22 from pot
kars0n: doesn't show hand 
*** SUMMARY ***
Total pot $5.50 | Rake $0.28 
Board [6d 5d Qc]
Seat 1: AlexPinsk1 folded before Flop (didn't bet)
Seat 2: Unipoker11 folded before Flop (didn't bet)
Seat 3: kars0n collected ($5.22)
Seat 4: MikeElPatron (button) folded before Flop (didn't bet)
Seat 5: IREQO (small blind) folded before Flop
Seat 6: BoyLoc0 (big blind) folded on the Flop



PokerStars Hand #254320750807:  Hold'em No Limit ($0.50/$1.00 USD) - 2025/01/11 21:46:16 WET [2025/01/11 16:46:16 ET]
Table 'Devota III' 6-max Seat #5 is the button
Seat 1: AlexPinsk1 ($104.60 in chips) 
Seat 2: Unipoker11 ($117.28 in chips) 
Seat 3: kars0n ($109.22 in chips) 
Seat 4: MikeElPatron ($152.49 in chips) 
Seat 5: IREQO ($100 in chips) 
Seat 6: BoyLoc0 ($100 in chips) 
BoyLoc0: posts small blind $0.50
AlexPinsk1: posts big blind $1
*** HOLE CARDS ***
Unipoker11: folds 
kars0n: folds 
MikeElPatron: folds 
IREQO: raises $1.50 to $2.50
BoyLoc0: raises $7.50 to $10
AlexPinsk1: folds 
IREQO: folds 
Uncalled bet ($7.50) returned to BoyLoc0
BoyLoc0 collected $6 from pot
BoyLoc0: doesn't show hand 
*** SUMMARY ***
Total pot $6 | Rake $0 
Seat 1: AlexPinsk1 (big blind) folded before Flop
Seat 2: Unipoker11 folded before Flop (didn't bet)
Seat 3: kars0n folded before Flop (didn't bet)
Seat 4: MikeElPatron folded before Flop (didn't bet)
Seat 5: IREQO (button) folded before Flop
Seat 6: BoyLoc0 (small blind) collected ($6)



PokerStars Hand #254320757178:  Hold'em No Limit ($0.50/$1.00 USD) - 2025/01/11 21:46:36 WET [2025/01/11 16:46:36 ET]
Table 'Devota III' 6-max Seat #6 is the button
Seat 1: AlexPinsk1 ($103.60 in chips) 
Seat 2: Unipoker11 ($117.28 in chips) 
Seat 3: kars0n ($109.22 in chips) 
Seat 4: MikeElPatron ($152.49 in chips) 
Seat 5: IREQO ($97.50 in chips) 
Seat 6: BoyLoc0 ($103.50 in chips) 
AlexPinsk1: posts small blind $0.50
Unipoker11: posts big blind $1
*** HOLE CARDS ***
kars0n: folds 
MikeElPatron: raises $1 to $2
IREQO: folds 
BoyLoc0: folds 
AlexPinsk1: folds 
Unipoker11: calls $1
*** FLOP *** [4h Ah 2h]
Unipoker11: checks 
MikeElPatron: bets $2.14
Unipoker11: calls $2.14
*** TURN *** [4h Ah 2h] [9s]
Unipoker11: checks 
MikeElPatron: bets $4.17
Unipoker11: calls $4.17
*** RIVER *** [4h Ah 2h 9s] [7h]
Unipoker11: checks 
AlexPinsk1 leaves the table
MikeElPatron: bets $4
Unipoker11: calls $4
*** SHOW DOWN ***
MikeElPatron: shows [Js 9c] (a pair of Nines)
Unipoker11: shows [Ac 2s] (two pair, Aces and Deuces)
nikalas22 joins the table at seat #1 
Unipoker11 collected $23.86 from pot
*** SUMMARY ***
Total pot $25.12 | Rake $1.26 
Board [4h Ah 2h 9s 7h]
Seat 1: AlexPinsk1 (small blind) folded before Flop
Seat 2: Unipoker11 (big blind) showed [Ac 2s] and won ($23.86) with two pair, Aces and Deuces
Seat 3: kars0n folded before Flop (didn't bet)
Seat 4: MikeElPatron showed [Js 9c] and lost with a pair of Nines
Seat 5: IREQO folded before Flop (didn't bet)
Seat 6: BoyLoc0 (button) folded before Flop (didn't bet)



PokerStars Hand #254320776643:  Hold'em No Limit ($0.50/$1.00 USD) - 2025/01/11 21:47:36 WET [2025/01/11 16:47:36 ET]
Table 'Devota III' 6-max Seat #2 is the button
Seat 1: nikalas22 ($100 in chips) is sitting out
Seat 2: Unipoker11 ($128.83 in chips) 
Seat 3: kars0n ($109.22 in chips) 
Seat 4: MikeElPatron ($140.18 in chips) 
Seat 5: IREQO ($97.50 in chips) 
Seat 6: BoyLoc0 ($103.50 in chips) 
kars0n: posts small blind $0.50
MikeElPatron: posts big blind $1
nikalas22: sits out 
*** HOLE CARDS ***
IREQO: folds 
BoyLoc0: folds 
Unipoker11: folds 
kars0n: raises $2 to $3
MikeElPatron: raises $3 to $6
kars0n: calls $3
*** FLOP *** [3s 5s 2c]
kars0n: checks 
MikeElPatron: bets $11.40
kars0n: folds 
Uncalled bet ($11.40) returned to MikeElPatron
MikeElPatron collected $11.40 from pot
*** SUMMARY ***
Total pot $12 | Rake $0.60 
Board [3s 5s 2c]
Seat 1: nikalas22
Seat 2: Unipoker11 (button) folded before Flop (didn't bet)
Seat 3: kars0n (small blind) folded on the Flop
Seat 4: MikeElPatron (big blind) collected ($11.40)
Seat 5: IREQO folded before Flop (didn't bet)
Seat 6: BoyLoc0 folded before Flop (didn't bet)



PokerStars Hand #254320785872:  Hold'em No Limit ($0.50/$1.00 USD) - 2025/01/11 21:48:04 WET [2025/01/11 16:48:04 ET]
Table 'Devota III' 6-max Seat #3 is the button
Seat 1: nikalas22 ($100 in chips) is sitting out
Seat 2: Unipoker11 ($128.83 in chips) 
Seat 3: kars0n ($103.22 in chips) 
Seat 4: MikeElPatron ($145.58 in chips) 
Seat 5: IREQO ($97.50 in chips) 
Seat 6: BoyLoc0 ($103.50 in chips) 
MikeElPatron: posts small blind $0.50
IREQO: posts big blind $1
nikalas22: sits out 
*** HOLE CARDS ***
BoyLoc0: folds 
Unipoker11: folds 
kars0n: raises $1.50 to $2.50
MikeElPatron: folds 
IREQO: calls $1.50
*** FLOP *** [7d Ts Td]
IREQO: checks 
kars0n: bets $1.30
IREQO: calls $1.30
*** TURN *** [7d Ts Td] [Kc]
IREQO: checks 
kars0n: checks 
*** RIVER *** [7d Ts Td Kc] [8h]
IREQO: checks 
kars0n: bets $2
IREQO: calls $2
*** SHOW DOWN ***
kars0n: shows [Jd Jc] (two pair, Jacks and Tens)
IREQO: mucks hand 
kars0n collected $11.50 from pot
*** SUMMARY ***
Total pot $12.10 | Rake $0.60 
Board [7d Ts Td Kc 8h]
Seat 1: nikalas22
Seat 2: Unipoker11 folded before Flop (didn't bet)
Seat 3: kars0n (button) showed [Jd Jc] and won ($11.50) with two pair, Jacks and Tens
Seat 4: MikeElPatron (small blind) folded before Flop
Seat 5: IREQO (big blind) mucked
Seat 6: BoyLoc0 folded before Flop (didn't bet)



PokerStars Hand #254320816648:  Hold'em No Limit ($0.50/$1.00 USD) - 2025/01/11 21:49:39 WET [2025/01/11 16:49:39 ET]
Table 'Devota III' 6-max Seat #4 is the button
Seat 1: nikalas22 ($100 in chips) is sitting out
Seat 2: Unipoker11 ($128.83 in chips) 
Seat 3: kars0n ($108.92 in chips) 
Seat 4: MikeElPatron ($145.08 in chips) 
Seat 5: IREQO ($91.70 in chips) 
Seat 6: BoyLoc0 ($103.50 in chips) 
IREQO: posts small blind $0.50
BoyLoc0: posts big blind $1
nikalas22: sits out 
*** HOLE CARDS ***
Unipoker11: folds 
kars0n: folds 
MikeElPatron: folds 
IREQO: folds 
Uncalled bet ($0.50) returned to BoyLoc0
BoyLoc0 collected $1 from pot
BoyLoc0: doesn't show hand 
*** SUMMARY ***
Total pot $1 | Rake $0 
Seat 1: nikalas22
Seat 2: Unipoker11 folded before Flop (didn't bet)
Seat 3: kars0n folded before Flop (didn't bet)
Seat 4: MikeElPatron (button) folded before Flop (didn't bet)
Seat 5: IREQO (small blind) folded before Flop
Seat 6: BoyLoc0 (big blind) collected ($1)



PokerStars Hand #254320820875:  Hold'em No Limit ($0.50/$1.00 USD) - 2025/01/11 21:49:52 WET [2025/01/11 16:49:52 ET]
Table 'Devota III' 6-max Seat #5 is the button
Seat 1: nikalas22 ($100 in chips) 
Seat 2: Unipoker11 ($128.83 in chips) 
Seat 3: kars0n ($108.92 in chips) 
Seat 4: MikeElPatron ($145.08 in chips) 
Seat 5: IREQO ($91.20 in chips) 
Seat 6: BoyLoc0 ($104 in chips) 
BoyLoc0: posts small blind $0.50
nikalas22: posts big blind $1
*** HOLE CARDS ***
Unipoker11: folds 
kars0n: folds 
MikeElPatron: folds 
IREQO: folds 
BoyLoc0: raises $2 to $3
nikalas22: folds 
Uncalled bet ($2) returned to BoyLoc0
BoyLoc0 collected $2 from pot
BoyLoc0: doesn't show hand 
*** SUMMARY ***
Total pot $2 | Rake $0 
Seat 1: nikalas22 (big blind) folded before Flop
Seat 2: Unipoker11 folded before Flop (didn't bet)
Seat 3: kars0n folded before Flop (didn't bet)
Seat 4: MikeElPatron folded before Flop (didn't bet)
Seat 5: IREQO (button) folded before Flop (didn't bet)
Seat 6: BoyLoc0 (small blind) collected ($2)



PokerStars Hand #254320826864:  Hold'em No Limit ($0.50/$1.00 USD) - 2025/01/11 21:50:10 WET [2025/01/11 16:50:10 ET]
Table 'Devota III' 6-max Seat #6 is the button
Seat 1: nikalas22 ($100 in chips) 
Seat 2: Unipoker11 ($128.83 in chips) 
Seat 3: kars0n ($108.92 in chips) 
Seat 4: MikeElPatron ($145.08 in chips) 
Seat 5: IREQO ($91.20 in chips) 
Seat 6: BoyLoc0 ($105 in chips) 
nikalas22: posts small blind $0.50
Unipoker11: posts big blind $1
*** HOLE CARDS ***
kars0n: raises $1 to $2
MikeElPatron: folds 
IREQO: folds 
BoyLoc0: folds 
nikalas22: folds 
Unipoker11: folds 
Uncalled bet ($1) returned to kars0n
kars0n collected $2.50 from pot
kars0n: doesn't show hand 
*** SUMMARY ***
Total pot $2.50 | Rake $0 
Seat 1: nikalas22 (small blind) folded before Flop
Seat 2: Unipoker11 (big blind) folded before Flop
Seat 3: kars0n collected ($2.50)
Seat 4: MikeElPatron folded before Flop (didn't bet)
Seat 5: IREQO folded before Flop (didn't bet)
Seat 6: BoyLoc0 (button) folded before Flop (didn't bet)



PokerStars Hand #254320835225:  Hold'em No Limit ($0.50/$1.00 USD) - 2025/01/11 21:50:36 WET [2025/01/11 16:50:36 ET]
Table 'Devota III' 6-max Seat #1 is the button
Seat 1: nikalas22 ($100 in chips) 
Seat 2: Unipoker11 ($127.83 in chips) 
Seat 3: kars0n ($110.42 in chips) 
Seat 4: MikeElPatron ($145.08 in chips) 
Seat 5: IREQO ($91.20 in chips) 
Seat 6: BoyLoc0 ($105 in chips) 
Unipoker11: posts small blind $0.50
kars0n: posts big blind $1
*** HOLE CARDS ***
MikeElPatron: folds 
IREQO: folds 
BoyLoc0: raises $1.50 to $2.50
nikalas22: folds 
Unipoker11: folds 
kars0n: folds 
Uncalled bet ($1.50) returned to BoyLoc0
BoyLoc0 collected $2.50 from pot
BoyLoc0: doesn't show hand 
*** SUMMARY ***
Total pot $2.50 | Rake $0 
Seat 1: nikalas22 (button) folded before Flop (didn't bet)
Seat 2: Unipoker11 (small blind) folded before Flop
Seat 3: kars0n (big blind) folded before Flop
Seat 4: MikeElPatron folded before Flop (didn't bet)
Seat 5: IREQO folded before Flop (didn't bet)
Seat 6: BoyLoc0 collected ($2.50)



PokerStars Hand #254320841708:  Hold'em No Limit ($0.50/$1.00 USD) - 2025/01/11 21:50:56 WET [2025/01/11 16:50:56 ET]
Table 'Devota III' 6-max Seat #2 is the button
Seat 1: nikalas22 ($100 in chips) 
Seat 2: Unipoker11 ($127.33 in chips) 
Seat 3: kars0n ($109.42 in chips) 
Seat 4: MikeElPatron ($145.08 in chips) 
Seat 5: IREQO ($100 in chips) 
Seat 6: BoyLoc0 ($106.50 in chips) 
kars0n: posts small blind $0.50
MikeElPatron: posts big blind $1
*** HOLE CARDS ***
IREQO: folds 
BoyLoc0: folds 
nikalas22: raises $1.50 to $2.50
Unipoker11: folds 
kars0n: folds 
MikeElPatron: calls $1.50
*** FLOP *** [3s Js 2c]
MikeElPatron: checks 
nikalas22: bets $1.57
MikeElPatron: calls $1.57
*** TURN *** [3s Js 2c] [9s]
MikeElPatron: checks 
nikalas22: checks 
*** RIVER *** [3s Js 2c 9s] [8c]
MikeElPatron: bets $4.11
nikalas22: calls $4.11
*** SHOW DOWN ***
MikeElPatron: shows [Kc Ts] (high card King)
nikalas22: shows [Jd Qh] (a pair of Jacks)
nikalas22 collected $16.02 from pot
*** SUMMARY ***
Total pot $16.86 | Rake $0.84 
Board [3s Js 2c 9s 8c]
Seat 1: nikalas22 showed [Jd Qh] and won ($16.02) with a pair of Jacks
Seat 2: Unipoker11 (button) folded before Flop (didn't bet)
Seat 3: kars0n (small blind) folded before Flop
Seat 4: MikeElPatron (big blind) showed [Kc Ts] and lost with high card King
Seat 5: IREQO folded before Flop (didn't bet)
Seat 6: BoyLoc0 folded before Flop (didn't bet)



PokerStars Hand #254320855394:  Hold'em No Limit ($0.50/$1.00 USD) - 2025/01/11 21:51:38 WET [2025/01/11 16:51:38 ET]
Table 'Devota III' 6-max Seat #3 is the button
Seat 1: nikalas22 ($107.84 in chips) 
Seat 2: Unipoker11 ($127.33 in chips) 
Seat 3: kars0n ($108.92 in chips) 
Seat 4: MikeElPatron ($136.90 in chips) 
Seat 5: IREQO ($100 in chips) 
Seat 6: BoyLoc0 ($106.50 in chips) 
MikeElPatron: posts small blind $0.50
IREQO: posts big blind $1
*** HOLE CARDS ***
BoyLoc0: folds 
nikalas22: folds 
Unipoker11: raises $1.30 to $2.30
kars0n: folds 
MikeElPatron: raises $1.30 to $3.60
IREQO: folds 
Unipoker11: calls $1.30
*** FLOP *** [4h Qc Kc]
MikeElPatron: bets $7.79
Unipoker11: calls $7.79
*** TURN *** [4h Qc Kc] [Js]
MikeElPatron: bets $22.59
Unipoker11: calls $22.59
*** RIVER *** [4h Qc Kc Js] [6d]
MikeElPatron: bets $21
Unipoker11: calls $21
*** SHOW DOWN ***
MikeElPatron: shows [9h 9d] (a pair of Nines)
Unipoker11: shows [Td Kh] (a pair of Kings)
Unipoker11 collected $108.46 from pot
*** SUMMARY ***
Total pot $110.96 | Rake $2.50 
Board [4h Qc Kc Js 6d]
Seat 1: nikalas22 folded before Flop (didn't bet)
Seat 2: Unipoker11 showed [Td Kh] and won ($108.46) with a pair of Kings
Seat 3: kars0n (button) folded before Flop (didn't bet)
Seat 4: MikeElPatron (small blind) showed [9h 9d] and lost with a pair of Nines
Seat 5: IREQO (big blind) folded before Flop
Seat 6: BoyLoc0 folded before Flop (didn't bet)



PokerStars Hand #254320881162:  Hold'em No Limit ($0.50/$1.00 USD) - 2025/01/11 21:52:58 WET [2025/01/11 16:52:58 ET]
Table 'Devota III' 6-max Seat #4 is the button
Seat 1: nikalas22 ($107.84 in chips) 
Seat 2: Unipoker11 ($180.81 in chips) 
Seat 3: kars0n ($108.92 in chips) 
Seat 4: MikeElPatron ($81.92 in chips) 
Seat 5: IREQO ($100 in chips) 
Seat 6: BoyLoc0 ($106.50 in chips) 
IREQO: posts small blind $0.50
BoyLoc0: posts big blind $1
*** HOLE CARDS ***
nikalas22: raises $1.50 to $2.50
Unipoker11: folds 
kars0n: folds 
MikeElPatron: folds 
IREQO: folds 
BoyLoc0: folds 
Uncalled bet ($1.50) returned to nikalas22
nikalas22 collected $2.50 from pot
nikalas22: doesn't show hand 
*** SUMMARY ***
Total pot $2.50 | Rake $0 
Seat 1: nikalas22 collected ($2.50)
Seat 2: Unipoker11 folded before Flop (didn't bet)
Seat 3: kars0n folded before Flop (didn't bet)
Seat 4: MikeElPatron (button) folded before Flop (didn't bet)
Seat 5: IREQO (small blind) folded before Flop
Seat 6: BoyLoc0 (big blind) folded before Flop



PokerStars Hand #254320889764:  Hold'em No Limit ($0.50/$1.00 USD) - 2025/01/11 21:53:25 WET [2025/01/11 16:53:25 ET]
Table 'Devota III' 6-max Seat #5 is the button
Seat 1: nikalas22 ($109.34 in chips) 
Seat 2: Unipoker11 ($180.81 in chips) 
Seat 3: kars0n ($108.92 in chips) 
Seat 4: MikeElPatron ($81.92 in chips) 
Seat 5: IREQO ($100 in chips) 
Seat 6: BoyLoc0 ($105.50 in chips) 
BoyLoc0: posts small blind $0.50
nikalas22: posts big blind $1
*** HOLE CARDS ***
Unipoker11: folds 
kars0n: folds 
MikeElPatron: folds 
IREQO: folds 
BoyLoc0: raises $2 to $3
nikalas22: folds 
Uncalled bet ($2) returned to BoyLoc0
BoyLoc0 collected $2 from pot
BoyLoc0: doesn't show hand 
*** SUMMARY ***
Total pot $2 | Rake $0 
Seat 1: nikalas22 (big blind) folded before Flop
Seat 2: Unipoker11 folded before Flop (didn't bet)
Seat 3: kars0n folded before Flop (didn't bet)
Seat 4: MikeElPatron folded before Flop (didn't bet)
Seat 5: IREQO (button) folded before Flop (didn't bet)
Seat 6: BoyLoc0 (small blind) collected ($2)



PokerStars Hand #254320894630:  Hold'em No Limit ($0.50/$1.00 USD) - 2025/01/11 21:53:40 WET [2025/01/11 16:53:40 ET]
Table 'Devota III' 6-max Seat #6 is the button
Seat 1: nikalas22 ($108.34 in chips) 
Seat 2: Unipoker11 ($180.81 in chips) 
Seat 3: kars0n ($108.92 in chips) 
Seat 4: MikeElPatron ($81.92 in chips) 
Seat 5: IREQO ($100 in chips) 
Seat 6: BoyLoc0 ($106.50 in chips) 
nikalas22: posts small blind $0.50
Unipoker11: posts big blind $1
*** HOLE CARDS ***
kars0n: raises $1 to $2
MikeElPatron: folds 
IREQO: folds 
BoyLoc0: raises $5 to $7
nikalas22: folds 
Unipoker11: folds 
kars0n: calls $5
*** FLOP *** [3h 8s Jc]
kars0n: checks 
BoyLoc0: bets $4.86
kars0n: calls $4.86
*** TURN *** [3h 8s Jc] [Kd]
kars0n: checks 
BoyLoc0: bets $17.97
kars0n: raises $79.09 to $97.06 and is all-in
BoyLoc0: folds 
Uncalled bet ($79.09) returned to kars0n
kars0n collected $58.66 from pot
kars0n: doesn't show hand 
*** SUMMARY ***
Total pot $61.16 | Rake $2.50 
Board [3h 8s Jc Kd]
Seat 1: nikalas22 (small blind) folded before Flop
Seat 2: Unipoker11 (big blind) folded before Flop
Seat 3: kars0n collected ($58.66)
Seat 4: MikeElPatron folded before Flop (didn't bet)
Seat 5: IREQO folded before Flop (didn't bet)
Seat 6: BoyLoc0 (button) folded on the Turn



PokerStars Hand #254320915851:  Hold'em No Limit ($0.50/$1.00 USD) - 2025/01/11 21:54:45 WET [2025/01/11 16:54:45 ET]
Table 'Devota III' 6-max Seat #1 is the button
Seat 1: nikalas22 ($107.84 in chips) 
Seat 2: Unipoker11 ($179.81 in chips) 
Seat 3: kars0n ($137.75 in chips) 
Seat 4: MikeElPatron ($81.92 in chips) 
Seat 5: IREQO ($100 in chips) 
Seat 6: BoyLoc0 ($100 in chips) 
Unipoker11: posts small blind $0.50
kars0n: posts big blind $1
*** HOLE CARDS ***
MikeElPatron: folds 
IREQO: folds 
BoyLoc0: folds 
MikeElPatron leaves the table
BoyLoc0 leaves the table
nikalas22: raises $1.50 to $2.50
Unipoker11: folds 
kars0n: calls $1.50
*** FLOP *** [Ts Jh 7c]
kars0n: checks 
nikalas22: checks 
*** TURN *** [Ts Jh 7c] [5s]
kars0n: checks 
nikalas22: checks 
*** RIVER *** [Ts Jh 7c 5s] [Jd]
kars0n: bets $1.72
nikalas22: calls $1.72
*** SHOW DOWN ***
kars0n: shows [Kd Th] (two pair, Jacks and Tens)
nikalas22: mucks hand 
kars0n collected $8.49 from pot
*** SUMMARY ***
Total pot $8.94 | Rake $0.45 
Board [Ts Jh 7c 5s Jd]
Seat 1: nikalas22 (button) mucked
Seat 2: Unipoker11 (small blind) folded before Flop
Seat 3: kars0n (big blind) showed [Kd Th] and won ($8.49) with two pair, Jacks and Tens
Seat 4: MikeElPatron folded before Flop (didn't bet)
Seat 5: IREQO folded before Flop (didn't bet)
Seat 6: BoyLoc0 folded before Flop (didn't bet)



PokerStars Hand #254321276063:  Hold'em No Limit ($0.50/$1.00 USD) - 2025/01/11 22:15:00 WET [2025/01/11 17:15:00 ET]
Table 'Devota III' 6-max Seat #3 is the button
Seat 1: nikalas22 ($103.62 in chips) 
Seat 3: Sarabe nab ($71.09 in chips) 
Seat 4: Gfoer ($101.50 in chips) 
Seat 5: SorinS28 ($100 in chips) 
Seat 6: kekoccc ($110.70 in chips) 
Gfoer: posts small blind $0.50
SorinS28: posts big blind $1
*** HOLE CARDS ***
kekoccc: raises $1.50 to $2.50
MauriFierro27 joins the table at seat #2 
nikalas22: folds 
Sarabe nab: folds 
Gfoer: folds 
SorinS28: folds 
Uncalled bet ($1.50) returned to kekoccc
kekoccc collected $2.50 from pot
kekoccc: doesn't show hand 
*** SUMMARY ***
Total pot $2.50 | Rake $0 
Seat 1: nikalas22 folded before Flop (didn't bet)
Seat 3: Sarabe nab (button) folded before Flop (didn't bet)
Seat 4: Gfoer (small blind) folded before Flop
Seat 5: SorinS28 (big blind) folded before Flop
Seat 6: kekoccc collected ($2.50)



PokerStars Hand #254321281882:  Hold'em No Limit ($0.50/$1.00 USD) - 2025/01/11 22:15:18 WET [2025/01/11 17:15:18 ET]
Table 'Devota III' 6-max Seat #4 is the button
Seat 2: MauriFierro27 ($100 in chips) is sitting out
Seat 1: nikalas22 ($103.62 in chips) 
Seat 3: Sarabe nab ($71.09 in chips) 
Seat 4: Gfoer ($101 in chips) 
Seat 5: SorinS28 ($100 in chips) 
Seat 6: kekoccc ($112.20 in chips) 
SorinS28: posts small blind $0.50
kekoccc: posts big blind $1
MauriFierro27: sits out 
*** HOLE CARDS ***
nikalas22: folds 
Sarabe nab: raises $2.50 to $3.50
Gfoer: folds 
SorinS28: folds 
kekoccc: folds 
Uncalled bet ($2.50) returned to Sarabe nab
Sarabe nab collected $2.50 from pot
Sarabe nab: doesn't show hand 
*** SUMMARY ***
Total pot $2.50 | Rake $0 
Seat 2: MauriFierro27
Seat 1: nikalas22 folded before Flop (didn't bet)
Seat 3: Sarabe nab collected ($2.50)
Seat 4: Gfoer (button) folded before Flop (didn't bet)
Seat 5: SorinS28 (small blind) folded before Flop
Seat 6: kekoccc (big blind) folded before Flop



PokerStars Hand #254321288016:  Hold'em No Limit ($0.50/$1.00 USD) - 2025/01/11 22:15:37 WET [2025/01/11 17:15:37 ET]
Table 'Devota III' 6-max Seat #5 is the button
Seat 2: MauriFierro27 ($100 in chips) is sitting out
Seat 1: nikalas22 ($103.62 in chips) 
Seat 3: Sarabe nab ($72.59 in chips) 
Seat 4: Gfoer ($101 in chips) 
Seat 5: SorinS28 ($100 in chips) 
Seat 6: kekoccc ($111.20 in chips) 
kekoccc: posts small blind $0.50
nikalas22: posts big blind $1
MauriFierro27: sits out 
*** HOLE CARDS ***
Sarabe nab: calls $1
Gfoer: folds 
SorinS28: raises $3 to $4
kekoccc: folds 
nikalas22: folds 
Sarabe nab: calls $3
*** FLOP *** [Ah 9c 8h]
Sarabe nab: checks 
SorinS28: bets $2.53
Sarabe nab: calls $2.53
*** TURN *** [Ah 9c 8h] [3s]
Sarabe nab: checks 
SorinS28: bets $10.37
Sarabe nab: calls $10.37
*** RIVER *** [Ah 9c 8h 3s] [7s]
Sarabe nab: checks 
SorinS28: checks 
*** SHOW DOWN ***
Sarabe nab: shows [4h Jh] (high card Ace)
SorinS28: shows [Qd Ks] (high card Ace - King kicker)
SorinS28 collected $33.54 from pot
*** SUMMARY ***
Total pot $35.30 | Rake $1.76 
Board [Ah 9c 8h 3s 7s]
Seat 2: MauriFierro27
Seat 1: nikalas22 (big blind) folded before Flop
Seat 3: Sarabe nab showed [4h Jh] and lost with high card Ace
Seat 4: Gfoer folded before Flop (didn't bet)
Seat 5: SorinS28 (button) showed [Qd Ks] and won ($33.54) with high card Ace
Seat 6: kekoccc (small blind) folded before Flop



PokerStars Hand #254321314755:  Hold'em No Limit ($0.50/$1.00 USD) - 2025/01/11 22:17:00 WET [2025/01/11 17:17:00 ET]
Table 'Devota III' 6-max Seat #6 is the button
Seat 1: nikalas22 ($102.62 in chips) 
Seat 2: MauriFierro27 ($100 in chips) 
Seat 3: Sarabe nab ($55.69 in chips) 
Seat 4: Gfoer ($101 in chips) 
Seat 5: SorinS28 ($116.64 in chips) 
Seat 6: kekoccc ($110.70 in chips) 
nikalas22: posts small blind $0.50
MauriFierro27: posts big blind $1
*** HOLE CARDS ***
Sarabe nab: folds 
Gfoer: folds 
SorinS28: folds 
kekoccc: folds 
nikalas22: folds 
Uncalled bet ($0.50) returned to MauriFierro27
MauriFierro27 collected $1 from pot
MauriFierro27: doesn't show hand 
*** SUMMARY ***
Total pot $1 | Rake $0 
Seat 1: nikalas22 (small blind) folded before Flop
Seat 2: MauriFierro27 (big blind) collected ($1)
Seat 3: Sarabe nab folded before Flop (didn't bet)
Seat 4: Gfoer folded before Flop (didn't bet)
Seat 5: SorinS28 folded before Flop (didn't bet)
Seat 6: kekoccc (button) folded before Flop (didn't bet)



PokerStars Hand #254321318399:  Hold'em No Limit ($0.50/$1.00 USD) - 2025/01/11 22:17:11 WET [2025/01/11 17:17:11 ET]
Table 'Devota III' 6-max Seat #1 is the button
Seat 1: nikalas22 ($102.12 in chips) 
Seat 2: MauriFierro27 ($100.50 in chips) 
Seat 3: Sarabe nab ($55.69 in chips) 
Seat 4: Gfoer ($101 in chips) 
Seat 5: SorinS28 ($116.64 in chips) 
Seat 6: kekoccc ($110.70 in chips) 
MauriFierro27: posts small blind $0.50
Sarabe nab: posts big blind $1
*** HOLE CARDS ***
Gfoer: folds 
SorinS28: folds 
kekoccc: folds 
nikalas22: raises $1.50 to $2.50
MauriFierro27: folds 
Sarabe nab: calls $1.50
*** FLOP *** [Th 6c Tc]
Sarabe nab: bets $5.22
nikalas22: folds 
Uncalled bet ($5.22) returned to Sarabe nab
Sarabe nab collected $5.22 from pot
Sarabe nab: doesn't show hand 
*** SUMMARY ***
Total pot $5.50 | Rake $0.28 
Board [Th 6c Tc]
Seat 1: nikalas22 (button) folded on the Flop
Seat 2: MauriFierro27 (small blind) folded before Flop
Seat 3: Sarabe nab (big blind) collected ($5.22)
Seat 4: Gfoer folded before Flop (didn't bet)
Seat 5: SorinS28 folded before Flop (didn't bet)
Seat 6: kekoccc folded before Flop (didn't bet)



PokerStars Hand #254321326745:  Hold'em No Limit ($0.50/$1.00 USD) - 2025/01/11 22:17:37 WET [2025/01/11 17:17:37 ET]
Table 'Devota III' 6-max Seat #2 is the button
Seat 1: nikalas22 ($100 in chips) 
Seat 2: MauriFierro27 ($100 in chips) 
Seat 3: Sarabe nab ($58.41 in chips) 
Seat 4: Gfoer ($101 in chips) 
Seat 5: SorinS28 ($116.64 in chips) 
Seat 6: kekoccc ($110.70 in chips) 
Sarabe nab: posts small blind $0.50
Gfoer: posts big blind $1
*** HOLE CARDS ***
SorinS28: folds 
kekoccc: folds 
nikalas22: folds 
MauriFierro27: raises $1.20 to $2.20
Sarabe nab: raises $5.40 to $7.60
Gfoer: folds 
MauriFierro27: raises $9.12 to $16.72
Sarabe nab: raises $41.69 to $58.41 and is all-in
MauriFierro27: calls $41.69
*** FLOP *** [5h 9d 6c]
*** TURN *** [5h 9d 6c] [Ah]
*** RIVER *** [5h 9d 6c Ah] [4d]
*** SHOW DOWN ***
Sarabe nab: shows [Qc Qd] (a pair of Queens)
MauriFierro27: shows [As Ac] (three of a kind, Aces)
MauriFierro27 collected $115.32 from pot
*** SUMMARY ***
Total pot $117.82 | Rake $2.50 
Board [5h 9d 6c Ah 4d]
Seat 1: nikalas22 folded before Flop (didn't bet)
Seat 2: MauriFierro27 (button) showed [As Ac] and won ($115.32) with three of a kind, Aces
Seat 3: Sarabe nab (small blind) showed [Qc Qd] and lost with a pair of Queens
Seat 4: Gfoer (big blind) folded before Flop
Seat 5: SorinS28 folded before Flop (didn't bet)
Seat 6: kekoccc folded before Flop (didn't bet)



PokerStars Hand #254321343142:  Hold'em No Limit ($0.50/$1.00 USD) - 2025/01/11 22:18:28 WET [2025/01/11 17:18:28 ET]
Table 'Devota III' 6-max Seat #4 is the button
Seat 1: nikalas22 ($100 in chips) 
Seat 2: MauriFierro27 ($156.91 in chips) 
Seat 4: Gfoer ($100 in chips) 
Seat 5: SorinS28 ($116.64 in chips) 
Seat 6: kekoccc ($110.70 in chips) 
SorinS28: posts small blind $0.50
kekoccc: posts big blind $1
*** HOLE CARDS ***
nikalas22: folds 
MauriFierro27: folds 
kars0n joins the table at seat #3 
Gfoer: raises $1 to $2
SorinS28: folds 
kekoccc: raises $10 to $12
Gfoer: calls $10
*** FLOP *** [5s 2d 4h]
kekoccc: checks 
Gfoer: bets $7.75
kekoccc: folds 
Uncalled bet ($7.75) returned to Gfoer
Gfoer collected $23.28 from pot
Gfoer: doesn't show hand 
*** SUMMARY ***
Total pot $24.50 | Rake $1.22 
Board [5s 2d 4h]
Seat 1: nikalas22 folded before Flop (didn't bet)
Seat 2: MauriFierro27 folded before Flop (didn't bet)
Seat 4: Gfoer (button) collected ($23.28)
Seat 5: SorinS28 (small blind) folded before Flop
Seat 6: kekoccc (big blind) folded on the Flop



PokerStars Hand #254321362997:  Hold'em No Limit ($0.50/$1.00 USD) - 2025/01/11 22:19:28 WET [2025/01/11 17:19:28 ET]
Table 'Devota III' 6-max Seat #5 is the button
Seat 3: kars0n ($142.02 in chips) is sitting out
Seat 1: nikalas22 ($100 in chips) 
Seat 2: MauriFierro27 ($156.91 in chips) 
Seat 4: Gfoer ($111.28 in chips) 
Seat 5: SorinS28 ($116.14 in chips) 
Seat 6: kekoccc ($100 in chips) 
kekoccc: posts small blind $0.50
nikalas22: posts big blind $1
kars0n: sits out 
*** HOLE CARDS ***
MauriFierro27: folds 
Gfoer: folds 
SorinS28: raises $1.50 to $2.50
kekoccc: folds 
nikalas22: folds 
Uncalled bet ($1.50) returned to SorinS28
SorinS28 collected $2.50 from pot
SorinS28: doesn't show hand 
*** SUMMARY ***
Total pot $2.50 | Rake $0 
Seat 3: kars0n
Seat 1: nikalas22 (big blind) folded before Flop
Seat 2: MauriFierro27 folded before Flop (didn't bet)
Seat 4: Gfoer folded before Flop (didn't bet)
Seat 5: SorinS28 (button) collected ($2.50)
Seat 6: kekoccc (small blind) folded before Flop



PokerStars Hand #254321369764:  Hold'em No Limit ($0.50/$1.00 USD) - 2025/01/11 22:19:49 WET [2025/01/11 17:19:49 ET]
Table 'Devota III' 6-max Seat #6 is the button
Seat 2: MauriFierro27 ($156.91 in chips) is sitting out
Seat 1: nikalas22 ($100 in chips) 
Seat 3: kars0n ($142.02 in chips) 
Seat 4: Gfoer ($111.28 in chips) 
Seat 5: SorinS28 ($117.64 in chips) 
Seat 6: kekoccc ($100 in chips) 
nikalas22: posts small blind $0.50
MauriFierro27: is sitting out 
kars0n: posts big blind $1
*** HOLE CARDS ***
MauriFierro27 leaves the table
Gfoer: raises $1.20 to $2.20
SorinS28: folds 
kekoccc: folds 
nikalas22: folds 
kars0n: folds 
Uncalled bet ($1.20) returned to Gfoer
Gfoer collected $2.50 from pot
Gfoer: doesn't show hand 
*** SUMMARY ***
Total pot $2.50 | Rake $0 
Seat 2: MauriFierro27
Seat 1: nikalas22 (small blind) folded before Flop
Seat 3: kars0n (big blind) folded before Flop
Seat 4: Gfoer collected ($2.50)
Seat 5: SorinS28 folded before Flop (didn't bet)
Seat 6: kekoccc (button) folded before Flop (didn't bet)



PokerStars Hand #254321376138:  Hold'em No Limit ($0.50/$1.00 USD) - 2025/01/11 22:20:09 WET [2025/01/11 17:20:09 ET]
Table 'Devota III' 6-max Seat #3 is the button
Seat 4: Gfoer ($112.78 in chips) is sitting out
Seat 5: SorinS28 ($117.64 in chips) is sitting out
Seat 6: kekoccc ($100 in chips) is sitting out
Seat 1: nikalas22 ($100 in chips) 
Seat 3: kars0n ($141.02 in chips) 
kars0n: posts small blind $0.50
Gfoer: is sitting out 
SorinS28: is sitting out 
kekoccc: is sitting out 
nikalas22: posts big blind $1
*** HOLE CARDS ***
SorinS28 leaves the table
kars0n: raises $1.50 to $2.50
nikalas22: folds 
Uncalled bet ($1.50) returned to kars0n
Gfoer leaves the table
kars0n collected $2 from pot
kars0n: doesn't show hand 
*** SUMMARY ***
Total pot $2 | Rake $0 
Seat 4: Gfoer
Seat 5: SorinS28
Seat 6: kekoccc
Seat 1: nikalas22 (big blind) folded before Flop
Seat 3: kars0n (button) (small blind) collected ($2)



PokerStars Hand #254321385025:  Hold'em No Limit ($0.50/$1.00 USD) - 2025/01/11 22:20:36 WET [2025/01/11 17:20:36 ET]
Table 'Devota III' 6-max Seat #1 is the button
Seat 1: nikalas22 ($100 in chips) 
Seat 3: kars0n ($142.02 in chips) 
nikalas22: posts small blind $0.50
kars0n: posts big blind $1
*** HOLE CARDS ***
nikalas22: raises $1.50 to $2.50
kars0n: folds 
Uncalled bet ($1.50) returned to nikalas22
nikalas22 collected $2 from pot
nikalas22: doesn't show hand 
*** SUMMARY ***
Total pot $2 | Rake $0 
Seat 1: nikalas22 (button) (small blind) collected ($2)
Seat 3: kars0n (big blind) folded before Flop



