PokerStars Hand #254322519954:  Hold'em No Limit ($0.50/$1.00 USD) - 2025/01/11 23:24:10 WET [2025/01/11 18:24:10 ET]
Table 'Jokaste III' 6-max Seat #2 is the button
Seat 2: ptolejmus ($10 in chips) 
Seat 4: XneferX ($100 in chips) 
Seat 5: equilibrium_tv ($10 in chips) 
XneferX: posts small blind $0.50
equilibrium_tv: posts big blind $1
*** HOLE CARDS ***
ptolejmus: folds 
XneferX: folds 
Uncalled bet ($0.50) returned to equilibrium_tv
equilibrium_tv collected $1 from pot
*** SUMMARY ***
Total pot $1 | Rake $0 
Seat 2: ptolejmus (button) folded before Flop (didn't bet)
Seat 4: XneferX (small blind) folded before Flop
Seat 5: equilibrium_tv (big blind) collected ($1)



PokerStars Hand #254322523592:  Hold'em No Limit ($0.50/$1.00 USD) - 2025/01/11 23:24:23 WET [2025/01/11 18:24:23 ET]
Table 'Jokaste III' 6-max Seat #4 is the button
Seat 2: ptolejmus ($10 in chips) 
Seat 4: XneferX ($100 in chips) 
Seat 5: equilibrium_tv ($10.50 in chips) 
equilibrium_tv: posts small blind $0.50
ptolejmus: posts big blind $1
*** HOLE CARDS ***
XneferX: raises $1.77 to $2.77
equilibrium_tv: folds 
ptolejmus: raises $7.23 to $10 and is all-in
XneferX: folds 
Uncalled bet ($7.23) returned to ptolejmus
ptolejmus collected $6.04 from pot
*** SUMMARY ***
Total pot $6.04 | Rake $0 
Seat 2: ptolejmus (big blind) collected ($6.04)
Seat 4: XneferX (button) folded before Flop
Seat 5: equilibrium_tv (small blind) folded before Flop



PokerStars Hand #254322535967:  Hold'em No Limit ($0.50/$1.00 USD) - 2025/01/11 23:25:05 WET [2025/01/11 18:25:05 ET]
Table 'Jokaste III' 6-max Seat #5 is the button
Seat 2: ptolejmus ($13.27 in chips) 
Seat 4: XneferX ($100 in chips) 
Seat 5: equilibrium_tv ($10 in chips) 
ptolejmus: posts small blind $0.50
XneferX: posts big blind $1
*** HOLE CARDS ***
equilibrium_tv: folds 
ptolejmus: raises $12.27 to $13.27 and is all-in
XneferX: folds 
Uncalled bet ($12.27) returned to ptolejmus
ptolejmus collected $2 from pot
*** SUMMARY ***
Total pot $2 | Rake $0 
Seat 2: ptolejmus (small blind) collected ($2)
Seat 4: XneferX (big blind) folded before Flop
Seat 5: equilibrium_tv (button) folded before Flop (didn't bet)



PokerStars Hand #254322543106:  Hold'em No Limit ($0.50/$1.00 USD) - 2025/01/11 23:25:29 WET [2025/01/11 18:25:29 ET]
Table 'Jokaste III' 6-max Seat #2 is the button
Seat 2: ptolejmus ($14.27 in chips) 
Seat 4: XneferX ($100 in chips) 
Seat 5: equilibrium_tv ($10 in chips) 
XneferX: posts small blind $0.50
equilibrium_tv: posts big blind $1
*** HOLE CARDS ***
ptolejmus: folds 
BoyLoc0 joins the table at seat #1 
kekoccc joins the table at seat #3 
XneferX: folds 
Uncalled bet ($0.50) returned to equilibrium_tv
equilibrium_tv collected $1 from pot
Unipoker11 joins the table at seat #6 
*** SUMMARY ***
Total pot $1 | Rake $0 
Seat 2: ptolejmus (button) folded before Flop (didn't bet)
Seat 4: XneferX (small blind) folded before Flop
Seat 5: equilibrium_tv (big blind) collected ($1)



PokerStars Hand #254322549158:  Hold'em No Limit ($0.50/$1.00 USD) - 2025/01/11 23:25:50 WET [2025/01/11 18:25:50 ET]
Table 'Jokaste III' 6-max Seat #4 is the button
Seat 1: BoyLoc0 ($100 in chips) is sitting out
Seat 3: kekoccc ($100 in chips) is sitting out
Seat 2: ptolejmus ($14.27 in chips) 
Seat 4: XneferX ($100 in chips) 
Seat 5: equilibrium_tv ($10.50 in chips) 
Seat 6: Unipoker11 ($100 in chips) 
equilibrium_tv: posts small blind $0.50
Unipoker11: posts big blind $1
BoyLoc0: sits out 
kekoccc: sits out 
*** HOLE CARDS ***
ptolejmus: folds 
BoyLoc0 leaves the table
ptolejmus leaves the table
XneferX: folds 
equilibrium_tv: folds 
Uncalled bet ($0.50) returned to Unipoker11
Unipoker11 collected $1 from pot
Unipoker11: doesn't show hand 
*** SUMMARY ***
Total pot $1 | Rake $0 
Seat 1: BoyLoc0
Seat 3: kekoccc
Seat 2: ptolejmus folded before Flop (didn't bet)
Seat 4: XneferX (button) folded before Flop (didn't bet)
Seat 5: equilibrium_tv (small blind) folded before Flop
Seat 6: Unipoker11 (big blind) collected ($1)



PokerStars Hand #254322557339:  Hold'em No Limit ($0.50/$1.00 USD) - 2025/01/11 23:26:18 WET [2025/01/11 18:26:18 ET]
Table 'Jokaste III' 6-max Seat #5 is the button
Seat 3: kekoccc ($100 in chips) 
Seat 4: XneferX ($100 in chips) 
Seat 5: equilibrium_tv ($10 in chips) 
Seat 6: Unipoker11 ($100.50 in chips) 
Unipoker11: posts small blind $0.50
kekoccc: posts big blind $1
*** HOLE CARDS ***
XneferX: raises $1.20 to $2.20
equilibrium_tv: folds 
Unipoker11: folds 
kekoccc: calls $1.20
*** FLOP *** [2c 5s 6h]
kekoccc: checks 
XneferX: checks 
*** TURN *** [2c 5s 6h] [As]
kekoccc: checks 
XneferX: checks 
*** RIVER *** [2c 5s 6h As] [4c]
kekoccc: bets $3.50
XneferX: calls $3.50
*** SHOW DOWN ***
kekoccc: shows [Td Ac] (a pair of Aces)
XneferX: mucks hand 
kekoccc collected $11.30 from pot
*** SUMMARY ***
Total pot $11.90 | Rake $0.60 
Board [2c 5s 6h As 4c]
Seat 3: kekoccc (big blind) showed [Td Ac] and won ($11.30) with a pair of Aces
Seat 4: XneferX mucked
Seat 5: equilibrium_tv (button) folded before Flop (didn't bet)
Seat 6: Unipoker11 (small blind) folded before Flop



PokerStars Hand #254322582193:  Hold'em No Limit ($0.50/$1.00 USD) - 2025/01/11 23:27:43 WET [2025/01/11 18:27:43 ET]
Table 'Jokaste III' 6-max Seat #6 is the button
Seat 3: kekoccc ($105.60 in chips) 
Seat 4: XneferX ($100 in chips) 
Seat 5: equilibrium_tv ($10 in chips) 
Seat 6: Unipoker11 ($100 in chips) 
kekoccc: posts small blind $0.50
XneferX: posts big blind $1
*** HOLE CARDS ***
equilibrium_tv: folds 
Unipoker11: folds 
kekoccc: folds 
Uncalled bet ($0.50) returned to XneferX
XneferX collected $1 from pot
equilibrium_tv leaves the table
XneferX: doesn't show hand 
*** SUMMARY ***
Total pot $1 | Rake $0 
Seat 3: kekoccc (small blind) folded before Flop
Seat 4: XneferX (big blind) collected ($1)
Seat 5: equilibrium_tv folded before Flop (didn't bet)
Seat 6: Unipoker11 (button) folded before Flop (didn't bet)



PokerStars Hand #254322584893:  Hold'em No Limit ($0.50/$1.00 USD) - 2025/01/11 23:27:52 WET [2025/01/11 18:27:52 ET]
Table 'Jokaste III' 6-max Seat #3 is the button
Seat 3: kekoccc ($105.10 in chips) 
Seat 4: XneferX ($100.50 in chips) 
Seat 6: Unipoker11 ($100 in chips) 
XneferX: posts small blind $0.50
Unipoker11: posts big blind $1
*** HOLE CARDS ***
kekoccc: raises $1.50 to $2.50
XneferX: folds 
Unipoker11: folds 
Uncalled bet ($1.50) returned to kekoccc
kekoccc collected $2.50 from pot
kekoccc: doesn't show hand 
*** SUMMARY ***
Total pot $2.50 | Rake $0 
Seat 3: kekoccc (button) collected ($2.50)
Seat 4: XneferX (small blind) folded before Flop
Seat 6: Unipoker11 (big blind) folded before Flop



PokerStars Hand #254322587721:  Hold'em No Limit ($0.50/$1.00 USD) - 2025/01/11 23:28:02 WET [2025/01/11 18:28:02 ET]
Table 'Jokaste III' 6-max Seat #6 is the button
Seat 3: kekoccc ($106.60 in chips) is sitting out
Seat 4: XneferX ($100 in chips) 
Seat 6: Unipoker11 ($100 in chips) 
Unipoker11: posts small blind $0.50
kekoccc: is sitting out 
XneferX: posts big blind $1
*** HOLE CARDS ***
kekoccc leaves the table
Unipoker11: raises $1.50 to $2.50
XneferX: folds 
Uncalled bet ($1.50) returned to Unipoker11
Unipoker11 collected $2 from pot
Unipoker11: doesn't show hand 
*** SUMMARY ***
Total pot $2 | Rake $0 
Seat 3: kekoccc
Seat 4: XneferX (big blind) folded before Flop
Seat 6: Unipoker11 (button) (small blind) collected ($2)



