PokerStars Hand #254319239159:  Hold'em No Limit ($0.50/$1.00 USD) - 2025/01/11 20:29:20 WET [2025/01/11 15:29:20 ET]
Table 'Terpsichore III' 6-max Seat #3 is the button
Seat 4: XneferX ($100 in chips) is sitting out
Seat 5: ant1won ($34.30 in chips) is sitting out
Seat 1: Tibibacsi ($100 in chips) 
Seat 2: Palacios777 ($108.68 in chips) 
Seat 3: NextLevelCW7 ($65.17 in chips) 
Seat 6: Diamondplaces ($13.96 in chips) 
Diamondplaces: posts small blind $0.50
Tibibacsi: posts big blind $1
*** HOLE CARDS ***
Palacios777: folds 
NextLevelCW7: folds 
Diamondplaces: raises $12.96 to $13.96 and is all-in
Tibibacsi: calls $12.96
*** FLOP *** [4d Ad 9d]
*** TURN *** [4d Ad 9d] [2c]
*** RIVER *** [4d Ad 9d 2c] [Td]
*** SHOW DOWN ***
Diamondplaces: shows [Ah 9c] (two pair, Aces and Nines)
Tibibacsi: shows [As 3s] (a pair of Aces)
Diamondplaces collected $26.92 from pot
*** SUMMARY ***
Total pot $27.92 | Rake $1 
Board [4d Ad 9d 2c Td]
Seat 4: XneferX
Seat 5: ant1won
Seat 1: Tibibacsi (big blind) showed [As 3s] and lost with a pair of Aces
Seat 2: Palacios777 folded before Flop (didn't bet)
Seat 3: NextLevelCW7 (button) folded before Flop (didn't bet)
Seat 6: Diamondplaces (small blind) showed [Ah 9c] and won ($26.92) with two pair, Aces and Nines



PokerStars Hand #254319246320:  Hold'em No Limit ($0.50/$1.00 USD) - 2025/01/11 20:29:41 WET [2025/01/11 15:29:41 ET]
Table 'Terpsichore III' 6-max Seat #6 is the button
Seat 4: XneferX ($100 in chips) is sitting out
Seat 1: Tibibacsi ($100 in chips) 
Seat 2: Palacios777 ($108.68 in chips) 
Seat 3: NextLevelCW7 ($65.17 in chips) 
Seat 5: ant1won ($34.30 in chips) 
Seat 6: Diamondplaces ($26.92 in chips) 
Tibibacsi: posts small blind $0.50
Palacios777: posts big blind $1
XneferX: sits out 
ant1won: posts big blind $1
*** HOLE CARDS ***
NextLevelCW7: folds 
ant1won: checks 
Diamondplaces: calls $1
Tibibacsi: folds 
Palacios777: raises $4.50 to $5.50
ant1won: calls $4.50
Diamondplaces: calls $4.50
*** FLOP *** [2d Ah 7h]
Palacios777: checks 
ant1won: checks 
Diamondplaces: checks 
*** TURN *** [2d Ah 7h] [7s]
Palacios777: checks 
ant1won: checks 
Diamondplaces: checks 
*** RIVER *** [2d Ah 7h 7s] [4d]
Palacios777: bets $7.50
ant1won: folds 
Diamondplaces: folds 
Uncalled bet ($7.50) returned to Palacios777
Palacios777 collected $16.15 from pot
Palacios777: doesn't show hand 
*** SUMMARY ***
Total pot $17 | Rake $0.85 
Board [2d Ah 7h 7s 4d]
Seat 4: XneferX
Seat 1: Tibibacsi (small blind) folded before Flop
Seat 2: Palacios777 (big blind) collected ($16.15)
Seat 3: NextLevelCW7 folded before Flop (didn't bet)
Seat 5: ant1won folded on the River
Seat 6: Diamondplaces (button) folded on the River



PokerStars Hand #254319263333:  Hold'em No Limit ($0.50/$1.00 USD) - 2025/01/11 20:30:32 WET [2025/01/11 15:30:32 ET]
Table 'Terpsichore III' 6-max Seat #1 is the button
Seat 4: XneferX ($100 in chips) is sitting out
Seat 1: Tibibacsi ($100 in chips) 
Seat 2: Palacios777 ($119.33 in chips) 
Seat 3: NextLevelCW7 ($65.17 in chips) 
Seat 5: ant1won ($28.80 in chips) 
Seat 6: Diamondplaces ($21.42 in chips) 
Palacios777: posts small blind $0.50
NextLevelCW7: posts big blind $1
XneferX: sits out 
*** HOLE CARDS ***
ant1won: folds 
Diamondplaces: calls $1
Tibibacsi: raises $2.50 to $3.50
Palacios777: folds 
NextLevelCW7: folds 
Diamondplaces: calls $2.50
*** FLOP *** [4h 3h 8d]
Diamondplaces: checks 
Tibibacsi: bets $5.50
Diamondplaces: folds 
Uncalled bet ($5.50) returned to Tibibacsi
Tibibacsi collected $8.08 from pot
Tibibacsi: doesn't show hand 
*** SUMMARY ***
Total pot $8.50 | Rake $0.42 
Board [4h 3h 8d]
Seat 4: XneferX
Seat 1: Tibibacsi (button) collected ($8.08)
Seat 2: Palacios777 (small blind) folded before Flop
Seat 3: NextLevelCW7 (big blind) folded before Flop
Seat 5: ant1won folded before Flop (didn't bet)
Seat 6: Diamondplaces folded on the Flop



PokerStars Hand #254319273596:  Hold'em No Limit ($0.50/$1.00 USD) - 2025/01/11 20:31:03 WET [2025/01/11 15:31:03 ET]
Table 'Terpsichore III' 6-max Seat #2 is the button
Seat 1: Tibibacsi ($104.58 in chips) 
Seat 2: Palacios777 ($118.83 in chips) 
Seat 3: NextLevelCW7 ($64.17 in chips) 
Seat 4: XneferX ($100 in chips) 
Seat 5: ant1won ($28.80 in chips) 
Seat 6: Diamondplaces ($17.92 in chips) 
NextLevelCW7: posts small blind $0.50
XneferX: posts big blind $1
*** HOLE CARDS ***
ant1won: folds 
Diamondplaces: folds 
Tibibacsi: folds 
Palacios777: folds 
NextLevelCW7: folds 
Uncalled bet ($0.50) returned to XneferX
XneferX collected $1 from pot
XneferX: doesn't show hand 
*** SUMMARY ***
Total pot $1 | Rake $0 
Seat 1: Tibibacsi folded before Flop (didn't bet)
Seat 2: Palacios777 (button) folded before Flop (didn't bet)
Seat 3: NextLevelCW7 (small blind) folded before Flop
Seat 4: XneferX (big blind) collected ($1)
Seat 5: ant1won folded before Flop (didn't bet)
Seat 6: Diamondplaces folded before Flop (didn't bet)



PokerStars Hand #254319277146:  Hold'em No Limit ($0.50/$1.00 USD) - 2025/01/11 20:31:13 WET [2025/01/11 15:31:13 ET]
Table 'Terpsichore III' 6-max Seat #3 is the button
Seat 1: Tibibacsi ($104.58 in chips) 
Seat 2: Palacios777 ($118.83 in chips) 
Seat 3: NextLevelCW7 ($63.67 in chips) 
Seat 4: XneferX ($100.50 in chips) 
Seat 5: ant1won ($28.80 in chips) 
Seat 6: Diamondplaces ($17.92 in chips) 
XneferX: posts small blind $0.50
ant1won: posts big blind $1
*** HOLE CARDS ***
Diamondplaces: folds 
Tibibacsi: raises $1 to $2
Palacios777: folds 
NextLevelCW7: folds 
XneferX: calls $1.50
ant1won: folds 
*** FLOP *** [2h 4d 7s]
XneferX: checks 
Tibibacsi: bets $3.50
XneferX: folds 
Uncalled bet ($3.50) returned to Tibibacsi
Tibibacsi collected $4.75 from pot
Tibibacsi: doesn't show hand 
*** SUMMARY ***
Total pot $5 | Rake $0.25 
Board [2h 4d 7s]
Seat 1: Tibibacsi collected ($4.75)
Seat 2: Palacios777 folded before Flop (didn't bet)
Seat 3: NextLevelCW7 (button) folded before Flop (didn't bet)
Seat 4: XneferX (small blind) folded on the Flop
Seat 5: ant1won (big blind) folded before Flop
Seat 6: Diamondplaces folded before Flop (didn't bet)



PokerStars Hand #254319294125:  Hold'em No Limit ($0.50/$1.00 USD) - 2025/01/11 20:32:04 WET [2025/01/11 15:32:04 ET]
Table 'Terpsichore III' 6-max Seat #4 is the button
Seat 1: Tibibacsi ($107.33 in chips) 
Seat 2: Palacios777 ($118.83 in chips) 
Seat 3: NextLevelCW7 ($63.67 in chips) 
Seat 4: XneferX ($100 in chips) 
Seat 5: ant1won ($27.80 in chips) 
Seat 6: Diamondplaces ($17.92 in chips) 
ant1won: posts small blind $0.50
Diamondplaces: posts big blind $1
*** HOLE CARDS ***
Tibibacsi: folds 
Palacios777: folds 
NextLevelCW7: folds 
XneferX: raises $1.77 to $2.77
ant1won: calls $2.27
Diamondplaces: folds 
*** FLOP *** [Jc Kh Tc]
ant1won: checks 
XneferX: checks 
*** TURN *** [Jc Kh Tc] [7d]
ant1won: bets $2.11
XneferX: calls $2.11
*** RIVER *** [Jc Kh Tc 7d] [Ah]
ant1won: checks 
XneferX: checks 
*** SHOW DOWN ***
ant1won: shows [8c Jh] (a pair of Jacks)
XneferX: shows [Ac Th] (two pair, Aces and Tens)
XneferX collected $10.22 from pot
*** SUMMARY ***
Total pot $10.76 | Rake $0.54 
Board [Jc Kh Tc 7d Ah]
Seat 1: Tibibacsi folded before Flop (didn't bet)
Seat 2: Palacios777 folded before Flop (didn't bet)
Seat 3: NextLevelCW7 folded before Flop (didn't bet)
Seat 4: XneferX (button) showed [Ac Th] and won ($10.22) with two pair, Aces and Tens
Seat 5: ant1won (small blind) showed [8c Jh] and lost with a pair of Jacks
Seat 6: Diamondplaces (big blind) folded before Flop



PokerStars Hand #254319315049:  Hold'em No Limit ($0.50/$1.00 USD) - 2025/01/11 20:33:07 WET [2025/01/11 15:33:07 ET]
Table 'Terpsichore III' 6-max Seat #5 is the button
Seat 1: Tibibacsi ($107.33 in chips) 
Seat 2: Palacios777 ($118.83 in chips) 
Seat 3: NextLevelCW7 ($63.67 in chips) 
Seat 4: XneferX ($105.34 in chips) 
Seat 5: ant1won ($22.92 in chips) 
Seat 6: Diamondplaces ($16.92 in chips) 
Diamondplaces: posts small blind $0.50
Tibibacsi: posts big blind $1
*** HOLE CARDS ***
Palacios777: folds 
NextLevelCW7 is disconnected 
NextLevelCW7 has timed out while disconnected
NextLevelCW7: folds 
XneferX: raises $1.20 to $2.20
ant1won: calls $2.20
Diamondplaces: folds 
Tibibacsi: raises $10.80 to $13
XneferX: raises $14 to $27
ant1won: folds 
Tibibacsi: raises $80.33 to $107.33 and is all-in
XneferX: calls $78.34 and is all-in
Uncalled bet ($1.99) returned to Tibibacsi
*** FLOP *** [Kd 7c Kc]
*** TURN *** [Kd 7c Kc] [9c]
*** RIVER *** [Kd 7c Kc 9c] [2s]
*** SHOW DOWN ***
Tibibacsi: shows [Ad As] (two pair, Aces and Kings)
XneferX: shows [Qc Qs] (two pair, Kings and Queens)
Tibibacsi collected $210.88 from pot
XneferX cashed out the hand for $38.13 | Cash Out Fee $0.78
*** SUMMARY ***
Total pot $213.38 | Rake $2.50 
Board [Kd 7c Kc 9c 2s]
Seat 1: Tibibacsi (big blind) showed [Ad As] and won ($210.88) with two pair, Aces and Kings
Seat 2: Palacios777 folded before Flop (didn't bet)
Seat 3: NextLevelCW7 folded before Flop (didn't bet)
Seat 4: XneferX showed [Qc Qs] and lost with two pair, Kings and Queens (cashed out).
Seat 5: ant1won (button) folded before Flop
Seat 6: Diamondplaces (small blind) folded before Flop



PokerStars Hand #254319342790:  Hold'em No Limit ($0.50/$1.00 USD) - 2025/01/11 20:34:29 WET [2025/01/11 15:34:29 ET]
Table 'Terpsichore III' 6-max Seat #6 is the button
Seat 1: Tibibacsi ($212.87 in chips) 
Seat 2: Palacios777 ($118.83 in chips) 
Seat 3: NextLevelCW7 ($63.67 in chips) 
Seat 4: XneferX ($100 in chips) 
Seat 5: ant1won ($20.72 in chips) 
Seat 6: Diamondplaces ($16.42 in chips) 
Tibibacsi: posts small blind $0.50
Palacios777: posts big blind $1
*** HOLE CARDS ***
NextLevelCW7: folds 
XneferX: folds 
ant1won: folds 
Diamondplaces: folds 
Tibibacsi: raises $2 to $3
Palacios777: folds 
Uncalled bet ($2) returned to Tibibacsi
Tibibacsi collected $2 from pot
Tibibacsi: doesn't show hand 
*** SUMMARY ***
Total pot $2 | Rake $0 
Seat 1: Tibibacsi (small blind) collected ($2)
Seat 2: Palacios777 (big blind) folded before Flop
Seat 3: NextLevelCW7 folded before Flop (didn't bet)
Seat 4: XneferX folded before Flop (didn't bet)
Seat 5: ant1won folded before Flop (didn't bet)
Seat 6: Diamondplaces (button) folded before Flop (didn't bet)



PokerStars Hand #254319349498:  Hold'em No Limit ($0.50/$1.00 USD) - 2025/01/11 20:34:49 WET [2025/01/11 15:34:49 ET]
Table 'Terpsichore III' 6-max Seat #1 is the button
Seat 1: Tibibacsi ($213.87 in chips) 
Seat 2: Palacios777 ($117.83 in chips) 
Seat 3: NextLevelCW7 ($63.67 in chips) 
Seat 4: XneferX ($100 in chips) 
Seat 5: ant1won ($20.72 in chips) 
Seat 6: Diamondplaces ($16.42 in chips) 
Palacios777: posts small blind $0.50
NextLevelCW7: posts big blind $1
*** HOLE CARDS ***
XneferX: folds 
ant1won: folds 
Diamondplaces: raises $1 to $2
Tibibacsi: folds 
Palacios777: folds 
NextLevelCW7: folds 
Uncalled bet ($1) returned to Diamondplaces
Diamondplaces collected $2.50 from pot
*** SUMMARY ***
Total pot $2.50 | Rake $0 
Seat 1: Tibibacsi (button) folded before Flop (didn't bet)
Seat 2: Palacios777 (small blind) folded before Flop
Seat 3: NextLevelCW7 (big blind) folded before Flop
Seat 4: XneferX folded before Flop (didn't bet)
Seat 5: ant1won folded before Flop (didn't bet)
Seat 6: Diamondplaces collected ($2.50)



PokerStars Hand #254319356021:  Hold'em No Limit ($0.50/$1.00 USD) - 2025/01/11 20:35:09 WET [2025/01/11 15:35:09 ET]
Table 'Terpsichore III' 6-max Seat #2 is the button
Seat 1: Tibibacsi ($213.87 in chips) 
Seat 2: Palacios777 ($117.33 in chips) 
Seat 3: NextLevelCW7 ($62.67 in chips) 
Seat 4: XneferX ($100 in chips) 
Seat 5: ant1won ($20.72 in chips) 
Seat 6: Diamondplaces ($17.92 in chips) 
NextLevelCW7: posts small blind $0.50
XneferX: posts big blind $1
*** HOLE CARDS ***
ant1won: raises $1 to $2
Diamondplaces: folds 
Tibibacsi: folds 
Palacios777: calls $2
NextLevelCW7: folds 
XneferX: calls $1
*** FLOP *** [8s 7s 9c]
XneferX: checks 
ant1won: bets $3.09
Palacios777: calls $3.09
XneferX: calls $3.09
*** TURN *** [8s 7s 9c] [5h]
XneferX: checks 
ant1won: checks 
Palacios777: bets $4.94
XneferX: calls $4.94
ant1won: calls $4.94
*** RIVER *** [8s 7s 9c 5h] [Jh]
XneferX: checks 
ant1won: checks 
Palacios777: bets $11
XneferX: folds 
ant1won: calls $10.69 and is all-in
Uncalled bet ($0.31) returned to Palacios777
*** SHOW DOWN ***
Palacios777: shows [6h Ah] (a straight, Five to Nine)
ant1won: shows [Kd 7h] (a pair of Sevens)
Palacios777 collected $49.47 from pot
*** SUMMARY ***
Total pot $51.97 | Rake $2.50 
Board [8s 7s 9c 5h Jh]
Seat 1: Tibibacsi folded before Flop (didn't bet)
Seat 2: Palacios777 (button) showed [6h Ah] and won ($49.47) with a straight, Five to Nine
Seat 3: NextLevelCW7 (small blind) folded before Flop
Seat 4: XneferX (big blind) folded on the River
Seat 5: ant1won showed [Kd 7h] and lost with a pair of Sevens
Seat 6: Diamondplaces folded before Flop (didn't bet)



PokerStars Hand #254319388575:  Hold'em No Limit ($0.50/$1.00 USD) - 2025/01/11 20:36:46 WET [2025/01/11 15:36:46 ET]
Table 'Terpsichore III' 6-max Seat #3 is the button
Seat 5: ant1won ($0 in chips) is sitting out
Seat 1: Tibibacsi ($213.87 in chips) 
Seat 2: Palacios777 ($146.08 in chips) 
Seat 3: NextLevelCW7 ($62.17 in chips) 
Seat 4: XneferX ($100 in chips) 
Seat 6: Diamondplaces ($17.92 in chips) 
XneferX: posts small blind $0.50
Diamondplaces: posts big blind $1
*** HOLE CARDS ***
Tibibacsi: folds 
Palacios777: folds 
NextLevelCW7: folds 
XneferX: folds 
Uncalled bet ($0.50) returned to Diamondplaces
Diamondplaces collected $1 from pot
ant1won leaves the table
*** SUMMARY ***
Total pot $1 | Rake $0 
Seat 5: ant1won
Seat 1: Tibibacsi folded before Flop (didn't bet)
Seat 2: Palacios777 folded before Flop (didn't bet)
Seat 3: NextLevelCW7 (button) folded before Flop (didn't bet)
Seat 4: XneferX (small blind) folded before Flop
Seat 6: Diamondplaces (big blind) collected ($1)



PokerStars Hand #254319393276:  Hold'em No Limit ($0.50/$1.00 USD) - 2025/01/11 20:37:00 WET [2025/01/11 15:37:00 ET]
Table 'Terpsichore III' 6-max Seat #4 is the button
Seat 1: Tibibacsi ($213.87 in chips) is sitting out
Seat 2: Palacios777 ($146.08 in chips) 
Seat 3: NextLevelCW7 ($62.17 in chips) 
Seat 4: XneferX ($100 in chips) 
Seat 6: Diamondplaces ($18.42 in chips) 
Diamondplaces: posts small blind $0.50
Tibibacsi: is sitting out 
Palacios777: posts big blind $1
*** HOLE CARDS ***
NextLevelCW7: folds 
Tibibacsi leaves the table
XneferX: raises $1.77 to $2.77
Diamondplaces: folds 
Palacios777: folds 
Uncalled bet ($1.77) returned to XneferX
XneferX collected $2.50 from pot
XneferX: doesn't show hand 
*** SUMMARY ***
Total pot $2.50 | Rake $0 
Seat 1: Tibibacsi
Seat 2: Palacios777 (big blind) folded before Flop
Seat 3: NextLevelCW7 folded before Flop (didn't bet)
Seat 4: XneferX (button) collected ($2.50)
Seat 6: Diamondplaces (small blind) folded before Flop



PokerStars Hand #254319396962:  Hold'em No Limit ($0.50/$1.00 USD) - 2025/01/11 20:37:11 WET [2025/01/11 15:37:11 ET]
Table 'Terpsichore III' 6-max Seat #6 is the button
Seat 2: Palacios777 ($145.08 in chips) 
Seat 3: NextLevelCW7 ($62.17 in chips) 
Seat 4: XneferX ($101.50 in chips) 
Seat 6: Diamondplaces ($17.92 in chips) 
Palacios777: posts small blind $0.50
NextLevelCW7: posts big blind $1
*** HOLE CARDS ***
XneferX: raises $1.20 to $2.20
Diamondplaces: folds 
Palacios777: folds 
NextLevelCW7: folds 
Uncalled bet ($1.20) returned to XneferX
michasia joins the table at seat #5 
XneferX collected $2.50 from pot
XneferX: doesn't show hand 
*** SUMMARY ***
Total pot $2.50 | Rake $0 
Seat 2: Palacios777 (small blind) folded before Flop
Seat 3: NextLevelCW7 (big blind) folded before Flop
Seat 4: XneferX collected ($2.50)
Seat 6: Diamondplaces (button) folded before Flop (didn't bet)



PokerStars Hand #254319400376:  Hold'em No Limit ($0.50/$1.00 USD) - 2025/01/11 20:37:21 WET [2025/01/11 15:37:21 ET]
Table 'Terpsichore III' 6-max Seat #2 is the button
Seat 4: XneferX ($103 in chips) is sitting out
Seat 2: Palacios777 ($144.58 in chips) 
Seat 3: NextLevelCW7 ($61.17 in chips) 
Seat 5: michasia ($100 in chips) 
Seat 6: Diamondplaces ($17.92 in chips) 
NextLevelCW7: posts small blind $0.50
XneferX: is sitting out 
michasia: posts big blind $1
*** HOLE CARDS ***
Diamondplaces: folds 
Palacios777: raises $1.50 to $2.50
NextLevelCW7: folds 
michasia: folds 
Uncalled bet ($1.50) returned to Palacios777
Palacios777 collected $2.50 from pot
Palacios777: doesn't show hand 
*** SUMMARY ***
Total pot $2.50 | Rake $0 
Seat 4: XneferX
Seat 2: Palacios777 (button) collected ($2.50)
Seat 3: NextLevelCW7 (small blind) folded before Flop
Seat 5: michasia (big blind) folded before Flop
Seat 6: Diamondplaces folded before Flop (didn't bet)



PokerStars Hand #254319404982:  Hold'em No Limit ($0.50/$1.00 USD) - 2025/01/11 20:37:34 WET [2025/01/11 15:37:34 ET]
Table 'Terpsichore III' 6-max Seat #3 is the button
Seat 4: XneferX ($103 in chips) is sitting out
Seat 2: Palacios777 ($146.08 in chips) 
Seat 3: NextLevelCW7 ($60.67 in chips) 
Seat 5: michasia ($100 in chips) 
Seat 6: Diamondplaces ($17.92 in chips) 
michasia: posts small blind $0.50
Diamondplaces: posts big blind $1
*** HOLE CARDS ***
Palacios777: folds 
NextLevelCW7: folds 
michasia: folds 
Uncalled bet ($0.50) returned to Diamondplaces
Diamondplaces collected $1 from pot
*** SUMMARY ***
Total pot $1 | Rake $0 
Seat 4: XneferX
Seat 2: Palacios777 folded before Flop (didn't bet)
Seat 3: NextLevelCW7 (button) folded before Flop (didn't bet)
Seat 5: michasia (small blind) folded before Flop
Seat 6: Diamondplaces (big blind) collected ($1)



PokerStars Hand #254319408429:  Hold'em No Limit ($0.50/$1.00 USD) - 2025/01/11 20:37:45 WET [2025/01/11 15:37:45 ET]
Table 'Terpsichore III' 6-max Seat #5 is the button
Seat 4: XneferX ($103 in chips) is sitting out
Seat 2: Palacios777 ($146.08 in chips) 
Seat 3: NextLevelCW7 ($60.67 in chips) 
Seat 5: michasia ($100 in chips) 
Seat 6: Diamondplaces ($18.42 in chips) 
Diamondplaces: posts small blind $0.50
Palacios777: posts big blind $1
*** HOLE CARDS ***
NextLevelCW7: folds 
michasia: folds 
Diamondplaces: raises $17.42 to $18.42 and is all-in
Palacios777: folds 
Uncalled bet ($17.42) returned to Diamondplaces
Diamondplaces collected $2 from pot
*** SUMMARY ***
Total pot $2 | Rake $0 
Seat 4: XneferX
Seat 2: Palacios777 (big blind) folded before Flop
Seat 3: NextLevelCW7 folded before Flop (didn't bet)
Seat 5: michasia (button) folded before Flop (didn't bet)
Seat 6: Diamondplaces (small blind) collected ($2)



PokerStars Hand #254319416157:  Hold'em No Limit ($0.50/$1.00 USD) - 2025/01/11 20:38:08 WET [2025/01/11 15:38:08 ET]
Table 'Terpsichore III' 6-max Seat #6 is the button
Seat 4: XneferX ($103 in chips) is sitting out
Seat 2: Palacios777 ($145.08 in chips) 
Seat 3: NextLevelCW7 ($60.67 in chips) 
Seat 5: michasia ($100 in chips) 
Seat 6: Diamondplaces ($19.42 in chips) 
Palacios777: posts small blind $0.50
NextLevelCW7: posts big blind $1
*** HOLE CARDS ***
michasia: folds 
Diamondplaces: folds 
Palacios777: raises $1.50 to $2.50
NextLevelCW7: raises $4.50 to $7
Palacios777: folds 
Uncalled bet ($4.50) returned to NextLevelCW7
NextLevelCW7 collected $5 from pot
*** SUMMARY ***
Total pot $5 | Rake $0 
Seat 4: XneferX
Seat 2: Palacios777 (small blind) folded before Flop
Seat 3: NextLevelCW7 (big blind) collected ($5)
Seat 5: michasia folded before Flop (didn't bet)
Seat 6: Diamondplaces (button) folded before Flop (didn't bet)



PokerStars Hand #254319423089:  Hold'em No Limit ($0.50/$1.00 USD) - 2025/01/11 20:38:28 WET [2025/01/11 15:38:28 ET]
Table 'Terpsichore III' 6-max Seat #2 is the button
Seat 4: XneferX ($103 in chips) is sitting out
Seat 5: michasia ($100 in chips) is sitting out
Seat 2: Palacios777 ($142.58 in chips) 
Seat 3: NextLevelCW7 ($63.17 in chips) 
Seat 6: Diamondplaces ($19.42 in chips) 
NextLevelCW7: posts small blind $0.50
michasia: is sitting out 
Diamondplaces: posts big blind $1
*** HOLE CARDS ***
michasia leaves the table
Palacios777: folds 
NextLevelCW7: calls $0.50
Diamondplaces: raises $18.42 to $19.42 and is all-in
NextLevelCW7: folds 
Uncalled bet ($18.42) returned to Diamondplaces
Diamondplaces collected $2 from pot
MoRsCeReBruM joins the table at seat #5 
*** SUMMARY ***
Total pot $2 | Rake $0 
Seat 4: XneferX
Seat 5: michasia
Seat 2: Palacios777 (button) folded before Flop (didn't bet)
Seat 3: NextLevelCW7 (small blind) folded before Flop
Seat 6: Diamondplaces (big blind) collected ($2)



PokerStars Hand #254319429672:  Hold'em No Limit ($0.50/$1.00 USD) - 2025/01/11 20:38:48 WET [2025/01/11 15:38:48 ET]
Table 'Terpsichore III' 6-max Seat #3 is the button
Seat 4: XneferX ($103 in chips) is sitting out
Seat 5: MoRsCeReBruM ($100 in chips) is sitting out
Seat 2: Palacios777 ($142.58 in chips) 
Seat 3: NextLevelCW7 ($62.17 in chips) 
Seat 6: Diamondplaces ($20.42 in chips) 
Diamondplaces: posts small blind $0.50
Palacios777: posts big blind $1
*** HOLE CARDS ***
NextLevelCW7: folds 
Diamondplaces: folds 
Uncalled bet ($0.50) returned to Palacios777
Palacios777 collected $1 from pot
Palacios777: doesn't show hand 
*** SUMMARY ***
Total pot $1 | Rake $0 
Seat 4: XneferX
Seat 5: MoRsCeReBruM
Seat 2: Palacios777 (big blind) collected ($1)
Seat 3: NextLevelCW7 (button) folded before Flop (didn't bet)
Seat 6: Diamondplaces (small blind) folded before Flop



PokerStars Hand #254319432019:  Hold'em No Limit ($0.50/$1.00 USD) - 2025/01/11 20:38:55 WET [2025/01/11 15:38:55 ET]
Table 'Terpsichore III' 6-max Seat #6 is the button
Seat 4: XneferX ($103 in chips) is sitting out
Seat 5: MoRsCeReBruM ($100 in chips) is sitting out
Seat 2: Palacios777 ($143.08 in chips) 
Seat 3: NextLevelCW7 ($62.17 in chips) 
Seat 6: Diamondplaces ($19.92 in chips) 
Palacios777: posts small blind $0.50
NextLevelCW7: posts big blind $1
MoRsCeReBruM: sits out 
*** HOLE CARDS ***
Diamondplaces: raises $1 to $2
Palacios777: folds 
NextLevelCW7: calls $1
*** FLOP *** [Ts Ac 3d]
NextLevelCW7: checks 
Diamondplaces: bets $1
NextLevelCW7: calls $1
*** TURN *** [Ts Ac 3d] [Kd]
Kristo 914 joins the table at seat #1 
NextLevelCW7: checks 
Diamondplaces: bets $1
NextLevelCW7: calls $1
*** RIVER *** [Ts Ac 3d Kd] [7d]
NextLevelCW7: bets $5
Diamondplaces: calls $5
*** SHOW DOWN ***
NextLevelCW7: shows [Th Qs] (a pair of Tens)
Diamondplaces: shows [9s Ad] (a pair of Aces)
Diamondplaces collected $17.58 from pot
*** SUMMARY ***
Total pot $18.50 | Rake $0.92 
Board [Ts Ac 3d Kd 7d]
Seat 4: XneferX
Seat 5: MoRsCeReBruM
Seat 2: Palacios777 (small blind) folded before Flop
Seat 3: NextLevelCW7 (big blind) showed [Th Qs] and lost with a pair of Tens
Seat 6: Diamondplaces (button) showed [9s Ad] and won ($17.58) with a pair of Aces



PokerStars Hand #254319441215:  Hold'em No Limit ($0.50/$1.00 USD) - 2025/01/11 20:39:22 WET [2025/01/11 15:39:22 ET]
Table 'Terpsichore III' 6-max Seat #2 is the button
Seat 1: Kristo 914 ($100 in chips) is sitting out
Seat 4: XneferX ($103 in chips) is sitting out
Seat 2: Palacios777 ($142.58 in chips) 
Seat 3: NextLevelCW7 ($53.17 in chips) 
Seat 5: MoRsCeReBruM ($100 in chips) 
Seat 6: Diamondplaces ($28.50 in chips) 
NextLevelCW7: posts small blind $0.50
MoRsCeReBruM: posts big blind $1
Kristo 914: sits out 
*** HOLE CARDS ***
Diamondplaces: folds 
Palacios777: raises $1.50 to $2.50
NextLevelCW7: folds 
MoRsCeReBruM: folds 
Uncalled bet ($1.50) returned to Palacios777
Palacios777 collected $2.50 from pot
Palacios777: doesn't show hand 
*** SUMMARY ***
Total pot $2.50 | Rake $0 
Seat 1: Kristo 914
Seat 4: XneferX
Seat 2: Palacios777 (button) collected ($2.50)
Seat 3: NextLevelCW7 (small blind) folded before Flop
Seat 5: MoRsCeReBruM (big blind) folded before Flop
Seat 6: Diamondplaces folded before Flop (didn't bet)



PokerStars Hand #254319446321:  Hold'em No Limit ($0.50/$1.00 USD) - 2025/01/11 20:39:37 WET [2025/01/11 15:39:37 ET]
Table 'Terpsichore III' 6-max Seat #3 is the button
Seat 1: Kristo 914 ($100 in chips) is sitting out
Seat 4: XneferX ($103 in chips) is sitting out
Seat 2: Palacios777 ($144.08 in chips) 
Seat 3: NextLevelCW7 ($52.67 in chips) 
Seat 5: MoRsCeReBruM ($100 in chips) 
Seat 6: Diamondplaces ($28.50 in chips) 
MoRsCeReBruM: posts small blind $0.50
Diamondplaces: posts big blind $1
Kristo 914: sits out 
*** HOLE CARDS ***
XneferX leaves the table
Palacios777: folds 
NextLevelCW7: folds 
MoRsCeReBruM: raises $2 to $3
Diamondplaces: raises $25.50 to $28.50 and is all-in
MoRsCeReBruM: folds 
Uncalled bet ($25.50) returned to Diamondplaces
Diamondplaces collected $6 from pot
*** SUMMARY ***
Total pot $6 | Rake $0 
Seat 1: Kristo 914
Seat 4: XneferX
Seat 2: Palacios777 folded before Flop (didn't bet)
Seat 3: NextLevelCW7 (button) folded before Flop (didn't bet)
Seat 5: MoRsCeReBruM (small blind) folded before Flop
Seat 6: Diamondplaces (big blind) collected ($6)



PokerStars Hand #254319457274:  Hold'em No Limit ($0.50/$1.00 USD) - 2025/01/11 20:40:10 WET [2025/01/11 15:40:10 ET]
Table 'Terpsichore III' 6-max Seat #5 is the button
Seat 1: Kristo 914 ($100 in chips) 
Seat 2: Palacios777 ($144.08 in chips) 
Seat 3: NextLevelCW7 ($52.67 in chips) 
Seat 5: MoRsCeReBruM ($100 in chips) 
Seat 6: Diamondplaces ($31.50 in chips) 
Diamondplaces: posts small blind $0.50
Kristo 914: posts big blind $1
*** HOLE CARDS ***
Palacios777: folds 
NextLevelCW7: raises $1 to $2
MoRsCeReBruM: folds 
Diamondplaces: folds 
Kristo 914: folds 
Uncalled bet ($1) returned to NextLevelCW7
NextLevelCW7 collected $2.50 from pot
*** SUMMARY ***
Total pot $2.50 | Rake $0 
Seat 1: Kristo 914 (big blind) folded before Flop
Seat 2: Palacios777 folded before Flop (didn't bet)
Seat 3: NextLevelCW7 collected ($2.50)
Seat 5: MoRsCeReBruM (button) folded before Flop (didn't bet)
Seat 6: Diamondplaces (small blind) folded before Flop



PokerStars Hand #254319463144:  Hold'em No Limit ($0.50/$1.00 USD) - 2025/01/11 20:40:27 WET [2025/01/11 15:40:27 ET]
Table 'Terpsichore III' 6-max Seat #6 is the button
Seat 1: Kristo 914 ($100 in chips) 
Seat 2: Palacios777 ($144.08 in chips) 
Seat 3: NextLevelCW7 ($54.17 in chips) 
Seat 5: MoRsCeReBruM ($100 in chips) 
Seat 6: Diamondplaces ($31 in chips) 
Kristo 914: posts small blind $0.50
Palacios777: posts big blind $1
*** HOLE CARDS ***
Trojanovich joins the table at seat #4 
NextLevelCW7: folds 
MoRsCeReBruM: folds 
Diamondplaces: raises $1 to $2
Kristo 914: folds 
Palacios777: calls $1
*** FLOP *** [8c 3c Tc]
Palacios777: checks 
Diamondplaces: bets $4.28
Palacios777: calls $4.28
*** TURN *** [8c 3c Tc] [Ts]
Palacios777: checks 
Diamondplaces: bets $12.41
Palacios777: calls $12.41
*** RIVER *** [8c 3c Tc Ts] [9h]
Palacios777: checks 
Diamondplaces: bets $1
Palacios777: calls $1
*** SHOW DOWN ***
Diamondplaces: shows [Qd Td] (three of a kind, Tens)
Palacios777: mucks hand 
Diamondplaces collected $37.89 from pot
*** SUMMARY ***
Total pot $39.88 | Rake $1.99 
Board [8c 3c Tc Ts 9h]
Seat 1: Kristo 914 (small blind) folded before Flop
Seat 2: Palacios777 (big blind) mucked
Seat 3: NextLevelCW7 folded before Flop (didn't bet)
Seat 5: MoRsCeReBruM folded before Flop (didn't bet)
Seat 6: Diamondplaces (button) showed [Qd Td] and won ($37.89) with three of a kind, Tens



PokerStars Hand #254319484080:  Hold'em No Limit ($0.50/$1.00 USD) - 2025/01/11 20:41:28 WET [2025/01/11 15:41:28 ET]
Table 'Terpsichore III' 6-max Seat #1 is the button
Seat 4: Trojanovich ($100 in chips) is sitting out
Seat 1: Kristo 914 ($100 in chips) 
Seat 2: Palacios777 ($124.39 in chips) 
Seat 3: NextLevelCW7 ($54.17 in chips) 
Seat 5: MoRsCeReBruM ($100 in chips) 
Seat 6: Diamondplaces ($49.20 in chips) 
Palacios777: posts small blind $0.50
NextLevelCW7: posts big blind $1
Trojanovich: sits out 
*** HOLE CARDS ***
MoRsCeReBruM: folds 
Diamondplaces: folds 
Kristo 914: folds 
Palacios777: raises $1.50 to $2.50
NextLevelCW7: folds 
Uncalled bet ($1.50) returned to Palacios777
Palacios777 collected $2 from pot
Palacios777: doesn't show hand 
*** SUMMARY ***
Total pot $2 | Rake $0 
Seat 4: Trojanovich
Seat 1: Kristo 914 (button) folded before Flop (didn't bet)
Seat 2: Palacios777 (small blind) collected ($2)
Seat 3: NextLevelCW7 (big blind) folded before Flop
Seat 5: MoRsCeReBruM folded before Flop (didn't bet)
Seat 6: Diamondplaces folded before Flop (didn't bet)



PokerStars Hand #254319487944:  Hold'em No Limit ($0.50/$1.00 USD) - 2025/01/11 20:41:40 WET [2025/01/11 15:41:40 ET]
Table 'Terpsichore III' 6-max Seat #2 is the button
Seat 1: Kristo 914 ($100 in chips) 
Seat 2: Palacios777 ($125.39 in chips) 
Seat 3: NextLevelCW7 ($53.17 in chips) 
Seat 4: Trojanovich ($100 in chips) 
Seat 5: MoRsCeReBruM ($100 in chips) 
Seat 6: Diamondplaces ($49.20 in chips) 
NextLevelCW7: posts small blind $0.50
Trojanovich: posts big blind $1
*** HOLE CARDS ***
MoRsCeReBruM: folds 
Diamondplaces: folds 
Kristo 914: raises $1.40 to $2.40
Palacios777: folds 
NextLevelCW7: folds 
Trojanovich: calls $1.40
*** FLOP *** [Ad Td Qh]
Trojanovich: checks 
Kristo 914: bets $1.46
Trojanovich: calls $1.46
*** TURN *** [Ad Td Qh] [4h]
Trojanovich: checks 
Kristo 914: bets $5.94
Trojanovich: calls $5.94
*** RIVER *** [Ad Td Qh 4h] [Qd]
Trojanovich: checks 
Kristo 914: checks 
*** SHOW DOWN ***
Trojanovich: shows [2s As] (two pair, Aces and Queens)
Kristo 914: shows [9s Ac] (two pair, Aces and Queens)
Trojanovich collected $9.55 from pot
Kristo 914 collected $9.55 from pot
*** SUMMARY ***
Total pot $20.10 | Rake $1 
Board [Ad Td Qh 4h Qd]
Seat 1: Kristo 914 showed [9s Ac] and won ($9.55) with two pair, Aces and Queens
Seat 2: Palacios777 (button) folded before Flop (didn't bet)
Seat 3: NextLevelCW7 (small blind) folded before Flop
Seat 4: Trojanovich (big blind) showed [2s As] and won ($9.55) with two pair, Aces and Queens
Seat 5: MoRsCeReBruM folded before Flop (didn't bet)
Seat 6: Diamondplaces folded before Flop (didn't bet)



PokerStars Hand #254319501921:  Hold'em No Limit ($0.50/$1.00 USD) - 2025/01/11 20:42:21 WET [2025/01/11 15:42:21 ET]
Table 'Terpsichore III' 6-max Seat #3 is the button
Seat 1: Kristo 914 ($100 in chips) 
Seat 2: Palacios777 ($125.39 in chips) 
Seat 3: NextLevelCW7 ($52.67 in chips) 
Seat 4: Trojanovich ($100 in chips) 
Seat 5: MoRsCeReBruM ($100 in chips) 
Seat 6: Diamondplaces ($49.20 in chips) 
Trojanovich: posts small blind $0.50
MoRsCeReBruM: posts big blind $1
*** HOLE CARDS ***
Diamondplaces: folds 
Diamondplaces leaves the table
Kristo 914: raises $1.40 to $2.40
Palacios777: folds 
NextLevelCW7: folds 
Trojanovich: folds 
MoRsCeReBruM: folds 
Uncalled bet ($1.40) returned to Kristo 914
Kristo 914 collected $2.50 from pot
Kristo 914: doesn't show hand 
*** SUMMARY ***
Total pot $2.50 | Rake $0 
Seat 1: Kristo 914 collected ($2.50)
Seat 2: Palacios777 folded before Flop (didn't bet)
Seat 3: NextLevelCW7 (button) folded before Flop (didn't bet)
Seat 4: Trojanovich (small blind) folded before Flop
Seat 5: MoRsCeReBruM (big blind) folded before Flop
Seat 6: Diamondplaces folded before Flop (didn't bet)



PokerStars Hand #254319509168:  Hold'em No Limit ($0.50/$1.00 USD) - 2025/01/11 20:42:42 WET [2025/01/11 15:42:42 ET]
Table 'Terpsichore III' 6-max Seat #4 is the button
Seat 1: Kristo 914 ($101.50 in chips) 
Seat 2: Palacios777 ($125.39 in chips) 
Seat 3: NextLevelCW7 ($52.67 in chips) 
Seat 4: Trojanovich ($100 in chips) 
Seat 5: MoRsCeReBruM ($100 in chips) 
MoRsCeReBruM: posts small blind $0.50
Kristo 914: posts big blind $1
*** HOLE CARDS ***
Palacios777: folds 
NextLevelCW7: folds 
Trojanovich: raises $1.50 to $2.50
MoRsCeReBruM: folds 
Kristo 914: folds 
Uncalled bet ($1.50) returned to Trojanovich
Trojanovich collected $2.50 from pot
Trojanovich: doesn't show hand 
*** SUMMARY ***
Total pot $2.50 | Rake $0 
Seat 1: Kristo 914 (big blind) folded before Flop
Seat 2: Palacios777 folded before Flop (didn't bet)
Seat 3: NextLevelCW7 folded before Flop (didn't bet)
Seat 4: Trojanovich (button) collected ($2.50)
Seat 5: MoRsCeReBruM (small blind) folded before Flop



PokerStars Hand #254319513283:  Hold'em No Limit ($0.50/$1.00 USD) - 2025/01/11 20:42:54 WET [2025/01/11 15:42:54 ET]
Table 'Terpsichore III' 6-max Seat #5 is the button
Seat 1: Kristo 914 ($100.50 in chips) 
Seat 2: Palacios777 ($125.39 in chips) 
Seat 3: NextLevelCW7 ($52.67 in chips) 
Seat 4: Trojanovich ($101.50 in chips) 
Seat 5: MoRsCeReBruM ($100 in chips) 
Kristo 914: posts small blind $0.50
Palacios777: posts big blind $1
*** HOLE CARDS ***
NextLevelCW7: folds 
Trojanovich: folds 
MoRsCeReBruM: folds 
Kristo 914: folds 
Uncalled bet ($0.50) returned to Palacios777
Palacios777 collected $1 from pot
Palacios777: doesn't show hand 
*** SUMMARY ***
Total pot $1 | Rake $0 
Seat 1: Kristo 914 (small blind) folded before Flop
Seat 2: Palacios777 (big blind) collected ($1)
Seat 3: NextLevelCW7 folded before Flop (didn't bet)
Seat 4: Trojanovich folded before Flop (didn't bet)
Seat 5: MoRsCeReBruM (button) folded before Flop (didn't bet)



PokerStars Hand #254319515904:  Hold'em No Limit ($0.50/$1.00 USD) - 2025/01/11 20:43:02 WET [2025/01/11 15:43:02 ET]
Table 'Terpsichore III' 6-max Seat #1 is the button
Seat 1: Kristo 914 ($100 in chips) 
Seat 2: Palacios777 ($125.89 in chips) 
Seat 3: NextLevelCW7 ($52.67 in chips) 
Seat 4: Trojanovich ($101.50 in chips) 
Seat 5: MoRsCeReBruM ($100 in chips) 
Palacios777: posts small blind $0.50
NextLevelCW7: posts big blind $1
*** HOLE CARDS ***
Trojanovich: folds 
MoRsCeReBruM: folds 
Kristo 914: raises $1.40 to $2.40
Palacios777: folds 
NextLevelCW7: folds 
Uncalled bet ($1.40) returned to Kristo 914
Kristo 914 collected $2.50 from pot
Kristo 914: doesn't show hand 
*** SUMMARY ***
Total pot $2.50 | Rake $0 
Seat 1: Kristo 914 (button) collected ($2.50)
Seat 2: Palacios777 (small blind) folded before Flop
Seat 3: NextLevelCW7 (big blind) folded before Flop
Seat 4: Trojanovich folded before Flop (didn't bet)
Seat 5: MoRsCeReBruM folded before Flop (didn't bet)



PokerStars Hand #254319523908:  Hold'em No Limit ($0.50/$1.00 USD) - 2025/01/11 20:43:26 WET [2025/01/11 15:43:26 ET]
Table 'Terpsichore III' 6-max Seat #2 is the button
Seat 1: Kristo 914 ($101.50 in chips) 
Seat 2: Palacios777 ($125.39 in chips) 
Seat 3: NextLevelCW7 ($51.67 in chips) 
Seat 4: Trojanovich ($101.50 in chips) 
Seat 5: MoRsCeReBruM ($100 in chips) 
NextLevelCW7: posts small blind $0.50
Trojanovich: posts big blind $1
*** HOLE CARDS ***
MoRsCeReBruM has timed out
MoRsCeReBruM: folds 
MoRsCeReBruM leaves the table
Kristo 914: folds 
Palacios777: folds 
NextLevelCW7: folds 
Uncalled bet ($0.50) returned to Trojanovich
Trojanovich collected $1 from pot
Trojanovich: doesn't show hand 
*** SUMMARY ***
Total pot $1 | Rake $0 
Seat 1: Kristo 914 folded before Flop (didn't bet)
Seat 2: Palacios777 (button) folded before Flop (didn't bet)
Seat 3: NextLevelCW7 (small blind) folded before Flop
Seat 4: Trojanovich (big blind) collected ($1)
Seat 5: MoRsCeReBruM folded before Flop (didn't bet)



PokerStars Hand #254319532338:  Hold'em No Limit ($0.50/$1.00 USD) - 2025/01/11 20:43:51 WET [2025/01/11 15:43:51 ET]
Table 'Terpsichore III' 6-max Seat #3 is the button
Seat 1: Kristo 914 ($101.50 in chips) 
Seat 2: Palacios777 ($125.39 in chips) 
Seat 3: NextLevelCW7 ($51.17 in chips) 
Seat 4: Trojanovich ($102 in chips) 
Trojanovich: posts small blind $0.50
Kristo 914: posts big blind $1
*** HOLE CARDS ***
Palacios777: folds 
NextLevelCW7: folds 
Trojanovich: folds 
Uncalled bet ($0.50) returned to Kristo 914
Kristo 914 collected $1 from pot
Kristo 914: doesn't show hand 
*** SUMMARY ***
Total pot $1 | Rake $0 
Seat 1: Kristo 914 (big blind) collected ($1)
Seat 2: Palacios777 folded before Flop (didn't bet)
Seat 3: NextLevelCW7 (button) folded before Flop (didn't bet)
Seat 4: Trojanovich (small blind) folded before Flop



PokerStars Hand #254319534760:  Hold'em No Limit ($0.50/$1.00 USD) - 2025/01/11 20:43:58 WET [2025/01/11 15:43:58 ET]
Table 'Terpsichore III' 6-max Seat #4 is the button
Seat 1: Kristo 914 ($102 in chips) 
Seat 2: Palacios777 ($125.39 in chips) 
Seat 3: NextLevelCW7 ($51.17 in chips) 
Seat 4: Trojanovich ($101.50 in chips) 
Kristo 914: posts small blind $0.50
Palacios777: posts big blind $1
*** HOLE CARDS ***
NextLevelCW7: raises $2 to $3
Trojanovich: folds 
Kristo 914: folds 
Palacios777: folds 
Uncalled bet ($2) returned to NextLevelCW7
NextLevelCW7 collected $2.50 from pot
*** SUMMARY ***
Total pot $2.50 | Rake $0 
Seat 1: Kristo 914 (small blind) folded before Flop
Seat 2: Palacios777 (big blind) folded before Flop
Seat 3: NextLevelCW7 collected ($2.50)
Seat 4: Trojanovich (button) folded before Flop (didn't bet)



PokerStars Hand #254319541217:  Hold'em No Limit ($0.50/$1.00 USD) - 2025/01/11 20:44:17 WET [2025/01/11 15:44:17 ET]
Table 'Terpsichore III' 6-max Seat #1 is the button
Seat 1: Kristo 914 ($101.50 in chips) 
Seat 2: Palacios777 ($124.39 in chips) 
Seat 3: NextLevelCW7 ($52.67 in chips) 
Seat 4: Trojanovich ($101.50 in chips) 
Palacios777: posts small blind $0.50
NextLevelCW7: posts big blind $1
*** HOLE CARDS ***
Trojanovich: folds 
Kristo 914: raises $1.40 to $2.40
Palacios777: folds 
NextLevelCW7: folds 
Uncalled bet ($1.40) returned to Kristo 914
Kristo 914 collected $2.50 from pot
Kristo 914: doesn't show hand 
*** SUMMARY ***
Total pot $2.50 | Rake $0 
Seat 1: Kristo 914 (button) collected ($2.50)
Seat 2: Palacios777 (small blind) folded before Flop
Seat 3: NextLevelCW7 (big blind) folded before Flop
Seat 4: Trojanovich folded before Flop (didn't bet)



PokerStars Hand #254319543990:  Hold'em No Limit ($0.50/$1.00 USD) - 2025/01/11 20:44:25 WET [2025/01/11 15:44:25 ET]
Table 'Terpsichore III' 6-max Seat #2 is the button
Seat 1: Kristo 914 ($103 in chips) 
Seat 2: Palacios777 ($123.89 in chips) 
Seat 3: NextLevelCW7 ($51.67 in chips) 
Seat 4: Trojanovich ($101.50 in chips) 
NextLevelCW7: posts small blind $0.50
Trojanovich: posts big blind $1
*** HOLE CARDS ***
Kristo 914: folds 
Palacios777: folds 
NextLevelCW7: folds 
Uncalled bet ($0.50) returned to Trojanovich
Trojanovich collected $1 from pot
Trojanovich: doesn't show hand 
*** SUMMARY ***
Total pot $1 | Rake $0 
Seat 1: Kristo 914 folded before Flop (didn't bet)
Seat 2: Palacios777 (button) folded before Flop (didn't bet)
Seat 3: NextLevelCW7 (small blind) folded before Flop
Seat 4: Trojanovich (big blind) collected ($1)



PokerStars Hand #254319548189:  Hold'em No Limit ($0.50/$1.00 USD) - 2025/01/11 20:44:38 WET [2025/01/11 15:44:38 ET]
Table 'Terpsichore III' 6-max Seat #3 is the button
Seat 1: Kristo 914 ($103 in chips) 
Seat 2: Palacios777 ($123.89 in chips) 
Seat 3: NextLevelCW7 ($51.17 in chips) 
Seat 4: Trojanovich ($102 in chips) 
Trojanovich: posts small blind $0.50
Kristo 914: posts big blind $1
*** HOLE CARDS ***
Palacios777: folds 
NextLevelCW7: folds 
Trojanovich: raises $2 to $3
Kristo 914: calls $2
*** FLOP *** [6d 9h 2d]
Trojanovich: checks 
Kristo 914: checks 
*** TURN *** [6d 9h 2d] [4d]
Trojanovich: checks 
Kristo 914: checks 
*** RIVER *** [6d 9h 2d 4d] [5c]
MoRsCeReBruM joins the table at seat #6 
Trojanovich: checks 
Kristo 914: bets $4.33
Trojanovich: folds 
Uncalled bet ($4.33) returned to Kristo 914
Kristo 914 collected $5.70 from pot
Kristo 914: doesn't show hand 
*** SUMMARY ***
Total pot $6 | Rake $0.30 
Board [6d 9h 2d 4d 5c]
Seat 1: Kristo 914 (big blind) collected ($5.70)
Seat 2: Palacios777 folded before Flop (didn't bet)
Seat 3: NextLevelCW7 (button) folded before Flop (didn't bet)
Seat 4: Trojanovich (small blind) folded on the River



PokerStars Hand #254319567507:  Hold'em No Limit ($0.50/$1.00 USD) - 2025/01/11 20:45:35 WET [2025/01/11 15:45:35 ET]
Table 'Terpsichore III' 6-max Seat #4 is the button
Seat 2: Palacios777 ($123.89 in chips) is sitting out
Seat 6: MoRsCeReBruM ($100 in chips) is sitting out
Seat 1: Kristo 914 ($105.70 in chips) 
Seat 3: NextLevelCW7 ($51.17 in chips) 
Seat 4: Trojanovich ($100 in chips) 
Kristo 914: posts small blind $0.50
Palacios777: is sitting out 
NextLevelCW7: posts big blind $1
*** HOLE CARDS ***
Trojanovich: folds 
Kristo 914: folds 
Uncalled bet ($0.50) returned to NextLevelCW7
NextLevelCW7 collected $1 from pot
*** SUMMARY ***
Total pot $1 | Rake $0 
Seat 2: Palacios777
Seat 6: MoRsCeReBruM
Seat 1: Kristo 914 (small blind) folded before Flop
Seat 3: NextLevelCW7 (big blind) collected ($1)
Seat 4: Trojanovich (button) folded before Flop (didn't bet)



PokerStars Hand #254319569549:  Hold'em No Limit ($0.50/$1.00 USD) - 2025/01/11 20:45:41 WET [2025/01/11 15:45:41 ET]
Table 'Terpsichore III' 6-max Seat #1 is the button
Seat 2: Palacios777 ($123.89 in chips) is sitting out
Seat 6: MoRsCeReBruM ($100 in chips) is sitting out
Seat 1: Kristo 914 ($105.20 in chips) 
Seat 3: NextLevelCW7 ($51.67 in chips) 
Seat 4: Trojanovich ($100 in chips) 
NextLevelCW7: posts small blind $0.50
Trojanovich: posts big blind $1
MoRsCeReBruM: sits out 
*** HOLE CARDS ***
Kristo 914: folds 
NextLevelCW7: calls $0.50
Trojanovich: raises $3 to $4
NextLevelCW7: folds 
Uncalled bet ($3) returned to Trojanovich
Trojanovich collected $2 from pot
Trojanovich: doesn't show hand 
*** SUMMARY ***
Total pot $2 | Rake $0 
Seat 2: Palacios777
Seat 6: MoRsCeReBruM
Seat 1: Kristo 914 (button) folded before Flop (didn't bet)
Seat 3: NextLevelCW7 (small blind) folded before Flop
Seat 4: Trojanovich (big blind) collected ($2)



PokerStars Hand #254319574143:  Hold'em No Limit ($0.50/$1.00 USD) - 2025/01/11 20:45:55 WET [2025/01/11 15:45:55 ET]
Table 'Terpsichore III' 6-max Seat #3 is the button
Seat 2: Palacios777 ($123.89 in chips) is sitting out
Seat 1: Kristo 914 ($105.20 in chips) 
Seat 3: NextLevelCW7 ($50.67 in chips) 
Seat 4: Trojanovich ($101 in chips) 
Seat 6: MoRsCeReBruM ($100 in chips) 
Trojanovich: posts small blind $0.50
MoRsCeReBruM: posts big blind $1
*** HOLE CARDS ***
Kristo 914: folds 
NextLevelCW7: folds 
Trojanovich: raises $2 to $3
MoRsCeReBruM: folds 
Uncalled bet ($2) returned to Trojanovich
Trojanovich collected $2 from pot
Trojanovich: doesn't show hand 
*** SUMMARY ***
Total pot $2 | Rake $0 
Seat 2: Palacios777
Seat 1: Kristo 914 folded before Flop (didn't bet)
Seat 3: NextLevelCW7 (button) folded before Flop (didn't bet)
Seat 4: Trojanovich (small blind) collected ($2)
Seat 6: MoRsCeReBruM (big blind) folded before Flop



PokerStars Hand #254319578042:  Hold'em No Limit ($0.50/$1.00 USD) - 2025/01/11 20:46:06 WET [2025/01/11 15:46:06 ET]
Table 'Terpsichore III' 6-max Seat #4 is the button
Seat 2: Palacios777 ($123.89 in chips) is sitting out
Seat 1: Kristo 914 ($105.20 in chips) 
Seat 3: NextLevelCW7 ($50.67 in chips) 
Seat 4: Trojanovich ($102 in chips) 
Seat 6: MoRsCeReBruM ($100 in chips) 
MoRsCeReBruM: posts small blind $0.50
Kristo 914: posts big blind $1
*** HOLE CARDS ***
NextLevelCW7: raises $2 to $3
Trojanovich: folds 
MoRsCeReBruM: folds 
Kristo 914: folds 
Uncalled bet ($2) returned to NextLevelCW7
NextLevelCW7 collected $2.50 from pot
*** SUMMARY ***
Total pot $2.50 | Rake $0 
Seat 2: Palacios777
Seat 1: Kristo 914 (big blind) folded before Flop
Seat 3: NextLevelCW7 collected ($2.50)
Seat 4: Trojanovich (button) folded before Flop (didn't bet)
Seat 6: MoRsCeReBruM (small blind) folded before Flop



PokerStars Hand #254319582706:  Hold'em No Limit ($0.50/$1.00 USD) - 2025/01/11 20:46:20 WET [2025/01/11 15:46:20 ET]
Table 'Terpsichore III' 6-max Seat #6 is the button
Seat 2: Palacios777 ($123.89 in chips) is sitting out
Seat 1: Kristo 914 ($104.20 in chips) 
Seat 3: NextLevelCW7 ($52.17 in chips) 
Seat 4: Trojanovich ($102 in chips) 
Seat 6: MoRsCeReBruM ($100 in chips) 
Kristo 914: posts small blind $0.50
NextLevelCW7: posts big blind $1
*** HOLE CARDS ***
Trojanovich: folds 
MoRsCeReBruM: folds 
Kristo 914: raises $1.40 to $2.40
NextLevelCW7: folds 
Uncalled bet ($1.40) returned to Kristo 914
Kristo 914 collected $2 from pot
Kristo 914: doesn't show hand 
*** SUMMARY ***
Total pot $2 | Rake $0 
Seat 2: Palacios777
Seat 1: Kristo 914 (small blind) collected ($2)
Seat 3: NextLevelCW7 (big blind) folded before Flop
Seat 4: Trojanovich folded before Flop (didn't bet)
Seat 6: MoRsCeReBruM (button) folded before Flop (didn't bet)



PokerStars Hand #254319587312:  Hold'em No Limit ($0.50/$1.00 USD) - 2025/01/11 20:46:34 WET [2025/01/11 15:46:34 ET]
Table 'Terpsichore III' 6-max Seat #1 is the button
Seat 2: Palacios777 ($123.89 in chips) is sitting out
Seat 1: Kristo 914 ($105.20 in chips) 
Seat 3: NextLevelCW7 ($51.17 in chips) 
Seat 4: Trojanovich ($102 in chips) 
Seat 6: MoRsCeReBruM ($100 in chips) 
NextLevelCW7: posts small blind $0.50
Trojanovich: posts big blind $1
*** HOLE CARDS ***
MoRsCeReBruM: raises $1.20 to $2.20
Kristo 914: folds 
NextLevelCW7: folds 
Trojanovich: folds 
Uncalled bet ($1.20) returned to MoRsCeReBruM
MoRsCeReBruM collected $2.50 from pot
MoRsCeReBruM: doesn't show hand 
*** SUMMARY ***
Total pot $2.50 | Rake $0 
Seat 2: Palacios777
Seat 1: Kristo 914 (button) folded before Flop (didn't bet)
Seat 3: NextLevelCW7 (small blind) folded before Flop
Seat 4: Trojanovich (big blind) folded before Flop
Seat 6: MoRsCeReBruM collected ($2.50)



PokerStars Hand #254319592022:  Hold'em No Limit ($0.50/$1.00 USD) - 2025/01/11 20:46:48 WET [2025/01/11 15:46:48 ET]
Table 'Terpsichore III' 6-max Seat #3 is the button
Seat 2: Palacios777 ($123.89 in chips) is sitting out
Seat 1: Kristo 914 ($105.20 in chips) 
Seat 3: NextLevelCW7 ($50.67 in chips) 
Seat 4: Trojanovich ($101 in chips) 
Seat 6: MoRsCeReBruM ($101.50 in chips) 
Trojanovich: posts small blind $0.50
MoRsCeReBruM: posts big blind $1
*** HOLE CARDS ***
Kristo 914: folds 
NextLevelCW7: folds 
Trojanovich: folds 
Uncalled bet ($0.50) returned to MoRsCeReBruM
MoRsCeReBruM collected $1 from pot
MoRsCeReBruM: doesn't show hand 
*** SUMMARY ***
Total pot $1 | Rake $0 
Seat 2: Palacios777
Seat 1: Kristo 914 folded before Flop (didn't bet)
Seat 3: NextLevelCW7 (button) folded before Flop (didn't bet)
Seat 4: Trojanovich (small blind) folded before Flop
Seat 6: MoRsCeReBruM (big blind) collected ($1)



PokerStars Hand #254319594797:  Hold'em No Limit ($0.50/$1.00 USD) - 2025/01/11 20:46:56 WET [2025/01/11 15:46:56 ET]
Table 'Terpsichore III' 6-max Seat #4 is the button
Seat 2: Palacios777 ($123.89 in chips) is sitting out
Seat 1: Kristo 914 ($105.20 in chips) 
Seat 3: NextLevelCW7 ($50.67 in chips) 
Seat 4: Trojanovich ($100.50 in chips) 
Seat 6: MoRsCeReBruM ($102 in chips) 
MoRsCeReBruM: posts small blind $0.50
Kristo 914: posts big blind $1
*** HOLE CARDS ***
NextLevelCW7: raises $2 to $3
Trojanovich: folds 
MoRsCeReBruM: folds 
Kristo 914: folds 
Uncalled bet ($2) returned to NextLevelCW7
NextLevelCW7 collected $2.50 from pot
*** SUMMARY ***
Total pot $2.50 | Rake $0 
Seat 2: Palacios777
Seat 1: Kristo 914 (big blind) folded before Flop
Seat 3: NextLevelCW7 collected ($2.50)
Seat 4: Trojanovich (button) folded before Flop (didn't bet)
Seat 6: MoRsCeReBruM (small blind) folded before Flop



PokerStars Hand #254319598604:  Hold'em No Limit ($0.50/$1.00 USD) - 2025/01/11 20:47:07 WET [2025/01/11 15:47:07 ET]
Table 'Terpsichore III' 6-max Seat #6 is the button
Seat 2: Palacios777 ($123.89 in chips) is sitting out
Seat 1: Kristo 914 ($104.20 in chips) 
Seat 3: NextLevelCW7 ($52.17 in chips) 
Seat 4: Trojanovich ($100.50 in chips) 
Seat 6: MoRsCeReBruM ($101.50 in chips) 
Kristo 914: posts small blind $0.50
NextLevelCW7: posts big blind $1
*** HOLE CARDS ***
Trojanovich: folds 
MoRsCeReBruM: raises $1.50 to $2.50
Kristo 914: folds 
NextLevelCW7: folds 
Uncalled bet ($1.50) returned to MoRsCeReBruM
MoRsCeReBruM collected $2.50 from pot
MoRsCeReBruM: doesn't show hand 
*** SUMMARY ***
Total pot $2.50 | Rake $0 
Seat 2: Palacios777
Seat 1: Kristo 914 (small blind) folded before Flop
Seat 3: NextLevelCW7 (big blind) folded before Flop
Seat 4: Trojanovich folded before Flop (didn't bet)
Seat 6: MoRsCeReBruM (button) collected ($2.50)



PokerStars Hand #254319607648:  Hold'em No Limit ($0.50/$1.00 USD) - 2025/01/11 20:47:34 WET [2025/01/11 15:47:34 ET]
Table 'Terpsichore III' 6-max Seat #1 is the button
Seat 2: Palacios777 ($123.89 in chips) is sitting out
Seat 1: Kristo 914 ($103.70 in chips) 
Seat 3: NextLevelCW7 ($51.17 in chips) 
Seat 4: Trojanovich ($100.50 in chips) 
Seat 6: MoRsCeReBruM ($103 in chips) 
NextLevelCW7: posts small blind $0.50
Trojanovich: posts big blind $1
*** HOLE CARDS ***
MoRsCeReBruM has timed out
MoRsCeReBruM: folds 
Kristo 914: folds 
NextLevelCW7: folds 
Uncalled bet ($0.50) returned to Trojanovich
Trojanovich collected $1 from pot
Trojanovich: doesn't show hand 
*** SUMMARY ***
Total pot $1 | Rake $0 
Seat 2: Palacios777
Seat 1: Kristo 914 (button) folded before Flop (didn't bet)
Seat 3: NextLevelCW7 (small blind) folded before Flop
Seat 4: Trojanovich (big blind) collected ($1)
Seat 6: MoRsCeReBruM folded before Flop (didn't bet)



PokerStars Hand #254319613121:  Hold'em No Limit ($0.50/$1.00 USD) - 2025/01/11 20:47:51 WET [2025/01/11 15:47:51 ET]
Table 'Terpsichore III' 6-max Seat #3 is the button
Seat 2: Palacios777 ($123.89 in chips) is sitting out
Seat 1: Kristo 914 ($103.70 in chips) 
Seat 3: NextLevelCW7 ($50.67 in chips) 
Seat 4: Trojanovich ($101 in chips) 
Seat 6: MoRsCeReBruM ($103 in chips) 
Trojanovich: posts small blind $0.50
MoRsCeReBruM: posts big blind $1
*** HOLE CARDS ***
Kristo 914: folds 
NextLevelCW7: raises $1 to $2
Trojanovich: folds 
MoRsCeReBruM: folds 
Uncalled bet ($1) returned to NextLevelCW7
NextLevelCW7 collected $2.50 from pot
*** SUMMARY ***
Total pot $2.50 | Rake $0 
Seat 2: Palacios777
Seat 1: Kristo 914 folded before Flop (didn't bet)
Seat 3: NextLevelCW7 (button) collected ($2.50)
Seat 4: Trojanovich (small blind) folded before Flop
Seat 6: MoRsCeReBruM (big blind) folded before Flop



PokerStars Hand #254319616915:  Hold'em No Limit ($0.50/$1.00 USD) - 2025/01/11 20:48:02 WET [2025/01/11 15:48:02 ET]
Table 'Terpsichore III' 6-max Seat #4 is the button
Seat 2: Palacios777 ($123.89 in chips) is sitting out
Seat 1: Kristo 914 ($103.70 in chips) 
Seat 3: NextLevelCW7 ($52.17 in chips) 
Seat 4: Trojanovich ($100.50 in chips) 
Seat 6: MoRsCeReBruM ($102 in chips) 
MoRsCeReBruM: posts small blind $0.50
Kristo 914: posts big blind $1
*** HOLE CARDS ***
NextLevelCW7: folds 
Trojanovich: raises $1.50 to $2.50
MoRsCeReBruM: folds 
JohntaramasLA joins the table at seat #5 
JohntaramasLA is disconnected 
Kristo 914: calls $1.50
*** FLOP *** [Jd Kc 8s]
Kristo 914: checks 
Trojanovich: checks 
*** TURN *** [Jd Kc 8s] [6c]
Kristo 914: checks 
Trojanovich: checks 
*** RIVER *** [Jd Kc 8s 6c] [8h]
Kristo 914: checks 
Trojanovich: bets $1.72
Kristo 914: folds 
Uncalled bet ($1.72) returned to Trojanovich
Trojanovich collected $5.22 from pot
Trojanovich: doesn't show hand 
*** SUMMARY ***
Total pot $5.50 | Rake $0.28 
Board [Jd Kc 8s 6c 8h]
Seat 2: Palacios777
Seat 1: Kristo 914 (big blind) folded on the River
Seat 3: NextLevelCW7 folded before Flop (didn't bet)
Seat 4: Trojanovich (button) collected ($5.22)
Seat 6: MoRsCeReBruM (small blind) folded before Flop



PokerStars Hand #254319642696:  Hold'em No Limit ($0.50/$1.00 USD) - 2025/01/11 20:49:20 WET [2025/01/11 15:49:20 ET]
Table 'Terpsichore III' 6-max Seat #6 is the button
Seat 1: Kristo 914 ($101.20 in chips) 
Seat 2: Palacios777 ($123.89 in chips) 
Seat 3: NextLevelCW7 ($52.17 in chips) 
Seat 4: Trojanovich ($103.22 in chips) 
Seat 5: JohntaramasLA ($51.31 in chips) 
Seat 6: MoRsCeReBruM ($101.50 in chips) 
Kristo 914: posts small blind $0.50
Palacios777: posts big blind $1
JohntaramasLA: posts big blind $1
*** HOLE CARDS ***
NextLevelCW7: folds 
Trojanovich: folds 
JohntaramasLA: checks 
MoRsCeReBruM: raises $2.50 to $3.50
Kristo 914: folds 
Palacios777: folds 
JohntaramasLA: calls $2.50
*** FLOP *** [6c 5d Kh]
JohntaramasLA: bets $1
MoRsCeReBruM: folds 
Uncalled bet ($1) returned to JohntaramasLA
JohntaramasLA collected $8.08 from pot
*** SUMMARY ***
Total pot $8.50 | Rake $0.42 
Board [6c 5d Kh]
Seat 1: Kristo 914 (small blind) folded before Flop
Seat 2: Palacios777 (big blind) folded before Flop
Seat 3: NextLevelCW7 folded before Flop (didn't bet)
Seat 4: Trojanovich folded before Flop (didn't bet)
Seat 5: JohntaramasLA collected ($8.08)
Seat 6: MoRsCeReBruM (button) folded on the Flop



PokerStars Hand #254319657138:  Hold'em No Limit ($0.50/$1.00 USD) - 2025/01/11 20:50:03 WET [2025/01/11 15:50:03 ET]
Table 'Terpsichore III' 6-max Seat #1 is the button
Seat 1: Kristo 914 ($100.70 in chips) 
Seat 2: Palacios777 ($122.89 in chips) 
Seat 3: NextLevelCW7 ($52.17 in chips) 
Seat 4: Trojanovich ($103.22 in chips) 
Seat 5: JohntaramasLA ($55.89 in chips) 
Seat 6: MoRsCeReBruM ($100 in chips) 
Palacios777: posts small blind $0.50
NextLevelCW7: posts big blind $1
*** HOLE CARDS ***
Trojanovich: folds 
JohntaramasLA: calls $1
MoRsCeReBruM: raises $2 to $3
Kristo 914: folds 
Palacios777: folds 
NextLevelCW7: folds 
JohntaramasLA: raises $2 to $5
MoRsCeReBruM: calls $2
*** FLOP *** [Ah 9s 9h]
JohntaramasLA: checks 
MoRsCeReBruM: checks 
*** TURN *** [Ah 9s 9h] [3s]
JohntaramasLA: bets $5.46
MoRsCeReBruM: folds 
Uncalled bet ($5.46) returned to JohntaramasLA
JohntaramasLA collected $10.92 from pot
*** SUMMARY ***
Total pot $11.50 | Rake $0.58 
Board [Ah 9s 9h 3s]
Seat 1: Kristo 914 (button) folded before Flop (didn't bet)
Seat 2: Palacios777 (small blind) folded before Flop
Seat 3: NextLevelCW7 (big blind) folded before Flop
Seat 4: Trojanovich folded before Flop (didn't bet)
Seat 5: JohntaramasLA collected ($10.92)
Seat 6: MoRsCeReBruM folded on the Turn



PokerStars Hand #254319675607:  Hold'em No Limit ($0.50/$1.00 USD) - 2025/01/11 20:50:59 WET [2025/01/11 15:50:59 ET]
Table 'Terpsichore III' 6-max Seat #2 is the button
Seat 1: Kristo 914 ($100.70 in chips) 
Seat 2: Palacios777 ($122.39 in chips) 
Seat 3: NextLevelCW7 ($51.17 in chips) 
Seat 4: Trojanovich ($103.22 in chips) 
Seat 5: JohntaramasLA ($61.81 in chips) 
Seat 6: MoRsCeReBruM ($100 in chips) 
NextLevelCW7: posts small blind $0.50
Trojanovich: posts big blind $1
*** HOLE CARDS ***
JohntaramasLA: calls $1
MoRsCeReBruM: folds 
Kristo 914: folds 
Palacios777: folds 
NextLevelCW7: folds 
Trojanovich: raises $4 to $5
JohntaramasLA: folds 
Uncalled bet ($4) returned to Trojanovich
Trojanovich collected $2.50 from pot
Trojanovich: doesn't show hand 
*** SUMMARY ***
Total pot $2.50 | Rake $0 
Seat 1: Kristo 914 folded before Flop (didn't bet)
Seat 2: Palacios777 (button) folded before Flop (didn't bet)
Seat 3: NextLevelCW7 (small blind) folded before Flop
Seat 4: Trojanovich (big blind) collected ($2.50)
Seat 5: JohntaramasLA folded before Flop
Seat 6: MoRsCeReBruM folded before Flop (didn't bet)



PokerStars Hand #254319684755:  Hold'em No Limit ($0.50/$1.00 USD) - 2025/01/11 20:51:27 WET [2025/01/11 15:51:27 ET]
Table 'Terpsichore III' 6-max Seat #3 is the button
Seat 1: Kristo 914 ($100.70 in chips) 
Seat 2: Palacios777 ($122.39 in chips) 
Seat 3: NextLevelCW7 ($50.67 in chips) 
Seat 4: Trojanovich ($104.72 in chips) 
Seat 5: JohntaramasLA ($60.81 in chips) 
Seat 6: MoRsCeReBruM ($100 in chips) 
Trojanovich: posts small blind $0.50
JohntaramasLA: posts big blind $1
*** HOLE CARDS ***
MoRsCeReBruM: raises $1 to $2
Kristo 914: folds 
Palacios777: folds 
NextLevelCW7: folds 
Trojanovich: folds 
JohntaramasLA: calls $1
*** FLOP *** [Qc 8d 4d]
JohntaramasLA: checks 
MoRsCeReBruM: bets $1.41
JohntaramasLA: calls $1.41
*** TURN *** [Qc 8d 4d] [8c]
JohntaramasLA: bets $1
MoRsCeReBruM: raises $9.50 to $10.50
JohntaramasLA: folds 
Uncalled bet ($9.50) returned to MoRsCeReBruM
MoRsCeReBruM collected $8.85 from pot
MoRsCeReBruM: doesn't show hand 
*** SUMMARY ***
Total pot $9.32 | Rake $0.47 
Board [Qc 8d 4d 8c]
Seat 1: Kristo 914 folded before Flop (didn't bet)
Seat 2: Palacios777 folded before Flop (didn't bet)
Seat 3: NextLevelCW7 (button) folded before Flop (didn't bet)
Seat 4: Trojanovich (small blind) folded before Flop
Seat 5: JohntaramasLA (big blind) folded on the Turn
Seat 6: MoRsCeReBruM collected ($8.85)



PokerStars Hand #254319699115:  Hold'em No Limit ($0.50/$1.00 USD) - 2025/01/11 20:52:10 WET [2025/01/11 15:52:10 ET]
Table 'Terpsichore III' 6-max Seat #4 is the button
Seat 6: MoRsCeReBruM ($104.44 in chips) is sitting out
Seat 1: Kristo 914 ($100.70 in chips) 
Seat 2: Palacios777 ($122.39 in chips) 
Seat 3: NextLevelCW7 ($50.67 in chips) 
Seat 4: Trojanovich ($104.22 in chips) 
Seat 5: JohntaramasLA ($56.40 in chips) 
JohntaramasLA: posts small blind $0.50
MoRsCeReBruM: is sitting out 
Kristo 914: posts big blind $1
*** HOLE CARDS ***
Palacios777: folds 
NextLevelCW7: folds 
Trojanovich: raises $1.50 to $2.50
JohntaramasLA: folds 
Kristo 914: folds 
Uncalled bet ($1.50) returned to Trojanovich
Trojanovich collected $2.50 from pot
Trojanovich: doesn't show hand 
*** SUMMARY ***
Total pot $2.50 | Rake $0 
Seat 6: MoRsCeReBruM
Seat 1: Kristo 914 (big blind) folded before Flop
Seat 2: Palacios777 folded before Flop (didn't bet)
Seat 3: NextLevelCW7 folded before Flop (didn't bet)
Seat 4: Trojanovich (button) collected ($2.50)
Seat 5: JohntaramasLA (small blind) folded before Flop



PokerStars Hand #254319704961:  Hold'em No Limit ($0.50/$1.00 USD) - 2025/01/11 20:52:28 WET [2025/01/11 15:52:28 ET]
Table 'Terpsichore III' 6-max Seat #5 is the button
Seat 6: MoRsCeReBruM ($104.44 in chips) is sitting out
Seat 1: Kristo 914 ($100 in chips) 
Seat 2: Palacios777 ($122.39 in chips) 
Seat 3: NextLevelCW7 ($50.67 in chips) 
Seat 4: Trojanovich ($105.72 in chips) 
Seat 5: JohntaramasLA ($55.90 in chips) 
Kristo 914: posts small blind $0.50
Palacios777: posts big blind $1
*** HOLE CARDS ***
NextLevelCW7: folds 
Trojanovich: raises $1.50 to $2.50
JohntaramasLA: folds 
Kristo 914: folds 
Palacios777: folds 
Uncalled bet ($1.50) returned to Trojanovich
Trojanovich collected $2.50 from pot
Trojanovich: doesn't show hand 
*** SUMMARY ***
Total pot $2.50 | Rake $0 
Seat 6: MoRsCeReBruM
Seat 1: Kristo 914 (small blind) folded before Flop
Seat 2: Palacios777 (big blind) folded before Flop
Seat 3: NextLevelCW7 folded before Flop (didn't bet)
Seat 4: Trojanovich collected ($2.50)
Seat 5: JohntaramasLA (button) folded before Flop (didn't bet)



PokerStars Hand #254319710883:  Hold'em No Limit ($0.50/$1.00 USD) - 2025/01/11 20:52:46 WET [2025/01/11 15:52:46 ET]
Table 'Terpsichore III' 6-max Seat #1 is the button
Seat 6: MoRsCeReBruM ($104.44 in chips) is sitting out
Seat 1: Kristo 914 ($100 in chips) 
Seat 2: Palacios777 ($121.39 in chips) 
Seat 3: NextLevelCW7 ($50.67 in chips) 
Seat 4: Trojanovich ($107.22 in chips) 
Seat 5: JohntaramasLA ($55.90 in chips) 
Palacios777: posts small blind $0.50
NextLevelCW7: posts big blind $1
MoRsCeReBruM: sits out 
*** HOLE CARDS ***
Trojanovich: folds 
JohntaramasLA: folds 
Kristo 914: raises $1.40 to $2.40
Palacios777: folds 
NextLevelCW7: folds 
Uncalled bet ($1.40) returned to Kristo 914
Kristo 914 collected $2.50 from pot
Kristo 914: doesn't show hand 
*** SUMMARY ***
Total pot $2.50 | Rake $0 
Seat 6: MoRsCeReBruM
Seat 1: Kristo 914 (button) collected ($2.50)
Seat 2: Palacios777 (small blind) folded before Flop
Seat 3: NextLevelCW7 (big blind) folded before Flop
Seat 4: Trojanovich folded before Flop (didn't bet)
Seat 5: JohntaramasLA folded before Flop (didn't bet)



PokerStars Hand #254319717933:  Hold'em No Limit ($0.50/$1.00 USD) - 2025/01/11 20:53:07 WET [2025/01/11 15:53:07 ET]
Table 'Terpsichore III' 6-max Seat #2 is the button
Seat 6: MoRsCeReBruM ($104.44 in chips) is sitting out
Seat 1: Kristo 914 ($101.50 in chips) 
Seat 2: Palacios777 ($120.89 in chips) 
Seat 3: NextLevelCW7 ($49.67 in chips) 
Seat 4: Trojanovich ($107.22 in chips) 
Seat 5: JohntaramasLA ($55.90 in chips) 
NextLevelCW7: posts small blind $0.50
Trojanovich: posts big blind $1
MoRsCeReBruM: sits out 
*** HOLE CARDS ***
JohntaramasLA: calls $1
Kristo 914: folds 
Palacios777: raises $3 to $4
NextLevelCW7: folds 
Trojanovich: folds 
JohntaramasLA: calls $3
*** FLOP *** [4s 7s Ks]
JohntaramasLA: bets $4.51
Palacios777: folds 
Uncalled bet ($4.51) returned to JohntaramasLA
JohntaramasLA collected $9.02 from pot
*** SUMMARY ***
Total pot $9.50 | Rake $0.48 
Board [4s 7s Ks]
Seat 6: MoRsCeReBruM
Seat 1: Kristo 914 folded before Flop (didn't bet)
Seat 2: Palacios777 (button) folded on the Flop
Seat 3: NextLevelCW7 (small blind) folded before Flop
Seat 4: Trojanovich (big blind) folded before Flop
Seat 5: JohntaramasLA collected ($9.02)



PokerStars Hand #254319728494:  Hold'em No Limit ($0.50/$1.00 USD) - 2025/01/11 20:53:39 WET [2025/01/11 15:53:39 ET]
Table 'Terpsichore III' 6-max Seat #3 is the button
Seat 6: MoRsCeReBruM ($104.44 in chips) is sitting out
Seat 1: Kristo 914 ($101.50 in chips) 
Seat 2: Palacios777 ($116.89 in chips) 
Seat 3: NextLevelCW7 ($49.17 in chips) 
Seat 4: Trojanovich ($106.22 in chips) 
Seat 5: JohntaramasLA ($60.92 in chips) 
Trojanovich: posts small blind $0.50
JohntaramasLA: posts big blind $1
MoRsCeReBruM: sits out 
*** HOLE CARDS ***
Kristo 914: folds 
Palacios777: folds 
NextLevelCW7: folds 
Trojanovich: raises $2 to $3
JohntaramasLA: folds 
Uncalled bet ($2) returned to Trojanovich
Trojanovich collected $2 from pot
Trojanovich: doesn't show hand 
*** SUMMARY ***
Total pot $2 | Rake $0 
Seat 6: MoRsCeReBruM
Seat 1: Kristo 914 folded before Flop (didn't bet)
Seat 2: Palacios777 folded before Flop (didn't bet)
Seat 3: NextLevelCW7 (button) folded before Flop (didn't bet)
Seat 4: Trojanovich (small blind) collected ($2)
Seat 5: JohntaramasLA (big blind) folded before Flop



PokerStars Hand #254319732519:  Hold'em No Limit ($0.50/$1.00 USD) - 2025/01/11 20:53:51 WET [2025/01/11 15:53:51 ET]
Table 'Terpsichore III' 6-max Seat #4 is the button
Seat 1: Kristo 914 ($101.50 in chips) 
Seat 2: Palacios777 ($116.89 in chips) 
Seat 3: NextLevelCW7 ($49.17 in chips) 
Seat 4: Trojanovich ($107.22 in chips) 
Seat 5: JohntaramasLA ($59.92 in chips) 
Seat 6: MoRsCeReBruM ($104.44 in chips) 
JohntaramasLA: posts small blind $0.50
MoRsCeReBruM: posts big blind $1
*** HOLE CARDS ***
Kristo 914: folds 
Palacios777: raises $1.50 to $2.50
NextLevelCW7: folds 
Trojanovich: folds 
JohntaramasLA: calls $2
MoRsCeReBruM: raises $10.50 to $13
Palacios777: folds 
JohntaramasLA: folds 
Uncalled bet ($10.50) returned to MoRsCeReBruM
MoRsCeReBruM collected $7.50 from pot
MoRsCeReBruM: doesn't show hand 
*** SUMMARY ***
Total pot $7.50 | Rake $0 
Seat 1: Kristo 914 folded before Flop (didn't bet)
Seat 2: Palacios777 folded before Flop
Seat 3: NextLevelCW7 folded before Flop (didn't bet)
Seat 4: Trojanovich (button) folded before Flop (didn't bet)
Seat 5: JohntaramasLA (small blind) folded before Flop
Seat 6: MoRsCeReBruM (big blind) collected ($7.50)



PokerStars Hand #254319739758:  Hold'em No Limit ($0.50/$1.00 USD) - 2025/01/11 20:54:13 WET [2025/01/11 15:54:13 ET]
Table 'Terpsichore III' 6-max Seat #5 is the button
Seat 1: Kristo 914 ($101.50 in chips) 
Seat 2: Palacios777 ($114.39 in chips) 
Seat 3: NextLevelCW7 ($49.17 in chips) 
Seat 4: Trojanovich ($107.22 in chips) 
Seat 5: JohntaramasLA ($57.42 in chips) 
Seat 6: MoRsCeReBruM ($109.44 in chips) 
MoRsCeReBruM: posts small blind $0.50
Kristo 914: posts big blind $1
*** HOLE CARDS ***
Palacios777: folds 
NextLevelCW7: raises $2 to $3
Trojanovich: raises $5.50 to $8.50
JohntaramasLA: folds 
MoRsCeReBruM: folds 
Kristo 914: folds 
NextLevelCW7: calls $5.50
*** FLOP *** [2d Qd Js]
NextLevelCW7: bets $8.79
Trojanovich: calls $8.79
*** TURN *** [2d Qd Js] [8d]
NextLevelCW7: bets $17.14
Trojanovich: calls $17.14
*** RIVER *** [2d Qd Js 8d] [8c]
NextLevelCW7: bets $14.74 and is all-in
Trojanovich: calls $14.74
*** SHOW DOWN ***
NextLevelCW7: shows [Kh Kd] (two pair, Kings and Eights)
Trojanovich: shows [Qs Qc] (a full house, Queens full of Eights)
Trojanovich collected $97.34 from pot
*** SUMMARY ***
Total pot $99.84 | Rake $2.50 
Board [2d Qd Js 8d 8c]
Seat 1: Kristo 914 (big blind) folded before Flop
Seat 2: Palacios777 folded before Flop (didn't bet)
Seat 3: NextLevelCW7 showed [Kh Kd] and lost with two pair, Kings and Eights
Seat 4: Trojanovich showed [Qs Qc] and won ($97.34) with a full house, Queens full of Eights
Seat 5: JohntaramasLA (button) folded before Flop (didn't bet)
Seat 6: MoRsCeReBruM (small blind) folded before Flop



PokerStars Hand #254319757479:  Hold'em No Limit ($0.50/$1.00 USD) - 2025/01/11 20:55:08 WET [2025/01/11 15:55:08 ET]
Table 'Terpsichore III' 6-max Seat #6 is the button
Seat 3: NextLevelCW7 ($0 in chips) is sitting out
Seat 1: Kristo 914 ($100.50 in chips) 
Seat 2: Palacios777 ($114.39 in chips) 
Seat 4: Trojanovich ($155.39 in chips) 
Seat 5: JohntaramasLA ($57.42 in chips) 
Seat 6: MoRsCeReBruM ($108.94 in chips) 
Kristo 914: posts small blind $0.50
Palacios777: posts big blind $1
*** HOLE CARDS ***
Trojanovich: folds 
JohntaramasLA: raises $1 to $2
MoRsCeReBruM: folds 
NextLevelCW7 leaves the table
Kristo 914: folds 
Palacios777: folds 
Uncalled bet ($1) returned to JohntaramasLA
JohntaramasLA collected $2.50 from pot
*** SUMMARY ***
Total pot $2.50 | Rake $0 
Seat 3: NextLevelCW7
Seat 1: Kristo 914 (small blind) folded before Flop
Seat 2: Palacios777 (big blind) folded before Flop
Seat 4: Trojanovich folded before Flop (didn't bet)
Seat 5: JohntaramasLA collected ($2.50)
Seat 6: MoRsCeReBruM (button) folded before Flop (didn't bet)



PokerStars Hand #254319760413:  Hold'em No Limit ($0.50/$1.00 USD) - 2025/01/11 20:55:22 WET [2025/01/11 15:55:22 ET]
Table 'Terpsichore III' 6-max Seat #1 is the button
Seat 1: Kristo 914 ($100 in chips) 
Seat 2: Palacios777 ($113.39 in chips) 
Seat 4: Trojanovich ($155.39 in chips) 
Seat 5: JohntaramasLA ($58.92 in chips) 
Seat 6: MoRsCeReBruM ($108.94 in chips) 
Palacios777: posts small blind $0.50
Trojanovich: posts big blind $1
*** HOLE CARDS ***
michasia joins the table at seat #3 
JohntaramasLA: calls $1
MoRsCeReBruM: folds 
Kristo 914: folds 
Palacios777: folds 
Trojanovich: checks 
*** FLOP *** [Jd 6c 9s]
Trojanovich: checks 
JohntaramasLA: checks 
*** TURN *** [Jd 6c 9s] [Ah]
Trojanovich: checks 
JohntaramasLA: bets $1
Trojanovich: calls $1
*** RIVER *** [Jd 6c 9s Ah] [7d]
Trojanovich: checks 
JohntaramasLA: checks 
*** SHOW DOWN ***
Trojanovich: shows [8s Jc] (a pair of Jacks)
JohntaramasLA: mucks hand 
Trojanovich collected $4.28 from pot
*** SUMMARY ***
Total pot $4.50 | Rake $0.22 
Board [Jd 6c 9s Ah 7d]
Seat 1: Kristo 914 (button) folded before Flop (didn't bet)
Seat 2: Palacios777 (small blind) folded before Flop
Seat 4: Trojanovich (big blind) showed [8s Jc] and won ($4.28) with a pair of Jacks
Seat 5: JohntaramasLA mucked
Seat 6: MoRsCeReBruM folded before Flop (didn't bet)



PokerStars Hand #254319768469:  Hold'em No Limit ($0.50/$1.00 USD) - 2025/01/11 20:55:59 WET [2025/01/11 15:55:59 ET]
Table 'Terpsichore III' 6-max Seat #2 is the button
Seat 3: michasia ($100 in chips) is sitting out
Seat 1: Kristo 914 ($100 in chips) 
Seat 2: Palacios777 ($112.89 in chips) 
Seat 4: Trojanovich ($157.67 in chips) 
Seat 5: JohntaramasLA ($56.92 in chips) 
Seat 6: MoRsCeReBruM ($108.94 in chips) 
Trojanovich: posts small blind $0.50
JohntaramasLA: posts big blind $1
*** HOLE CARDS ***
MoRsCeReBruM: folds 
Kristo 914: folds 
Palacios777: folds 
Trojanovich: raises $2 to $3
JohntaramasLA: calls $2
*** FLOP *** [Jh 3d 6c]
Trojanovich: checks 
JohntaramasLA: checks 
*** TURN *** [Jh 3d 6c] [Kc]
Trojanovich: bets $8.55
JohntaramasLA: folds 
Uncalled bet ($8.55) returned to Trojanovich
Trojanovich collected $5.70 from pot
Trojanovich: doesn't show hand 
*** SUMMARY ***
Total pot $6 | Rake $0.30 
Board [Jh 3d 6c Kc]
Seat 3: michasia
Seat 1: Kristo 914 folded before Flop (didn't bet)
Seat 2: Palacios777 (button) folded before Flop (didn't bet)
Seat 4: Trojanovich (small blind) collected ($5.70)
Seat 5: JohntaramasLA (big blind) folded on the Turn
Seat 6: MoRsCeReBruM folded before Flop (didn't bet)



PokerStars Hand #254319778637:  Hold'em No Limit ($0.50/$1.00 USD) - 2025/01/11 20:56:45 WET [2025/01/11 15:56:45 ET]
Table 'Terpsichore III' 6-max Seat #4 is the button
Seat 3: michasia ($100 in chips) is sitting out
Seat 1: Kristo 914 ($100 in chips) 
Seat 2: Palacios777 ($112.89 in chips) 
Seat 4: Trojanovich ($160.37 in chips) 
Seat 5: JohntaramasLA ($53.92 in chips) 
Seat 6: MoRsCeReBruM ($108.94 in chips) 
JohntaramasLA: posts small blind $0.50
MoRsCeReBruM: posts big blind $1
michasia: sits out 
*** HOLE CARDS ***
Kristo 914: folds 
Palacios777: raises $1.20 to $2.20
Trojanovich: folds 
JohntaramasLA: folds 
MoRsCeReBruM: folds 
Uncalled bet ($1.20) returned to Palacios777
Palacios777 collected $2.50 from pot
Palacios777: doesn't show hand 
*** SUMMARY ***
Total pot $2.50 | Rake $0 
Seat 3: michasia
Seat 1: Kristo 914 folded before Flop (didn't bet)
Seat 2: Palacios777 collected ($2.50)
Seat 4: Trojanovich (button) folded before Flop (didn't bet)
Seat 5: JohntaramasLA (small blind) folded before Flop
Seat 6: MoRsCeReBruM (big blind) folded before Flop



PokerStars Hand #254319783080:  Hold'em No Limit ($0.50/$1.00 USD) - 2025/01/11 20:57:05 WET [2025/01/11 15:57:05 ET]
Table 'Terpsichore III' 6-max Seat #5 is the button
Seat 3: michasia ($100 in chips) is sitting out
Seat 1: Kristo 914 ($100 in chips) 
Seat 2: Palacios777 ($114.39 in chips) 
Seat 4: Trojanovich ($160.37 in chips) 
Seat 5: JohntaramasLA ($53.42 in chips) 
Seat 6: MoRsCeReBruM ($107.94 in chips) 
MoRsCeReBruM: posts small blind $0.50
Kristo 914: posts big blind $1
michasia: sits out 
*** HOLE CARDS ***
Palacios777: folds 
Trojanovich: raises $1.50 to $2.50
JohntaramasLA: folds 
MoRsCeReBruM: folds 
Kristo 914: folds 
Uncalled bet ($1.50) returned to Trojanovich
Trojanovich collected $2.50 from pot
Trojanovich: doesn't show hand 
*** SUMMARY ***
Total pot $2.50 | Rake $0 
Seat 3: michasia
Seat 1: Kristo 914 (big blind) folded before Flop
Seat 2: Palacios777 folded before Flop (didn't bet)
Seat 4: Trojanovich collected ($2.50)
Seat 5: JohntaramasLA (button) folded before Flop (didn't bet)
Seat 6: MoRsCeReBruM (small blind) folded before Flop



PokerStars Hand #254319787809:  Hold'em No Limit ($0.50/$1.00 USD) - 2025/01/11 20:57:26 WET [2025/01/11 15:57:26 ET]
Table 'Terpsichore III' 6-max Seat #6 is the button
Seat 3: michasia ($100 in chips) is sitting out
Seat 1: Kristo 914 ($100 in chips) 
Seat 2: Palacios777 ($114.39 in chips) 
Seat 4: Trojanovich ($161.87 in chips) 
Seat 5: JohntaramasLA ($53.42 in chips) 
Seat 6: MoRsCeReBruM ($107.44 in chips) 
Kristo 914: posts small blind $0.50
Palacios777: posts big blind $1
michasia: sits out 
*** HOLE CARDS ***
Trojanovich: folds 
JohntaramasLA: raises $1 to $2
MoRsCeReBruM: folds 
Kristo 914: folds 
Palacios777: raises $4 to $6
JohntaramasLA: folds 
Uncalled bet ($4) returned to Palacios777
Palacios777 collected $4.50 from pot
Palacios777: doesn't show hand 
*** SUMMARY ***
Total pot $4.50 | Rake $0 
Seat 3: michasia
Seat 1: Kristo 914 (small blind) folded before Flop
Seat 2: Palacios777 (big blind) collected ($4.50)
Seat 4: Trojanovich folded before Flop (didn't bet)
Seat 5: JohntaramasLA folded before Flop
Seat 6: MoRsCeReBruM (button) folded before Flop (didn't bet)



PokerStars Hand #254319792950:  Hold'em No Limit ($0.50/$1.00 USD) - 2025/01/11 20:57:50 WET [2025/01/11 15:57:50 ET]
Table 'Terpsichore III' 6-max Seat #1 is the button
Seat 1: Kristo 914 ($100 in chips) 
Seat 2: Palacios777 ($116.89 in chips) 
Seat 3: michasia ($100 in chips) 
Seat 4: Trojanovich ($161.87 in chips) 
Seat 5: JohntaramasLA ($51.42 in chips) 
Seat 6: MoRsCeReBruM ($107.44 in chips) 
Palacios777: posts small blind $0.50
michasia: posts big blind $1
*** HOLE CARDS ***
Trojanovich: raises $1.50 to $2.50
JohntaramasLA: folds 
MoRsCeReBruM: raises $5.50 to $8
Kristo 914: folds 
Palacios777: folds 
michasia: folds 
Trojanovich: folds 
Uncalled bet ($5.50) returned to MoRsCeReBruM
MoRsCeReBruM collected $6.50 from pot
MoRsCeReBruM: doesn't show hand 
*** SUMMARY ***
Total pot $6.50 | Rake $0 
Seat 1: Kristo 914 (button) folded before Flop (didn't bet)
Seat 2: Palacios777 (small blind) folded before Flop
Seat 3: michasia (big blind) folded before Flop
Seat 4: Trojanovich folded before Flop
Seat 5: JohntaramasLA folded before Flop (didn't bet)
Seat 6: MoRsCeReBruM collected ($6.50)



PokerStars Hand #254319801063:  Hold'em No Limit ($0.50/$1.00 USD) - 2025/01/11 20:58:26 WET [2025/01/11 15:58:26 ET]
Table 'Terpsichore III' 6-max Seat #2 is the button
Seat 1: Kristo 914 ($100 in chips) 
Seat 2: Palacios777 ($116.39 in chips) 
Seat 3: michasia ($100 in chips) 
Seat 4: Trojanovich ($159.37 in chips) 
Seat 5: JohntaramasLA ($51.42 in chips) 
Seat 6: MoRsCeReBruM ($111.44 in chips) 
michasia: posts small blind $0.50
Trojanovich: posts big blind $1
*** HOLE CARDS ***
JohntaramasLA: calls $1
MoRsCeReBruM: raises $2 to $3
Kristo 914: folds 
Palacios777: folds 
michasia: folds 
Trojanovich: folds 
JohntaramasLA: folds 
Uncalled bet ($2) returned to MoRsCeReBruM
MoRsCeReBruM collected $3.50 from pot
MoRsCeReBruM: doesn't show hand 
*** SUMMARY ***
Total pot $3.50 | Rake $0 
Seat 1: Kristo 914 folded before Flop (didn't bet)
Seat 2: Palacios777 (button) folded before Flop (didn't bet)
Seat 3: michasia (small blind) folded before Flop
Seat 4: Trojanovich (big blind) folded before Flop
Seat 5: JohntaramasLA folded before Flop
Seat 6: MoRsCeReBruM collected ($3.50)



PokerStars Hand #254319805070:  Hold'em No Limit ($0.50/$1.00 USD) - 2025/01/11 20:58:44 WET [2025/01/11 15:58:44 ET]
Table 'Terpsichore III' 6-max Seat #3 is the button
Seat 1: Kristo 914 ($100 in chips) 
Seat 2: Palacios777 ($116.39 in chips) 
Seat 3: michasia ($100 in chips) 
Seat 4: Trojanovich ($158.37 in chips) 
Seat 5: JohntaramasLA ($50.42 in chips) 
Seat 6: MoRsCeReBruM ($113.94 in chips) 
Trojanovich: posts small blind $0.50
JohntaramasLA: posts big blind $1
*** HOLE CARDS ***
MoRsCeReBruM: folds 
Kristo 914: folds 
Palacios777: folds 
michasia: raises $1.80 to $2.80
Trojanovich: folds 
JohntaramasLA: raises $1.80 to $4.60
michasia: calls $1.80
*** FLOP *** [Td Qc 7s]
JohntaramasLA: bets $1
michasia: calls $1
*** TURN *** [Td Qc 7s] [6s]
JohntaramasLA: checks 
michasia: bets $7.41
JohntaramasLA: raises $7.41 to $14.82
michasia: calls $7.41
*** RIVER *** [Td Qc 7s 6s] [4h]
JohntaramasLA: bets $5
michasia: calls $5
*** SHOW DOWN ***
JohntaramasLA: shows [6h 6d] (three of a kind, Sixes)
michasia: mucks hand 
JohntaramasLA collected $48.84 from pot
*** SUMMARY ***
Total pot $51.34 | Rake $2.50 
Board [Td Qc 7s 6s 4h]
Seat 1: Kristo 914 folded before Flop (didn't bet)
Seat 2: Palacios777 folded before Flop (didn't bet)
Seat 3: michasia (button) mucked
Seat 4: Trojanovich (small blind) folded before Flop
Seat 5: JohntaramasLA (big blind) showed [6h 6d] and won ($48.84) with three of a kind, Sixes
Seat 6: MoRsCeReBruM folded before Flop (didn't bet)



PokerStars Hand #254319813799:  Hold'em No Limit ($0.50/$1.00 USD) - 2025/01/11 20:59:23 WET [2025/01/11 15:59:23 ET]
Table 'Terpsichore III' 6-max Seat #4 is the button
Seat 1: Kristo 914 ($100 in chips) 
Seat 2: Palacios777 ($116.39 in chips) 
Seat 3: michasia ($100 in chips) 
Seat 4: Trojanovich ($157.87 in chips) 
Seat 5: JohntaramasLA ($73.84 in chips) 
Seat 6: MoRsCeReBruM ($113.94 in chips) 
JohntaramasLA: posts small blind $0.50
MoRsCeReBruM: posts big blind $1
*** HOLE CARDS ***
Kristo 914: folds 
Palacios777: folds 
michasia: folds 
Trojanovich: raises $1.50 to $2.50
JohntaramasLA: calls $2
MoRsCeReBruM: folds 
*** FLOP *** [Kc 6h Kh]
JohntaramasLA: bets $1
Trojanovich: calls $1
*** TURN *** [Kc 6h Kh] [4d]
JohntaramasLA: checks 
Trojanovich: bets $5.70
JohntaramasLA: folds 
Uncalled bet ($5.70) returned to Trojanovich
Trojanovich collected $7.60 from pot
Trojanovich: doesn't show hand 
*** SUMMARY ***
Total pot $8 | Rake $0.40 
Board [Kc 6h Kh 4d]
Seat 1: Kristo 914 folded before Flop (didn't bet)
Seat 2: Palacios777 folded before Flop (didn't bet)
Seat 3: michasia folded before Flop (didn't bet)
Seat 4: Trojanovich (button) collected ($7.60)
Seat 5: JohntaramasLA (small blind) folded on the Turn
Seat 6: MoRsCeReBruM (big blind) folded before Flop



PokerStars Hand #254319825699:  Hold'em No Limit ($0.50/$1.00 USD) - 2025/01/11 21:00:15 WET [2025/01/11 16:00:15 ET]
Table 'Terpsichore III' 6-max Seat #5 is the button
Seat 1: Kristo 914 ($100 in chips) 
Seat 2: Palacios777 ($116.39 in chips) 
Seat 3: michasia ($100 in chips) 
Seat 4: Trojanovich ($161.97 in chips) 
Seat 5: JohntaramasLA ($70.34 in chips) 
Seat 6: MoRsCeReBruM ($112.94 in chips) 
MoRsCeReBruM: posts small blind $0.50
Kristo 914: posts big blind $1
*** HOLE CARDS ***
Palacios777: folds 
michasia: folds 
Trojanovich: folds 
JohntaramasLA: folds 
MoRsCeReBruM: folds 
Uncalled bet ($0.50) returned to Kristo 914
Kristo 914 collected $1 from pot
Kristo 914: doesn't show hand 
JohntaramasLA leaves the table
*** SUMMARY ***
Total pot $1 | Rake $0 
Seat 1: Kristo 914 (big blind) collected ($1)
Seat 2: Palacios777 folded before Flop (didn't bet)
Seat 3: michasia folded before Flop (didn't bet)
Seat 4: Trojanovich folded before Flop (didn't bet)
Seat 5: JohntaramasLA (button) folded before Flop (didn't bet)
Seat 6: MoRsCeReBruM (small blind) folded before Flop



PokerStars Hand #254319828763:  Hold'em No Limit ($0.50/$1.00 USD) - 2025/01/11 21:00:28 WET [2025/01/11 16:00:28 ET]
Table 'Terpsichore III' 6-max Seat #6 is the button
Seat 1: Kristo 914 ($100.50 in chips) 
Seat 2: Palacios777 ($116.39 in chips) 
Seat 3: michasia ($100 in chips) 
Seat 4: Trojanovich ($161.97 in chips) 
Seat 6: MoRsCeReBruM ($112.44 in chips) 
Kristo 914: posts small blind $0.50
Palacios777: posts big blind $1
*** HOLE CARDS ***
michasia: folds 
Trojanovich: folds 
MoRsCeReBruM: raises $1.50 to $2.50
Kristo 914: folds 
Palacios777: folds 
Uncalled bet ($1.50) returned to MoRsCeReBruM
MoRsCeReBruM collected $2.50 from pot
MoRsCeReBruM: doesn't show hand 
*** SUMMARY ***
Total pot $2.50 | Rake $0 
Seat 1: Kristo 914 (small blind) folded before Flop
Seat 2: Palacios777 (big blind) folded before Flop
Seat 3: michasia folded before Flop (didn't bet)
Seat 4: Trojanovich folded before Flop (didn't bet)
Seat 6: MoRsCeReBruM (button) collected ($2.50)



PokerStars Hand #254319832685:  Hold'em No Limit ($0.50/$1.00 USD) - 2025/01/11 21:00:43 WET [2025/01/11 16:00:43 ET]
Table 'Terpsichore III' 6-max Seat #1 is the button
Seat 3: michasia ($100 in chips) is sitting out
Seat 1: Kristo 914 ($100 in chips) 
Seat 2: Palacios777 ($115.39 in chips) 
Seat 4: Trojanovich ($161.97 in chips) 
Seat 6: MoRsCeReBruM ($113.94 in chips) 
Palacios777: posts small blind $0.50
michasia: is sitting out 
Trojanovich: posts big blind $1
*** HOLE CARDS ***
MoRsCeReBruM: raises $1.20 to $2.20
Kristo 914: folds 
Palacios777: folds 
Trojanovich: calls $1.20
*** FLOP *** [2h 6d Kd]
Trojanovich: checks 
michasia leaves the table
MoRsCeReBruM: bets $1.54
Trojanovich: calls $1.54
*** TURN *** [2h 6d Kd] [3s]
Trojanovich: checks 
MoRsCeReBruM: checks 
*** RIVER *** [2h 6d Kd 3s] [2d]
Trojanovich: bets $11.37
MoRsCeReBruM: folds 
Uncalled bet ($11.37) returned to Trojanovich
Trojanovich collected $7.58 from pot
Trojanovich: doesn't show hand 
*** SUMMARY ***
Total pot $7.98 | Rake $0.40 
Board [2h 6d Kd 3s 2d]
Seat 3: michasia
Seat 1: Kristo 914 (button) folded before Flop (didn't bet)
Seat 2: Palacios777 (small blind) folded before Flop
Seat 4: Trojanovich (big blind) collected ($7.58)
Seat 6: MoRsCeReBruM folded on the River



PokerStars Hand #254319848108:  Hold'em No Limit ($0.50/$1.00 USD) - 2025/01/11 21:01:38 WET [2025/01/11 16:01:38 ET]
Table 'Terpsichore III' 6-max Seat #2 is the button
Seat 6: MoRsCeReBruM ($110.20 in chips) is sitting out
Seat 1: Kristo 914 ($100 in chips) 
Seat 2: Palacios777 ($114.89 in chips) 
Seat 4: Trojanovich ($165.81 in chips) 
Trojanovich: posts small blind $0.50
MoRsCeReBruM: is sitting out 
michasia joins the table at seat #5 
Kristo 914: posts big blind $1
*** HOLE CARDS ***
Palacios777: raises $1.50 to $2.50
Trojanovich: folds 
MoRsCeReBruM leaves the table
Kristo 914: folds 
Uncalled bet ($1.50) returned to Palacios777
Palacios777 collected $2.50 from pot
Palacios777: doesn't show hand 
*** SUMMARY ***
Total pot $2.50 | Rake $0 
Seat 6: MoRsCeReBruM
Seat 1: Kristo 914 (big blind) folded before Flop
Seat 2: Palacios777 (button) collected ($2.50)
Seat 4: Trojanovich (small blind) folded before Flop



PokerStars Hand #254319851654:  Hold'em No Limit ($0.50/$1.00 USD) - 2025/01/11 21:01:49 WET [2025/01/11 16:01:49 ET]
Table 'Terpsichore III' 6-max Seat #1 is the button
Seat 2: Palacios777 ($116.39 in chips) is sitting out
Seat 5: michasia ($100 in chips) is sitting out
Seat 1: Kristo 914 ($100 in chips) 
Seat 4: Trojanovich ($165.31 in chips) 
Kristo 914: posts small blind $0.50
Palacios777: is sitting out 
Trojanovich: posts big blind $1
*** HOLE CARDS ***
Kristo 914: raises $1.40 to $2.40
Tibibacsi joins the table at seat #3 
Trojanovich: calls $1.40
*** FLOP *** [9d 8c 2c]
Trojanovich: checks 
Kristo 914: checks 
*** TURN *** [9d 8c 2c] [8d]
michasia leaves the table
Tibibacsi leaves the table
Trojanovich: checks 
Kristo 914: bets $1.87
Trojanovich: folds 
Uncalled bet ($1.87) returned to Kristo 914
Kristo 914 collected $4.56 from pot
Kristo 914: doesn't show hand 
*** SUMMARY ***
Total pot $4.80 | Rake $0.24 
Board [9d 8c 2c 8d]
Seat 2: Palacios777
Seat 5: michasia
Seat 1: Kristo 914 (button) (small blind) collected ($4.56)
Seat 4: Trojanovich (big blind) folded on the Turn



PokerStars Hand #254319862730:  Hold'em No Limit ($0.50/$1.00 USD) - 2025/01/11 21:02:25 WET [2025/01/11 16:02:25 ET]
Table 'Terpsichore III' 6-max Seat #4 is the button
Seat 2: Palacios777 ($116.39 in chips) is sitting out
Seat 1: Kristo 914 ($102.16 in chips) 
Seat 4: Trojanovich ($162.91 in chips) 
Trojanovich: posts small blind $0.50
Kristo 914: posts big blind $1
*** HOLE CARDS ***
Trojanovich: folds 
Uncalled bet ($0.50) returned to Kristo 914
Kristo 914 collected $1 from pot
Kristo 914: doesn't show hand 
*** SUMMARY ***
Total pot $1 | Rake $0 
Seat 2: Palacios777
Seat 1: Kristo 914 (big blind) collected ($1)
Seat 4: Trojanovich (button) (small blind) folded before Flop



PokerStars Hand #254319864875:  Hold'em No Limit ($0.50/$1.00 USD) - 2025/01/11 21:02:31 WET [2025/01/11 16:02:31 ET]
Table 'Terpsichore III' 6-max Seat #1 is the button
Seat 2: Palacios777 ($116.39 in chips) is sitting out
Seat 1: Kristo 914 ($102.66 in chips) 
Seat 4: Trojanovich ($162.41 in chips) 
Kristo 914: posts small blind $0.50
Trojanovich: posts big blind $1
*** HOLE CARDS ***
Kristo 914: folds 
Uncalled bet ($0.50) returned to Trojanovich
kars0n joins the table at seat #3 
Trojanovich collected $1 from pot
Trojanovich: doesn't show hand 
blackclan7 joins the table at seat #5 
*** SUMMARY ***
Total pot $1 | Rake $0 
Seat 2: Palacios777
Seat 1: Kristo 914 (button) (small blind) folded before Flop
Seat 4: Trojanovich (big blind) collected ($1)



PokerStars Hand #254319867774:  Hold'em No Limit ($0.50/$1.00 USD) - 2025/01/11 21:02:39 WET [2025/01/11 16:02:39 ET]
Table 'Terpsichore III' 6-max Seat #4 is the button
Seat 2: Palacios777 ($116.39 in chips) is sitting out
Seat 5: blackclan7 ($100 in chips) is sitting out
Seat 1: Kristo 914 ($102.16 in chips) 
Seat 3: kars0n ($100 in chips) 
Seat 4: Trojanovich ($162.91 in chips) 
Kristo 914: posts small blind $0.50
kars0n: posts big blind $1
*** HOLE CARDS ***
FRIDAN69 joins the table at seat #6 
FRIDAN69 is disconnected 
Trojanovich: raises $1.50 to $2.50
Kristo 914: folds 
kars0n: calls $1.50
*** FLOP *** [9c 8s 4c]
kars0n: checks 
Trojanovich: bets $2.61
kars0n: calls $2.61
*** TURN *** [9c 8s 4c] [Kh]
kars0n: checks 
Trojanovich: bets $7.64
kars0n: folds 
Uncalled bet ($7.64) returned to Trojanovich
Trojanovich collected $10.18 from pot
Trojanovich: doesn't show hand 
*** SUMMARY ***
Total pot $10.72 | Rake $0.54 
Board [9c 8s 4c Kh]
Seat 2: Palacios777
Seat 5: blackclan7
Seat 1: Kristo 914 (small blind) folded before Flop
Seat 3: kars0n (big blind) folded on the Turn
Seat 4: Trojanovich (button) collected ($10.18)



PokerStars Hand #254319883763:  Hold'em No Limit ($0.50/$1.00 USD) - 2025/01/11 21:03:28 WET [2025/01/11 16:03:28 ET]
Table 'Terpsichore III' 6-max Seat #1 is the button
Seat 2: Palacios777 ($116.39 in chips) is sitting out
Seat 5: blackclan7 ($100 in chips) is sitting out
Seat 1: Kristo 914 ($101.66 in chips) 
Seat 3: kars0n ($100 in chips) 
Seat 4: Trojanovich ($167.98 in chips) 
Seat 6: FRIDAN69 ($56.50 in chips) 
kars0n: posts small blind $0.50
Trojanovich: posts big blind $1
blackclan7: sits out 
FRIDAN69: posts big blind $1
*** HOLE CARDS ***
FRIDAN69: raises $2 to $3
Kristo 914: folds 
kars0n: folds 
Trojanovich: folds 
Uncalled bet ($2) returned to FRIDAN69
FRIDAN69 collected $2.50 from pot
*** SUMMARY ***
Total pot $2.50 | Rake $0 
Seat 2: Palacios777
Seat 5: blackclan7
Seat 1: Kristo 914 (button) folded before Flop (didn't bet)
Seat 3: kars0n (small blind) folded before Flop
Seat 4: Trojanovich (big blind) folded before Flop
Seat 6: FRIDAN69 collected ($2.50)



PokerStars Hand #254319893659:  Hold'em No Limit ($0.50/$1.00 USD) - 2025/01/11 21:03:58 WET [2025/01/11 16:03:58 ET]
Table 'Terpsichore III' 6-max Seat #3 is the button
Seat 2: Palacios777 ($116.39 in chips) is sitting out
Seat 1: Kristo 914 ($101.66 in chips) 
Seat 3: kars0n ($100 in chips) 
Seat 4: Trojanovich ($166.98 in chips) 
Seat 5: blackclan7 ($100 in chips) 
Seat 6: FRIDAN69 ($58 in chips) 
Trojanovich: posts small blind $0.50
blackclan7: posts big blind $1
Palacios777: sits out 
*** HOLE CARDS ***
FRIDAN69: calls $1
Kristo 914: folds 
kars0n: folds 
Trojanovich: folds 
blackclan7: checks 
*** FLOP *** [8h 2h Ah]
blackclan7: checks 
FRIDAN69: bets $4
blackclan7: folds 
Uncalled bet ($4) returned to FRIDAN69
FRIDAN69 collected $2.35 from pot
*** SUMMARY ***
Total pot $2.50 | Rake $0.15 
Board [8h 2h Ah]
Seat 2: Palacios777
Seat 1: Kristo 914 folded before Flop (didn't bet)
Seat 3: kars0n (button) folded before Flop (didn't bet)
Seat 4: Trojanovich (small blind) folded before Flop
Seat 5: blackclan7 (big blind) folded on the Flop
Seat 6: FRIDAN69 collected ($2.35)



PokerStars Hand #254319908498:  Hold'em No Limit ($0.50/$1.00 USD) - 2025/01/11 21:04:42 WET [2025/01/11 16:04:42 ET]
Table 'Terpsichore III' 6-max Seat #4 is the button
Seat 2: Palacios777 ($116.39 in chips) is sitting out
Seat 1: Kristo 914 ($101.66 in chips) 
Seat 3: kars0n ($100 in chips) 
Seat 4: Trojanovich ($166.48 in chips) 
Seat 5: blackclan7 ($100 in chips) 
Seat 6: FRIDAN69 ($59.35 in chips) 
blackclan7: posts small blind $0.50
FRIDAN69: posts big blind $1
Palacios777: sits out 
*** HOLE CARDS ***
Kristo 914: folds 
kars0n: raises $1.50 to $2.50
Trojanovich: folds 
blackclan7: folds 
FRIDAN69: raises $2.50 to $5
kars0n: calls $2.50
*** FLOP *** [6h 3h Kc]
FRIDAN69: checks 
kars0n: checks 
*** TURN *** [6h 3h Kc] [Tc]
FRIDAN69: bets $5
kars0n: folds 
Uncalled bet ($5) returned to FRIDAN69
FRIDAN69 collected $9.85 from pot
*** SUMMARY ***
Total pot $10.50 | Rake $0.65 
Board [6h 3h Kc Tc]
Seat 2: Palacios777
Seat 1: Kristo 914 folded before Flop (didn't bet)
Seat 3: kars0n folded on the Turn
Seat 4: Trojanovich (button) folded before Flop (didn't bet)
Seat 5: blackclan7 (small blind) folded before Flop
Seat 6: FRIDAN69 (big blind) collected ($9.85)



PokerStars Hand #254319922798:  Hold'em No Limit ($0.50/$1.00 USD) - 2025/01/11 21:05:24 WET [2025/01/11 16:05:24 ET]
Table 'Terpsichore III' 6-max Seat #5 is the button
Seat 2: Palacios777 ($116.39 in chips) is sitting out
Seat 1: Kristo 914 ($101.66 in chips) 
Seat 3: kars0n ($100 in chips) 
Seat 4: Trojanovich ($166.48 in chips) 
Seat 5: blackclan7 ($100 in chips) 
Seat 6: FRIDAN69 ($64.20 in chips) 
FRIDAN69: posts small blind $0.50
Kristo 914: posts big blind $1
Palacios777: sits out 
*** HOLE CARDS ***
kars0n: raises $1 to $2
Trojanovich: folds 
blackclan7: folds 
FRIDAN69: calls $1.50
Kristo 914: folds 
*** FLOP *** [3s 2s 2d]
FRIDAN69: bets $2
kars0n: raises $8 to $10
FRIDAN69: calls $8
*** TURN *** [3s 2s 2d] [3d]
FRIDAN69: checks 
kars0n: checks 
*** RIVER *** [3s 2s 2d 3d] [7h]
FRIDAN69: bets $10
kars0n: calls $10
*** SHOW DOWN ***
FRIDAN69: shows [4d 3c] (a full house, Threes full of Deuces)
kars0n: mucks hand 
FRIDAN69 collected $42.19 from pot
*** SUMMARY ***
Total pot $45 | Rake $2.81 
Board [3s 2s 2d 3d 7h]
Seat 2: Palacios777
Seat 1: Kristo 914 (big blind) folded before Flop
Seat 3: kars0n mucked
Seat 4: Trojanovich folded before Flop (didn't bet)
Seat 5: blackclan7 (button) folded before Flop (didn't bet)
Seat 6: FRIDAN69 (small blind) showed [4d 3c] and won ($42.19) with a full house, Threes full of Deuces



PokerStars Hand #254319945125:  Hold'em No Limit ($0.50/$1.00 USD) - 2025/01/11 21:06:29 WET [2025/01/11 16:06:29 ET]
Table 'Terpsichore III' 6-max Seat #6 is the button
Seat 1: Kristo 914 ($100.66 in chips) 
Seat 2: Palacios777 ($116.39 in chips) 
Seat 3: kars0n ($100 in chips) 
Seat 4: Trojanovich ($166.48 in chips) 
Seat 5: blackclan7 ($100 in chips) 
Seat 6: FRIDAN69 ($84.39 in chips) 
Kristo 914: posts small blind $0.50
Palacios777: posts big blind $1
*** HOLE CARDS ***
kars0n: raises $1 to $2
Trojanovich: folds 
blackclan7: folds 
FRIDAN69: raises $5 to $7
Kristo 914: folds 
Palacios777: folds 
kars0n: folds 
Uncalled bet ($5) returned to FRIDAN69
FRIDAN69 collected $5.50 from pot
*** SUMMARY ***
Total pot $5.50 | Rake $0 
Seat 1: Kristo 914 (small blind) folded before Flop
Seat 2: Palacios777 (big blind) folded before Flop
Seat 3: kars0n folded before Flop
Seat 4: Trojanovich folded before Flop (didn't bet)
Seat 5: blackclan7 folded before Flop (didn't bet)
Seat 6: FRIDAN69 (button) collected ($5.50)



PokerStars Hand #254319953237:  Hold'em No Limit ($0.50/$1.00 USD) - 2025/01/11 21:06:53 WET [2025/01/11 16:06:53 ET]
Table 'Terpsichore III' 6-max Seat #1 is the button
Seat 1: Kristo 914 ($100.16 in chips) 
Seat 2: Palacios777 ($115.39 in chips) 
Seat 3: kars0n ($100 in chips) 
Seat 4: Trojanovich ($166.48 in chips) 
Seat 5: blackclan7 ($100 in chips) 
Seat 6: FRIDAN69 ($87.89 in chips) 
Palacios777: posts small blind $0.50
kars0n: posts big blind $1
*** HOLE CARDS ***
Trojanovich: folds 
blackclan7: raises $1 to $2
FRIDAN69: calls $2
Kristo 914: folds 
Palacios777: raises $13 to $15
kars0n: folds 
blackclan7: folds 
FRIDAN69: folds 
Uncalled bet ($13) returned to Palacios777
Palacios777 collected $7 from pot
Palacios777: doesn't show hand 
*** SUMMARY ***
Total pot $7 | Rake $0 
Seat 1: Kristo 914 (button) folded before Flop (didn't bet)
Seat 2: Palacios777 (small blind) collected ($7)
Seat 3: kars0n (big blind) folded before Flop
Seat 4: Trojanovich folded before Flop (didn't bet)
Seat 5: blackclan7 folded before Flop
Seat 6: FRIDAN69 folded before Flop



PokerStars Hand #254319962841:  Hold'em No Limit ($0.50/$1.00 USD) - 2025/01/11 21:07:21 WET [2025/01/11 16:07:21 ET]
Table 'Terpsichore III' 6-max Seat #2 is the button
Seat 1: Kristo 914 ($100.16 in chips) 
Seat 2: Palacios777 ($120.39 in chips) 
Seat 3: kars0n ($100 in chips) 
Seat 4: Trojanovich ($166.48 in chips) 
Seat 5: blackclan7 ($100 in chips) 
Seat 6: FRIDAN69 ($85.89 in chips) 
kars0n: posts small blind $0.50
Trojanovich: posts big blind $1
*** HOLE CARDS ***
blackclan7: folds 
FRIDAN69: raises $2 to $3
Kristo 914: folds 
Palacios777: folds 
kars0n: folds 
Trojanovich: folds 
Uncalled bet ($2) returned to FRIDAN69
FRIDAN69 collected $2.50 from pot
*** SUMMARY ***
Total pot $2.50 | Rake $0 
Seat 1: Kristo 914 folded before Flop (didn't bet)
Seat 2: Palacios777 (button) folded before Flop (didn't bet)
Seat 3: kars0n (small blind) folded before Flop
Seat 4: Trojanovich (big blind) folded before Flop
Seat 5: blackclan7 folded before Flop (didn't bet)
Seat 6: FRIDAN69 collected ($2.50)



PokerStars Hand #254319970814:  Hold'em No Limit ($0.50/$1.00 USD) - 2025/01/11 21:07:44 WET [2025/01/11 16:07:44 ET]
Table 'Terpsichore III' 6-max Seat #3 is the button
Seat 1: Kristo 914 ($100.16 in chips) 
Seat 2: Palacios777 ($120.39 in chips) 
Seat 3: kars0n ($100 in chips) 
Seat 4: Trojanovich ($165.48 in chips) 
Seat 5: blackclan7 ($100 in chips) 
Seat 6: FRIDAN69 ($87.39 in chips) 
Trojanovich: posts small blind $0.50
blackclan7: posts big blind $1
*** HOLE CARDS ***
FRIDAN69: calls $1
Kristo 914: folds 
Palacios777: folds 
kars0n: raises $3.50 to $4.50
Trojanovich: folds 
blackclan7: folds 
FRIDAN69: calls $3.50
*** FLOP *** [3h 9s Ts]
FRIDAN69: bets $1
kars0n: raises $4 to $5
FRIDAN69: calls $4
*** TURN *** [3h 9s Ts] [Ks]
FRIDAN69: bets $6
kars0n: calls $6
*** RIVER *** [3h 9s Ts Ks] [9d]
FRIDAN69: checks 
kars0n: checks 
*** SHOW DOWN ***
FRIDAN69: shows [8s 6h] (a pair of Nines)
kars0n: shows [Ah Js] (a pair of Nines - Ace kicker)
kars0n collected $30.88 from pot
*** SUMMARY ***
Total pot $32.50 | Rake $1.62 
Board [3h 9s Ts Ks 9d]
Seat 1: Kristo 914 folded before Flop (didn't bet)
Seat 2: Palacios777 folded before Flop (didn't bet)
Seat 3: kars0n (button) showed [Ah Js] and won ($30.88) with a pair of Nines
Seat 4: Trojanovich (small blind) folded before Flop
Seat 5: blackclan7 (big blind) folded before Flop
Seat 6: FRIDAN69 showed [8s 6h] and lost with a pair of Nines



PokerStars Hand #254319989459:  Hold'em No Limit ($0.50/$1.00 USD) - 2025/01/11 21:08:40 WET [2025/01/11 16:08:40 ET]
Table 'Terpsichore III' 6-max Seat #4 is the button
Seat 1: Kristo 914 ($100.16 in chips) 
Seat 2: Palacios777 ($120.39 in chips) 
Seat 3: kars0n ($115.38 in chips) 
Seat 4: Trojanovich ($164.98 in chips) 
Seat 5: blackclan7 ($100 in chips) 
Seat 6: FRIDAN69 ($71.89 in chips) 
blackclan7: posts small blind $0.50
FRIDAN69: posts big blind $1
*** HOLE CARDS ***
Kristo 914: folds 
Palacios777: folds 
kars0n: folds 
Trojanovich: folds 
blackclan7: folds 
Uncalled bet ($0.50) returned to FRIDAN69
FRIDAN69 collected $1 from pot
*** SUMMARY ***
Total pot $1 | Rake $0 
Seat 1: Kristo 914 folded before Flop (didn't bet)
Seat 2: Palacios777 folded before Flop (didn't bet)
Seat 3: kars0n folded before Flop (didn't bet)
Seat 4: Trojanovich (button) folded before Flop (didn't bet)
Seat 5: blackclan7 (small blind) folded before Flop
Seat 6: FRIDAN69 (big blind) collected ($1)



PokerStars Hand #254320001730:  Hold'em No Limit ($0.50/$1.00 USD) - 2025/01/11 21:09:16 WET [2025/01/11 16:09:16 ET]
Table 'Terpsichore III' 6-max Seat #5 is the button
Seat 1: Kristo 914 ($100.16 in chips) 
Seat 2: Palacios777 ($120.39 in chips) 
Seat 3: kars0n ($115.38 in chips) 
Seat 4: Trojanovich ($164.98 in chips) 
Seat 5: blackclan7 ($100 in chips) 
Seat 6: FRIDAN69 ($72.39 in chips) 
FRIDAN69: posts small blind $0.50
Kristo 914: posts big blind $1
*** HOLE CARDS ***
Palacios777: folds 
kars0n: folds 
Trojanovich: raises $1.50 to $2.50
blackclan7: calls $2.50
FRIDAN69: folds 
Kristo 914: folds 
*** FLOP *** [Jd 7h Tc]
Trojanovich: checks 
blackclan7: checks 
*** TURN *** [Jd 7h Tc] [9c]
Trojanovich: checks 
blackclan7: checks 
*** RIVER *** [Jd 7h Tc 9c] [As]
Trojanovich: checks 
blackclan7: checks 
*** SHOW DOWN ***
Trojanovich: shows [Kh 9h] (a pair of Nines)
blackclan7: mucks hand 
Trojanovich collected $6.18 from pot
*** SUMMARY ***
Total pot $6.50 | Rake $0.32 
Board [Jd 7h Tc 9c As]
Seat 1: Kristo 914 (big blind) folded before Flop
Seat 2: Palacios777 folded before Flop (didn't bet)
Seat 3: kars0n folded before Flop (didn't bet)
Seat 4: Trojanovich showed [Kh 9h] and won ($6.18) with a pair of Nines
Seat 5: blackclan7 (button) mucked
Seat 6: FRIDAN69 (small blind) folded before Flop



PokerStars Hand #254320027700:  Hold'em No Limit ($0.50/$1.00 USD) - 2025/01/11 21:10:32 WET [2025/01/11 16:10:32 ET]
Table 'Terpsichore III' 6-max Seat #6 is the button
Seat 1: Kristo 914 ($100 in chips) 
Seat 2: Palacios777 ($120.39 in chips) 
Seat 3: kars0n ($115.38 in chips) 
Seat 4: Trojanovich ($168.66 in chips) 
Seat 5: blackclan7 ($100 in chips) 
Seat 6: FRIDAN69 ($71.89 in chips) 
Kristo 914: posts small blind $0.50
Palacios777: posts big blind $1
*** HOLE CARDS ***
kars0n: folds 
Trojanovich: folds 
blackclan7: folds 
FRIDAN69: calls $1
Kristo 914: folds 
Palacios777: checks 
*** FLOP *** [9s 5s 4d]
Palacios777: checks 
FRIDAN69: bets $2
Palacios777: folds 
Uncalled bet ($2) returned to FRIDAN69
FRIDAN69 collected $2.35 from pot
*** SUMMARY ***
Total pot $2.50 | Rake $0.15 
Board [9s 5s 4d]
Seat 1: Kristo 914 (small blind) folded before Flop
Seat 2: Palacios777 (big blind) folded on the Flop
Seat 3: kars0n folded before Flop (didn't bet)
Seat 4: Trojanovich folded before Flop (didn't bet)
Seat 5: blackclan7 folded before Flop (didn't bet)
Seat 6: FRIDAN69 (button) collected ($2.35)



PokerStars Hand #254320037431:  Hold'em No Limit ($0.50/$1.00 USD) - 2025/01/11 21:11:00 WET [2025/01/11 16:11:00 ET]
Table 'Terpsichore III' 6-max Seat #1 is the button
Seat 1: Kristo 914 ($100 in chips) 
Seat 2: Palacios777 ($119.39 in chips) 
Seat 3: kars0n ($115.38 in chips) 
Seat 4: Trojanovich ($168.66 in chips) 
Seat 5: blackclan7 ($100 in chips) 
Seat 6: FRIDAN69 ($73.24 in chips) 
Palacios777: posts small blind $0.50
kars0n: posts big blind $1
*** HOLE CARDS ***
Trojanovich: folds 
blackclan7: folds 
FRIDAN69: raises $2 to $3
Kristo 914: folds 
Palacios777: folds 
kars0n: folds 
Uncalled bet ($2) returned to FRIDAN69
FRIDAN69 collected $2.50 from pot
*** SUMMARY ***
Total pot $2.50 | Rake $0 
Seat 1: Kristo 914 (button) folded before Flop (didn't bet)
Seat 2: Palacios777 (small blind) folded before Flop
Seat 3: kars0n (big blind) folded before Flop
Seat 4: Trojanovich folded before Flop (didn't bet)
Seat 5: blackclan7 folded before Flop (didn't bet)
Seat 6: FRIDAN69 collected ($2.50)



PokerStars Hand #254320044610:  Hold'em No Limit ($0.50/$1.00 USD) - 2025/01/11 21:11:21 WET [2025/01/11 16:11:21 ET]
Table 'Terpsichore III' 6-max Seat #2 is the button
Seat 1: Kristo 914 ($100 in chips) 
Seat 2: Palacios777 ($118.89 in chips) 
Seat 3: kars0n ($114.38 in chips) 
Seat 4: Trojanovich ($168.66 in chips) 
Seat 5: blackclan7 ($100 in chips) 
Seat 6: FRIDAN69 ($74.74 in chips) 
kars0n: posts small blind $0.50
Trojanovich: posts big blind $1
*** HOLE CARDS ***
blackclan7: folds 
FRIDAN69: calls $1
Kristo 914: folds 
Palacios777: raises $2.50 to $3.50
kars0n: folds 
Trojanovich: folds 
FRIDAN69: folds 
Uncalled bet ($2.50) returned to Palacios777
Palacios777 collected $3.50 from pot
Palacios777: doesn't show hand 
*** SUMMARY ***
Total pot $3.50 | Rake $0 
Seat 1: Kristo 914 folded before Flop (didn't bet)
Seat 2: Palacios777 (button) collected ($3.50)
Seat 3: kars0n (small blind) folded before Flop
Seat 4: Trojanovich (big blind) folded before Flop
Seat 5: blackclan7 folded before Flop (didn't bet)
Seat 6: FRIDAN69 folded before Flop



PokerStars Hand #254320053560:  Hold'em No Limit ($0.50/$1.00 USD) - 2025/01/11 21:11:46 WET [2025/01/11 16:11:46 ET]
Table 'Terpsichore III' 6-max Seat #3 is the button
Seat 5: blackclan7 ($100 in chips) is sitting out
Seat 1: Kristo 914 ($100 in chips) 
Seat 2: Palacios777 ($121.39 in chips) 
Seat 3: kars0n ($113.88 in chips) 
Seat 4: Trojanovich ($167.66 in chips) 
Seat 6: FRIDAN69 ($73.74 in chips) 
Trojanovich: posts small blind $0.50
blackclan7: is sitting out 
FRIDAN69: posts big blind $1
*** HOLE CARDS ***
Kristo 914: folds 
Palacios777: folds 
kars0n: folds 
blackclan7 leaves the table
Trojanovich: raises $2 to $3
FRIDAN69: raises $2 to $5
Trojanovich: calls $2
*** FLOP *** [9c 7c Qd]
Trojanovich: checks 
FRIDAN69: checks 
*** TURN *** [9c 7c Qd] [Th]
yzuk joins the table at seat #5 
Trojanovich: bets $3.14
FRIDAN69: folds 
Uncalled bet ($3.14) returned to Trojanovich
Trojanovich collected $9.50 from pot
Trojanovich: doesn't show hand 
*** SUMMARY ***
Total pot $10 | Rake $0.50 
Board [9c 7c Qd Th]
Seat 5: blackclan7
Seat 1: Kristo 914 folded before Flop (didn't bet)
Seat 2: Palacios777 folded before Flop (didn't bet)
Seat 3: kars0n (button) folded before Flop (didn't bet)
Seat 4: Trojanovich (small blind) collected ($9.50)
Seat 6: FRIDAN69 (big blind) folded on the Turn



PokerStars Hand #254320070267:  Hold'em No Limit ($0.50/$1.00 USD) - 2025/01/11 21:12:35 WET [2025/01/11 16:12:35 ET]
Table 'Terpsichore III' 6-max Seat #4 is the button
Seat 5: yzuk ($101.50 in chips) is sitting out
Seat 1: Kristo 914 ($100 in chips) 
Seat 2: Palacios777 ($121.39 in chips) 
Seat 3: kars0n ($113.88 in chips) 
Seat 4: Trojanovich ($172.16 in chips) 
Seat 6: FRIDAN69 ($68.74 in chips) 
FRIDAN69: posts small blind $0.50
Kristo 914: posts big blind $1
*** HOLE CARDS ***
Palacios777: raises $1.20 to $2.20
kars0n: folds 
Trojanovich: folds 
FRIDAN69 is disconnected 
FRIDAN69 has timed out while disconnected
FRIDAN69: folds 
Kristo 914: folds 
Uncalled bet ($1.20) returned to Palacios777
Palacios777 collected $2.50 from pot
Palacios777: doesn't show hand 
*** SUMMARY ***
Total pot $2.50 | Rake $0 
Seat 5: yzuk
Seat 1: Kristo 914 (big blind) folded before Flop
Seat 2: Palacios777 collected ($2.50)
Seat 3: kars0n folded before Flop (didn't bet)
Seat 4: Trojanovich (button) folded before Flop (didn't bet)
Seat 6: FRIDAN69 (small blind) folded before Flop



PokerStars Hand #254320090701:  Hold'em No Limit ($0.50/$1.00 USD) - 2025/01/11 21:13:34 WET [2025/01/11 16:13:34 ET]
Table 'Terpsichore III' 6-max Seat #1 is the button
Seat 5: yzuk ($101.50 in chips) is sitting out
Seat 6: FRIDAN69 ($68.24 in chips) is sitting out
Seat 1: Kristo 914 ($100 in chips) 
Seat 2: Palacios777 ($122.89 in chips) 
Seat 3: kars0n ($113.88 in chips) 
Seat 4: Trojanovich ($172.16 in chips) 
Palacios777: posts small blind $0.50
kars0n: posts big blind $1
yzuk: sits out 
*** HOLE CARDS ***
Trojanovich: folds 
Kristo 914: folds 
Palacios777: folds 
Uncalled bet ($0.50) returned to kars0n
kars0n collected $1 from pot
kars0n: doesn't show hand 
*** SUMMARY ***
Total pot $1 | Rake $0 
Seat 5: yzuk
Seat 6: FRIDAN69
Seat 1: Kristo 914 (button) folded before Flop (didn't bet)
Seat 2: Palacios777 (small blind) folded before Flop
Seat 3: kars0n (big blind) collected ($1)
Seat 4: Trojanovich folded before Flop (didn't bet)



PokerStars Hand #254320171926:  Hold'em No Limit ($0.50/$1.00 USD) - 2025/01/11 21:17:30 WET [2025/01/11 16:17:30 ET]
Table 'Terpsichore III' 6-max Seat #3 is the button
Seat 6: FRIDAN69 ($100 in chips) is sitting out
Seat 1: Kristo 914 ($100 in chips) 
Seat 2: Palacios777 ($110.61 in chips) 
Seat 3: kars0n ($129.93 in chips) 
Seat 4: Trojanovich ($167.94 in chips) 
Seat 5: michasia ($100 in chips) 
Trojanovich: posts small blind $0.50
michasia: posts big blind $1
*** HOLE CARDS ***
Kristo 914: folds 
Palacios777: folds 
kars0n: folds 
Trojanovich: folds 
Uncalled bet ($0.50) returned to michasia
michasia collected $1 from pot
michasia: doesn't show hand 
*** SUMMARY ***
Total pot $1 | Rake $0 
Seat 6: FRIDAN69
Seat 1: Kristo 914 folded before Flop (didn't bet)
Seat 2: Palacios777 folded before Flop (didn't bet)
Seat 3: kars0n (button) folded before Flop (didn't bet)
Seat 4: Trojanovich (small blind) folded before Flop
Seat 5: michasia (big blind) collected ($1)



PokerStars Hand #254320177668:  Hold'em No Limit ($0.50/$1.00 USD) - 2025/01/11 21:17:46 WET [2025/01/11 16:17:46 ET]
Table 'Terpsichore III' 6-max Seat #4 is the button
Seat 6: FRIDAN69 ($100 in chips) is sitting out
Seat 1: Kristo 914 ($100 in chips) 
Seat 2: Palacios777 ($110.61 in chips) 
Seat 3: kars0n ($129.93 in chips) 
Seat 4: Trojanovich ($167.44 in chips) 
Seat 5: michasia ($100.50 in chips) 
michasia: posts small blind $0.50
Kristo 914: posts big blind $1
*** HOLE CARDS ***
Palacios777: folds 
kars0n: folds 
Trojanovich: folds 
michasia: folds 
Uncalled bet ($0.50) returned to Kristo 914
Kristo 914 collected $1 from pot
Kristo 914: doesn't show hand 
*** SUMMARY ***
Total pot $1 | Rake $0 
Seat 6: FRIDAN69
Seat 1: Kristo 914 (big blind) collected ($1)
Seat 2: Palacios777 folded before Flop (didn't bet)
Seat 3: kars0n folded before Flop (didn't bet)
Seat 4: Trojanovich (button) folded before Flop (didn't bet)
Seat 5: michasia (small blind) folded before Flop



PokerStars Hand #254320181780:  Hold'em No Limit ($0.50/$1.00 USD) - 2025/01/11 21:17:58 WET [2025/01/11 16:17:58 ET]
Table 'Terpsichore III' 6-max Seat #5 is the button
Seat 6: FRIDAN69 ($100 in chips) is sitting out
Seat 1: Kristo 914 ($100.50 in chips) 
Seat 2: Palacios777 ($110.61 in chips) 
Seat 3: kars0n ($129.93 in chips) 
Seat 4: Trojanovich ($167.44 in chips) 
Seat 5: michasia ($100 in chips) 
Kristo 914: posts small blind $0.50
Palacios777: posts big blind $1
*** HOLE CARDS ***
kars0n: folds 
Trojanovich: folds 
michasia: folds 
Kristo 914: folds 
Uncalled bet ($0.50) returned to Palacios777
Palacios777 collected $1 from pot
Palacios777: doesn't show hand 
*** SUMMARY ***
Total pot $1 | Rake $0 
Seat 6: FRIDAN69
Seat 1: Kristo 914 (small blind) folded before Flop
Seat 2: Palacios777 (big blind) collected ($1)
Seat 3: kars0n folded before Flop (didn't bet)
Seat 4: Trojanovich folded before Flop (didn't bet)
Seat 5: michasia (button) folded before Flop (didn't bet)



PokerStars Hand #254320189752:  Hold'em No Limit ($0.50/$1.00 USD) - 2025/01/11 21:18:21 WET [2025/01/11 16:18:21 ET]
Table 'Terpsichore III' 6-max Seat #1 is the button
Seat 6: FRIDAN69 ($100 in chips) is sitting out
Seat 1: Kristo 914 ($100 in chips) 
Seat 2: Palacios777 ($111.11 in chips) 
Seat 3: kars0n ($129.93 in chips) 
Seat 4: Trojanovich ($167.44 in chips) 
Seat 5: michasia ($100 in chips) 
Palacios777: posts small blind $0.50
kars0n: posts big blind $1
*** HOLE CARDS ***
Trojanovich: folds 
michasia: folds 
Kristo 914: raises $1.40 to $2.40
Palacios777: folds 
kars0n: folds 
Uncalled bet ($1.40) returned to Kristo 914
Kristo 914 collected $2.50 from pot
Kristo 914: doesn't show hand 
*** SUMMARY ***
Total pot $2.50 | Rake $0 
Seat 6: FRIDAN69
Seat 1: Kristo 914 (button) collected ($2.50)
Seat 2: Palacios777 (small blind) folded before Flop
Seat 3: kars0n (big blind) folded before Flop
Seat 4: Trojanovich folded before Flop (didn't bet)
Seat 5: michasia folded before Flop (didn't bet)



PokerStars Hand #254320194846:  Hold'em No Limit ($0.50/$1.00 USD) - 2025/01/11 21:18:36 WET [2025/01/11 16:18:36 ET]
Table 'Terpsichore III' 6-max Seat #2 is the button
Seat 5: michasia ($100 in chips) is sitting out
Seat 6: FRIDAN69 ($100 in chips) is sitting out
Seat 1: Kristo 914 ($101.50 in chips) 
Seat 2: Palacios777 ($110.61 in chips) 
Seat 3: kars0n ($128.93 in chips) 
Seat 4: Trojanovich ($167.44 in chips) 
kars0n: posts small blind $0.50
Trojanovich: posts big blind $1
*** HOLE CARDS ***
Kristo 914: raises $1.40 to $2.40
Palacios777: raises $5.10 to $7.50
kars0n: folds 
Trojanovich: folds 
Kristo 914: folds 
Uncalled bet ($5.10) returned to Palacios777
Palacios777 collected $6.30 from pot
Palacios777: doesn't show hand 
*** SUMMARY ***
Total pot $6.30 | Rake $0 
Seat 5: michasia
Seat 6: FRIDAN69
Seat 1: Kristo 914 folded before Flop
Seat 2: Palacios777 (button) collected ($6.30)
Seat 3: kars0n (small blind) folded before Flop
Seat 4: Trojanovich (big blind) folded before Flop



PokerStars Hand #254320201468:  Hold'em No Limit ($0.50/$1.00 USD) - 2025/01/11 21:18:55 WET [2025/01/11 16:18:55 ET]
Table 'Terpsichore III' 6-max Seat #3 is the button
Seat 5: michasia ($100 in chips) is sitting out
Seat 6: FRIDAN69 ($100 in chips) is sitting out
Seat 1: Kristo 914 ($100 in chips) 
Seat 2: Palacios777 ($114.51 in chips) 
Seat 3: kars0n ($128.43 in chips) 
Seat 4: Trojanovich ($166.44 in chips) 
Trojanovich: posts small blind $0.50
Kristo 914: posts big blind $1
*** HOLE CARDS ***
Palacios777: raises $1.50 to $2.50
kars0n: folds 
Trojanovich: folds 
Kristo 914: folds 
Uncalled bet ($1.50) returned to Palacios777
Palacios777 collected $2.50 from pot
FRIDAN69 leaves the table
Palacios777: doesn't show hand 
*** SUMMARY ***
Total pot $2.50 | Rake $0 
Seat 5: michasia
Seat 6: FRIDAN69
Seat 1: Kristo 914 (big blind) folded before Flop
Seat 2: Palacios777 collected ($2.50)
Seat 3: kars0n (button) folded before Flop (didn't bet)
Seat 4: Trojanovich (small blind) folded before Flop



PokerStars Hand #254320205470:  Hold'em No Limit ($0.50/$1.00 USD) - 2025/01/11 21:19:07 WET [2025/01/11 16:19:07 ET]
Table 'Terpsichore III' 6-max Seat #4 is the button
Seat 5: michasia ($100 in chips) is sitting out
Seat 1: Kristo 914 ($100 in chips) 
Seat 2: Palacios777 ($116.01 in chips) 
Seat 3: kars0n ($128.43 in chips) 
Seat 4: Trojanovich ($165.94 in chips) 
Kristo 914: posts small blind $0.50
Palacios777: posts big blind $1
*** HOLE CARDS ***
kars0n: folds 
Trojanovich: raises $1.50 to $2.50
Kristo 914: folds 
Palacios777: folds 
Uncalled bet ($1.50) returned to Trojanovich
Trojanovich collected $2.50 from pot
Trojanovich: doesn't show hand 
*** SUMMARY ***
Total pot $2.50 | Rake $0 
Seat 5: michasia
Seat 1: Kristo 914 (small blind) folded before Flop
Seat 2: Palacios777 (big blind) folded before Flop
Seat 3: kars0n folded before Flop (didn't bet)
Seat 4: Trojanovich (button) collected ($2.50)



PokerStars Hand #254320208562:  Hold'em No Limit ($0.50/$1.00 USD) - 2025/01/11 21:19:16 WET [2025/01/11 16:19:16 ET]
Table 'Terpsichore III' 6-max Seat #1 is the button
Seat 3: kars0n ($128.43 in chips) is sitting out
Seat 5: michasia ($100 in chips) is sitting out
Seat 1: Kristo 914 ($100 in chips) 
Seat 2: Palacios777 ($115.01 in chips) 
Seat 4: Trojanovich ($167.44 in chips) 
Palacios777: posts small blind $0.50
Trojanovich: posts big blind $1
*** HOLE CARDS ***
kars0n leaves the table
Kristo 914: folds 
Palacios777: raises $1.50 to $2.50
Trojanovich: raises $5 to $7.50
Palacios777: folds 
Uncalled bet ($5) returned to Trojanovich
Trojanovich collected $5 from pot
Trojanovich: doesn't show hand 
*** SUMMARY ***
Total pot $5 | Rake $0 
Seat 3: kars0n
Seat 5: michasia
Seat 1: Kristo 914 (button) folded before Flop (didn't bet)
Seat 2: Palacios777 (small blind) folded before Flop
Seat 4: Trojanovich (big blind) collected ($5)



