PokerStars Hand #254317086881:  Hold'em No Limit ($0.50/$1.00 USD) - 2025/01/11 18:37:24 WET [2025/01/11 13:37:24 ET]
Table 'Alemannia III' 6-max Seat #2 is the button
Seat 1: Twistenko ($118.91 in chips) 
Seat 2: Evelexy1 ($100 in chips) 
Seat 3: Manifestorr ($103.72 in chips) 
Seat 4: michasia ($117.31 in chips) 
Seat 5: mertisor ($57.55 in chips) 
Seat 6: Gfoer ($115.26 in chips) 
Manifestorr: posts small blind $0.50
michasia: posts big blind $1
*** HOLE CARDS ***
mertisor: calls $1
Gfoer: folds 
Twistenko: raises $4 to $5
Evelexy1: folds 
Manifestorr: folds 
michasia: folds 
mertisor: calls $4
*** FLOP *** [9h Ks 4d]
mertisor: checks 
Twistenko: bets $8.19
mertisor: calls $8.19
*** TURN *** [9h Ks 4d] [4c]
mertisor: checks 
Twistenko: bets $19.87
mertisor: calls $19.87
*** RIVER *** [9h Ks 4d 4c] [7d]
mertisor: checks 
Twistenko: bets $48.84
mertisor: calls $24.49 and is all-in
Uncalled bet ($24.35) returned to Twistenko
*** SHOW DOWN ***
Twistenko: shows [Kc Ad] (two pair, Kings and Fours)
mertisor: shows [6d Kh] (two pair, Kings and Fours - lower kicker)
Twistenko collected $114.10 from pot
*** SUMMARY ***
Total pot $116.60 | Rake $2.50 
Board [9h Ks 4d 4c 7d]
Seat 1: Twistenko showed [Kc Ad] and won ($114.10) with two pair, Kings and Fours
Seat 2: Evelexy1 (button) folded before Flop (didn't bet)
Seat 3: Manifestorr (small blind) folded before Flop
Seat 4: michasia (big blind) folded before Flop
Seat 5: mertisor showed [6d Kh] and lost with two pair, Kings and Fours
Seat 6: Gfoer folded before Flop (didn't bet)



PokerStars Hand #254317100585:  Hold'em No Limit ($0.50/$1.00 USD) - 2025/01/11 18:38:05 WET [2025/01/11 13:38:05 ET]
Table 'Alemannia III' 6-max Seat #3 is the button
Seat 5: mertisor ($0 in chips) is sitting out
Seat 6: Gfoer ($115.26 in chips) is sitting out
Seat 1: Twistenko ($175.46 in chips) 
Seat 2: Evelexy1 ($100 in chips) 
Seat 3: Manifestorr ($103.22 in chips) 
Seat 4: michasia ($116.31 in chips) 
michasia: posts small blind $0.50
Gfoer: is sitting out 
Twistenko: posts big blind $1
*** HOLE CARDS ***
Evelexy1: folds 
Manifestorr: folds 
Gfoer leaves the table
michasia: folds 
Uncalled bet ($0.50) returned to Twistenko
Twistenko collected $1 from pot
Twistenko: doesn't show hand 
mertisor is disconnected 
*** SUMMARY ***
Total pot $1 | Rake $0 
Seat 5: mertisor
Seat 6: Gfoer
Seat 1: Twistenko (big blind) collected ($1)
Seat 2: Evelexy1 folded before Flop (didn't bet)
Seat 3: Manifestorr (button) folded before Flop (didn't bet)
Seat 4: michasia (small blind) folded before Flop



PokerStars Hand #254317103918:  Hold'em No Limit ($0.50/$1.00 USD) - 2025/01/11 18:38:14 WET [2025/01/11 13:38:14 ET]
Table 'Alemannia III' 6-max Seat #4 is the button
Seat 5: mertisor ($0 in chips) is sitting out
Seat 1: Twistenko ($175.96 in chips) 
Seat 2: Evelexy1 ($100 in chips) 
Seat 3: Manifestorr ($103.22 in chips) 
Seat 4: michasia ($115.81 in chips) 
Twistenko: posts small blind $0.50
Evelexy1: posts big blind $1
*** HOLE CARDS ***
Manifestorr: raises $1.20 to $2.20
michasia: raises $4.40 to $6.60
Twistenko: folds 
Evelexy1: folds 
Manifestorr: folds 
Uncalled bet ($4.40) returned to michasia
michasia collected $5.90 from pot
michasia: doesn't show hand 
franco232315 joins the table at seat #6 
*** SUMMARY ***
Total pot $5.90 | Rake $0 
Seat 5: mertisor
Seat 1: Twistenko (small blind) folded before Flop
Seat 2: Evelexy1 (big blind) folded before Flop
Seat 3: Manifestorr folded before Flop
Seat 4: michasia (button) collected ($5.90)



PokerStars Hand #254317109705:  Hold'em No Limit ($0.50/$1.00 USD) - 2025/01/11 18:38:32 WET [2025/01/11 13:38:32 ET]
Table 'Alemannia III' 6-max Seat #1 is the button
Seat 3: Manifestorr ($101.02 in chips) is sitting out
Seat 5: mertisor ($0 in chips) is sitting out
Seat 6: franco232315 ($100 in chips) is sitting out
Seat 1: Twistenko ($175.46 in chips) 
Seat 2: Evelexy1 ($100 in chips) 
Seat 4: michasia ($119.51 in chips) 
Evelexy1: posts small blind $0.50
Manifestorr: is sitting out 
michasia: posts big blind $1
franco232315: sits out 
*** HOLE CARDS ***
Twistenko: raises $2 to $3
Evelexy1: folds 
franco232315 leaves the table
michasia: calls $2
*** FLOP *** [3h 4d 9h]
Manifestorr leaves the table
michasia: checks 
whlzor joins the table at seat #6 
Twistenko: bets $3.09
michasia: calls $3.09
*** TURN *** [3h 4d 9h] [Jd]
mertisor leaves the table
michasia: checks 
Twistenko: bets $18.08
michasia: calls $18.08
*** RIVER *** [3h 4d 9h Jd] [Ad]
michasia: checks 
Twistenko: checks 
*** SHOW DOWN ***
michasia: shows [Td Jc] (a pair of Jacks)
Twistenko: mucks hand 
michasia collected $47.84 from pot
*** SUMMARY ***
Total pot $48.84 | Rake $1 
Board [3h 4d 9h Jd Ad]
Seat 3: Manifestorr
Seat 5: mertisor
Seat 6: franco232315
Seat 1: Twistenko (button) mucked
Seat 2: Evelexy1 (small blind) folded before Flop
Seat 4: michasia (big blind) showed [Td Jc] and won ($47.84) with a pair of Jacks



PokerStars Hand #254317121702:  Hold'em No Limit ($0.50/$1.00 USD) - 2025/01/11 18:39:07 WET [2025/01/11 13:39:07 ET]
Table 'Alemannia III' 6-max Seat #2 is the button
Seat 1: Twistenko ($151.29 in chips) is sitting out
Seat 2: Evelexy1 ($100 in chips) 
Seat 4: michasia ($143.18 in chips) 
Seat 6: whlzor ($100 in chips) 
michasia: posts small blind $0.50
whlzor: posts big blind $1
*** HOLE CARDS ***
Twistenko leaves the table
Evelexy1: folds 
michasia: folds 
Uncalled bet ($0.50) returned to whlzor
whlzor collected $1 from pot
whlzor: doesn't show hand 
*** SUMMARY ***
Total pot $1 | Rake $0 
Seat 1: Twistenko
Seat 2: Evelexy1 (button) folded before Flop (didn't bet)
Seat 4: michasia (small blind) folded before Flop
Seat 6: whlzor (big blind) collected ($1)



PokerStars Hand #254317124325:  Hold'em No Limit ($0.50/$1.00 USD) - 2025/01/11 18:39:15 WET [2025/01/11 13:39:15 ET]
Table 'Alemannia III' 6-max Seat #4 is the button
Seat 2: Evelexy1 ($100 in chips) 
Seat 4: michasia ($142.68 in chips) 
Seat 6: whlzor ($100.50 in chips) 
whlzor: posts small blind $0.50
Evelexy1: posts big blind $1
*** HOLE CARDS ***
michasia: folds 
whlzor: folds 
Uncalled bet ($0.50) returned to Evelexy1
Evelexy1 collected $1 from pot
Evelexy1: doesn't show hand 
*** SUMMARY ***
Total pot $1 | Rake $0 
Seat 2: Evelexy1 (big blind) collected ($1)
Seat 4: michasia (button) folded before Flop (didn't bet)
Seat 6: whlzor (small blind) folded before Flop



