PokerStars Hand #254312865145:  Hold'em No Limit ($0.50/$1.00 USD) - 2025/01/11 14:04:04 WET [2025/01/11 9:04:04 ET]
Table 'Drakonia II' 6-max Seat #6 is the button
Seat 2: 3EPH ($101 in chips) 
Seat 6: franbasualdo10 ($34.07 in chips) 
franbasualdo10: posts small blind $0.50
3EPH: posts big blind $1
*** HOLE CARDS ***
franbasualdo10: folds 
Uncalled bet ($0.50) returned to 3EPH
3EPH collected $1 from pot
3EPH: doesn't show hand 
*** SUMMARY ***
Total pot $1 | Rake $0 
Seat 2: 3EPH (big blind) collected ($1)
Seat 6: franbasualdo10 (button) (small blind) folded before Flop



PokerStars Hand #254312867351:  Hold'em No Limit ($0.50/$1.00 USD) - 2025/01/11 14:04:15 WET [2025/01/11 9:04:15 ET]
Table 'Drakonia II' 6-max Seat #2 is the button
Seat 2: 3EPH ($101.50 in chips) 
Seat 6: franbasualdo10 ($33.57 in chips) 
3EPH: posts small blind $0.50
franbasualdo10: posts big blind $1
*** HOLE CARDS ***
3EPH: raises $1 to $2
franbasualdo10: calls $1
*** FLOP *** [Js Td 9h]
tintin641 joins the table at seat #1 
franbasualdo10: bets $1
3EPH: calls $1
*** TURN *** [Js Td 9h] [3h]
franbasualdo10: bets $1
3EPH: calls $1
*** RIVER *** [Js Td 9h 3h] [Kd]
franbasualdo10: bets $1
3EPH: calls $1
*** SHOW DOWN ***
franbasualdo10: shows [4c Jc] (a pair of Jacks)
3EPH: shows [Jh 4d] (a pair of Jacks)
franbasualdo10 collected $4.75 from pot
3EPH collected $4.75 from pot
*** SUMMARY ***
Total pot $10 | Rake $0.50 
Board [Js Td 9h 3h Kd]
Seat 2: 3EPH (button) (small blind) showed [Jh 4d] and won ($4.75) with a pair of Jacks
Seat 6: franbasualdo10 (big blind) showed [4c Jc] and won ($4.75) with a pair of Jacks



PokerStars Hand #254312874708:  Hold'em No Limit ($0.50/$1.00 USD) - 2025/01/11 14:04:50 WET [2025/01/11 9:04:50 ET]
Table 'Drakonia II' 6-max Seat #2 is the button
Seat 1: tintin641 ($100 in chips) 
Seat 2: 3EPH ($101.25 in chips) 
Seat 6: franbasualdo10 ($33.32 in chips) 
franbasualdo10: posts small blind $0.50
tintin641: posts big blind $1
*** HOLE CARDS ***
3EPH: folds 
franbasualdo10: folds 
Uncalled bet ($0.50) returned to tintin641
tintin641 collected $1 from pot
tintin641: doesn't show hand 
*** SUMMARY ***
Total pot $1 | Rake $0 
Seat 1: tintin641 (big blind) collected ($1)
Seat 2: 3EPH (button) folded before Flop (didn't bet)
Seat 6: franbasualdo10 (small blind) folded before Flop



PokerStars Hand #254312876239:  Hold'em No Limit ($0.50/$1.00 USD) - 2025/01/11 14:04:57 WET [2025/01/11 9:04:57 ET]
Table 'Drakonia II' 6-max Seat #6 is the button
Seat 1: tintin641 ($100.50 in chips) 
Seat 2: 3EPH ($101.25 in chips) 
Seat 6: franbasualdo10 ($32.82 in chips) 
tintin641: posts small blind $0.50
3EPH: posts big blind $1
*** HOLE CARDS ***
franbasualdo10: raises $1 to $2
tintin641: folds 
3EPH: calls $1
*** FLOP *** [5c Ks 3s]
3EPH: checks 
franbasualdo10: checks 
*** TURN *** [5c Ks 3s] [2s]
3EPH: bets $1.71
franbasualdo10: folds 
Uncalled bet ($1.71) returned to 3EPH
3EPH collected $4.28 from pot
3EPH: doesn't show hand 
*** SUMMARY ***
Total pot $4.50 | Rake $0.22 
Board [5c Ks 3s 2s]
Seat 1: tintin641 (small blind) folded before Flop
Seat 2: 3EPH (big blind) collected ($4.28)
Seat 6: franbasualdo10 (button) folded on the Turn



PokerStars Hand #254312880437:  Hold'em No Limit ($0.50/$1.00 USD) - 2025/01/11 14:05:17 WET [2025/01/11 9:05:17 ET]
Table 'Drakonia II' 6-max Seat #1 is the button
Seat 1: tintin641 ($100 in chips) 
Seat 2: 3EPH ($103.53 in chips) 
Seat 6: franbasualdo10 ($30.82 in chips) 
3EPH: posts small blind $0.50
franbasualdo10: posts big blind $1
*** HOLE CARDS ***
tintin641: folds 
3EPH: folds 
Uncalled bet ($0.50) returned to franbasualdo10
franbasualdo10 collected $1 from pot
*** SUMMARY ***
Total pot $1 | Rake $0 
Seat 1: tintin641 (button) folded before Flop (didn't bet)
Seat 2: 3EPH (small blind) folded before Flop
Seat 6: franbasualdo10 (big blind) collected ($1)



PokerStars Hand #254312882247:  Hold'em No Limit ($0.50/$1.00 USD) - 2025/01/11 14:05:26 WET [2025/01/11 9:05:26 ET]
Table 'Drakonia II' 6-max Seat #2 is the button
Seat 1: tintin641 ($100 in chips) 
Seat 2: 3EPH ($103.03 in chips) 
Seat 6: franbasualdo10 ($31.32 in chips) 
franbasualdo10: posts small blind $0.50
tintin641: posts big blind $1
*** HOLE CARDS ***
3EPH: raises $1 to $2
franbasualdo10: folds 
tintin641: calls $1
*** FLOP *** [8c 3h 2h]
tintin641: checks 
3EPH: checks 
*** TURN *** [8c 3h 2h] [As]
tintin641: checks 
3EPH: checks 
*** RIVER *** [8c 3h 2h As] [Ts]
tintin641: bets $1.41
3EPH: folds 
Uncalled bet ($1.41) returned to tintin641
tintin641 collected $4.28 from pot
tintin641: doesn't show hand 
*** SUMMARY ***
Total pot $4.50 | Rake $0.22 
Board [8c 3h 2h As Ts]
Seat 1: tintin641 (big blind) collected ($4.28)
Seat 2: 3EPH (button) folded on the River
Seat 6: franbasualdo10 (small blind) folded before Flop



PokerStars Hand #254312894432:  Hold'em No Limit ($0.50/$1.00 USD) - 2025/01/11 14:06:25 WET [2025/01/11 9:06:25 ET]
Table 'Drakonia II' 6-max Seat #1 is the button
Seat 2: 3EPH ($101.03 in chips) is sitting out
Seat 1: tintin641 ($102.28 in chips) 
Seat 6: franbasualdo10 ($30.82 in chips) 
tintin641: posts small blind $0.50
3EPH: is sitting out 
franbasualdo10: posts big blind $1
*** HOLE CARDS ***
tintin641: raises $1.50 to $2.50
franbasualdo10: calls $1.50
*** FLOP *** [5s 3h Kc]
3EPH leaves the table
franbasualdo10: checks 
tintin641: bets $1.57
franbasualdo10: folds 
Uncalled bet ($1.57) returned to tintin641
tintin641 collected $4.75 from pot
tintin641: doesn't show hand 
*** SUMMARY ***
Total pot $5 | Rake $0.25 
Board [5s 3h Kc]
Seat 2: 3EPH
Seat 1: tintin641 (button) (small blind) collected ($4.75)
Seat 6: franbasualdo10 (big blind) folded on the Flop



PokerStars Hand #254312898554:  Hold'em No Limit ($0.50/$1.00 USD) - 2025/01/11 14:06:45 WET [2025/01/11 9:06:45 ET]
Table 'Drakonia II' 6-max Seat #6 is the button
Seat 1: tintin641 ($104.53 in chips) 
Seat 6: franbasualdo10 ($28.32 in chips) 
franbasualdo10: posts small blind $0.50
tintin641: posts big blind $1
*** HOLE CARDS ***
franbasualdo10: folds 
Uncalled bet ($0.50) returned to tintin641
tintin641 collected $1 from pot
tintin641: doesn't show hand 
*** SUMMARY ***
Total pot $1 | Rake $0 
Seat 1: tintin641 (big blind) collected ($1)
Seat 6: franbasualdo10 (button) (small blind) folded before Flop



PokerStars Hand #254312899819:  Hold'em No Limit ($0.50/$1.00 USD) - 2025/01/11 14:06:51 WET [2025/01/11 9:06:51 ET]
Table 'Drakonia II' 6-max Seat #1 is the button
Seat 1: tintin641 ($105.03 in chips) 
Seat 6: franbasualdo10 ($27.82 in chips) 
tintin641: posts small blind $0.50
franbasualdo10: posts big blind $1
*** HOLE CARDS ***
tintin641: raises $1.50 to $2.50
franbasualdo10: folds 
Uncalled bet ($1.50) returned to tintin641
tintin641 collected $2 from pot
tintin641: doesn't show hand 
*** SUMMARY ***
Total pot $2 | Rake $0 
Seat 1: tintin641 (button) (small blind) collected ($2)
Seat 6: franbasualdo10 (big blind) folded before Flop



